instrument,tradingday,calendarday,time,lastp,volume,openinterest,turnover,ask1,asksz1,bid1,bidsz1
rb1805,20171025,20171024,183235500,3730.0,0,1031016,0.0,0.0,0,0.0,0
rb1805,20171025,20171024,205900500,3735.0,358,1030980,13371300.0,3735.0,8,3733.0,10
rb1805,20171025,20171024,210000500,3732.0,524,1030934,19569940.0,3733.0,1358,3732.0,111
rb1805,20171025,20171024,210001000,3732.0,1144,1031080,42709740.0,3733.0,1350,3732.0,14
rb1805,20171025,20171024,210001500,3733.0,1576,1031076,58834220.0,3733.0,1235,3731.0,78
rb1805,20171025,20171024,210002000,3732.0,1692,1031106,63163520.0,3733.0,1223,3732.0,12
rb1805,20171025,20171024,210002500,3732.0,1990,1031302,74283420.0,3732.0,13,3730.0,222
rb1805,20171025,20171024,210003000,3730.0,2060,1031250,76894500.0,3731.0,10,3730.0,197
rb1805,20171025,20171024,210003500,3730.0,2268,1031268,84653140.0,3731.0,45,3730.0,135
rb1805,20171025,20171024,210004000,3730.0,2578,1031274,96216480.0,3731.0,33,3730.0,1
rb1805,20171025,20171024,210004500,3730.0,2784,1031304,103895960.0,3730.0,51,3727.0,20
rb1805,20171025,20171024,210005000,3727.0,2862,1031338,106803740.0,3729.0,8,3728.0,4
rb1805,20171025,20171024,210005500,3728.0,3146,1031444,117393360.0,3727.0,102,3726.0,47
rb1805,20171025,20171024,210006000,3725.0,3592,1031436,134013760.0,3725.0,4,3724.0,27
rb1805,20171025,20171024,210006500,3724.0,4618,1031082,172237740.0,3724.0,57,3723.0,114
rb1805,20171025,20171024,210007000,3724.0,5142,1031048,191754140.0,3725.0,3,3724.0,93
rb1805,20171025,20171024,210007500,3725.0,5368,1031138,200171540.0,3726.0,1,3724.0,101
rb1805,20171025,20171024,210008000,3724.0,5476,1031222,204193720.0,3726.0,5,3724.0,153
rb1805,20171025,20171024,210008500,3724.0,5604,1031264,208962060.0,3726.0,1,3724.0,146
rb1805,20171025,20171024,210009000,3725.0,5740,1031346,214028100.0,3727.0,91,3724.0,120
rb1805,20171025,20171024,210009500,3724.0,5956,1031414,222073920.0,3726.0,58,3724.0,96
rb1805,20171025,20171024,210010000,3724.0,6050,1031412,225575320.0,3726.0,45,3724.0,77
rb1805,20171025,20171024,210010500,3726.0,6558,1031224,244507680.0,3729.0,23,3726.0,9
rb1805,20171025,20171024,210011000,3727.0,6698,1031278,249724520.0,3728.0,45,3727.0,11
rb1805,20171025,20171024,210011500,3725.0,6818,1031330,254196120.0,3727.0,3,3725.0,93
rb1805,20171025,20171024,210012000,3727.0,6964,1031308,259638020.0,3728.0,20,3727.0,20
rb1805,20171025,20171024,210012500,3727.0,7064,1031384,263365520.0,3729.0,10,3728.0,1
rb1805,20171025,20171024,210013000,3727.0,7202,1031348,268509420.0,3727.0,35,3726.0,240
rb1805,20171025,20171024,210013500,3729.0,7322,1031340,272982680.0,3729.0,16,3728.0,1
rb1805,20171025,20171024,210014000,3728.0,7334,1031344,273430040.0,3729.0,16,3728.0,7
rb1805,20171025,20171024,210014500,3729.0,7440,1031386,277382300.0,3730.0,61,3729.0,28
rb1805,20171025,20171024,210015000,3728.0,7530,1031384,280737860.0,3728.0,5,3727.0,101
rb1805,20171025,20171024,210015500,3730.0,7746,1031340,288792240.0,3730.0,68,3728.0,63
rb1805,20171025,20171024,210016000,3729.0,7790,1031384,290432900.0,3729.0,83,3728.0,69
rb1805,20171025,20171024,210016500,3728.0,8090,1031646,301618660.0,3730.0,37,3728.0,48
rb1805,20171025,20171024,210017000,3728.0,8234,1031744,306987820.0,3730.0,18,3728.0,1
rb1805,20171025,20171024,210017500,3727.0,8496,1031870,316757920.0,3728.0,15,3727.0,35
rb1805,20171025,20171024,210018000,3728.0,8738,1031836,325782440.0,3729.0,1,3728.0,9
rb1805,20171025,20171024,210018500,3728.0,8862,1031872,330405320.0,3729.0,20,3727.0,48
rb1805,20171025,20171024,210019000,3728.0,9042,1031754,337116180.0,3729.0,23,3728.0,49
rb1805,20171025,20171024,210019500,3729.0,9154,1031712,341291600.0,3729.0,53,3728.0,33
rb1805,20171025,20171024,210020000,3726.0,9554,1031678,356203500.0,3730.0,25,3726.0,225
rb1805,20171025,20171024,210020500,3727.0,9632,1031738,359111200.0,3729.0,48,3727.0,21
rb1805,20171025,20171024,210021000,3728.0,9668,1031712,360453280.0,3728.0,14,3727.0,25
rb1805,20171025,20171024,210021500,3728.0,9846,1031694,367089420.0,3728.0,4,3726.0,222
rb1805,20171025,20171024,210022000,3728.0,9966,1031672,371562540.0,3730.0,69,3728.0,3
rb1805,20171025,20171024,210022500,3729.0,10068,1031702,375365260.0,3729.0,9,3728.0,1
rb1805,20171025,20171024,210023000,3727.0,10228,1031752,381329120.0,3729.0,58,3727.0,32
rb1805,20171025,20171024,210023500,3729.0,10492,1031584,391170920.0,3728.0,3,3727.0,75
rb1805,20171025,20171024,210024000,3729.0,10562,1031638,393780060.0,3728.0,5,3727.0,88
rb1805,20171025,20171024,210024500,3727.0,10662,1031712,397507500.0,3728.0,30,3727.0,52
rb1805,20171025,20171024,210025000,3727.0,10730,1031752,400041940.0,3728.0,60,3727.0,18
rb1805,20171025,20171024,210025500,3727.0,10842,1031724,404215680.0,3727.0,60,3726.0,177
rb1805,20171025,20171024,210026000,3727.0,10992,1031632,409804740.0,3727.0,64,3726.0,112
rb1805,20171025,20171024,210026500,3727.0,11102,1031638,413903700.0,3727.0,47,3726.0,77
rb1805,20171025,20171024,210027000,3727.0,11116,1031646,414425460.0,3727.0,48,3726.0,76
rb1805,20171025,20171024,210027500,3727.0,11142,1031650,415394280.0,3727.0,46,3726.0,68
rb1805,20171025,20171024,210028000,3727.0,11174,1031652,416586800.0,3727.0,46,3726.0,68
rb1805,20171025,20171024,210028500,3726.0,11212,1031650,418003020.0,3727.0,31,3726.0,69
rb1805,20171025,20171024,210029000,3727.0,11290,1031644,420909940.0,3728.0,153,3727.0,28
rb1805,20171025,20171024,210029500,3727.0,11330,1031642,422400980.0,3728.0,141,3727.0,27
rb1805,20171025,20171024,210030000,3728.0,11530,1031610,429856860.0,3728.0,47,3727.0,25
rb1805,20171025,20171024,210030500,3728.0,11626,1031660,433435720.0,3729.0,42,3728.0,5
rb1805,20171025,20171024,210031000,3727.0,11832,1031610,441116220.0,3728.0,85,3727.0,28
rb1805,20171025,20171024,210031500,3727.0,11982,1031554,446707620.0,3728.0,43,3727.0,9
rb1805,20171025,20171024,210032000,3726.0,12342,1031336,460124120.0,3728.0,27,3727.0,1
rb1805,20171025,20171024,210032500,3726.0,12566,1031290,468472920.0,3729.0,1,3726.0,27
rb1805,20171025,20171024,210033000,3728.0,12576,1031296,468845740.0,3729.0,16,3728.0,28
rb1805,20171025,20171024,210033500,3728.0,12634,1031296,471007980.0,3729.0,1,3728.0,8
rb1805,20171025,20171024,210034000,3727.0,12692,1031316,473169760.0,3729.0,11,3727.0,36
rb1805,20171025,20171024,210034500,3728.0,12836,1031296,478537560.0,3729.0,26,3728.0,244
rb1805,20171025,20171024,210035000,3728.0,12882,1031290,480252660.0,3729.0,5,3728.0,240
rb1805,20171025,20171024,210035500,3729.0,12978,1031260,483831620.0,3729.0,7,3728.0,192
rb1805,20171025,20171024,210036000,3729.0,13222,1031260,492928040.0,3729.0,21,3728.0,143
rb1805,20171025,20171024,210036500,3728.0,13546,1031300,505006580.0,3728.0,89,3727.0,122
rb1805,20171025,20171024,210037000,3728.0,13626,1031370,507988480.0,3728.0,85,3727.0,67
rb1805,20171025,20171024,210037500,3728.0,13798,1031496,514398620.0,3728.0,99,3727.0,3
rb1805,20171025,20171024,210038000,3728.0,13954,1031490,520212440.0,3728.0,30,3726.0,8
rb1805,20171025,20171024,210038500,3727.0,14012,1031536,522373280.0,3727.0,1,3726.0,3
rb1805,20171025,20171024,210039000,3727.0,14062,1031540,524236860.0,3727.0,3,3726.0,6
rb1805,20171025,20171024,210039500,3727.0,14126,1031584,526621120.0,3727.0,84,3726.0,2
rb1805,20171025,20171024,210040000,3725.0,14196,1031608,529228860.0,3727.0,92,3726.0,3
rb1805,20171025,20171024,210040500,3726.0,14338,1031630,534518440.0,3726.0,18,3724.0,51
rb1805,20171025,20171024,210041000,3726.0,14344,1031634,534742000.0,3726.0,26,3725.0,4
rb1805,20171025,20171024,210041500,3724.0,14494,1031548,540328080.0,3724.0,48,3723.0,148
rb1805,20171025,20171024,210042000,3723.0,14650,1031550,546137040.0,3725.0,5,3724.0,6
rb1805,20171025,20171024,210042500,3723.0,14744,1031514,549637400.0,3724.0,2,3723.0,117
rb1805,20171025,20171024,210043000,3724.0,14856,1031534,553808480.0,3726.0,61,3724.0,20
rb1805,20171025,20171024,210043500,3723.0,15048,1031440,560957480.0,3725.0,2,3723.0,60
rb1805,20171025,20171024,210044000,3723.0,15088,1031438,562446920.0,3724.0,9,3723.0,57
rb1805,20171025,20171024,210044500,3723.0,15324,1031470,571233220.0,3723.0,114,3722.0,75
rb1805,20171025,20171024,210045000,3723.0,15460,1031508,576296480.0,3723.0,51,3722.0,74
rb1805,20171025,20171024,210045500,3724.0,15578,1031536,580689720.0,3724.0,6,3723.0,11
rb1805,20171025,20171024,210046000,3723.0,15638,1031540,582923640.0,3723.0,89,3722.0,76
rb1805,20171025,20171024,210046500,3723.0,15778,1031598,588135260.0,3723.0,51,3722.0,47
rb1805,20171025,20171024,210047000,3721.0,15980,1031566,595653920.0,3723.0,31,3721.0,43
rb1805,20171025,20171024,210047500,3721.0,16134,1031520,601384840.0,3723.0,38,3721.0,12
rb1805,20171025,20171024,210048000,3721.0,16312,1031470,608007180.0,3721.0,3,3720.0,138
rb1805,20171025,20171024,210048500,3723.0,16430,1031462,612398480.0,3723.0,191,3721.0,13
rb1805,20171025,20171024,210049000,3721.0,16454,1031466,613291780.0,3722.0,22,3721.0,19
rb1805,20171025,20171024,210049500,3722.0,16542,1031466,616566900.0,3723.0,192,3722.0,76
rb1805,20171025,20171024,210050000,3722.0,16578,1031452,617906860.0,3723.0,178,3722.0,64
rb1805,20171025,20171024,210050500,3722.0,16636,1031414,620065800.0,3723.0,180,3722.0,43
rb1805,20171025,20171024,210051000,3722.0,16828,1031260,627211920.0,3722.0,165,3721.0,10
rb1805,20171025,20171024,210051500,3721.0,16930,1031212,631008220.0,3722.0,121,3721.0,17
rb1805,20171025,20171024,210052000,3722.0,17008,1031164,633911300.0,3722.0,94,3721.0,25
rb1805,20171025,20171024,210052500,3721.0,17094,1031118,637111820.0,3721.0,14,3720.0,153
rb1805,20171025,20171024,210053000,3722.0,17214,1031096,641577880.0,3722.0,29,3721.0,111
rb1805,20171025,20171024,210053500,3722.0,17318,1031114,645448680.0,3722.0,1,3721.0,28
rb1805,20171025,20171024,210054000,3721.0,17518,1030982,652890940.0,3721.0,113,3720.0,158
rb1805,20171025,20171024,210054500,3720.0,18200,1030730,678264740.0,3720.0,283,3719.0,34
rb1805,20171025,20171024,210055000,3719.0,18716,1030464,697451900.0,3719.0,16,3717.0,55
rb1805,20171025,20171024,210055500,3717.0,19042,1030418,709570920.0,3717.0,17,3716.0,22
rb1805,20171025,20171024,210056000,3717.0,19518,1030542,727268420.0,3719.0,19,3717.0,75
rb1805,20171025,20171024,210056500,3719.0,19888,1030450,741023940.0,3719.0,3,3717.0,32
rb1805,20171025,20171024,210057000,3718.0,20046,1030426,746898280.0,3718.0,18,3717.0,57
rb1805,20171025,20171024,210057500,3718.0,20172,1030460,751582060.0,3719.0,16,3717.0,161
rb1805,20171025,20171024,210058000,3718.0,20338,1030588,757752780.0,3718.0,1,3717.0,115
rb1805,20171025,20171024,210058500,3718.0,20412,1030618,760504120.0,3719.0,8,3718.0,5
rb1805,20171025,20171024,210059000,3717.0,20478,1030632,762957720.0,3718.0,98,3717.0,102
rb1805,20171025,20171024,210059500,3717.0,20534,1030652,765039440.0,3718.0,88,3717.0,87
rb1805,20171025,20171024,210100000,3718.0,20634,1030694,768756620.0,3718.0,180,3717.0,55
rb1805,20171025,20171024,210100500,3717.0,20928,1030804,779684660.0,3717.0,92,3716.0,47
rb1805,20171025,20171024,210101000,3716.0,21146,1030736,787786360.0,3716.0,49,3715.0,153
rb1805,20171025,20171024,210101500,3717.0,21392,1030716,796926420.0,3717.0,63,3715.0,86
rb1805,20171025,20171024,210102000,3717.0,21644,1030636,806293860.0,3717.0,2,3716.0,10
rb1805,20171025,20171024,210102500,3717.0,21700,1030690,808375140.0,3718.0,125,3717.0,20
rb1805,20171025,20171024,210103000,3718.0,21916,1030796,816404280.0,3718.0,128,3717.0,38
rb1805,20171025,20171024,210103500,3717.0,22068,1030908,822053960.0,3717.0,1,3716.0,61
rb1805,20171025,20171024,210104000,3717.0,22176,1030932,826067880.0,3718.0,114,3717.0,42
rb1805,20171025,20171024,210104500,3717.0,22248,1030970,828744200.0,3718.0,111,3717.0,18
rb1805,20171025,20171024,210105000,3718.0,22280,1030990,829933700.0,3718.0,108,3717.0,131
rb1805,20171025,20171024,210105500,3718.0,22722,1031206,846365040.0,3719.0,33,3718.0,43
rb1805,20171025,20171024,210106000,3718.0,22736,1031196,846885600.0,3719.0,98,3718.0,40
rb1805,20171025,20171024,210106500,3718.0,22924,1031290,853875420.0,3719.0,107,3718.0,12
rb1805,20171025,20171024,210107000,3719.0,23026,1031228,857667920.0,3719.0,95,3718.0,10
rb1805,20171025,20171024,210107500,3718.0,23234,1031234,865400240.0,3718.0,35,3717.0,4
rb1805,20171025,20171024,210108000,3717.0,23320,1031212,868597520.0,3718.0,2,3717.0,8
rb1805,20171025,20171024,210108500,3717.0,23360,1031208,870084520.0,3718.0,94,3717.0,1
rb1805,20171025,20171024,210109000,3717.0,23404,1031216,871719960.0,3717.0,24,3716.0,92
rb1805,20171025,20171024,210109500,3716.0,23508,1031218,875585560.0,3717.0,68,3716.0,90
rb1805,20171025,20171024,210110000,3717.0,23648,1031176,880788520.0,3717.0,119,3716.0,116
rb1805,20171025,20171024,210110500,3717.0,23882,1031066,889485280.0,3717.0,64,3716.0,66
rb1805,20171025,20171024,210111000,3716.0,24028,1031010,894910720.0,3716.0,53,3715.0,98
rb1805,20171025,20171024,210111500,3716.0,24076,1030998,896694360.0,3716.0,53,3715.0,84
rb1805,20171025,20171024,210112000,3715.0,24268,1030928,903827720.0,3716.0,57,3715.0,13
rb1805,20171025,20171024,210112500,3715.0,24384,1030890,908137000.0,3716.0,72,3715.0,31
rb1805,20171025,20171024,210113000,3715.0,24540,1030946,913932200.0,3715.0,62,3714.0,43
rb1805,20171025,20171024,210113500,3715.0,24678,1030990,919058500.0,3715.0,17,3714.0,38
rb1805,20171025,20171024,210114000,3715.0,24918,1031046,927975540.0,3716.0,28,3715.0,48
rb1805,20171025,20171024,210114500,3716.0,25042,1031044,932583420.0,3717.0,128,3716.0,9
rb1805,20171025,20171024,210115000,3716.0,25178,1031074,937636580.0,3717.0,222,3716.0,12
rb1805,20171025,20171024,210115500,3716.0,25410,1031212,946259140.0,3717.0,150,3716.0,2
rb1805,20171025,20171024,210116000,3717.0,25554,1031314,951611600.0,3717.0,80,3716.0,92
rb1805,20171025,20171024,210116500,3717.0,25718,1031428,957707500.0,3718.0,59,3717.0,178
rb1805,20171025,20171024,210117000,3717.0,26154,1031458,973916220.0,3719.0,148,3717.0,123
rb1805,20171025,20171024,210117500,3717.0,26454,1031452,985069820.0,3719.0,101,3717.0,55
rb1805,20171025,20171024,210118000,3719.0,26522,1031400,987598700.0,3719.0,70,3718.0,8
rb1805,20171025,20171024,210118500,3717.0,26790,1031546,997562860.0,3719.0,45,3717.0,92
rb1805,20171025,20171024,210119000,3719.0,26800,1031542,997934740.0,3719.0,47,3718.0,46
rb1805,20171025,20171024,210119500,3717.0,26988,1031588,1004923780.0,3717.0,20,3716.0,164
rb1805,20171025,20171024,210120000,3717.0,27104,1031564,1009236320.0,3719.0,26,3717.0,103
rb1805,20171025,20171024,210120500,3719.0,27162,1031558,1011393280.0,3719.0,5,3718.0,67
rb1805,20171025,20171024,210121000,3719.0,27228,1031598,1013847420.0,3720.0,206,3719.0,23
rb1805,20171025,20171024,210121500,3719.0,27338,1031652,1017939240.0,3720.0,160,3719.0,21
rb1805,20171025,20171024,210122000,3720.0,27404,1031672,1020394160.0,3720.0,151,3719.0,14
rb1805,20171025,20171024,210122500,3720.0,27470,1031716,1022849300.0,3720.0,124,3719.0,14
rb1805,20171025,20171024,210123000,3719.0,27510,1031730,1024337000.0,3720.0,112,3718.0,38
rb1805,20171025,20171024,210123500,3719.0,27528,1031740,1025006520.0,3719.0,12,3718.0,39
rb1805,20171025,20171024,210124000,3720.0,27678,1031888,1030586240.0,3720.0,52,3718.0,43
rb1805,20171025,20171024,210124500,3718.0,27714,1031916,1031924920.0,3719.0,1,3718.0,40
rb1805,20171025,20171024,210125000,3719.0,27772,1031910,1034081920.0,3719.0,1,3718.0,26
rb1805,20171025,20171024,210125500,3717.0,27988,1032066,1042111740.0,3718.0,2,3717.0,201
rb1805,20171025,20171024,210126000,3718.0,28042,1032082,1044119720.0,3718.0,6,3717.0,208
rb1805,20171025,20171024,210126500,3717.0,28084,1032080,1045681420.0,3719.0,68,3717.0,267
rb1805,20171025,20171024,210127000,3718.0,28310,1032228,1054082100.0,3718.0,26,3717.0,177
rb1805,20171025,20171024,210127500,3718.0,28324,1032228,1054602580.0,3718.0,63,3717.0,175
rb1805,20171025,20171024,210128000,3718.0,28378,1032250,1056610140.0,3718.0,65,3717.0,170
rb1805,20171025,20171024,210128500,3718.0,28730,1032296,1069694320.0,3718.0,48,3717.0,19
rb1805,20171025,20171024,210129000,3717.0,28826,1032326,1073262640.0,3717.0,31,3716.0,169
rb1805,20171025,20171024,210129500,3716.0,28874,1032328,1075046600.0,3717.0,37,3716.0,164
rb1805,20171025,20171024,210130000,3717.0,28960,1032320,1078242960.0,3717.0,54,3716.0,154
rb1805,20171025,20171024,210130500,3717.0,29042,1032366,1081290580.0,3717.0,30,3716.0,139
rb1805,20171025,20171024,210131000,3717.0,29054,1032376,1081736600.0,3717.0,36,3716.0,172
rb1805,20171025,20171024,210131500,3716.0,29182,1032430,1086494720.0,3718.0,24,3717.0,3
rb1805,20171025,20171024,210132000,3716.0,29284,1032414,1090285040.0,3717.0,3,3716.0,125
rb1805,20171025,20171024,210132500,3717.0,29310,1032412,1091251520.0,3718.0,78,3717.0,2
rb1805,20171025,20171024,210133000,3718.0,29326,1032416,1091846320.0,3718.0,63,3717.0,21
rb1805,20171025,20171024,210133500,3717.0,29436,1032474,1095935020.0,3718.0,58,3717.0,37
rb1805,20171025,20171024,210134000,3717.0,29576,1032464,1101138820.0,3717.0,439,3716.0,129
rb1805,20171025,20171024,210134500,3717.0,29862,1032326,1111769440.0,3717.0,306,3716.0,130
rb1805,20171025,20171024,210135000,3716.0,29918,1032286,1113850900.0,3717.0,283,3716.0,130
rb1805,20171025,20171024,210135500,3717.0,30494,1031760,1135260840.0,3718.0,12,3717.0,266
rb1805,20171025,20171024,210136000,3718.0,30576,1031750,1138309620.0,3719.0,99,3718.0,34
rb1805,20171025,20171024,210136500,3718.0,30612,1031784,1139648100.0,3719.0,102,3718.0,22
rb1805,20171025,20171024,210137000,3718.0,30634,1031804,1140466060.0,3719.0,152,3718.0,19
rb1805,20171025,20171024,210137500,3718.0,30654,1031808,1141209700.0,3719.0,152,3718.0,20
rb1805,20171025,20171024,210138000,3719.0,30844,1031686,1148275800.0,3719.0,57,3718.0,26
rb1805,20171025,20171024,210138500,3718.0,30948,1031698,1152142840.0,3718.0,66,3717.0,408
rb1805,20171025,20171024,210139000,3718.0,31082,1031812,1157124960.0,3718.0,2,3717.0,417
rb1805,20171025,20171024,210139500,3719.0,31130,1031814,1158909240.0,3719.0,51,3717.0,398
rb1805,20171025,20171024,210140000,3719.0,31136,1031810,1159132380.0,3719.0,50,3718.0,1
rb1805,20171025,20171024,210140500,3718.0,31150,1031822,1159652920.0,3719.0,44,3718.0,60
rb1805,20171025,20171024,210141000,3718.0,31218,1031802,1162181240.0,3719.0,40,3718.0,37
rb1805,20171025,20171024,210141500,3719.0,31368,1031860,1167759040.0,3720.0,60,3718.0,2
rb1805,20171025,20171024,210142000,3720.0,31388,1031864,1168502900.0,3720.0,75,3719.0,6
rb1805,20171025,20171024,210142500,3720.0,31392,1031864,1168651700.0,3720.0,69,3719.0,15
rb1805,20171025,20171024,210143000,3720.0,31530,1031758,1173785300.0,3721.0,152,3720.0,14
rb1805,20171025,20171024,210143500,3721.0,31554,1031758,1174678220.0,3721.0,162,3720.0,34
rb1805,20171025,20171024,210144000,3721.0,31804,1031556,1183980540.0,3721.0,44,3720.0,62
rb1805,20171025,20171024,210144500,3721.0,31894,1031468,1187329440.0,3722.0,59,3721.0,18
rb1805,20171025,20171024,210145000,3721.0,32004,1031514,1191422520.0,3722.0,87,3720.0,74
rb1805,20171025,20171024,210145500,3722.0,32044,1031520,1192911040.0,3722.0,150,3721.0,1
rb1805,20171025,20171024,210146000,3721.0,32076,1031502,1194101980.0,3722.0,142,3721.0,153
rb1805,20171025,20171024,210146500,3721.0,32092,1031512,1194697340.0,3722.0,107,3721.0,159
rb1805,20171025,20171024,210147000,3721.0,32350,1031698,1204297980.0,3722.0,94,3721.0,156
rb1805,20171025,20171024,210147500,3721.0,32484,1031700,1209284500.0,3722.0,76,3721.0,108
rb1805,20171025,20171024,210148000,3721.0,32508,1031694,1210177760.0,3722.0,67,3721.0,109
rb1805,20171025,20171024,210148500,3722.0,32644,1031756,1215238860.0,3722.0,93,3721.0,77
rb1805,20171025,20171024,210149000,3722.0,32820,1031886,1221789560.0,3722.0,99,3721.0,79
rb1805,20171025,20171024,210149500,3722.0,32866,1031906,1223501320.0,3722.0,99,3721.0,67
rb1805,20171025,20171024,210150000,3722.0,32952,1031986,1226701600.0,3722.0,89,3721.0,35
rb1805,20171025,20171024,210150500,3722.0,32988,1032000,1228041440.0,3722.0,75,3721.0,31
rb1805,20171025,20171024,210151000,3722.0,33044,1032050,1230125740.0,3722.0,55,3721.0,44
rb1805,20171025,20171024,210151500,3721.0,33354,1031818,1241660860.0,3721.0,347,3720.0,81
rb1805,20171025,20171024,210152000,3721.0,33558,1031744,1249250080.0,3721.0,352,3719.0,64
rb1805,20171025,20171024,210152500,3721.0,33566,1031744,1249547720.0,3721.0,400,3720.0,1
rb1805,20171025,20171024,210153000,3720.0,33604,1031716,1250961320.0,3720.0,5,3719.0,63
rb1805,20171025,20171024,210153500,3720.0,33632,1031692,1252003020.0,3720.0,137,3719.0,63
rb1805,20171025,20171024,210154000,3720.0,33650,1031686,1252672560.0,3720.0,134,3719.0,55
rb1805,20171025,20171024,210154500,3719.0,33748,1031670,1256317260.0,3720.0,143,3719.0,10
rb1805,20171025,20171024,210155000,3719.0,33850,1031648,1260110640.0,3719.0,1,3718.0,134
rb1805,20171025,20171024,210155500,3719.0,33972,1031546,1264648920.0,3719.0,6,3718.0,135
rb1805,20171025,20171024,210156000,3719.0,34006,1031546,1265913480.0,3720.0,118,3719.0,47
rb1805,20171025,20171024,210156500,3719.0,34038,1031526,1267103640.0,3720.0,114,3719.0,46
rb1805,20171025,20171024,210157000,3719.0,34102,1031496,1269484200.0,3720.0,62,3719.0,31
rb1805,20171025,20171024,210157500,3719.0,34194,1031458,1272905680.0,3719.0,41,3718.0,138
rb1805,20171025,20171024,210158000,3719.0,34200,1031454,1273128820.0,3719.0,35,3718.0,152
rb1805,20171025,20171024,210158500,3718.0,34222,1031456,1273946940.0,3719.0,30,3718.0,149
rb1805,20171025,20171024,210159000,3720.0,34324,1031418,1277740740.0,3720.0,40,3719.0,38
rb1805,20171025,20171024,210159500,3719.0,34340,1031428,1278335880.0,3720.0,40,3719.0,137
rb1805,20171025,20171024,210200000,3720.0,34410,1031468,1280939860.0,3721.0,337,3720.0,8
rb1805,20171025,20171024,210200500,3720.0,34446,1031468,1282278920.0,3720.0,6,3719.0,144
rb1805,20171025,20171024,210201000,3720.0,34608,1031480,1288306660.0,3720.0,4,3719.0,145
rb1805,20171025,20171024,210201500,3720.0,34630,1031486,1289125020.0,3721.0,270,3720.0,4
rb1805,20171025,20171024,210202000,3720.0,34644,1031478,1289645820.0,3720.0,34,3719.0,156
rb1805,20171025,20171024,210202500,3720.0,34650,1031484,1289869020.0,3720.0,74,3719.0,157
rb1805,20171025,20171024,210203000,3720.0,34818,1031574,1296118620.0,3721.0,274,3720.0,98
rb1805,20171025,20171024,210203500,3721.0,34820,1031574,1296193040.0,3721.0,271,3720.0,99
rb1805,20171025,20171024,210204000,3721.0,34894,1031576,1298946260.0,3721.0,277,3720.0,83
rb1805,20171025,20171024,210204500,3721.0,34960,1031534,1301401940.0,3721.0,267,3720.0,127
rb1805,20171025,20171024,210205000,3721.0,34964,1031534,1301550760.0,3721.0,256,3720.0,128
rb1805,20171025,20171024,210205500,3720.0,35062,1031522,1305197320.0,3721.0,209,3720.0,173
rb1805,20171025,20171024,210206000,3721.0,35232,1031450,1311523000.0,3721.0,127,3720.0,163
rb1805,20171025,20171024,210206500,3721.0,35488,1031470,1321048760.0,3722.0,25,3721.0,400
rb1805,20171025,20171024,210207000,3722.0,35534,1031484,1322760780.0,3722.0,8,3721.0,410
rb1805,20171025,20171024,210207500,3722.0,35650,1031392,1327078140.0,3723.0,146,3722.0,8
rb1805,20171025,20171024,210208000,3723.0,35674,1031382,1327971460.0,3723.0,144,3722.0,100
rb1805,20171025,20171024,210208500,3723.0,35730,1031386,1330056320.0,3723.0,118,3722.0,150
rb1805,20171025,20171024,210209000,3723.0,35884,1031384,1335789700.0,3723.0,43,3722.0,150
rb1805,20171025,20171024,210209500,3723.0,35978,1031380,1339289240.0,3724.0,125,3723.0,10
rb1805,20171025,20171024,210210000,3724.0,35998,1031378,1340034000.0,3724.0,125,3723.0,82
rb1805,20171025,20171024,210210500,3723.0,36048,1031370,1341895880.0,3724.0,107,3723.0,101
rb1805,20171025,20171024,210211000,3724.0,36052,1031368,1342044840.0,3724.0,102,3723.0,105
rb1805,20171025,20171024,210211500,3724.0,36062,1031370,1342417180.0,3724.0,100,3723.0,212
rb1805,20171025,20171024,210212000,3724.0,36206,1031292,1347779720.0,3724.0,114,3723.0,214
rb1805,20171025,20171024,210212500,3723.0,36276,1031230,1350386200.0,3724.0,95,3723.0,204
rb1805,20171025,20171024,210213000,3724.0,36470,1031264,1357610760.0,3725.0,36,3724.0,19
rb1805,20171025,20171024,210213500,3725.0,36500,1031278,1358728020.0,3725.0,33,3724.0,65
rb1805,20171025,20171024,210214000,3724.0,36590,1031272,1362080340.0,3725.0,13,3724.0,88
rb1805,20171025,20171024,210214500,3725.0,36610,1031280,1362825280.0,3725.0,6,3724.0,116
rb1805,20171025,20171024,210215000,3725.0,36624,1031282,1363346760.0,3726.0,75,3725.0,13
rb1805,20171025,20171024,210215500,3726.0,36670,1031280,1365060580.0,3726.0,61,3725.0,15
rb1805,20171025,20171024,210216000,3725.0,36708,1031270,1366476320.0,3726.0,10,3725.0,31
rb1805,20171025,20171024,210216500,3727.0,36792,1031280,1369605540.0,3727.0,76,3725.0,7
rb1805,20171025,20171024,210217000,3726.0,36904,1031324,1373778500.0,3726.0,6,3725.0,12
rb1805,20171025,20171024,210217500,3725.0,36992,1031284,1377057160.0,3726.0,32,3725.0,2
rb1805,20171025,20171024,210218000,3726.0,37350,1030988,1390394180.0,3727.0,85,3726.0,337
rb1805,20171025,20171024,210218500,3726.0,37954,1030880,1412899340.0,3727.0,89,3726.0,51
rb1805,20171025,20171024,210219000,3726.0,38156,1030794,1420425760.0,3726.0,311,3724.0,204
rb1805,20171025,20171024,210219500,3726.0,38162,1030800,1420649320.0,3726.0,253,3724.0,208
rb1805,20171025,20171024,210220000,3726.0,38194,1030826,1421841420.0,3726.0,263,3725.0,5
rb1805,20171025,20171024,210220500,3726.0,38266,1030820,1424523900.0,3726.0,250,3725.0,4
rb1805,20171025,20171024,210221000,3725.0,38278,1030826,1424970880.0,3725.0,2,3724.0,240
rb1805,20171025,20171024,210221500,3724.0,38308,1030832,1426088420.0,3726.0,264,3725.0,14
rb1805,20171025,20171024,210222000,3726.0,38636,1030664,1438309300.0,3726.0,165,3724.0,255
rb1805,20171025,20171024,210222500,3725.0,38652,1030654,1438905420.0,3726.0,119,3725.0,6
rb1805,20171025,20171024,210223000,3726.0,38830,1030592,1445537660.0,3726.0,99,3725.0,32
rb1805,20171025,20171024,210223500,3725.0,38938,1030556,1449560700.0,3725.0,49,3724.0,276
rb1805,20171025,20171024,210224000,3725.0,38966,1030548,1450603680.0,3725.0,41,3724.0,293
rb1805,20171025,20171024,210224500,3725.0,39086,1030572,1455074000.0,3726.0,45,3725.0,3
rb1805,20171025,20171024,210225000,3725.0,39106,1030590,1455819020.0,3725.0,2,3724.0,284
rb1805,20171025,20171024,210225500,3725.0,39132,1030598,1456787580.0,3726.0,85,3725.0,34
rb1805,20171025,20171024,210226000,3725.0,39182,1030618,1458650120.0,3725.0,9,3724.0,288
rb1805,20171025,20171024,210226500,3725.0,39258,1030620,1461481400.0,3726.0,81,3725.0,80
rb1805,20171025,20171024,210227000,3726.0,39274,1030620,1462077560.0,3726.0,83,3725.0,54
rb1805,20171025,20171024,210227500,3724.0,40086,1030436,1492317580.0,3724.0,95,3723.0,59
rb1805,20171025,20171024,210228000,3726.0,40298,1030310,1500212840.0,3725.0,1,3724.0,36
rb1805,20171025,20171024,210228500,3725.0,40396,1030272,1503863120.0,3726.0,55,3725.0,3
rb1805,20171025,20171024,210229000,3725.0,40450,1030310,1505875100.0,3726.0,46,3725.0,2
rb1805,20171025,20171024,210229500,3725.0,40500,1030280,1507737580.0,3725.0,8,3724.0,70
rb1805,20171025,20171024,210230000,3726.0,40528,1030282,1508780620.0,3726.0,46,3725.0,188
rb1805,20171025,20171024,210230500,3725.0,40602,1030254,1511537540.0,3726.0,13,3725.0,178
rb1805,20171025,20171024,210231000,3726.0,40632,1030254,1512655260.0,3726.0,7,3725.0,174
rb1805,20171025,20171024,210231500,3725.0,40654,1030266,1513474920.0,3726.0,1,3725.0,173
rb1805,20171025,20171024,210232000,3726.0,40674,1030274,1514220060.0,3727.0,108,3725.0,171
rb1805,20171025,20171024,210232500,3726.0,40678,1030278,1514369100.0,3726.0,35,3725.0,173
rb1805,20171025,20171024,210233000,3726.0,40894,1030292,1522415260.0,3726.0,30,3725.0,70
rb1805,20171025,20171024,210233500,3725.0,41040,1030334,1527855020.0,3726.0,1,3725.0,65
rb1805,20171025,20171024,210234000,3725.0,41086,1030334,1529568620.0,3726.0,10,3725.0,57
rb1805,20171025,20171024,210234500,3725.0,41110,1030334,1530462700.0,3726.0,9,3725.0,49
rb1805,20171025,20171024,210235000,3726.0,41128,1030332,1531133320.0,3726.0,3,3725.0,47
rb1805,20171025,20171024,210235500,3726.0,41160,1030332,1532325600.0,3726.0,5,3725.0,48
rb1805,20171025,20171024,210236000,3726.0,41188,1030334,1533368640.0,3726.0,52,3725.0,47
rb1805,20171025,20171024,210236500,3725.0,41224,1030334,1534709720.0,3726.0,68,3725.0,33
rb1805,20171025,20171024,210237000,3725.0,41312,1030420,1537987720.0,3725.0,17,3724.0,126
rb1805,20171025,20171024,210237500,3724.0,41358,1030416,1539701180.0,3725.0,2,3724.0,125
rb1805,20171025,20171024,210238000,3726.0,41376,1030414,1540371740.0,3726.0,74,3725.0,6
rb1805,20171025,20171024,210238500,3725.0,41406,1030422,1541489240.0,3725.0,1,3724.0,127
rb1805,20171025,20171024,210239000,3726.0,41432,1030426,1542457920.0,3726.0,68,3724.0,132
rb1805,20171025,20171024,210239500,3725.0,41434,1030428,1542532420.0,3726.0,70,3725.0,6
rb1805,20171025,20171024,210240000,3725.0,41468,1030428,1543798880.0,3725.0,6,3724.0,128
rb1805,20171025,20171024,210240500,3726.0,41684,1030308,1551846420.0,3727.0,114,3726.0,8
rb1805,20171025,20171024,210241000,3726.0,41718,1030304,1553113220.0,3726.0,157,3725.0,2
rb1805,20171025,20171024,210241500,3724.0,41738,1030294,1553858120.0,3725.0,7,3724.0,89
rb1805,20171025,20171024,210242000,3726.0,41794,1030290,1555944480.0,3726.0,117,3725.0,12
rb1805,20171025,20171024,210242500,3725.0,41860,1030316,1558402960.0,3725.0,22,3724.0,97
rb1805,20171025,20171024,210243000,3724.0,42024,1030258,1564510500.0,3725.0,71,3724.0,21
rb1805,20171025,20171024,210243500,3724.0,42164,1030302,1569724100.0,3724.0,142,3723.0,87
rb1805,20171025,20171024,210244000,3724.0,42280,1030294,1574043100.0,3724.0,129,3723.0,37
rb1805,20171025,20171024,210244500,3723.0,42414,1030218,1579031920.0,3723.0,6,3722.0,90
rb1805,20171025,20171024,210245000,3722.0,42618,1030362,1586625080.0,3722.0,6,3721.0,334
rb1805,20171025,20171024,210245500,3724.0,42862,1030284,1595709620.0,3724.0,58,3721.0,354
rb1805,20171025,20171024,210246000,3723.0,43074,1030340,1603600380.0,3723.0,69,3722.0,34
rb1805,20171025,20171024,210246500,3723.0,43084,1030336,1603972660.0,3723.0,69,3722.0,59
rb1805,20171025,20171024,210247000,3724.0,43224,1030286,1609184880.0,3724.0,66,3723.0,206
rb1805,20171025,20171024,210247500,3724.0,43350,1030296,1613877040.0,3725.0,80,3723.0,171
rb1805,20171025,20171024,210248000,3723.0,43368,1030298,1614547220.0,3724.0,18,3723.0,158
rb1805,20171025,20171024,210248500,3723.0,43418,1030304,1616409120.0,3725.0,42,3723.0,166
rb1805,20171025,20171024,210249000,3724.0,43622,1030506,1624004060.0,3724.0,4,3723.0,71
rb1805,20171025,20171024,210249500,3723.0,43638,1030506,1624599820.0,3725.0,35,3723.0,76
rb1805,20171025,20171024,210250000,3723.0,43654,1030506,1625195500.0,3725.0,56,3723.0,50
rb1805,20171025,20171024,210250500,3724.0,43726,1030488,1627877480.0,3725.0,24,3724.0,40
rb1805,20171025,20171024,210251000,3723.0,43824,1030414,1631526300.0,3723.0,107,3722.0,101
rb1805,20171025,20171024,210251500,3723.0,43954,1030368,1636366200.0,3723.0,42,3722.0,85
rb1805,20171025,20171024,210252000,3723.0,44050,1030354,1639940360.0,3723.0,12,3722.0,86
rb1805,20171025,20171024,210252500,3723.0,44076,1030332,1640908340.0,3725.0,34,3723.0,28
rb1805,20171025,20171024,210253000,3723.0,44126,1030374,1642770260.0,3724.0,15,3723.0,11
rb1805,20171025,20171024,210253500,3723.0,44140,1030378,1643291580.0,3724.0,23,3723.0,21
rb1805,20171025,20171024,210254000,3722.0,44500,1030120,1656691200.0,3722.0,320,3721.0,345
rb1805,20171025,20171024,210254500,3722.0,44594,1030028,1660189880.0,3722.0,274,3721.0,341
rb1805,20171025,20171024,210255000,3722.0,44612,1030014,1660859820.0,3722.0,266,3721.0,349
rb1805,20171025,20171024,210255500,3722.0,44644,1030008,1662050840.0,3722.0,251,3721.0,354
rb1805,20171025,20171024,210256000,3722.0,44862,1029806,1670164780.0,3722.0,169,3721.0,356
rb1805,20171025,20171024,210256500,3722.0,44924,1029792,1672472420.0,3722.0,139,3721.0,355
rb1805,20171025,20171024,210257000,3722.0,44950,1029774,1673440100.0,3722.0,129,3721.0,354
rb1805,20171025,20171024,210257500,3722.0,45046,1029722,1677013180.0,3722.0,84,3721.0,353
rb1805,20171025,20171024,210258000,3722.0,45114,1029680,1679544120.0,3722.0,51,3721.0,355
rb1805,20171025,20171024,210258500,3722.0,45226,1029746,1683712760.0,3723.0,18,3722.0,31
rb1805,20171025,20171024,210259000,3722.0,45238,1029754,1684159420.0,3723.0,23,3722.0,56
rb1805,20171025,20171024,210259500,3722.0,45548,1029960,1695698000.0,3722.0,364,3721.0,350
rb1805,20171025,20171024,210300000,3722.0,45614,1029962,1698154500.0,3722.0,333,3721.0,351
rb1805,20171025,20171024,210300500,3721.0,45860,1029970,1707308620.0,3722.0,311,3721.0,252
rb1805,20171025,20171024,210301000,3721.0,45874,1029970,1707829580.0,3722.0,310,3721.0,250
rb1805,20171025,20171024,210301500,3721.0,45986,1029922,1711997400.0,3722.0,298,3721.0,209
rb1805,20171025,20171024,210302000,3721.0,46226,1029734,1720927800.0,3722.0,322,3721.0,85
rb1805,20171025,20171024,210302500,3721.0,46436,1029646,1728741900.0,3721.0,178,3720.0,1146
rb1805,20171025,20171024,210303000,3720.0,46488,1029614,1730676720.0,3721.0,211,3720.0,1141
rb1805,20171025,20171024,210303500,3720.0,46518,1029614,1731792860.0,3721.0,231,3720.0,1128
rb1805,20171025,20171024,210304000,3720.0,46526,1029618,1732090480.0,3721.0,231,3720.0,1125
rb1805,20171025,20171024,210304500,3721.0,46614,1029630,1735364140.0,3721.0,227,3720.0,1084
rb1805,20171025,20171024,210305000,3721.0,46678,1029588,1737745560.0,3721.0,196,3720.0,1083
rb1805,20171025,20171024,210305500,3721.0,46736,1029558,1739903600.0,3721.0,188,3720.0,1076
rb1805,20171025,20171024,210306000,3720.0,46790,1029546,1741912420.0,3721.0,194,3720.0,1052
rb1805,20171025,20171024,210306500,3720.0,46832,1029568,1743474840.0,3721.0,192,3720.0,1031
rb1805,20171025,20171024,210307000,3721.0,46842,1029572,1743846860.0,3721.0,221,3720.0,1026
rb1805,20171025,20171024,210307500,3721.0,46844,1029574,1743921280.0,3721.0,221,3720.0,1027
rb1805,20171025,20171024,210308000,3721.0,46890,1029606,1745632580.0,3721.0,216,3720.0,1009
rb1805,20171025,20171024,210308500,3720.0,46908,1029608,1746302180.0,3721.0,216,3720.0,1010
rb1805,20171025,20171024,210309000,3720.0,46920,1029616,1746748600.0,3721.0,215,3720.0,1007
rb1805,20171025,20171024,210309500,3720.0,47740,1030432,1777252600.0,3721.0,214,3720.0,597
rb1805,20171025,20171024,210310000,3720.0,47862,1030532,1781791060.0,3721.0,214,3720.0,540
rb1805,20171025,20171024,210310500,3720.0,48208,1030666,1794662280.0,3721.0,212,3720.0,368
rb1805,20171025,20171024,210311000,3720.0,48448,1030864,1803590280.0,3721.0,212,3720.0,248
rb1805,20171025,20171024,210311500,3720.0,48556,1030930,1807608140.0,3721.0,201,3720.0,207
rb1805,20171025,20171024,210312000,3721.0,48638,1030990,1810659160.0,3721.0,162,3720.0,198
rb1805,20171025,20171024,210312500,3721.0,48688,1031012,1812519260.0,3721.0,158,3720.0,182
rb1805,20171025,20171024,210313000,3720.0,48702,1031026,1813040060.0,3721.0,158,3720.0,332
rb1805,20171025,20171024,210313500,3720.0,48818,1031032,1817355260.0,3721.0,152,3720.0,275
rb1805,20171025,20171024,210314000,3720.0,48926,1031070,1821373920.0,3721.0,81,3720.0,274
rb1805,20171025,20171024,210314500,3721.0,48954,1031078,1822415740.0,3721.0,73,3720.0,271
rb1805,20171025,20171024,210315000,3720.0,49676,1030976,1849275760.0,3720.0,14,3719.0,183
rb1805,20171025,20171024,210315500,3719.0,49864,1030812,1856269340.0,3720.0,21,3719.0,196
rb1805,20171025,20171024,210316000,3719.0,50302,1030830,1872558900.0,3719.0,308,3718.0,318
rb1805,20171025,20171024,210316500,3718.0,50482,1030882,1879253020.0,3719.0,222,3718.0,314
rb1805,20171025,20171024,210317000,3718.0,50686,1030884,1886839640.0,3719.0,128,3718.0,306
rb1805,20171025,20171024,210317500,3718.0,50728,1030896,1888401320.0,3719.0,122,3718.0,291
rb1805,20171025,20171024,210318000,3718.0,50866,1031032,1893533520.0,3719.0,54,3718.0,290
rb1805,20171025,20171024,210318500,3719.0,50990,1031140,1898145120.0,3720.0,36,3718.0,291
rb1805,20171025,20171024,210319000,3720.0,51268,1031328,1908481600.0,3720.0,28,3719.0,3
rb1805,20171025,20171024,210319500,3719.0,51290,1031324,1909299880.0,3720.0,33,3719.0,26
rb1805,20171025,20171024,210320000,3719.0,51548,1031476,1918894900.0,3719.0,372,3718.0,161
rb1805,20171025,20171024,210320500,3719.0,51584,1031480,1920233740.0,3719.0,354,3718.0,180
rb1805,20171025,20171024,210321000,3718.0,51596,1031480,1920679900.0,3719.0,354,3718.0,194
rb1805,20171025,20171024,210321500,3719.0,51602,1031484,1920903040.0,3719.0,354,3718.0,196
rb1805,20171025,20171024,210322000,3719.0,51716,1031550,1925142660.0,3719.0,300,3718.0,196
rb1805,20171025,20171024,210322500,3718.0,52314,1031786,1947378240.0,3718.0,205,3717.0,221
rb1805,20171025,20171024,210323000,3718.0,52400,1031832,1950575660.0,3718.0,246,3717.0,232
rb1805,20171025,20171024,210323500,3717.0,52486,1031884,1953773080.0,3718.0,210,3717.0,225
rb1805,20171025,20171024,210324000,3717.0,52502,1031896,1954367920.0,3718.0,207,3717.0,234
rb1805,20171025,20171024,210324500,3717.0,53012,1032080,1973324660.0,3717.0,60,3716.0,204
rb1805,20171025,20171024,210325000,3717.0,53066,1032092,1975331820.0,3717.0,35,3716.0,216
rb1805,20171025,20171024,210325500,3716.0,53112,1032102,1977041440.0,3717.0,53,3716.0,208
rb1805,20171025,20171024,210326000,3717.0,53174,1032100,1979345860.0,3717.0,42,3716.0,200
rb1805,20171025,20171024,210326500,3716.0,53234,1032140,1981575920.0,3717.0,22,3716.0,195
rb1805,20171025,20171024,210327000,3717.0,53294,1032140,1983806080.0,3718.0,242,3717.0,1
rb1805,20171025,20171024,210327500,3716.0,53336,1032132,1985367060.0,3718.0,241,3716.0,182
rb1805,20171025,20171024,210328000,3716.0,53352,1032136,1985961720.0,3717.0,1,3716.0,231
rb1805,20171025,20171024,210328500,3717.0,53418,1032132,1988414780.0,3717.0,131,3716.0,230
rb1805,20171025,20171024,210329000,3716.0,53702,1032124,1998971000.0,3717.0,68,3716.0,228
rb1805,20171025,20171024,210329500,3717.0,53864,1032094,2004992460.0,3718.0,237,3717.0,24
rb1805,20171025,20171024,210330000,3718.0,53990,1032076,2009676900.0,3718.0,186,3717.0,72
rb1805,20171025,20171024,210330500,3717.0,54272,1032098,2020158840.0,3717.0,367,3716.0,224
rb1805,20171025,20171024,210331000,3717.0,54316,1032104,2021794320.0,3717.0,347,3716.0,228
rb1805,20171025,20171024,210331500,3717.0,54350,1032118,2023058040.0,3717.0,333,3716.0,240
rb1805,20171025,20171024,210332000,3717.0,54460,1032182,2027146700.0,3717.0,281,3716.0,248
rb1805,20171025,20171024,210332500,3717.0,54466,1032182,2027369700.0,3717.0,282,3716.0,249
rb1805,20171025,20171024,210333000,3717.0,54550,1032262,2030491980.0,3717.0,241,3716.0,250
rb1805,20171025,20171024,210333500,3717.0,54592,1032290,2032053060.0,3717.0,223,3716.0,249
rb1805,20171025,20171024,210334000,3717.0,54730,1032296,2037182440.0,3717.0,172,3716.0,245
rb1805,20171025,20171024,210334500,3716.0,55066,1032276,2049671540.0,3717.0,5,3716.0,245
rb1805,20171025,20171024,210335000,3717.0,55080,1032270,2050191880.0,3718.0,196,3717.0,52
rb1805,20171025,20171024,210335500,3717.0,55132,1032272,2052124760.0,3718.0,202,3717.0,82
rb1805,20171025,20171024,210336000,3717.0,55196,1032278,2054503660.0,3718.0,197,3717.0,113
rb1805,20171025,20171024,210336500,3718.0,55220,1032288,2055395900.0,3718.0,199,3717.0,269
rb1805,20171025,20171024,210337000,3717.0,55228,1032280,2055693260.0,3718.0,208,3717.0,271
rb1805,20171025,20171024,210337500,3717.0,55296,1032302,2058220840.0,3718.0,204,3717.0,244
rb1805,20171025,20171024,210338000,3717.0,55308,1032298,2058666900.0,3718.0,193,3717.0,241
rb1805,20171025,20171024,210338500,3717.0,55324,1032304,2059261680.0,3718.0,192,3717.0,236
rb1805,20171025,20171024,210339000,3717.0,55346,1032310,2060079620.0,3718.0,161,3717.0,244
rb1805,20171025,20171024,210339500,3718.0,55370,1032314,2060971940.0,3718.0,149,3717.0,246
rb1805,20171025,20171024,210340000,3718.0,55388,1032314,2061641140.0,3718.0,142,3717.0,269
rb1805,20171025,20171024,210340500,3718.0,55416,1032332,2062682180.0,3718.0,129,3717.0,266
rb1805,20171025,20171024,210341000,3717.0,55422,1032332,2062905240.0,3718.0,164,3717.0,271
rb1805,20171025,20171024,210341500,3717.0,55970,1032748,2083274400.0,3717.0,250,3716.0,320
rb1805,20171025,20171024,210342000,3717.0,56032,1032756,2085578880.0,3717.0,224,3716.0,321
rb1805,20171025,20171024,210342500,3717.0,56052,1032772,2086322280.0,3717.0,217,3716.0,322
rb1805,20171025,20171024,210343000,3717.0,56074,1032772,2087140020.0,3717.0,206,3716.0,323
rb1805,20171025,20171024,210343500,3717.0,56110,1032794,2088478080.0,3717.0,191,3716.0,321
rb1805,20171025,20171024,210344000,3717.0,56122,1032800,2088924120.0,3717.0,187,3716.0,323
rb1805,20171025,20171024,210344500,3717.0,56154,1032812,2090113560.0,3717.0,171,3716.0,326
rb1805,20171025,20171024,210345000,3716.0,56194,1032816,2091600340.0,3717.0,166,3716.0,328
rb1805,20171025,20171024,210345500,3717.0,56234,1032852,2093087140.0,3717.0,147,3716.0,326
rb1805,20171025,20171024,210346000,3716.0,56486,1032862,2102453740.0,3717.0,34,3716.0,314
rb1805,20171025,20171024,210346500,3717.0,56592,1032934,2106393740.0,3717.0,3,3716.0,320
rb1805,20171025,20171024,210347000,3717.0,56654,1032934,2108698260.0,3717.0,18,3716.0,320
rb1805,20171025,20171024,210347500,3716.0,56694,1032938,2110185000.0,3717.0,11,3716.0,316
rb1805,20171025,20171024,210348000,3717.0,56732,1032950,2111597340.0,3717.0,98,3716.0,312
rb1805,20171025,20171024,210348500,3716.0,56756,1032952,2112489400.0,3717.0,108,3716.0,317
rb1805,20171025,20171024,210349000,3717.0,56782,1032950,2113455720.0,3717.0,144,3716.0,316
rb1805,20171025,20171024,210349500,3717.0,56842,1032898,2115685900.0,3717.0,115,3716.0,317
rb1805,20171025,20171024,210350000,3717.0,56844,1032898,2115760240.0,3717.0,118,3716.0,365
rb1805,20171025,20171024,210350500,3717.0,56870,1032876,2116726660.0,3717.0,150,3716.0,367
rb1805,20171025,20171024,210351000,3717.0,56898,1032876,2117767380.0,3717.0,138,3716.0,403
rb1805,20171025,20171024,210351500,3716.0,56972,1032822,2120517740.0,3717.0,72,3716.0,394
rb1805,20171025,20171024,210352000,3717.0,57124,1032680,2126167580.0,3718.0,300,3717.0,7
rb1805,20171025,20171024,210352500,3718.0,57228,1032590,2130034300.0,3718.0,240,3717.0,56
rb1805,20171025,20171024,210353000,3717.0,57304,1032556,2132859240.0,3718.0,230,3717.0,77
rb1805,20171025,20171024,210353500,3718.0,57318,1032562,2133379680.0,3718.0,227,3717.0,80
rb1805,20171025,20171024,210354000,3718.0,57322,1032558,2133528400.0,3718.0,225,3717.0,83
rb1805,20171025,20171024,210354500,3718.0,57332,1032550,2133900180.0,3718.0,221,3717.0,87
rb1805,20171025,20171024,210355000,3717.0,57366,1032550,2135164060.0,3718.0,216,3717.0,78
rb1805,20171025,20171024,210355500,3718.0,57382,1032554,2135758880.0,3718.0,212,3717.0,78
rb1805,20171025,20171024,210356000,3717.0,57388,1032560,2135981940.0,3718.0,210,3717.0,80
rb1805,20171025,20171024,210356500,3718.0,57400,1032560,2136428100.0,3718.0,207,3717.0,85
rb1805,20171025,20171024,210357000,3718.0,57406,1032566,2136651160.0,3718.0,205,3717.0,160
rb1805,20171025,20171024,210357500,3718.0,57430,1032588,2137543480.0,3718.0,193,3717.0,162
rb1805,20171025,20171024,210358000,3718.0,57446,1032594,2138138340.0,3718.0,187,3717.0,173
rb1805,20171025,20171024,210358500,3718.0,57464,1032610,2138807580.0,3718.0,180,3717.0,226
rb1805,20171025,20171024,210359000,3718.0,57484,1032614,2139551180.0,3718.0,173,3717.0,239
rb1805,20171025,20171024,210359500,3718.0,57692,1032734,2147282620.0,3718.0,170,3717.0,145
rb1805,20171025,20171024,210400000,3718.0,57704,1032740,2147728760.0,3718.0,164,3717.0,231
rb1805,20171025,20171024,210400500,3718.0,57722,1032754,2148397980.0,3718.0,156,3717.0,232
rb1805,20171025,20171024,210401000,3718.0,57742,1032762,2149141480.0,3718.0,156,3717.0,228
rb1805,20171025,20171024,210401500,3718.0,57750,1032768,2149438920.0,3718.0,156,3717.0,229
rb1805,20171025,20171024,210402000,3718.0,57794,1032780,2151074820.0,3718.0,139,3717.0,236
rb1805,20171025,20171024,210402500,3718.0,58004,1032782,2158882620.0,3718.0,34,3717.0,289
rb1805,20171025,20171024,210403000,3718.0,58080,1032830,2161708300.0,3719.0,443,3717.0,321
rb1805,20171025,20171024,210403500,3719.0,58088,1032834,2162005780.0,3719.0,441,3718.0,23
rb1805,20171025,20171024,210404000,3718.0,58108,1032848,2162749380.0,3719.0,442,3718.0,113
rb1805,20171025,20171024,210404500,3718.0,58120,1032842,2163195580.0,3719.0,440,3718.0,187
rb1805,20171025,20171024,210405000,3719.0,58128,1032844,2163493100.0,3719.0,436,3718.0,241
rb1805,20171025,20171024,210405500,3719.0,58240,1032846,2167658380.0,3719.0,380,3718.0,244
rb1805,20171025,20171024,210406000,3719.0,58254,1032854,2168179040.0,3719.0,373,3718.0,247
rb1805,20171025,20171024,210406500,3719.0,58258,1032854,2168327800.0,3719.0,371,3718.0,303
rb1805,20171025,20171024,210407000,3718.0,58308,1032894,2170187120.0,3719.0,356,3718.0,295
rb1805,20171025,20171024,210407500,3719.0,58350,1032934,2171749040.0,3719.0,339,3718.0,292
rb1805,20171025,20171024,210408000,3719.0,58458,1033036,2175764560.0,3719.0,335,3718.0,242
rb1805,20171025,20171024,210408500,3719.0,58470,1033046,2176210840.0,3719.0,329,3718.0,243
rb1805,20171025,20171024,210409000,3719.0,58534,1033106,2178591000.0,3719.0,306,3718.0,245
rb1805,20171025,20171024,210409500,3719.0,58538,1033106,2178739760.0,3719.0,300,3718.0,247
rb1805,20171025,20171024,210410000,3719.0,58562,1033128,2179632300.0,3719.0,299,3718.0,204
rb1805,20171025,20171024,210410500,3719.0,58598,1033134,2180971120.0,3719.0,282,3718.0,203
rb1805,20171025,20171024,210411000,3719.0,58636,1033172,2182384240.0,3719.0,268,3718.0,198
rb1805,20171025,20171024,210411500,3719.0,58638,1033172,2182458620.0,3719.0,267,3718.0,184
rb1805,20171025,20171024,210412000,3719.0,58664,1033194,2183425560.0,3719.0,255,3718.0,185
rb1805,20171025,20171024,210412500,3719.0,58694,1033202,2184541060.0,3719.0,250,3718.0,177
rb1805,20171025,20171024,210413000,3719.0,58702,1033204,2184838560.0,3719.0,248,3718.0,183
rb1805,20171025,20171024,210413500,3719.0,58714,1033216,2185284840.0,3719.0,242,3718.0,183
rb1805,20171025,20171024,210414000,3719.0,58726,1033220,2185731120.0,3719.0,236,3718.0,264
rb1805,20171025,20171024,210414500,3718.0,58910,1033242,2192574060.0,3719.0,153,3718.0,263
rb1805,20171025,20171024,210415000,3719.0,58916,1033248,2192797200.0,3719.0,154,3718.0,279
rb1805,20171025,20171024,210415500,3719.0,58956,1033280,2194284740.0,3719.0,125,3718.0,278
rb1805,20171025,20171024,210416000,3719.0,59090,1033408,2199268200.0,3719.0,58,3718.0,279
rb1805,20171025,20171024,210416500,3719.0,59188,1033448,2202912800.0,3719.0,10,3718.0,280
rb1805,20171025,20171024,210417000,3719.0,59216,1033446,2203954120.0,3720.0,260,3719.0,15
rb1805,20171025,20171024,210417500,3720.0,59220,1033446,2204102900.0,3720.0,267,3719.0,122
rb1805,20171025,20171024,210418000,3719.0,59224,1033444,2204251660.0,3720.0,267,3719.0,125
rb1805,20171025,20171024,210418500,3720.0,59228,1033444,2204400440.0,3720.0,266,3719.0,141
rb1805,20171025,20171024,210419000,3720.0,59254,1033436,2205367640.0,3720.0,253,3719.0,144
rb1805,20171025,20171024,210419500,3720.0,59268,1033432,2205888380.0,3720.0,259,3719.0,142
rb1805,20171025,20171024,210420000,3720.0,59310,1033434,2207450400.0,3720.0,275,3719.0,142
rb1805,20171025,20171024,210420500,3719.0,59596,1033202,2218086740.0,3719.0,499,3718.0,274
rb1805,20171025,20171024,210421000,3719.0,59602,1033204,2218309880.0,3719.0,496,3718.0,276
rb1805,20171025,20171024,210421500,3719.0,59618,1033204,2218904900.0,3719.0,490,3718.0,273
rb1805,20171025,20171024,210422000,3719.0,59752,1033206,2223888360.0,3719.0,426,3718.0,274
rb1805,20171025,20171024,210422500,3719.0,59828,1033226,2226714260.0,3719.0,455,3718.0,248
rb1805,20171025,20171024,210423000,3719.0,60154,1033344,2238836660.0,3719.0,330,3718.0,171
rb1805,20171025,20171024,210423500,3718.0,60506,1033438,2251924020.0,3718.0,73,3717.0,184
rb1805,20171025,20171024,210424000,3717.0,61588,1033312,2292161600.0,3720.0,187,3719.0,1
rb1805,20171025,20171024,210424500,3718.0,61634,1033310,2293871900.0,3718.0,34,3717.0,153
rb1805,20171025,20171024,210425000,3718.0,61636,1033312,2293946260.0,3718.0,45,3717.0,148
rb1805,20171025,20171024,210425500,3718.0,61668,1033340,2295136000.0,3718.0,26,3717.0,150
rb1805,20171025,20171024,210426000,3718.0,61702,1033352,2296400120.0,3718.0,65,3717.0,154
rb1805,20171025,20171024,210426500,3718.0,61722,1033366,2297143700.0,3718.0,56,3717.0,154
rb1805,20171025,20171024,210427000,3718.0,62728,1033832,2334558440.0,3718.0,5,3717.0,149
rb1805,20171025,20171024,210427500,3719.0,62762,1033828,2335822520.0,3720.0,67,3719.0,9
rb1805,20171025,20171024,210428000,3719.0,62782,1033828,2336566320.0,3719.0,84,3718.0,24
rb1805,20171025,20171024,210428500,3719.0,62786,1033828,2336715060.0,3719.0,76,3718.0,23
rb1805,20171025,20171024,210429000,3718.0,62788,1033830,2336789420.0,3719.0,84,3718.0,80
rb1805,20171025,20171024,210429500,3718.0,62788,1033830,2336789420.0,3719.0,56,3718.0,86
rb1805,20171025,20171024,210430000,3719.0,62792,1033834,2336938180.0,3719.0,20,3718.0,86
rb1805,20171025,20171024,210430500,3719.0,62794,1033834,2337012560.0,3719.0,16,3718.0,95
rb1805,20171025,20171024,210431000,3719.0,62832,1033806,2338425780.0,3720.0,167,3719.0,3
rb1805,20171025,20171024,210431500,3718.0,62876,1033824,2340061760.0,3719.0,1,3718.0,86
rb1805,20171025,20171024,210432000,3719.0,62938,1033822,2342366940.0,3719.0,1,3718.0,107
rb1805,20171025,20171024,210432500,3719.0,62940,1033822,2342441320.0,3720.0,175,3719.0,6
rb1805,20171025,20171024,210433000,3720.0,62992,1033814,2344375300.0,3720.0,172,3719.0,33
rb1805,20171025,20171024,210433500,3719.0,63028,1033806,2345714340.0,3720.0,162,3719.0,26
rb1805,20171025,20171024,210434000,3719.0,63030,1033806,2345788720.0,3720.0,164,3719.0,27
rb1805,20171025,20171024,210434500,3719.0,63054,1033786,2346681280.0,3720.0,164,3719.0,16
rb1805,20171025,20171024,210435000,3719.0,63086,1033762,2347871360.0,3719.0,10,3718.0,122
rb1805,20171025,20171024,210435500,3718.0,63090,1033762,2348020080.0,3719.0,10,3718.0,120
rb1805,20171025,20171024,210436000,3720.0,63114,1033746,2348912660.0,3720.0,145,3719.0,95
rb1805,20171025,20171024,210436500,3719.0,63286,1033610,2355309340.0,3719.0,14,3718.0,122
rb1805,20171025,20171024,210437000,3720.0,63316,1033610,2356425060.0,3720.0,145,3719.0,37
rb1805,20171025,20171024,210437500,3720.0,63338,1033616,2357243360.0,3720.0,139,3719.0,36
rb1805,20171025,20171024,210438000,3719.0,63414,1033632,2360069800.0,3719.0,162,3718.0,146
rb1805,20171025,20171024,210438500,3718.0,63440,1033648,2361036600.0,3719.0,157,3718.0,140
rb1805,20171025,20171024,210439000,3719.0,63446,1033654,2361259740.0,3719.0,154,3718.0,140
rb1805,20171025,20171024,210439500,3718.0,63470,1033658,2362152220.0,3719.0,146,3718.0,141
rb1805,20171025,20171024,210440000,3719.0,63770,1033758,2373309260.0,3720.0,138,3719.0,131
rb1805,20171025,20171024,210440500,3719.0,63790,1033750,2374053240.0,3720.0,137,3719.0,126
rb1805,20171025,20171024,210441000,3719.0,63916,1033700,2378740420.0,3720.0,87,3719.0,145
rb1805,20171025,20171024,210441500,3720.0,64024,1033710,2382758020.0,3720.0,33,3719.0,145
rb1805,20171025,20171024,210442000,3720.0,64090,1033746,2385213220.0,3721.0,24,3720.0,1
rb1805,20171025,20171024,210442500,3720.0,64096,1033748,2385436440.0,3720.0,3,3719.0,147
rb1805,20171025,20171024,210443000,3719.0,64110,1033752,2385957140.0,3720.0,1,3719.0,123
rb1805,20171025,20171024,210443500,3719.0,64520,1034036,2401206120.0,3721.0,34,3719.0,12
rb1805,20171025,20171024,210444000,3720.0,64542,1034044,2402024500.0,3720.0,20,3719.0,11
rb1805,20171025,20171024,210444500,3720.0,64550,1034048,2402322100.0,3720.0,23,3719.0,11
rb1805,20171025,20171024,210445000,3719.0,64552,1034050,2402396480.0,3720.0,25,3719.0,50
rb1805,20171025,20171024,210445500,3719.0,64552,1034050,2402396480.0,3720.0,26,3719.0,53
rb1805,20171025,20171024,210446000,3719.0,64564,1034050,2402842760.0,3720.0,41,3719.0,47
rb1805,20171025,20171024,210446500,3719.0,64680,1034158,2407156800.0,3719.0,47,3718.0,175
rb1805,20171025,20171024,210447000,3720.0,64682,1034160,2407231200.0,3720.0,56,3719.0,2
rb1805,20171025,20171024,210447500,3719.0,64690,1034156,2407528720.0,3719.0,10,3718.0,175
rb1805,20171025,20171024,210448000,3718.0,65044,1034328,2420690440.0,3718.0,23,3717.0,198
rb1805,20171025,20171024,210448500,3719.0,65096,1034366,2422623860.0,3719.0,7,3717.0,201
rb1805,20171025,20171024,210449000,3719.0,65102,1034366,2422847000.0,3719.0,20,3717.0,197
rb1805,20171025,20171024,210449500,3719.0,65106,1034364,2422995760.0,3719.0,49,3717.0,207
rb1805,20171025,20171024,210450000,3717.0,65110,1034364,2423144440.0,3719.0,70,3718.0,9
rb1805,20171025,20171024,210450500,3718.0,65142,1034368,2424334200.0,3718.0,120,3717.0,204
rb1805,20171025,20171024,210451000,3717.0,65154,1034376,2424780240.0,3718.0,95,3717.0,196
rb1805,20171025,20171024,210451500,3718.0,65242,1034356,2428052060.0,3718.0,42,3717.0,199
rb1805,20171025,20171024,210452000,3718.0,65378,1034314,2433108480.0,3718.0,277,3717.0,192
rb1805,20171025,20171024,210452500,3718.0,65386,1034318,2433405860.0,3718.0,283,3717.0,190
rb1805,20171025,20171024,210453000,3717.0,65424,1034310,2434818380.0,3718.0,279,3717.0,174
rb1805,20171025,20171024,210453500,3717.0,65468,1034334,2436454100.0,3718.0,269,3717.0,174
rb1805,20171025,20171024,210454000,3718.0,65484,1034346,2437048900.0,3718.0,276,3717.0,172
rb1805,20171025,20171024,210454500,3717.0,65622,1034320,2442178400.0,3718.0,275,3717.0,100
rb1805,20171025,20171024,210455000,3718.0,65706,1034264,2445300700.0,3718.0,284,3717.0,59
rb1805,20171025,20171024,210455500,3717.0,65786,1034266,2448274400.0,3718.0,279,3717.0,24
rb1805,20171025,20171024,210456000,3717.0,65904,1034252,2452661460.0,3718.0,229,3717.0,16
rb1805,20171025,20171024,210456500,3717.0,65942,1034258,2454073940.0,3717.0,53,3716.0,431
rb1805,20171025,20171024,210457000,3717.0,66096,1034290,2459798240.0,3718.0,213,3717.0,136
rb1805,20171025,20171024,210457500,3717.0,66124,1034300,2460839020.0,3718.0,213,3717.0,125
rb1805,20171025,20171024,210458000,3717.0,66136,1034304,2461285120.0,3718.0,210,3717.0,122
rb1805,20171025,20171024,210458500,3717.0,66180,1034306,2462921020.0,3718.0,191,3717.0,128
rb1805,20171025,20171024,210459000,3718.0,66444,1034510,2472736520.0,3718.0,60,3717.0,128
rb1805,20171025,20171024,210459500,3717.0,66530,1034596,2475933800.0,3718.0,27,3717.0,119
rb1805,20171025,20171024,210500000,3718.0,66602,1034600,2478610720.0,3719.0,78,3718.0,70
rb1805,20171025,20171024,210500500,3718.0,66708,1034498,2482551800.0,3719.0,66,3718.0,18
rb1805,20171025,20171024,210501000,3718.0,66776,1034466,2485080120.0,3719.0,68,3718.0,2
rb1805,20171025,20171024,210501500,3717.0,66804,1034470,2486120920.0,3718.0,21,3717.0,154
rb1805,20171025,20171024,210502000,3718.0,66872,1034476,2488649140.0,3719.0,68,3718.0,22
rb1805,20171025,20171024,210502500,3718.0,66880,1034484,2488946580.0,3719.0,68,3718.0,18
rb1805,20171025,20171024,210503000,3719.0,66894,1034494,2489467120.0,3719.0,59,3718.0,82
rb1805,20171025,20171024,210503500,3718.0,67034,1034448,2494672320.0,3719.0,76,3718.0,48
rb1805,20171025,20171024,210504000,3718.0,67130,1034516,2498241600.0,3718.0,13,3717.0,159
rb1805,20171025,20171024,210504500,3717.0,67184,1034518,2500248820.0,3718.0,13,3717.0,116
rb1805,20171025,20171024,210505000,3718.0,67188,1034522,2500397540.0,3718.0,18,3717.0,116
rb1805,20171025,20171024,210505500,3718.0,67190,1034524,2500471900.0,3718.0,24,3717.0,122
rb1805,20171025,20171024,210506000,3718.0,67238,1034526,2502256540.0,3719.0,91,3718.0,27
rb1805,20171025,20171024,210506500,3718.0,67246,1034528,2502554000.0,3719.0,82,3718.0,36
rb1805,20171025,20171024,210507000,3719.0,67250,1034530,2502702740.0,3719.0,81,3718.0,37
rb1805,20171025,20171024,210507500,3718.0,67272,1034538,2503520900.0,3719.0,65,3718.0,40
rb1805,20171025,20171024,210508000,3718.0,67280,1034534,2503818340.0,3719.0,84,3718.0,42
rb1805,20171025,20171024,210508500,3718.0,67284,1034534,2503967060.0,3719.0,72,3718.0,50
rb1805,20171025,20171024,210509000,3718.0,67290,1034534,2504190140.0,3719.0,82,3718.0,48
rb1805,20171025,20171024,210509500,3718.0,67300,1034534,2504561940.0,3719.0,82,3718.0,47
rb1805,20171025,20171024,210510000,3718.0,67324,1034552,2505454460.0,3719.0,72,3718.0,47
rb1805,20171025,20171024,210510500,3719.0,67336,1034548,2505900640.0,3719.0,73,3718.0,44
rb1805,20171025,20171024,210511000,3719.0,67490,1034600,2511627820.0,3720.0,58,3719.0,86
rb1805,20171025,20171024,210511500,3719.0,67668,1034764,2518247620.0,3719.0,82,3718.0,41
rb1805,20171025,20171024,210512000,3719.0,67670,1034764,2518322000.0,3719.0,84,3718.0,41
rb1805,20171025,20171024,210512500,3718.0,67854,1034902,2525163220.0,3718.0,13,3717.0,150
rb1805,20171025,20171024,210513000,3718.0,67968,1034936,2529401960.0,3719.0,74,3718.0,26
rb1805,20171025,20171024,210513500,3719.0,67972,1034940,2529550700.0,3719.0,77,3718.0,30
rb1805,20171025,20171024,210514000,3719.0,67980,1034938,2529848180.0,3719.0,61,3718.0,30
rb1805,20171025,20171024,210514500,3719.0,67980,1034938,2529848180.0,3719.0,80,3718.0,13
rb1805,20171025,20171024,210515000,3719.0,68000,1034958,2530591980.0,3719.0,64,3718.0,27
rb1805,20171025,20171024,210515500,3719.0,68004,1034962,2530740720.0,3719.0,88,3718.0,10
rb1805,20171025,20171024,210516000,3719.0,68008,1034964,2530889460.0,3719.0,78,3718.0,9
rb1805,20171025,20171024,210516500,3718.0,68012,1034968,2531038180.0,3719.0,78,3718.0,9
rb1805,20171025,20171024,210517000,3718.0,68042,1034962,2532153580.0,3718.0,23,3717.0,169
rb1805,20171025,20171024,210517500,3718.0,68058,1034948,2532748480.0,3719.0,111,3718.0,27
rb1805,20171025,20171024,210518000,3719.0,68064,1034946,2532971600.0,3719.0,116,3718.0,32
rb1805,20171025,20171024,210518500,3718.0,68136,1034956,2535648600.0,3718.0,70,3717.0,172
rb1805,20171025,20171024,210519000,3718.0,68142,1034962,2535871680.0,3718.0,99,3717.0,175
rb1805,20171025,20171024,210519500,3718.0,68158,1034978,2536466560.0,3718.0,118,3717.0,179
rb1805,20171025,20171024,210520000,3719.0,68640,1034842,2554389440.0,3720.0,78,3719.0,203
rb1805,20171025,20171024,210520500,3719.0,68986,1034768,2567257180.0,3720.0,84,3719.0,30
rb1805,20171025,20171024,210521000,3718.0,69048,1034724,2569562940.0,3719.0,63,3718.0,35
rb1805,20171025,20171024,210521500,3718.0,69190,1034670,2574842500.0,3718.0,79,3717.0,178
rb1805,20171025,20171024,210522000,3718.0,69340,1034670,2580419060.0,3718.0,26,3717.0,159
rb1805,20171025,20171024,210522500,3718.0,69352,1034666,2580865200.0,3718.0,21,3717.0,156
rb1805,20171025,20171024,210523000,3718.0,69374,1034650,2581683060.0,3718.0,17,3717.0,155
rb1805,20171025,20171024,210523500,3718.0,69388,1034650,2582203560.0,3718.0,11,3717.0,157
rb1805,20171025,20171024,210524000,3719.0,69512,1034730,2586814900.0,3720.0,94,3719.0,438
rb1805,20171025,20171024,210524500,3719.0,69520,1034730,2587112420.0,3720.0,89,3719.0,434
rb1805,20171025,20171024,210525000,3719.0,69558,1034740,2588525640.0,3720.0,84,3719.0,415
rb1805,20171025,20171024,210525500,3719.0,69586,1034754,2589567080.0,3720.0,85,3719.0,407
rb1805,20171025,20171024,210526000,3719.0,69590,1034752,2589715860.0,3720.0,138,3719.0,406
rb1805,20171025,20171024,210526500,3719.0,69612,1034760,2590534060.0,3720.0,131,3719.0,406
rb1805,20171025,20171024,210527000,3719.0,69632,1034750,2591278000.0,3720.0,126,3719.0,403
rb1805,20171025,20171024,210527500,3719.0,69644,1034762,2591724280.0,3720.0,126,3719.0,397
rb1805,20171025,20171024,210528000,3720.0,70114,1034834,2609206120.0,3721.0,79,3720.0,31
rb1805,20171025,20171024,210528500,3719.0,70328,1034768,2617165520.0,3720.0,42,3719.0,229
rb1805,20171025,20171024,210529000,3720.0,70354,1034758,2618132620.0,3720.0,31,3719.0,224
rb1805,20171025,20171024,210529500,3720.0,70356,1034760,2618207020.0,3720.0,42,3719.0,224
rb1805,20171025,20171024,210530000,3719.0,70626,1034774,2628248320.0,3720.0,50,3719.0,90
rb1805,20171025,20171024,210530500,3719.0,70812,1034792,2635165620.0,3719.0,182,3718.0,68
rb1805,20171025,20171024,210531000,3719.0,70992,1034850,2641858300.0,3719.0,236,3718.0,63
rb1805,20171025,20171024,210531500,3718.0,71128,1034966,2646914780.0,3718.0,29,3717.0,181
rb1805,20171025,20171024,210532000,3718.0,71158,1034980,2648030080.0,3718.0,49,3717.0,176
rb1805,20171025,20171024,210532500,3717.0,71510,1035152,2661113920.0,3718.0,75,3716.0,494
rb1805,20171025,20171024,210533000,3717.0,71556,1035162,2662823600.0,3717.0,24,3716.0,486
rb1805,20171025,20171024,210533500,3716.0,71784,1035298,2671296180.0,3717.0,109,3716.0,376
rb1805,20171025,20171024,210534000,3716.0,72198,1035584,2686681440.0,3717.0,141,3716.0,226
rb1805,20171025,20171024,210534500,3716.0,72708,1035694,2705632840.0,3716.0,296,3715.0,548
rb1805,20171025,20171024,210535000,3715.0,72736,1035718,2706673140.0,3716.0,297,3715.0,539
rb1805,20171025,20171024,210535500,3716.0,73194,1036002,2723688120.0,3716.0,258,3715.0,325
rb1805,20171025,20171024,210536000,3715.0,73368,1035986,2730152420.0,3716.0,159,3715.0,247
rb1805,20171025,20171024,210536500,3716.0,73458,1035982,2733496140.0,3716.0,165,3715.0,213
rb1805,20171025,20171024,210537000,3715.0,73476,1035978,2734164920.0,3716.0,165,3715.0,208
rb1805,20171025,20171024,210537500,3715.0,73498,1035980,2734982300.0,3716.0,164,3715.0,207
rb1805,20171025,20171024,210538000,3715.0,73520,1035968,2735799600.0,3716.0,170,3715.0,195
rb1805,20171025,20171024,210538500,3716.0,73742,1036054,2744046980.0,3716.0,166,3715.0,98
rb1805,20171025,20171024,210539000,3715.0,73824,1036062,2747093580.0,3716.0,152,3715.0,83
rb1805,20171025,20171024,210539500,3715.0,73862,1036070,2748505420.0,3716.0,144,3715.0,75
rb1805,20171025,20171024,210540000,3715.0,74036,1036008,2754969600.0,3715.0,25,3714.0,140
rb1805,20171025,20171024,210540500,3714.0,74086,1036014,2756826860.0,3715.0,27,3714.0,135
rb1805,20171025,20171024,210541000,3714.0,74306,1036046,2764997900.0,3715.0,21,3714.0,52
rb1805,20171025,20171024,210541500,3714.0,74322,1036038,2765592180.0,3715.0,52,3714.0,34
rb1805,20171025,20171024,210542000,3714.0,74354,1036046,2766780660.0,3715.0,58,3714.0,43
rb1805,20171025,20171024,210542500,3714.0,74484,1035988,2771609180.0,3715.0,44,3714.0,1
rb1805,20171025,20171024,210543000,3714.0,74498,1035986,2772129140.0,3714.0,14,3713.0,140
rb1805,20171025,20171024,210543500,3714.0,74560,1035972,2774431620.0,3714.0,14,3713.0,134
rb1805,20171025,20171024,210544000,3715.0,74666,1035960,2778368260.0,3715.0,48,3714.0,4
rb1805,20171025,20171024,210544500,3713.0,74720,1035956,2780373900.0,3714.0,35,3713.0,116
rb1805,20171025,20171024,210545000,3713.0,74994,1035878,2790547900.0,3713.0,2,3712.0,106
rb1805,20171025,20171024,210545500,3713.0,75044,1035846,2792404320.0,3714.0,23,3712.0,109
rb1805,20171025,20171024,210546000,3714.0,75178,1035762,2797379760.0,3714.0,31,3713.0,69
rb1805,20171025,20171024,210546500,3714.0,75222,1035770,2799013720.0,3714.0,13,3713.0,64
rb1805,20171025,20171024,210547000,3713.0,75256,1035764,2800276180.0,3714.0,28,3713.0,58
rb1805,20171025,20171024,210547500,3713.0,75288,1035758,2801464460.0,3714.0,32,3713.0,71
rb1805,20171025,20171024,210548000,3713.0,75302,1035758,2801984320.0,3714.0,23,3713.0,82
rb1805,20171025,20171024,210548500,3713.0,75338,1035754,2803321100.0,3714.0,26,3713.0,80
rb1805,20171025,20171024,210549000,3713.0,75422,1035684,2806440020.0,3714.0,44,3713.0,193
rb1805,20171025,20171024,210549500,3714.0,75554,1035656,2811342320.0,3715.0,78,3714.0,73
rb1805,20171025,20171024,210550000,3714.0,75654,1035614,2815056340.0,3715.0,97,3714.0,27
rb1805,20171025,20171024,210550500,3714.0,75754,1035608,2818770260.0,3715.0,95,3713.0,186
rb1805,20171025,20171024,210551000,3713.0,76530,1036070,2847579980.0,3714.0,317,3711.0,196
rb1805,20171025,20171024,210551500,3713.0,76628,1036052,2851217240.0,3713.0,16,3712.0,2
rb1805,20171025,20171024,210552000,3712.0,76648,1036052,2851959600.0,3712.0,2,3711.0,168
rb1805,20171025,20171024,210552500,3713.0,76836,1036002,2858937700.0,3712.0,10,3711.0,119
rb1805,20171025,20171024,210553000,3711.0,77024,1035998,2865916260.0,3712.0,40,3711.0,132
rb1805,20171025,20171024,210553500,3712.0,77282,1036040,2875493280.0,3713.0,8,3712.0,49
rb1805,20171025,20171024,210554000,3710.0,77638,1036096,2888705340.0,3712.0,32,3710.0,274
rb1805,20171025,20171024,210554500,3711.0,77950,1036142,2900282520.0,3712.0,15,3710.0,192
rb1805,20171025,20171024,210555000,3710.0,78186,1036050,2909038620.0,3711.0,3,3710.0,90
rb1805,20171025,20171024,210555500,3710.0,78280,1036064,2912526280.0,3711.0,6,3710.0,77
rb1805,20171025,20171024,210556000,3710.0,78388,1036060,2916533800.0,3711.0,11,3710.0,59
rb1805,20171025,20171024,210556500,3710.0,78618,1035962,2925067720.0,3710.0,121,3709.0,497
rb1805,20171025,20171024,210557000,3710.0,78934,1035904,2936791580.0,3711.0,1,3710.0,139
rb1805,20171025,20171024,210557500,3710.0,79062,1035848,2941540840.0,3712.0,11,3710.0,75
rb1805,20171025,20171024,210558000,3712.0,79120,1035844,2943693560.0,3713.0,46,3711.0,20
rb1805,20171025,20171024,210558500,3710.0,79570,1036060,2960389040.0,3711.0,3,3710.0,48
rb1805,20171025,20171024,210559000,3710.0,79710,1036150,2965583180.0,3712.0,39,3710.0,8
rb1805,20171025,20171024,210559500,3711.0,79834,1036074,2970185780.0,3711.0,5,3710.0,32
rb1805,20171025,20171024,210600000,3710.0,79862,1036066,2971224760.0,3711.0,53,3710.0,42
rb1805,20171025,20171024,210600500,3711.0,80044,1035914,2977978360.0,3712.0,8,3711.0,52
rb1805,20171025,20171024,210601000,3711.0,80128,1035910,2981095840.0,3713.0,43,3711.0,63
rb1805,20171025,20171024,210601500,3713.0,80286,1035870,2986961780.0,3714.0,45,3713.0,42
rb1805,20171025,20171024,210602000,3713.0,80512,1035958,2995353020.0,3714.0,57,3713.0,2
rb1805,20171025,20171024,210602500,3713.0,80608,1035968,2998917440.0,3713.0,83,3711.0,56
rb1805,20171025,20171024,210603000,3711.0,80694,1035950,3002109160.0,3713.0,84,3711.0,52
rb1805,20171025,20171024,210603500,3713.0,80798,1035982,3005969120.0,3713.0,83,3711.0,34
rb1805,20171025,20171024,210604000,3713.0,80816,1035992,3006637460.0,3713.0,78,3712.0,2
rb1805,20171025,20171024,210604500,3711.0,80956,1035958,3011832980.0,3711.0,2,3710.0,201
rb1805,20171025,20171024,210605000,3713.0,80984,1035958,3012872340.0,3713.0,91,3711.0,51
rb1805,20171025,20171024,210605500,3712.0,80998,1035962,3013391900.0,3713.0,77,3711.0,49
rb1805,20171025,20171024,210606000,3713.0,81008,1035964,3013763080.0,3713.0,75,3712.0,13
rb1805,20171025,20171024,210606500,3713.0,81052,1035970,3015396340.0,3713.0,72,3712.0,24
rb1805,20171025,20171024,210607000,3713.0,81394,1036062,3028094380.0,3714.0,142,3713.0,16
rb1805,20171025,20171024,210607500,3713.0,81454,1036104,3030322180.0,3713.0,26,3712.0,14
rb1805,20171025,20171024,210608000,3713.0,81484,1036108,3031435880.0,3713.0,89,3712.0,6
rb1805,20171025,20171024,210608500,3713.0,81632,1036122,3036930540.0,3713.0,95,3712.0,1
rb1805,20171025,20171024,210609000,3712.0,81648,1036120,3037524460.0,3712.0,35,3711.0,92
rb1805,20171025,20171024,210609500,3712.0,81680,1036108,3038712300.0,3712.0,28,3711.0,91
rb1805,20171025,20171024,210610000,3712.0,81692,1036106,3039157720.0,3712.0,34,3711.0,90
rb1805,20171025,20171024,210610500,3712.0,81716,1036104,3040048560.0,3712.0,24,3711.0,91
rb1805,20171025,20171024,210611000,3711.0,81736,1036098,3040790940.0,3712.0,17,3711.0,93
rb1805,20171025,20171024,210611500,3712.0,81778,1036080,3042350000.0,3712.0,5,3711.0,98
rb1805,20171025,20171024,210612000,3712.0,81804,1036078,3043315120.0,3713.0,93,3712.0,12
rb1805,20171025,20171024,210612500,3712.0,82060,1036060,3052817820.0,3713.0,92,3712.0,8
rb1805,20171025,20171024,210613000,3712.0,82114,1036048,3054822280.0,3713.0,94,3712.0,17
rb1805,20171025,20171024,210613500,3713.0,82120,1036052,3055045040.0,3713.0,85,3712.0,22
rb1805,20171025,20171024,210614000,3712.0,82128,1036056,3055342040.0,3713.0,83,3712.0,29
rb1805,20171025,20171024,210614500,3712.0,82178,1036102,3057198280.0,3713.0,41,3712.0,27
rb1805,20171025,20171024,210615000,3713.0,82196,1036108,3057866500.0,3713.0,44,3712.0,28
rb1805,20171025,20171024,210615500,3713.0,82222,1036128,3058831640.0,3713.0,47,3712.0,19
rb1805,20171025,20171024,210616000,3713.0,82236,1036140,3059351460.0,3713.0,40,3712.0,19
rb1805,20171025,20171024,210616500,3713.0,82242,1036146,3059574220.0,3713.0,49,3712.0,20
rb1805,20171025,20171024,210617000,3712.0,82248,1036152,3059796940.0,3713.0,50,3712.0,31
rb1805,20171025,20171024,210617500,3712.0,82336,1036102,3063063620.0,3712.0,62,3711.0,119
rb1805,20171025,20171024,210618000,3712.0,82382,1036082,3064771140.0,3712.0,39,3711.0,130
rb1805,20171025,20171024,210618500,3712.0,82388,1036080,3064993860.0,3712.0,95,3711.0,126
rb1805,20171025,20171024,210619000,3712.0,82396,1036078,3065290820.0,3712.0,96,3711.0,124
rb1805,20171025,20171024,210619500,3712.0,82846,1035896,3081991980.0,3712.0,40,3711.0,2
rb1805,20171025,20171024,210620000,3712.0,83120,1035862,3092160840.0,3712.0,22,3710.0,433
rb1805,20171025,20171024,210620500,3711.0,83176,1035844,3094238980.0,3712.0,22,3710.0,431
rb1805,20171025,20171024,210621000,3711.0,83188,1035840,3094684380.0,3711.0,6,3710.0,433
rb1805,20171025,20171024,210621500,3712.0,83216,1035840,3095723620.0,3712.0,39,3711.0,14
rb1805,20171025,20171024,210622000,3710.0,83234,1035850,3096391680.0,3712.0,115,3710.0,425
rb1805,20171025,20171024,210622500,3711.0,83272,1035866,3097801580.0,3712.0,117,3710.0,413
rb1805,20171025,20171024,210623000,3710.0,83304,1035884,3098988780.0,3711.0,8,3710.0,404
rb1805,20171025,20171024,210623500,3711.0,83436,1035972,3103886340.0,3711.0,17,3710.0,406
rb1805,20171025,20171024,210624000,3711.0,83682,1036038,3113013000.0,3711.0,191,3710.0,287
rb1805,20171025,20171024,210624500,3710.0,84274,1036516,3134976080.0,3710.0,179,3709.0,523
rb1805,20171025,20171024,210625000,3710.0,84432,1036524,3140836560.0,3710.0,221,3709.0,457
rb1805,20171025,20171024,210625500,3710.0,84568,1036518,3145881840.0,3710.0,181,3709.0,441
rb1805,20171025,20171024,210626000,3710.0,84650,1036452,3148923280.0,3710.0,202,3709.0,402
rb1805,20171025,20171024,210626500,3709.0,84714,1036452,3151297140.0,3710.0,205,3709.0,375
rb1805,20171025,20171024,210627000,3709.0,84980,1036322,3161164020.0,3710.0,153,3709.0,300
rb1805,20171025,20171024,210627500,3709.0,85100,1036278,3165615220.0,3710.0,115,3709.0,341
rb1805,20171025,20171024,210628000,3710.0,85420,1036256,3177485520.0,3710.0,1,3709.0,276
rb1805,20171025,20171024,210628500,3710.0,85454,1036242,3178746900.0,3711.0,227,3710.0,100
rb1805,20171025,20171024,210629000,3710.0,85470,1036228,3179340500.0,3711.0,206,3710.0,98
rb1805,20171025,20171024,210629500,3710.0,85710,1036218,3188246540.0,3711.0,85,3710.0,102
rb1805,20171025,20171024,210630000,3711.0,85912,1036334,3195742760.0,3712.0,164,3711.0,320
rb1805,20171025,20171024,210630500,3712.0,86266,1036500,3208883040.0,3713.0,250,3712.0,6
rb1805,20171025,20171024,210631000,3712.0,86312,1036492,3210590800.0,3713.0,238,3712.0,7
rb1805,20171025,20171024,210631500,3712.0,86366,1036504,3212595540.0,3713.0,215,3712.0,38
rb1805,20171025,20171024,210632000,3712.0,86418,1036480,3214525880.0,3713.0,210,3712.0,25
rb1805,20171025,20171024,210632500,3712.0,86528,1036386,3218609120.0,3712.0,56,3711.0,229
rb1805,20171025,20171024,210633000,3712.0,86636,1036328,3222618040.0,3712.0,15,3711.0,217
rb1805,20171025,20171024,210633500,3712.0,86696,1036288,3224845240.0,3712.0,3,3711.0,210
rb1805,20171025,20171024,210634000,3712.0,86700,1036286,3224993720.0,3712.0,3,3711.0,211
rb1805,20171025,20171024,210634500,3711.0,86728,1036294,3226033060.0,3713.0,235,3711.0,208
rb1805,20171025,20171024,210635000,3712.0,86732,1036292,3226181560.0,3713.0,234,3712.0,15
rb1805,20171025,20171024,210635500,3712.0,86796,1036266,3228557180.0,3712.0,56,3711.0,195
rb1805,20171025,20171024,210636000,3711.0,86820,1036264,3229447920.0,3712.0,55,3711.0,190
rb1805,20171025,20171024,210636500,3712.0,86832,1036256,3229893300.0,3712.0,25,3711.0,200
rb1805,20171025,20171024,210637000,3711.0,87066,1036188,3238577300.0,3712.0,24,3711.0,45
rb1805,20171025,20171024,210637500,3712.0,87182,1036156,3242882260.0,3712.0,30,3710.0,133
rb1805,20171025,20171024,210638000,3711.0,87192,1036156,3243253440.0,3712.0,30,3711.0,2
rb1805,20171025,20171024,210638500,3711.0,87244,1036196,3245183560.0,3712.0,27,3710.0,58
rb1805,20171025,20171024,210639000,3711.0,87246,1036194,3245257780.0,3711.0,1,3710.0,66
rb1805,20171025,20171024,210639500,3712.0,87254,1036194,3245554720.0,3712.0,27,3711.0,1
rb1805,20171025,20171024,210640000,3711.0,87260,1036194,3245777380.0,3712.0,29,3710.0,89
rb1805,20171025,20171024,210640500,3711.0,87268,1036188,3246074260.0,3711.0,18,3710.0,85
rb1805,20171025,20171024,210641000,3711.0,87270,1036188,3246148480.0,3711.0,78,3710.0,93
rb1805,20171025,20171024,210641500,3711.0,87304,1036180,3247409940.0,3711.0,74,3710.0,75
rb1805,20171025,20171024,210642000,3710.0,87316,1036176,3247855220.0,3711.0,77,3710.0,75
rb1805,20171025,20171024,210642500,3710.0,87342,1036198,3248819960.0,3711.0,71,3710.0,70
rb1805,20171025,20171024,210643000,3711.0,87370,1036194,3249858840.0,3711.0,62,3710.0,69
rb1805,20171025,20171024,210643500,3710.0,87376,1036196,3250081460.0,3711.0,62,3710.0,70
rb1805,20171025,20171024,210644000,3710.0,87536,1036300,3256017440.0,3710.0,32,3709.0,308
rb1805,20171025,20171024,210644500,3709.0,87564,1036298,3257056180.0,3710.0,23,3709.0,330
rb1805,20171025,20171024,210645000,3709.0,87686,1036270,3261581780.0,3711.0,66,3709.0,300
rb1805,20171025,20171024,210645500,3710.0,87764,1036282,3264475680.0,3710.0,3,3709.0,300
rb1805,20171025,20171024,210646000,3710.0,87780,1036284,3265069340.0,3711.0,60,3710.0,6
rb1805,20171025,20171024,210646500,3710.0,87798,1036284,3265737140.0,3711.0,61,3709.0,301
rb1805,20171025,20171024,210647000,3710.0,87804,1036284,3265959760.0,3711.0,54,3710.0,2
rb1805,20171025,20171024,210647500,3710.0,87814,1036286,3266330780.0,3711.0,53,3710.0,19
rb1805,20171025,20171024,210648000,3710.0,87874,1036262,3268556780.0,3711.0,58,3710.0,22
rb1805,20171025,20171024,210648500,3710.0,87962,1036264,3271821580.0,3710.0,44,3709.0,299
rb1805,20171025,20171024,210649000,3709.0,88014,1036284,3273750340.0,3710.0,44,3709.0,278
rb1805,20171025,20171024,210649500,3710.0,88024,1036290,3274121320.0,3710.0,47,3709.0,278
rb1805,20171025,20171024,210650000,3710.0,88038,1036292,3274640600.0,3710.0,49,3709.0,266
rb1805,20171025,20171024,210650500,3710.0,88388,1036496,3287622740.0,3711.0,70,3710.0,21
rb1805,20171025,20171024,210651000,3709.0,88450,1036524,3289922740.0,3710.0,109,3709.0,113
rb1805,20171025,20171024,210651500,3708.0,88788,1036508,3302458300.0,3709.0,59,3708.0,256
rb1805,20171025,20171024,210652000,3708.0,89392,1036646,3324854700.0,3708.0,149,3707.0,68
rb1805,20171025,20171024,210652500,3708.0,89852,1036760,3341906740.0,3708.0,107,3706.0,96
rb1805,20171025,20171024,210653000,3706.0,89980,1036788,3346651140.0,3707.0,1,3706.0,57
rb1805,20171025,20171024,210653500,3707.0,90268,1036752,3357325980.0,3708.0,92,3706.0,2
rb1805,20171025,20171024,210654000,3706.0,90358,1036702,3360661420.0,3707.0,19,3706.0,48
rb1805,20171025,20171024,210654500,3707.0,90688,1036686,3372895220.0,3708.0,45,3706.0,256
rb1805,20171025,20171024,210655000,3706.0,90744,1036680,3374971240.0,3708.0,36,3706.0,261
rb1805,20171025,20171024,210655500,3706.0,90858,1036730,3379197700.0,3709.0,12,3706.0,253
rb1805,20171025,20171024,210656000,3707.0,90924,1036744,3381644540.0,3708.0,17,3707.0,4
rb1805,20171025,20171024,210656500,3708.0,91028,1036732,3385500040.0,3709.0,10,3708.0,7
rb1805,20171025,20171024,210657000,3708.0,91232,1036874,3393062680.0,3708.0,37,3706.0,215
rb1805,20171025,20171024,210657500,3706.0,91318,1036882,3396251300.0,3709.0,12,3708.0,1
rb1805,20171025,20171024,210658000,3708.0,91338,1036892,3396992700.0,3708.0,23,3706.0,211
rb1805,20171025,20171024,210658500,3708.0,91462,1036848,3401590100.0,3708.0,5,3707.0,13
rb1805,20171025,20171024,210659000,3708.0,91502,1036848,3403073500.0,3709.0,31,3708.0,24
rb1805,20171025,20171024,210659500,3708.0,91604,1036760,3406856140.0,3709.0,8,3708.0,4
rb1805,20171025,20171024,210700000,3708.0,91654,1036772,3408709840.0,3709.0,8,3708.0,18
rb1805,20171025,20171024,210700500,3708.0,91808,1036708,3414421120.0,3709.0,2,3708.0,27
rb1805,20171025,20171024,210701000,3708.0,91832,1036720,3415311100.0,3709.0,4,3708.0,22
rb1805,20171025,20171024,210701500,3709.0,91924,1036698,3418722620.0,3709.0,28,3707.0,54
rb1805,20171025,20171024,210702000,3708.0,92046,1036642,3423247520.0,3708.0,1,3707.0,28
rb1805,20171025,20171024,210702500,3708.0,92068,1036654,3424063200.0,3708.0,10,3707.0,108
rb1805,20171025,20171024,210703000,3707.0,92078,1036656,3424433980.0,3708.0,58,3707.0,111
rb1805,20171025,20171024,210703500,3708.0,92116,1036660,3425842760.0,3708.0,55,3707.0,97
rb1805,20171025,20171024,210704000,3707.0,92180,1036696,3428215320.0,3708.0,61,3707.0,75
rb1805,20171025,20171024,210704500,3707.0,92248,1036730,3430736300.0,3708.0,184,3707.0,10
rb1805,20171025,20171024,210705000,3707.0,92320,1036728,3433405040.0,3707.0,46,3706.0,239
rb1805,20171025,20171024,210705500,3707.0,92384,1036784,3435777520.0,3707.0,30,3706.0,245
rb1805,20171025,20171024,210706000,3706.0,92428,1036812,3437408280.0,3707.0,26,3706.0,238
rb1805,20171025,20171024,210706500,3707.0,92474,1036804,3439113500.0,3707.0,12,3706.0,243
rb1805,20171025,20171024,210707000,3706.0,92504,1036816,3440225340.0,3707.0,25,3706.0,230
rb1805,20171025,20171024,210707500,3706.0,92590,1036818,3443412520.0,3707.0,68,3706.0,226
rb1805,20171025,20171024,210708000,3706.0,92982,1036842,3457940360.0,3707.0,53,3706.0,47
rb1805,20171025,20171024,210708500,3706.0,93108,1036920,3462609920.0,3706.0,135,3705.0,1808
rb1805,20171025,20171024,210709000,3706.0,93348,1036964,3471504000.0,3706.0,75,3705.0,1793
rb1805,20171025,20171024,210709500,3706.0,93392,1036982,3473134560.0,3706.0,59,3705.0,1802
rb1805,20171025,20171024,210710000,3707.0,93686,1036902,3484029660.0,3707.0,53,3705.0,1773
rb1805,20171025,20171024,210710500,3706.0,93714,1036924,3485067280.0,3706.0,36,3705.0,1755
rb1805,20171025,20171024,210711000,3706.0,93754,1036944,3486549540.0,3706.0,28,3705.0,1754
rb1805,20171025,20171024,210711500,3706.0,93838,1036994,3489661820.0,3706.0,24,3705.0,1705
rb1805,20171025,20171024,210712000,3705.0,93904,1037018,3492107640.0,3707.0,61,3706.0,2
rb1805,20171025,20171024,210712500,3705.0,94362,1037204,3509077620.0,3706.0,3,3705.0,1520
rb1805,20171025,20171024,210713000,3705.0,94570,1037320,3516786760.0,3706.0,18,3705.0,1519
rb1805,20171025,20171024,210713500,3706.0,94614,1037354,3518417000.0,3706.0,75,3705.0,1491
rb1805,20171025,20171024,210714000,3706.0,94778,1037490,3524493300.0,3706.0,77,3705.0,1410
rb1805,20171025,20171024,210714500,3705.0,94952,1037558,3530940120.0,3706.0,121,3705.0,1335
rb1805,20171025,20171024,210715000,3706.0,95018,1037596,3533385540.0,3706.0,160,3705.0,1310
rb1805,20171025,20171024,210715500,3705.0,95154,1037640,3538424480.0,3706.0,156,3705.0,1251
rb1805,20171025,20171024,210716000,3706.0,95192,1037648,3539832660.0,3706.0,122,3705.0,1247
rb1805,20171025,20171024,210716500,3706.0,95526,1037506,3552210300.0,3707.0,13,3706.0,48
rb1805,20171025,20171024,210717000,3707.0,95546,1037504,3552951540.0,3707.0,20,3706.0,107
rb1805,20171025,20171024,210717500,3707.0,95634,1037506,3556213700.0,3708.0,184,3707.0,110
rb1805,20171025,20171024,210718000,3708.0,95932,1037432,3567261500.0,3708.0,116,3707.0,114
rb1805,20171025,20171024,210718500,3707.0,96180,1037404,3576457180.0,3709.0,27,3708.0,84
rb1805,20171025,20171024,210719000,3710.0,96336,1037400,3582243400.0,3710.0,65,3709.0,6
rb1805,20171025,20171024,210719500,3710.0,96358,1037390,3583059440.0,3710.0,62,3709.0,37
rb1805,20171025,20171024,210720000,3709.0,96628,1037378,3593074760.0,3709.0,32,3708.0,145
rb1805,20171025,20171024,210720500,3710.0,96696,1037334,3595596920.0,3710.0,36,3709.0,13
rb1805,20171025,20171024,210721000,3709.0,96740,1037352,3597228920.0,3710.0,47,3709.0,47
rb1805,20171025,20171024,210721500,3710.0,96756,1037352,3597822400.0,3710.0,194,3709.0,43
rb1805,20171025,20171024,210722000,3709.0,96860,1037372,3601679680.0,3709.0,260,3708.0,145
rb1805,20171025,20171024,210722500,3709.0,96876,1037384,3602273100.0,3709.0,253,3708.0,129
rb1805,20171025,20171024,210723000,3708.0,97062,1037354,3609170100.0,3708.0,64,3707.0,106
rb1805,20171025,20171024,210723500,3708.0,97088,1037348,3610134180.0,3708.0,51,3707.0,110
rb1805,20171025,20171024,210724000,3708.0,97106,1037342,3610801620.0,3708.0,192,3707.0,105
rb1805,20171025,20171024,210724500,3707.0,97142,1037330,3612136400.0,3708.0,183,3707.0,93
rb1805,20171025,20171024,210725000,3707.0,97356,1037218,3620069380.0,3707.0,38,3706.0,95
rb1805,20171025,20171024,210725500,3707.0,97396,1037218,3621552180.0,3707.0,29,3706.0,129
rb1805,20171025,20171024,210726000,3707.0,97416,1037214,3622293580.0,3707.0,11,3706.0,136
rb1805,20171025,20171024,210726500,3707.0,97422,1037212,3622516000.0,3707.0,17,3706.0,136
rb1805,20171025,20171024,210727000,3707.0,97438,1037204,3623109040.0,3707.0,16,3706.0,143
rb1805,20171025,20171024,210727500,3707.0,97452,1037206,3623627980.0,3707.0,11,3706.0,148
rb1805,20171025,20171024,210728000,3707.0,97470,1037220,3624295240.0,3707.0,11,3706.0,153
rb1805,20171025,20171024,210728500,3708.0,97902,1036846,3640313540.0,3709.0,279,3708.0,288
rb1805,20171025,20171024,210729000,3709.0,98074,1036780,3646691320.0,3709.0,288,3708.0,209
rb1805,20171025,20171024,210729500,3708.0,98136,1036758,3648990280.0,3709.0,278,3708.0,180
rb1805,20171025,20171024,210730000,3708.0,98178,1036758,3650547640.0,3709.0,268,3708.0,209
rb1805,20171025,20171024,210730500,3708.0,98182,1036756,3650695960.0,3709.0,269,3708.0,215
rb1805,20171025,20171024,210731000,3709.0,98194,1036756,3651140940.0,3709.0,268,3708.0,217
rb1805,20171025,20171024,210731500,3709.0,98206,1036768,3651586020.0,3709.0,263,3708.0,228
rb1805,20171025,20171024,210732000,3709.0,98232,1036774,3652550360.0,3709.0,250,3708.0,234
rb1805,20171025,20171024,210732500,3709.0,98290,1036752,3654701460.0,3709.0,228,3708.0,233
rb1805,20171025,20171024,210733000,3709.0,98304,1036748,3655220720.0,3709.0,227,3708.0,237
rb1805,20171025,20171024,210733500,3709.0,98316,1036746,3655665760.0,3709.0,224,3708.0,235
rb1805,20171025,20171024,210734000,3708.0,98378,1036720,3657964960.0,3709.0,213,3708.0,209
rb1805,20171025,20171024,210734500,3709.0,98390,1036714,3658410020.0,3709.0,214,3708.0,209
rb1805,20171025,20171024,210735000,3709.0,98498,1036638,3662415360.0,3709.0,178,3708.0,193
rb1805,20171025,20171024,210735500,3709.0,98560,1036636,3664714520.0,3709.0,178,3708.0,172
rb1805,20171025,20171024,210736000,3708.0,98588,1036634,3665752780.0,3709.0,178,3708.0,163
rb1805,20171025,20171024,210736500,3709.0,98614,1036634,3666716900.0,3709.0,178,3708.0,155
rb1805,20171025,20171024,210737000,3709.0,98636,1036630,3667532860.0,3709.0,176,3708.0,157
rb1805,20171025,20171024,210737500,3708.0,98968,1036464,3679843540.0,3708.0,147,3707.0,60
rb1805,20171025,20171024,210738000,3708.0,98994,1036462,3680807620.0,3708.0,137,3707.0,60
rb1805,20171025,20171024,210738500,3708.0,99006,1036456,3681252580.0,3708.0,129,3707.0,72
rb1805,20171025,20171024,210739000,3707.0,99194,1036534,3688222040.0,3707.0,1,3706.0,165
rb1805,20171025,20171024,210739500,3707.0,99212,1036544,3688889300.0,3707.0,13,3706.0,169
rb1805,20171025,20171024,210740000,3706.0,99288,1036510,3691706020.0,3707.0,5,3706.0,139
rb1805,20171025,20171024,210740500,3706.0,99314,1036510,3692669840.0,3707.0,100,3706.0,149
rb1805,20171025,20171024,210741000,3707.0,99326,1036522,3693114680.0,3707.0,95,3706.0,145
rb1805,20171025,20171024,210741500,3706.0,99734,1036760,3708234420.0,3706.0,4,3705.0,1224
rb1805,20171025,20171024,210742000,3706.0,99820,1036794,3711421780.0,3706.0,32,3705.0,1224
rb1805,20171025,20171024,210742500,3706.0,99928,1036816,3715424440.0,3706.0,39,3705.0,1220
rb1805,20171025,20171024,210743000,3706.0,100024,1036744,3718982220.0,3706.0,88,3705.0,1223
rb1805,20171025,20171024,210743500,3706.0,100452,1036584,3734842300.0,3706.0,4,3705.0,1141
rb1805,20171025,20171024,210744000,3706.0,100650,1036540,3742182220.0,3707.0,1,3706.0,32
rb1805,20171025,20171024,210744500,3708.0,100664,1036540,3742701140.0,3708.0,104,3707.0,2
rb1805,20171025,20171024,210745000,3706.0,100696,1036542,3743887120.0,3707.0,37,3706.0,13
rb1805,20171025,20171024,210745500,3706.0,100706,1036542,3744257720.0,3707.0,47,3706.0,18
rb1805,20171025,20171024,210746000,3706.0,100710,1036544,3744405960.0,3707.0,47,3706.0,79
rb1805,20171025,20171024,210746500,3708.0,100818,1036538,3748409420.0,3708.0,111,3706.0,106
rb1805,20171025,20171024,210747000,3706.0,100846,1036536,3749447220.0,3707.0,5,3706.0,100
rb1805,20171025,20171024,210747500,3706.0,100870,1036514,3750336760.0,3708.0,109,3706.0,98
rb1805,20171025,20171024,210748000,3708.0,100888,1036506,3751004100.0,3708.0,104,3707.0,6
rb1805,20171025,20171024,210748500,3706.0,100956,1036534,3753524380.0,3708.0,106,3706.0,77
rb1805,20171025,20171024,210749000,3708.0,101020,1036546,3755896300.0,3707.0,5,3706.0,57
rb1805,20171025,20171024,210749500,3707.0,101098,1036568,3758787020.0,3707.0,11,3706.0,67
rb1805,20171025,20171024,210750000,3706.0,101180,1036584,3761826160.0,3708.0,109,3707.0,5
rb1805,20171025,20171024,210750500,3707.0,101206,1036566,3762789960.0,3708.0,110,3706.0,45
rb1805,20171025,20171024,210751000,3706.0,101234,1036560,3763827820.0,3708.0,106,3706.0,38
rb1805,20171025,20171024,210751500,3706.0,101252,1036562,3764494940.0,3707.0,9,3706.0,33
rb1805,20171025,20171024,210752000,3706.0,101316,1036516,3766866800.0,3707.0,3,3706.0,10
rb1805,20171025,20171024,210752500,3706.0,101390,1036460,3769609220.0,3706.0,5,3705.0,1189
rb1805,20171025,20171024,210753000,3706.0,101410,1036454,3770350440.0,3707.0,14,3706.0,46
rb1805,20171025,20171024,210753500,3706.0,101420,1036452,3770721060.0,3707.0,16,3706.0,60
rb1805,20171025,20171024,210754000,3706.0,101446,1036432,3771684840.0,3707.0,5,3706.0,67
rb1805,20171025,20171024,210754500,3707.0,101460,1036434,3772203800.0,3708.0,118,3706.0,67
rb1805,20171025,20171024,210755000,3706.0,101482,1036432,3773019120.0,3707.0,3,3706.0,73
rb1805,20171025,20171024,210755500,3706.0,101498,1036434,3773612140.0,3708.0,120,3707.0,2
rb1805,20171025,20171024,210756000,3706.0,101506,1036432,3773908660.0,3707.0,6,3706.0,72
rb1805,20171025,20171024,210756500,3707.0,101532,1036438,3774872500.0,3708.0,118,3707.0,1
rb1805,20171025,20171024,210757000,3708.0,101540,1036438,3775169100.0,3708.0,118,3707.0,1
rb1805,20171025,20171024,210757500,3707.0,101552,1036434,3775613940.0,3707.0,24,3706.0,66
rb1805,20171025,20171024,210758000,3706.0,101574,1036438,3776429260.0,3707.0,29,3706.0,55
rb1805,20171025,20171024,210758500,3707.0,101722,1036364,3781915160.0,3708.0,203,3707.0,49
rb1805,20171025,20171024,210759000,3707.0,101750,1036360,3782953120.0,3708.0,230,3707.0,36
rb1805,20171025,20171024,210759500,3707.0,101782,1036368,3784139460.0,3708.0,220,3707.0,29
rb1805,20171025,20171024,210800000,3708.0,101850,1036338,3786660440.0,3708.0,191,3707.0,7
rb1805,20171025,20171024,210800500,3707.0,101984,1036250,3791629020.0,3707.0,9,3706.0,50
rb1805,20171025,20171024,210801000,3707.0,102024,1036236,3793111800.0,3708.0,134,3707.0,1
rb1805,20171025,20171024,210801500,3708.0,102252,1036212,3801563800.0,3708.0,136,3707.0,1
rb1805,20171025,20171024,210802000,3707.0,102276,1036192,3802453480.0,3707.0,47,3706.0,69
rb1805,20171025,20171024,210802500,3707.0,102310,1036184,3803713640.0,3707.0,46,3706.0,62
rb1805,20171025,20171024,210803000,3707.0,102332,1036200,3804528980.0,3707.0,75,3706.0,52
rb1805,20171025,20171024,210803500,3707.0,102380,1036194,3806308000.0,3707.0,77,3706.0,36
rb1805,20171025,20171024,210804000,3707.0,102386,1036200,3806530420.0,3707.0,55,3706.0,40
rb1805,20171025,20171024,210804500,3706.0,102458,1036190,3809199320.0,3707.0,26,3706.0,27
rb1805,20171025,20171024,210805000,3706.0,102550,1036174,3812608900.0,3706.0,60,3705.0,1161
rb1805,20171025,20171024,210805500,3706.0,102614,1036142,3814980640.0,3706.0,55,3705.0,1156
rb1805,20171025,20171024,210806000,3706.0,102638,1036138,3815870080.0,3706.0,50,3705.0,1156
rb1805,20171025,20171024,210806500,3705.0,102880,1036380,3824836180.0,3706.0,58,3705.0,1042
rb1805,20171025,20171024,210807000,3706.0,102912,1036362,3826022060.0,3706.0,45,3705.0,1040
rb1805,20171025,20171024,210807500,3705.0,102948,1036382,3827356020.0,3706.0,65,3705.0,1031
rb1805,20171025,20171024,210808000,3705.0,103070,1036366,3831876420.0,3706.0,47,3705.0,985
rb1805,20171025,20171024,210808500,3705.0,103140,1036406,3834470240.0,3706.0,56,3705.0,966
rb1805,20171025,20171024,210809000,3705.0,103168,1036422,3835507680.0,3706.0,71,3705.0,954
rb1805,20171025,20171024,210809500,3706.0,103192,1036434,3836397040.0,3706.0,78,3705.0,956
rb1805,20171025,20171024,210810000,3705.0,103226,1036448,3837656860.0,3706.0,68,3705.0,1126
rb1805,20171025,20171024,210810500,3706.0,103264,1036452,3839064880.0,3706.0,81,3705.0,1113
rb1805,20171025,20171024,210811000,3706.0,103332,1036502,3841584720.0,3706.0,25,3705.0,1101
rb1805,20171025,20171024,210811500,3706.0,103400,1036540,3844104380.0,3706.0,9,3705.0,1083
rb1805,20171025,20171024,210812000,3706.0,103462,1036536,3846401700.0,3706.0,18,3705.0,1067
rb1805,20171025,20171024,210812500,3705.0,103522,1036582,3848624780.0,3706.0,35,3705.0,1041
rb1805,20171025,20171024,210813000,3706.0,103604,1036596,3851663720.0,3707.0,58,3706.0,106
rb1805,20171025,20171024,210813500,3707.0,103670,1036600,3854109720.0,3707.0,69,3706.0,129
rb1805,20171025,20171024,210814000,3706.0,103700,1036598,3855221520.0,3707.0,146,3706.0,115
rb1805,20171025,20171024,210814500,3707.0,103702,1036598,3855295660.0,3707.0,132,3706.0,135
rb1805,20171025,20171024,210815000,3705.0,103988,1036742,3865894760.0,3706.0,163,3705.0,1039
rb1805,20171025,20171024,210815500,3706.0,104028,1036748,3867377120.0,3706.0,146,3705.0,1040
rb1805,20171025,20171024,210816000,3705.0,104256,1036880,3875826600.0,3706.0,45,3705.0,1031
rb1805,20171025,20171024,210816500,3707.0,104748,1037044,3894064000.0,3707.0,44,3706.0,183
rb1805,20171025,20171024,210817000,3707.0,104836,1037044,3897326160.0,3708.0,216,3707.0,4
rb1805,20171025,20171024,210817500,3707.0,104866,1037036,3898438260.0,3708.0,216,3707.0,20
rb1805,20171025,20171024,210818000,3705.0,105902,1037970,3936830600.0,3708.0,212,3705.0,835
rb1805,20171025,20171024,210818500,3705.0,106244,1037964,3949505920.0,3708.0,234,3706.0,1
rb1805,20171025,20171024,210819000,3707.0,106286,1037986,3951062740.0,3707.0,55,3706.0,34
rb1805,20171025,20171024,210819500,3708.0,106404,1037962,3955437040.0,3708.0,205,3707.0,59
rb1805,20171025,20171024,210820000,3708.0,106424,1037958,3956178480.0,3708.0,206,3707.0,80
rb1805,20171025,20171024,210820500,3707.0,106532,1037950,3960182040.0,3708.0,208,3707.0,26
rb1805,20171025,20171024,210821000,3707.0,106536,1037950,3960330320.0,3708.0,208,3707.0,31
rb1805,20171025,20171024,210821500,3707.0,106722,1037810,3967225960.0,3708.0,178,3707.0,18
rb1805,20171025,20171024,210822000,3707.0,106954,1037930,3975824760.0,3708.0,176,3707.0,8
rb1805,20171025,20171024,210822500,3708.0,107002,1037914,3977604500.0,3708.0,159,3707.0,17
rb1805,20171025,20171024,210823000,3707.0,107010,1037922,3977901060.0,3708.0,160,3707.0,14
rb1805,20171025,20171024,210823500,3707.0,107234,1038100,3986203000.0,3708.0,159,3707.0,15
rb1805,20171025,20171024,210824000,3708.0,107250,1038090,3986796260.0,3708.0,158,3707.0,49
rb1805,20171025,20171024,210824500,3707.0,107264,1038086,3987315260.0,3708.0,158,3707.0,43
rb1805,20171025,20171024,210825000,3707.0,107382,1038104,3991690660.0,3708.0,101,3707.0,63
rb1805,20171025,20171024,210825500,3707.0,107462,1038100,3994657020.0,3708.0,63,3707.0,68
rb1805,20171025,20171024,210826000,3707.0,107540,1038126,3997548920.0,3708.0,41,3707.0,51
rb1805,20171025,20171024,210826500,3708.0,107636,1038116,4001108520.0,3709.0,97,3708.0,24
rb1805,20171025,20171024,210827000,3708.0,107658,1038116,4001924280.0,3709.0,97,3708.0,28
rb1805,20171025,20171024,210827500,3708.0,107668,1038114,4002295160.0,3709.0,93,3708.0,179
rb1805,20171025,20171024,210828000,3708.0,107686,1038100,4002962640.0,3709.0,101,3708.0,177
rb1805,20171025,20171024,210828500,3709.0,107746,1038110,4005187780.0,3709.0,84,3708.0,168
rb1805,20171025,20171024,210829000,3709.0,107936,1038098,4012234820.0,3710.0,98,3709.0,40
rb1805,20171025,20171024,210829500,3709.0,108002,1038140,4014682880.0,3710.0,102,3709.0,17
rb1805,20171025,20171024,210830000,3709.0,108032,1038148,4015795740.0,3710.0,90,3709.0,107
rb1805,20171025,20171024,210830500,3710.0,108178,1038240,4021211460.0,3710.0,99,3709.0,67
rb1805,20171025,20171024,210831000,3711.0,108394,1038126,4029225060.0,3711.0,50,3710.0,4
rb1805,20171025,20171024,210831500,3710.0,108566,1038042,4035607340.0,3711.0,6,3710.0,50
rb1805,20171025,20171024,210832000,3711.0,108746,1037930,4042285880.0,3711.0,155,3710.0,4
rb1805,20171025,20171024,210832500,3711.0,108842,1037886,4045848040.0,3711.0,152,3709.0,130
rb1805,20171025,20171024,210833000,3711.0,108870,1037868,4046887120.0,3711.0,173,3709.0,131
rb1805,20171025,20171024,210833500,3709.0,109172,1038140,4058088400.0,3709.0,32,3708.0,181
rb1805,20171025,20171024,210834000,3709.0,109268,1038218,4061649040.0,3709.0,11,3708.0,183
rb1805,20171025,20171024,210834500,3709.0,109308,1038192,4063132620.0,3709.0,87,3708.0,194
rb1805,20171025,20171024,210835000,3709.0,109336,1038186,4064171140.0,3709.0,85,3708.0,224
rb1805,20171025,20171024,210835500,3709.0,109390,1038162,4066173860.0,3709.0,67,3708.0,216
rb1805,20171025,20171024,210836000,3708.0,109912,1038572,4085530300.0,3708.0,255,3707.0,49
rb1805,20171025,20171024,210836500,3708.0,109944,1038598,4086716860.0,3708.0,239,3707.0,62
rb1805,20171025,20171024,210837000,3708.0,109970,1038614,4087680940.0,3708.0,226,3707.0,43
rb1805,20171025,20171024,210837500,3708.0,110092,1038614,4092204700.0,3708.0,165,3707.0,50
rb1805,20171025,20171024,210838000,3708.0,110152,1038618,4094429500.0,3708.0,144,3707.0,52
rb1805,20171025,20171024,210838500,3707.0,110186,1038624,4095690120.0,3708.0,129,3707.0,58
rb1805,20171025,20171024,210839000,3708.0,110208,1038632,4096505880.0,3708.0,119,3707.0,54
rb1805,20171025,20171024,210839500,3708.0,110258,1038666,4098359840.0,3708.0,96,3707.0,73
rb1805,20171025,20171024,210840000,3708.0,110268,1038674,4098730580.0,3708.0,94,3707.0,80
rb1805,20171025,20171024,210840500,3708.0,110470,1038694,4106220740.0,3709.0,52,3708.0,117
rb1805,20171025,20171024,210841000,3709.0,110482,1038682,4106665820.0,3709.0,47,3708.0,261
rb1805,20171025,20171024,210841500,3708.0,110484,1038682,4106739980.0,3709.0,35,3708.0,261
rb1805,20171025,20171024,210842000,3708.0,110486,1038682,4106814140.0,3709.0,39,3708.0,302
rb1805,20171025,20171024,210842500,3709.0,110632,1038710,4112229280.0,3709.0,6,3708.0,319
rb1805,20171025,20171024,210843000,3709.0,110666,1038720,4113490140.0,3710.0,72,3709.0,14
rb1805,20171025,20171024,210843500,3710.0,110826,1038788,4119425660.0,3710.0,24,3709.0,24
rb1805,20171025,20171024,210844000,3709.0,110938,1038756,4123579200.0,3709.0,10,3708.0,258
rb1805,20171025,20171024,210844500,3709.0,110976,1038764,4124988620.0,3710.0,154,3709.0,6
rb1805,20171025,20171024,210845000,3710.0,110986,1038758,4125359540.0,3710.0,149,3709.0,5
rb1805,20171025,20171024,210845500,3709.0,111008,1038776,4126175720.0,3710.0,158,3709.0,5
rb1805,20171025,20171024,210846000,3709.0,111130,1038784,4130701780.0,3709.0,16,3708.0,270
rb1805,20171025,20171024,210846500,3710.0,111266,1038690,4135746860.0,3710.0,67,3709.0,1
rb1805,20171025,20171024,210847000,3710.0,111276,1038686,4136117840.0,3709.0,5,3708.0,268
rb1805,20171025,20171024,210847500,3708.0,111290,1038690,4136637060.0,3709.0,10,3708.0,266
rb1805,20171025,20171024,210848000,3709.0,111310,1038696,4137378820.0,3709.0,58,3708.0,265
rb1805,20171025,20171024,210848500,3708.0,111372,1038648,4139677980.0,3709.0,96,3708.0,252
rb1805,20171025,20171024,210849000,3709.0,111436,1038680,4142051740.0,3709.0,94,3708.0,253
rb1805,20171025,20171024,210849500,3709.0,111588,1038718,4147689320.0,3709.0,28,3708.0,249
rb1805,20171025,20171024,210850000,3709.0,111728,1038646,4152882740.0,3710.0,6,3709.0,143
rb1805,20171025,20171024,210850500,3710.0,111736,1038648,4153179540.0,3710.0,3,3709.0,150
rb1805,20171025,20171024,210851000,3709.0,111782,1038662,4154886000.0,3710.0,1,3709.0,89
rb1805,20171025,20171024,210851500,3710.0,111814,1038676,4156073120.0,3710.0,10,3709.0,92
rb1805,20171025,20171024,210852000,3710.0,111840,1038694,4157037720.0,3710.0,58,3709.0,95
rb1805,20171025,20171024,210852500,3709.0,112054,1038774,4164975120.0,3709.0,8,3708.0,260
rb1805,20171025,20171024,210853000,3710.0,112074,1038784,4165716940.0,3710.0,61,3709.0,4
rb1805,20171025,20171024,210853500,3709.0,112104,1038778,4166829920.0,3710.0,56,3709.0,76
rb1805,20171025,20171024,210854000,3710.0,112170,1038790,4169278500.0,3710.0,29,3709.0,84
rb1805,20171025,20171024,210854500,3710.0,112294,1038778,4173878900.0,3711.0,120,3710.0,15
rb1805,20171025,20171024,210855000,3710.0,112308,1038764,4174398320.0,3711.0,119,3710.0,65
rb1805,20171025,20171024,210855500,3711.0,112322,1038750,4174917860.0,3711.0,112,3710.0,74
rb1805,20171025,20171024,210856000,3711.0,112398,1038696,4177737720.0,3711.0,99,3710.0,54
rb1805,20171025,20171024,210856500,3709.0,112522,1038626,4182338040.0,3710.0,3,3709.0,46
rb1805,20171025,20171024,210857000,3710.0,112578,1038606,4184415860.0,3710.0,81,3709.0,61
rb1805,20171025,20171024,210857500,3710.0,112706,1038694,4189163660.0,3710.0,144,3709.0,41
rb1805,20171025,20171024,210858000,3709.0,112864,1038572,4195023880.0,3709.0,16,3708.0,291
rb1805,20171025,20171024,210858500,3709.0,112904,1038556,4196507460.0,3709.0,2,3708.0,295
rb1805,20171025,20171024,210859000,3710.0,112916,1038560,4196952620.0,3710.0,170,3709.0,11
rb1805,20171025,20171024,210859500,3709.0,113046,1038624,4201774320.0,3709.0,46,3708.0,297
rb1805,20171025,20171024,210900000,3709.0,113130,1038624,4204889380.0,3709.0,67,3708.0,275
rb1805,20171025,20171024,210900500,3709.0,113448,1038726,4216681300.0,3709.0,92,3708.0,140
rb1805,20171025,20171024,210901000,3708.0,113832,1038868,4230920020.0,3708.0,112,3707.0,319
rb1805,20171025,20171024,210901500,3708.0,113856,1038874,4231809880.0,3708.0,188,3707.0,312
rb1805,20171025,20171024,210902000,3708.0,113864,1038878,4232106520.0,3708.0,225,3707.0,312
rb1805,20171025,20171024,210902500,3707.0,114042,1038924,4238705300.0,3708.0,216,3707.0,238
rb1805,20171025,20171024,210903000,3707.0,114540,1039384,4257166120.0,3707.0,6,3706.0,107
rb1805,20171025,20171024,210903500,3707.0,114594,1039376,4259167860.0,3707.0,33,3706.0,109
rb1805,20171025,20171024,210904000,3706.0,114646,1039378,4261095240.0,3707.0,39,3706.0,109
rb1805,20171025,20171024,210904500,3707.0,114788,1039434,4266358760.0,3708.0,233,3706.0,91
rb1805,20171025,20171024,210905000,3707.0,114848,1039454,4268582600.0,3708.0,221,3707.0,7
rb1805,20171025,20171024,210905500,3707.0,114868,1039456,4269324020.0,3707.0,4,3706.0,77
rb1805,20171025,20171024,210906000,3707.0,114876,1039448,4269620580.0,3708.0,222,3707.0,183
rb1805,20171025,20171024,210906500,3708.0,114884,1039450,4269917160.0,3708.0,168,3707.0,199
rb1805,20171025,20171024,210907000,3708.0,114922,1039486,4271326180.0,3708.0,149,3707.0,224
rb1805,20171025,20171024,210907500,3708.0,115242,1039660,4283191780.0,3709.0,57,3708.0,67
rb1805,20171025,20171024,210908000,3709.0,115290,1039648,4284972100.0,3710.0,90,3708.0,139
rb1805,20171025,20171024,210908500,3708.0,115398,1039744,4288977380.0,3710.0,72,3708.0,127
rb1805,20171025,20171024,210909000,3709.0,115512,1039708,4293206760.0,3710.0,12,3709.0,12
rb1805,20171025,20171024,210909500,3710.0,115536,1039702,4294097160.0,3711.0,103,3710.0,51
rb1805,20171025,20171024,210910000,3710.0,115584,1039656,4295878400.0,3711.0,81,3710.0,132
rb1805,20171025,20171024,210910500,3712.0,115774,1039670,4302929460.0,3712.0,118,3711.0,73
rb1805,20171025,20171024,210911000,3712.0,116164,1039644,4317403840.0,3713.0,320,3712.0,29
rb1805,20171025,20171024,210911500,3712.0,116266,1039634,4321190120.0,3713.0,319,3712.0,12
rb1805,20171025,20171024,210912000,3711.0,116310,1039642,4322823340.0,3712.0,19,3711.0,34
rb1805,20171025,20171024,210912500,3712.0,116354,1039604,4324456580.0,3712.0,3,3711.0,32
rb1805,20171025,20171024,210913000,3713.0,116376,1039602,4325273340.0,3713.0,333,3712.0,12
rb1805,20171025,20171024,210913500,3712.0,116494,1039618,4329653440.0,3712.0,150,3711.0,45
rb1805,20171025,20171024,210914000,3711.0,116612,1039634,4334032740.0,3711.0,20,3710.0,74
rb1805,20171025,20171024,210914500,3711.0,116824,1039538,4341900200.0,3712.0,130,3711.0,201
rb1805,20171025,20171024,210915000,3712.0,116870,1039494,4343607720.0,3712.0,108,3711.0,204
rb1805,20171025,20171024,210915500,3711.0,116936,1039486,4346057180.0,3712.0,164,3711.0,187
rb1805,20171025,20171024,210916000,3711.0,116950,1039482,4346576820.0,3712.0,163,3711.0,186
