instrument,tradingday,calendarday,time,lastp,volume,openinterest,turnover,ask1,asksz1,bid1,bidsz1
rb1805,20170516,20170515,183229500,2736.0,0,0,0.0,0.0,0,0.0,0
rb1805,20170516,20170515,205900500,2739.0,42,42,1150380.0,2739.0,29,2722.0,1
rb1805,20170516,20170515,210000500,2739.0,54,54,1479060.0,2739.0,23,2722.0,1
rb1805,20170516,20170515,210001000,2739.0,54,54,1479060.0,2739.0,23,2722.0,1
rb1805,20170516,20170515,210001500,2739.0,54,54,1479060.0,2739.0,23,2730.0,1
rb1805,20170516,20170515,210002500,2739.0,54,54,1479060.0,2739.0,23,2730.0,1
rb1805,20170516,20170515,210004500,2739.0,54,54,1479060.0,2739.0,23,2730.0,1
rb1805,20170516,20170515,210008000,2739.0,54,54,1479060.0,2739.0,23,2732.0,1
rb1805,20170516,20170515,210008500,2739.0,54,54,1479060.0,2739.0,23,2732.0,1
rb1805,20170516,20170515,210009000,2739.0,54,54,1479060.0,2739.0,23,2733.0,5
rb1805,20170516,20170515,210009500,2739.0,56,56,1533840.0,2739.0,22,2733.0,5
rb1805,20170516,20170515,210015500,2739.0,58,58,1588620.0,2739.0,21,2733.0,5
rb1805,20170516,20170515,210025000,2739.0,60,60,1643400.0,2739.0,20,2733.0,5
rb1805,20170516,20170515,210027000,2739.0,60,60,1643400.0,2739.0,20,2733.0,6
rb1805,20170516,20170515,210032000,2739.0,60,60,1643400.0,2739.0,20,2733.0,6
rb1805,20170516,20170515,210033000,2732.0,74,74,2026000.0,2731.0,3,2730.0,6
rb1805,20170516,20170515,210036500,2732.0,76,76,2080640.0,2731.0,2,2730.0,6
rb1805,20170516,20170515,210040500,2731.0,80,80,2189880.0,2738.0,1,2731.0,3
rb1805,20170516,20170515,210042500,2731.0,80,80,2189880.0,2738.0,1,2731.0,7
rb1805,20170516,20170515,210043000,2731.0,80,80,2189880.0,2738.0,1,2731.0,7
rb1805,20170516,20170515,210044000,2731.0,80,80,2189880.0,2738.0,1,2731.0,7
rb1805,20170516,20170515,210046000,2731.0,80,80,2189880.0,2738.0,11,2731.0,7
rb1805,20170516,20170515,210047000,2731.0,80,80,2189880.0,2738.0,11,2731.0,7
rb1805,20170516,20170515,210048500,2731.0,80,80,2189880.0,2738.0,11,2731.0,7
rb1805,20170516,20170515,210050500,2731.0,82,82,2244500.0,2738.0,11,2731.0,6
rb1805,20170516,20170515,210053500,2731.0,82,82,2244500.0,2738.0,11,2732.0,1
rb1805,20170516,20170515,210056500,2731.0,82,82,2244500.0,2738.0,10,2732.0,1
rb1805,20170516,20170515,210057000,2731.0,82,82,2244500.0,2738.0,10,2732.0,1
rb1805,20170516,20170515,210104500,2731.0,82,82,2244500.0,2738.0,10,2732.0,1
rb1805,20170516,20170515,210105500,2731.0,82,82,2244500.0,2738.0,10,2732.0,2
rb1805,20170516,20170515,210113500,2731.0,82,82,2244500.0,2739.0,20,2732.0,2
rb1805,20170516,20170515,210116000,2731.0,82,82,2244500.0,2739.0,20,2733.0,1
rb1805,20170516,20170515,210118000,2731.0,82,82,2244500.0,2739.0,20,2733.0,1
rb1805,20170516,20170515,210123000,2731.0,84,84,2299120.0,2733.0,5,2732.0,2
rb1805,20170516,20170515,210125500,2733.0,88,88,2408440.0,2733.0,3,2732.0,2
rb1805,20170516,20170515,210126500,2732.0,90,90,2463080.0,2733.0,3,2732.0,1
rb1805,20170516,20170515,210127000,2739.0,130,130,3558320.0,2739.0,3,2733.0,1
rb1805,20170516,20170515,210129000,2733.0,132,132,3612980.0,2739.0,3,2732.0,1
rb1805,20170516,20170515,210130500,2733.0,132,132,3612980.0,2739.0,3,2732.0,1
rb1805,20170516,20170515,210131000,2732.0,134,134,3667620.0,2739.0,3,2731.0,6
rb1805,20170516,20170515,210132500,2732.0,134,134,3667620.0,2739.0,13,2731.0,6
rb1805,20170516,20170515,210134500,2739.0,142,142,3886740.0,2739.0,9,2731.0,6
rb1805,20170516,20170515,210135500,2739.0,142,142,3886740.0,2787.0,1,2731.0,6
rb1805,20170516,20170515,210136000,2739.0,142,142,3886740.0,2786.0,20,2731.0,6
rb1805,20170516,20170515,210138500,2739.0,142,142,3886740.0,2786.0,20,2733.0,1
rb1805,20170516,20170515,210142500,2739.0,142,142,3886740.0,2785.0,5,2733.0,1
rb1805,20170516,20170515,210143000,2739.0,142,142,3886740.0,2785.0,5,2733.0,1
rb1805,20170516,20170515,210143500,2739.0,142,142,3886740.0,2784.0,10,2733.0,1
rb1805,20170516,20170515,210145000,2733.0,144,144,3941400.0,2784.0,10,2731.0,6
rb1805,20170516,20170515,210145500,2733.0,144,144,3941400.0,2740.0,10,2731.0,6
rb1805,20170516,20170515,210146000,2733.0,144,144,3941400.0,2740.0,10,2731.0,6
rb1805,20170516,20170515,210147000,2733.0,144,144,3941400.0,2740.0,10,2731.0,6
rb1805,20170516,20170515,210148500,2733.0,144,144,3941400.0,2740.0,10,2733.0,1
rb1805,20170516,20170515,210149000,2740.0,146,146,3996200.0,2740.0,9,2733.0,1
rb1805,20170516,20170515,210149500,2740.0,146,146,3996200.0,2740.0,9,2733.0,1
rb1805,20170516,20170515,210150000,2740.0,146,146,3996200.0,2740.0,9,2733.0,1
rb1805,20170516,20170515,210150500,2733.0,150,150,4105660.0,2740.0,8,2732.0,1
rb1805,20170516,20170515,210151000,2733.0,150,150,4105660.0,2735.0,40,2732.0,1
rb1805,20170516,20170515,210152000,2735.0,156,156,4269760.0,2735.0,37,2732.0,1
rb1805,20170516,20170515,210152500,2735.0,156,156,4269760.0,2735.0,37,2732.0,1
rb1805,20170516,20170515,210153000,2732.0,158,158,4324400.0,2735.0,37,2731.0,6
rb1805,20170516,20170515,210156500,2732.0,158,158,4324400.0,2735.0,37,2731.0,16
rb1805,20170516,20170515,210158000,2732.0,158,158,4324400.0,2735.0,37,2733.0,1
rb1805,20170516,20170515,210158500,2732.0,160,160,4379040.0,2735.0,37,2731.0,16
rb1805,20170516,20170515,210159000,2732.0,160,160,4379040.0,2735.0,37,2731.0,16
rb1805,20170516,20170515,210159500,2735.0,164,164,4488440.0,2735.0,35,2731.0,16
rb1805,20170516,20170515,210200500,2731.0,166,166,4543060.0,2735.0,35,2731.0,15
rb1805,20170516,20170515,210203000,2731.0,166,166,4543060.0,2735.0,35,2731.0,16
rb1805,20170516,20170515,210204500,2731.0,168,168,4597680.0,2735.0,35,2731.0,15
rb1805,20170516,20170515,210205500,2731.0,168,168,4597680.0,2735.0,35,2731.0,16
rb1805,20170516,20170515,210208000,2731.0,168,168,4597680.0,2735.0,35,2734.0,1
rb1805,20170516,20170515,210209000,2731.0,168,168,4597680.0,2735.0,35,2734.0,1
rb1805,20170516,20170515,210210500,2731.0,174,174,4761620.0,2733.0,8,2731.0,15
rb1805,20170516,20170515,210211000,2731.0,174,174,4761620.0,2733.0,8,2731.0,15
rb1805,20170516,20170515,210212000,2733.0,176,176,4816280.0,2733.0,7,2731.0,15
rb1805,20170516,20170515,210213000,2733.0,176,176,4816280.0,2733.0,7,2731.0,16
rb1805,20170516,20170515,210214500,2731.0,186,186,5089380.0,2733.0,7,2731.0,11
rb1805,20170516,20170515,210215500,2731.0,186,186,5089380.0,2733.0,7,2731.0,3
rb1805,20170516,20170515,210216000,2733.0,190,190,5198700.0,2733.0,5,2731.0,3
rb1805,20170516,20170515,210216500,2731.0,196,196,5362560.0,2731.0,22,2730.0,2
rb1805,20170516,20170515,210219000,2730.0,200,200,5471760.0,2730.0,3,2725.0,1
rb1805,20170516,20170515,210220000,2730.0,200,200,5471760.0,2730.0,3,2725.0,1
rb1805,20170516,20170515,210220500,2730.0,200,200,5471760.0,2730.0,3,2725.0,1
rb1805,20170516,20170515,210228500,2730.0,204,204,5580960.0,2730.0,1,2725.0,1
rb1805,20170516,20170515,210233500,2730.0,204,204,5580960.0,2730.0,3,2725.0,1
rb1805,20170516,20170515,210234000,2730.0,208,208,5690160.0,2730.0,1,2725.0,1
rb1805,20170516,20170515,210236000,2730.0,208,208,5690160.0,2729.0,1,2725.0,1
rb1805,20170516,20170515,210236500,2730.0,208,208,5690160.0,2729.0,1,2725.0,1
rb1805,20170516,20170515,210237500,2730.0,210,210,5744760.0,2730.0,1,2725.0,1
rb1805,20170516,20170515,210240000,2730.0,210,210,5744760.0,2730.0,1,2725.0,1
rb1805,20170516,20170515,210240500,2730.0,210,210,5744760.0,2730.0,1,2726.0,1
rb1805,20170516,20170515,210241500,2730.0,210,210,5744760.0,2730.0,1,2726.0,1
rb1805,20170516,20170515,210243000,2730.0,210,210,5744760.0,2730.0,1,2726.0,1
rb1805,20170516,20170515,210245000,2730.0,210,210,5744760.0,2730.0,36,2726.0,1
rb1805,20170516,20170515,210249000,2730.0,210,210,5744760.0,2729.0,34,2726.0,1
rb1805,20170516,20170515,210249500,2730.0,210,210,5744760.0,2729.0,34,2726.0,3
rb1805,20170516,20170515,210250000,2730.0,210,210,5744760.0,2729.0,34,2726.0,8
rb1805,20170516,20170515,210250500,2730.0,212,212,5799360.0,2729.0,33,2726.0,8
rb1805,20170516,20170515,210252500,2730.0,212,212,5799360.0,2729.0,33,2726.0,8
rb1805,20170516,20170515,210254000,2729.0,216,216,5908520.0,2728.0,18,2726.0,8
rb1805,20170516,20170515,210256000,2729.0,218,218,5963100.0,2728.0,17,2726.0,8
rb1805,20170516,20170515,210256500,2729.0,218,218,5963100.0,2728.0,17,2726.0,8
rb1805,20170516,20170515,210259000,2729.0,218,218,5963100.0,2728.0,17,2726.0,8
rb1805,20170516,20170515,210301000,2726.0,234,234,6399260.0,2726.0,27,2725.0,1
rb1805,20170516,20170515,210303000,2726.0,234,234,6399260.0,2726.0,27,2725.0,1
rb1805,20170516,20170515,210304000,2726.0,234,234,6399260.0,2726.0,27,2725.0,1
rb1805,20170516,20170515,210304500,2726.0,288,288,7871300.0,2728.0,17,2726.0,23
rb1805,20170516,20170515,210305000,2726.0,288,288,7871300.0,2728.0,17,2726.0,23
rb1805,20170516,20170515,210306500,2726.0,288,288,7871300.0,2728.0,17,2726.0,23
rb1805,20170516,20170515,210307000,2726.0,290,290,7925820.0,2728.0,17,2726.0,23
rb1805,20170516,20170515,210307500,2726.0,290,290,7925820.0,2728.0,17,2726.0,23
rb1805,20170516,20170515,210308000,2726.0,298,298,8143900.0,2728.0,17,2726.0,19
rb1805,20170516,20170515,210308500,2726.0,338,338,9234300.0,2728.0,17,2722.0,2
rb1805,20170516,20170515,210312000,2726.0,338,338,9234300.0,2727.0,20,2722.0,2
rb1805,20170516,20170515,210313000,2726.0,338,338,9234300.0,2727.0,20,2722.0,2
rb1805,20170516,20170515,210314500,2727.0,340,340,9288840.0,2727.0,19,2722.0,2
rb1805,20170516,20170515,210317000,2727.0,340,340,9288840.0,2726.0,1,2722.0,3
rb1805,20170516,20170515,210325500,2727.0,340,340,9288840.0,2726.0,1,2723.0,1
rb1805,20170516,20170515,210328000,2727.0,340,340,9288840.0,2726.0,1,2723.0,1
rb1805,20170516,20170515,210328500,2727.0,340,340,9288840.0,2725.0,33,2723.0,1
rb1805,20170516,20170515,210330000,2727.0,340,340,9288840.0,2725.0,33,2723.0,1
rb1805,20170516,20170515,210330500,2727.0,340,340,9288840.0,2725.0,33,2723.0,1
rb1805,20170516,20170515,210332000,2726.0,342,342,9343360.0,2725.0,32,2723.0,1
rb1805,20170516,20170515,210333500,2726.0,342,342,9343360.0,2725.0,32,2723.0,1
rb1805,20170516,20170515,210337500,2726.0,342,342,9343360.0,2725.0,32,2723.0,1
rb1805,20170516,20170515,210338000,2723.0,344,344,9397820.0,2725.0,32,2722.0,3
rb1805,20170516,20170515,210340000,2723.0,344,344,9397820.0,2725.0,32,2722.0,3
rb1805,20170516,20170515,210340500,2723.0,344,344,9397820.0,2725.0,32,2723.0,3
rb1805,20170516,20170515,210343500,2723.0,344,344,9397820.0,2725.0,32,2723.0,3
rb1805,20170516,20170515,210344500,2725.0,354,354,9670320.0,2725.0,27,2723.0,3
rb1805,20170516,20170515,210345500,2725.0,356,356,9724820.0,2725.0,26,2723.0,3
rb1805,20170516,20170515,210348000,2725.0,356,356,9724820.0,2725.0,26,2723.0,3
rb1805,20170516,20170515,210350000,2725.0,356,356,9724820.0,2725.0,26,2723.0,3
rb1805,20170516,20170515,210351500,2725.0,356,356,9724820.0,2725.0,26,2723.0,3
rb1805,20170516,20170515,210353000,2725.0,356,356,9724820.0,2725.0,26,2723.0,3
rb1805,20170516,20170515,210355000,2725.0,356,356,9724820.0,2725.0,26,2723.0,3
rb1805,20170516,20170515,210355500,2725.0,356,356,9724820.0,2725.0,26,2723.0,3
rb1805,20170516,20170515,210357500,2725.0,356,356,9724820.0,2725.0,26,2723.0,3
rb1805,20170516,20170515,210358000,2725.0,356,356,9724820.0,2725.0,26,2723.0,3
rb1805,20170516,20170515,210359000,2725.0,358,358,9779320.0,2725.0,25,2723.0,3
rb1805,20170516,20170515,210401000,2725.0,358,358,9779320.0,2725.0,25,2723.0,3
rb1805,20170516,20170515,210402500,2725.0,358,358,9779320.0,2725.0,25,2723.0,3
rb1805,20170516,20170515,210406000,2725.0,358,358,9779320.0,2725.0,25,2723.0,4
rb1805,20170516,20170515,210406500,2725.0,358,358,9779320.0,2724.0,1,2723.0,4
rb1805,20170516,20170515,210407500,2725.0,358,358,9779320.0,2724.0,1,2723.0,4
rb1805,20170516,20170515,210411000,2725.0,358,358,9779320.0,2724.0,1,2723.0,4
rb1805,20170516,20170515,210411500,2724.0,360,360,9833800.0,2725.0,25,2724.0,1
rb1805,20170516,20170515,210413000,2724.0,360,360,9833800.0,2725.0,25,2724.0,2
rb1805,20170516,20170515,210419000,2724.0,360,360,9833800.0,2725.0,25,2724.0,2
rb1805,20170516,20170515,210423000,2725.0,362,362,9888300.0,2725.0,24,2724.0,2
rb1805,20170516,20170515,210425000,2725.0,362,362,9888300.0,2725.0,24,2724.0,3
rb1805,20170516,20170515,210430000,2725.0,372,372,10160800.0,2725.0,19,2724.0,3
rb1805,20170516,20170515,210433000,2724.0,380,380,10378740.0,2724.0,5,2723.0,5
rb1805,20170516,20170515,210434000,2724.0,382,382,10433220.0,2724.0,4,2723.0,5
rb1805,20170516,20170515,210435000,2723.0,384,384,10487680.0,2724.0,4,2723.0,4
rb1805,20170516,20170515,210436500,2723.0,392,392,10705520.0,2723.0,1,2722.0,4
rb1805,20170516,20170515,210439500,2723.0,392,392,10705520.0,2723.0,1,2722.0,4
rb1805,20170516,20170515,210440000,2723.0,392,392,10705520.0,2723.0,1,2722.0,4
rb1805,20170516,20170515,210442500,2723.0,392,392,10705520.0,2723.0,1,2722.0,5
rb1805,20170516,20170515,210445000,2722.0,402,402,10977720.0,2722.0,15,2720.0,1
rb1805,20170516,20170515,210447000,2722.0,402,402,10977720.0,2722.0,15,2720.0,1
rb1805,20170516,20170515,210449000,2722.0,412,412,11249920.0,2722.0,10,2720.0,1
rb1805,20170516,20170515,210449500,2722.0,412,412,11249920.0,2722.0,10,2720.0,1
rb1805,20170516,20170515,210452500,2722.0,414,414,11304360.0,2722.0,9,2720.0,1
rb1805,20170516,20170515,210453500,2722.0,414,414,11304360.0,2722.0,9,2720.0,1
rb1805,20170516,20170515,210504500,2720.0,416,416,11358760.0,2722.0,9,2716.0,1
rb1805,20170516,20170515,210505000,2720.0,416,416,11358760.0,2722.0,9,2716.0,1
rb1805,20170516,20170515,210509000,2720.0,416,416,11358760.0,2723.0,1,2716.0,1
rb1805,20170516,20170515,210510000,2720.0,416,416,11358760.0,2723.0,1,2716.0,1
rb1805,20170516,20170515,210512500,2723.0,418,418,11413220.0,2720.0,20,2716.0,1
rb1805,20170516,20170515,210513000,2723.0,418,418,11413220.0,2720.0,20,2716.0,1
rb1805,20170516,20170515,210519500,2723.0,418,418,11413220.0,2720.0,20,2716.0,1
rb1805,20170516,20170515,210521000,2723.0,418,418,11413220.0,2720.0,20,2716.0,1
rb1805,20170516,20170515,210521500,2723.0,418,418,11413220.0,2720.0,28,2716.0,1
rb1805,20170516,20170515,210522000,2723.0,418,418,11413220.0,2720.0,28,2716.0,1
rb1805,20170516,20170515,210523500,2723.0,418,418,11413220.0,2720.0,28,2716.0,1
rb1805,20170516,20170515,210524000,2723.0,420,420,11467680.0,2720.0,27,2716.0,1
rb1805,20170516,20170515,210525000,2723.0,420,420,11467680.0,2720.0,27,2716.0,1
rb1805,20170516,20170515,210525500,2723.0,420,420,11467680.0,2720.0,27,2717.0,1
rb1805,20170516,20170515,210526000,2720.0,422,422,11522080.0,2720.0,26,2717.0,1
rb1805,20170516,20170515,210527500,2720.0,424,424,11576480.0,2720.0,25,2717.0,1
rb1805,20170516,20170515,210532000,2720.0,426,426,11630880.0,2720.0,24,2717.0,1
rb1805,20170516,20170515,210534000,2720.0,426,426,11630880.0,2720.0,24,2718.0,5
rb1805,20170516,20170515,210537500,2720.0,426,426,11630880.0,2720.0,24,2718.0,5
rb1805,20170516,20170515,210541000,2720.0,428,428,11685280.0,2720.0,23,2718.0,5
rb1805,20170516,20170515,210541500,2720.0,438,438,11957280.0,2720.0,18,2718.0,5
rb1805,20170516,20170515,210544500,2720.0,448,448,12229280.0,2720.0,13,2718.0,5
rb1805,20170516,20170515,210546500,2720.0,452,452,12338080.0,2720.0,11,2718.0,5
rb1805,20170516,20170515,210549000,2720.0,452,452,12338080.0,2719.0,19,2718.0,6
rb1805,20170516,20170515,210550000,2720.0,452,452,12338080.0,2719.0,19,2718.0,6
rb1805,20170516,20170515,210555500,2719.0,490,490,13371300.0,2720.0,11,2719.0,9
rb1805,20170516,20170515,210559500,2720.0,502,502,13697700.0,2720.0,5,2719.0,9
rb1805,20170516,20170515,210601000,2720.0,512,512,13969700.0,2724.0,24,2719.0,9
rb1805,20170516,20170515,210605500,2720.0,512,512,13969700.0,2720.0,20,2719.0,9
rb1805,20170516,20170515,210606000,2720.0,512,512,13969700.0,2720.0,20,2719.0,9
rb1805,20170516,20170515,210606500,2720.0,512,512,13969700.0,2720.0,20,2719.0,9
rb1805,20170516,20170515,210610500,2720.0,512,512,13969700.0,2720.0,20,2719.0,9
rb1805,20170516,20170515,210612000,2720.0,514,514,14024100.0,2720.0,19,2719.0,9
rb1805,20170516,20170515,210615000,2720.0,514,514,14024100.0,2720.0,19,2719.0,9
rb1805,20170516,20170515,210618000,2719.0,532,532,14513520.0,2719.0,1,2718.0,26
rb1805,20170516,20170515,210621000,2719.0,534,534,14567900.0,2720.0,19,2718.0,26
rb1805,20170516,20170515,210621500,2719.0,534,534,14567900.0,2720.0,19,2719.0,1
rb1805,20170516,20170515,210622500,2719.0,534,534,14567900.0,2720.0,19,2719.0,2
rb1805,20170516,20170515,210623000,2719.0,538,538,14676660.0,2720.0,19,2718.0,26
rb1805,20170516,20170515,210630500,2720.0,540,540,14731060.0,2720.0,18,2718.0,26
rb1805,20170516,20170515,210631000,2720.0,540,540,14731060.0,2720.0,18,2718.0,26
rb1805,20170516,20170515,210632000,2720.0,540,540,14731060.0,2720.0,18,2719.0,1
rb1805,20170516,20170515,210634000,2720.0,542,542,14785460.0,2720.0,17,2719.0,1
rb1805,20170516,20170515,210636000,2720.0,542,542,14785460.0,2720.0,17,2719.0,1
rb1805,20170516,20170515,210636500,2719.0,544,544,14839840.0,2720.0,17,2718.0,27
rb1805,20170516,20170515,210637500,2719.0,544,544,14839840.0,2720.0,17,2718.0,27
rb1805,20170516,20170515,210639000,2720.0,546,546,14894240.0,2720.0,16,2718.0,27
rb1805,20170516,20170515,210639500,2718.0,548,548,14948600.0,2720.0,16,2718.0,26
rb1805,20170516,20170515,210641500,2720.0,550,550,15003000.0,2720.0,15,2718.0,26
rb1805,20170516,20170515,210642000,2718.0,552,552,15057360.0,2720.0,15,2718.0,25
rb1805,20170516,20170515,210643500,2718.0,554,554,15111720.0,2720.0,15,2718.0,24
rb1805,20170516,20170515,210645000,2718.0,556,556,15166080.0,2720.0,15,2718.0,23
rb1805,20170516,20170515,210645500,2718.0,556,556,15166080.0,2720.0,15,2719.0,1
rb1805,20170516,20170515,210648500,2720.0,558,558,15220480.0,2720.0,14,2719.0,1
rb1805,20170516,20170515,210651000,2720.0,560,560,15274880.0,2720.0,13,2719.0,1
rb1805,20170516,20170515,210653500,2720.0,560,560,15274880.0,2720.0,13,2719.0,2
rb1805,20170516,20170515,210700000,2719.0,562,562,15329260.0,2720.0,13,2719.0,1
rb1805,20170516,20170515,210706500,2719.0,564,562,15383640.0,2719.0,2,2718.0,23
rb1805,20170516,20170515,210709000,2719.0,564,562,15383640.0,2719.0,2,2718.0,23
rb1805,20170516,20170515,210711500,2719.0,564,562,15383640.0,2719.0,2,2718.0,23
rb1805,20170516,20170515,210713000,2719.0,564,562,15383640.0,2719.0,2,2718.0,23
rb1805,20170516,20170515,210715000,2718.0,570,568,15546720.0,2719.0,2,2718.0,20
rb1805,20170516,20170515,210718500,2719.0,572,568,15601100.0,2719.0,1,2718.0,20
rb1805,20170516,20170515,210720500,2719.0,574,568,15655480.0,2720.0,13,2718.0,20
rb1805,20170516,20170515,210726000,2719.0,574,568,15655480.0,2720.0,13,2718.0,20
rb1805,20170516,20170515,210726500,2718.0,594,588,16199080.0,2720.0,13,2718.0,10
rb1805,20170516,20170515,210729000,2718.0,594,588,16199080.0,2720.0,28,2718.0,10
rb1805,20170516,20170515,210730000,2718.0,594,588,16199080.0,2720.0,28,2719.0,1
rb1805,20170516,20170515,210730500,2718.0,596,590,16253440.0,2720.0,28,2718.0,10
rb1805,20170516,20170515,210738500,2718.0,598,592,16307800.0,2720.0,28,2718.0,9
rb1805,20170516,20170515,210740500,2718.0,616,610,16797040.0,2718.0,11,2716.0,2
rb1805,20170516,20170515,210743500,2718.0,618,612,16851400.0,2718.0,10,2716.0,2
rb1805,20170516,20170515,210744500,2718.0,618,612,16851400.0,2718.0,10,2716.0,2
rb1805,20170516,20170515,210745000,2718.0,618,612,16851400.0,2718.0,25,2716.0,2
rb1805,20170516,20170515,210746500,2716.0,622,616,16960040.0,2718.0,25,2713.0,1
rb1805,20170516,20170515,210747500,2718.0,624,618,17014400.0,2718.0,24,2713.0,1
rb1805,20170516,20170515,210748500,2718.0,624,618,17014400.0,2718.0,24,2716.0,1
rb1805,20170516,20170515,210754000,2718.0,624,618,17014400.0,2718.0,24,2716.0,2
rb1805,20170516,20170515,210758000,2718.0,626,620,17068760.0,2718.0,23,2716.0,2
rb1805,20170516,20170515,210758500,2718.0,626,620,17068760.0,2718.0,23,2716.0,2
rb1805,20170516,20170515,210803000,2718.0,628,622,17123120.0,2718.0,22,2716.0,2
rb1805,20170516,20170515,210808500,2718.0,628,622,17123120.0,2718.0,22,2716.0,3
rb1805,20170516,20170515,210809500,2718.0,630,624,17177480.0,2718.0,21,2716.0,3
rb1805,20170516,20170515,210813000,2718.0,630,624,17177480.0,2718.0,21,2716.0,3
rb1805,20170516,20170515,210816000,2718.0,630,624,17177480.0,2718.0,21,2716.0,3
rb1805,20170516,20170515,210816500,2718.0,630,624,17177480.0,2718.0,21,2716.0,3
rb1805,20170516,20170515,210817000,2718.0,630,624,17177480.0,2718.0,21,2716.0,3
rb1805,20170516,20170515,210819500,2716.0,634,628,17286120.0,2718.0,21,2716.0,1
rb1805,20170516,20170515,210821500,2716.0,636,630,17340440.0,2716.0,3,2713.0,1
rb1805,20170516,20170515,210822000,2716.0,638,632,17394760.0,2716.0,2,2713.0,1
rb1805,20170516,20170515,210833500,2716.0,638,632,17394760.0,2718.0,21,2713.0,1
rb1805,20170516,20170515,210835500,2716.0,638,632,17394760.0,2718.0,21,2713.0,1
rb1805,20170516,20170515,210837500,2713.0,640,632,17449020.0,2718.0,21,2712.0,1
rb1805,20170516,20170515,210839000,2718.0,642,634,17503380.0,2718.0,20,2712.0,1
rb1805,20170516,20170515,210840500,2712.0,644,636,17557620.0,2712.0,1,2710.0,2
rb1805,20170516,20170515,210847500,2712.0,644,636,17557620.0,2712.0,1,2710.0,3
rb1805,20170516,20170515,210849000,2712.0,644,636,17557620.0,2718.0,20,2710.0,3
rb1805,20170516,20170515,210850500,2712.0,644,636,17557620.0,2717.0,1,2710.0,5
rb1805,20170516,20170515,210852000,2712.0,644,636,17557620.0,2717.0,1,2710.0,5
rb1805,20170516,20170515,210852500,2712.0,644,636,17557620.0,2717.0,1,2710.0,5
rb1805,20170516,20170515,210854000,2712.0,644,636,17557620.0,2717.0,11,2710.0,5
rb1805,20170516,20170515,210856500,2710.0,646,638,17611820.0,2717.0,11,2710.0,4
rb1805,20170516,20170515,210859000,2710.0,646,638,17611820.0,2717.0,11,2711.0,2
rb1805,20170516,20170515,210901500,2710.0,646,638,17611820.0,2717.0,21,2711.0,2
rb1805,20170516,20170515,210904000,2710.0,646,638,17611820.0,2717.0,21,2711.0,2
rb1805,20170516,20170515,210907000,2710.0,646,638,17611820.0,2717.0,21,2711.0,2
rb1805,20170516,20170515,210907500,2710.0,646,638,17611820.0,2717.0,21,2711.0,2
rb1805,20170516,20170515,210908000,2710.0,646,638,17611820.0,2716.0,5,2711.0,2
rb1805,20170516,20170515,210914000,2710.0,646,638,17611820.0,2716.0,5,2711.0,2
rb1805,20170516,20170515,210915500,2710.0,646,638,17611820.0,2716.0,5,2711.0,2
rb1805,20170516,20170515,210918000,2710.0,646,638,17611820.0,2716.0,5,2711.0,2
rb1805,20170516,20170515,210921500,2710.0,646,638,17611820.0,2716.0,5,2711.0,2
rb1805,20170516,20170515,210924000,2710.0,646,638,17611820.0,2716.0,5,2711.0,2
rb1805,20170516,20170515,210928500,2710.0,646,638,17611820.0,2716.0,5,2711.0,1
rb1805,20170516,20170515,210929000,2710.0,646,638,17611820.0,2716.0,5,2711.0,1
rb1805,20170516,20170515,210929500,2710.0,646,638,17611820.0,2716.0,5,2715.0,1
rb1805,20170516,20170515,210930000,2710.0,646,638,17611820.0,2716.0,5,2715.0,1
rb1805,20170516,20170515,210930500,2710.0,646,638,17611820.0,2716.0,5,2715.0,1
rb1805,20170516,20170515,210932000,2715.0,648,640,17666120.0,2716.0,5,2711.0,1
rb1805,20170516,20170515,210932500,2715.0,648,640,17666120.0,2715.0,1,2711.0,1
rb1805,20170516,20170515,210933000,2715.0,648,640,17666120.0,2716.0,5,2711.0,1
rb1805,20170516,20170515,210936500,2715.0,648,640,17666120.0,2716.0,5,2711.0,1
rb1805,20170516,20170515,210937000,2715.0,648,640,17666120.0,2716.0,5,2712.0,1
rb1805,20170516,20170515,210938000,2715.0,648,640,17666120.0,2716.0,5,2713.0,2
rb1805,20170516,20170515,210940000,2715.0,648,640,17666120.0,2716.0,5,2713.0,2
rb1805,20170516,20170515,210940500,2715.0,648,640,17666120.0,2716.0,5,2713.0,2
rb1805,20170516,20170515,210941000,2715.0,648,640,17666120.0,2715.0,1,2713.0,2
rb1805,20170516,20170515,210942000,2715.0,648,640,17666120.0,2715.0,1,2713.0,2
rb1805,20170516,20170515,210942500,2713.0,652,644,17774640.0,2715.0,1,2712.0,2
rb1805,20170516,20170515,210944000,2713.0,652,644,17774640.0,2716.0,5,2712.0,2
rb1805,20170516,20170515,210945000,2713.0,652,644,17774640.0,2716.0,5,2715.0,1
rb1805,20170516,20170515,210945500,2715.0,654,646,17828940.0,2716.0,5,2712.0,2
rb1805,20170516,20170515,210946000,2715.0,654,646,17828940.0,2715.0,1,2712.0,2
rb1805,20170516,20170515,210946500,2715.0,654,646,17828940.0,2715.0,1,2712.0,2
rb1805,20170516,20170515,210947000,2712.0,656,646,17883180.0,2715.0,1,2712.0,1
rb1805,20170516,20170515,210948000,2712.0,658,648,17937420.0,2712.0,19,2711.0,1
rb1805,20170516,20170515,210948500,2712.0,658,648,17937420.0,2712.0,19,2711.0,1
rb1805,20170516,20170515,210950500,2712.0,658,648,17937420.0,2712.0,19,2711.0,1
rb1805,20170516,20170515,210952500,2711.0,660,650,17991640.0,2711.0,4,2710.0,4
rb1805,20170516,20170515,210955500,2711.0,660,650,17991640.0,2711.0,4,2710.0,4
rb1805,20170516,20170515,210956000,2710.0,668,658,18208440.0,2710.0,11,2709.0,1
rb1805,20170516,20170515,210957000,2710.0,668,658,18208440.0,2710.0,16,2709.0,1
rb1805,20170516,20170515,210957500,2710.0,668,658,18208440.0,2710.0,16,2709.0,1
rb1805,20170516,20170515,210958500,2710.0,668,658,18208440.0,2710.0,16,2709.0,1
rb1805,20170516,20170515,211000500,2710.0,668,658,18208440.0,2710.0,16,2709.0,1
rb1805,20170516,20170515,211001500,2710.0,670,660,18262640.0,2710.0,15,2709.0,1
rb1805,20170516,20170515,211002000,2710.0,670,660,18262640.0,2710.0,15,2709.0,1
rb1805,20170516,20170515,211005000,2710.0,670,660,18262640.0,2710.0,15,2709.0,1
rb1805,20170516,20170515,211009500,2710.0,670,660,18262640.0,2710.0,15,2709.0,1
rb1805,20170516,20170515,211011000,2710.0,674,664,18371040.0,2710.0,13,2709.0,1
rb1805,20170516,20170515,211012000,2710.0,674,664,18371040.0,2710.0,13,2709.0,1
rb1805,20170516,20170515,211012500,2710.0,674,664,18371040.0,2710.0,13,2709.0,1
rb1805,20170516,20170515,211013000,2710.0,674,664,18371040.0,2710.0,13,2709.0,1
rb1805,20170516,20170515,211014500,2709.0,676,666,18425220.0,2710.0,13,2708.0,2
rb1805,20170516,20170515,211015000,2709.0,676,666,18425220.0,2709.0,1,2708.0,2
rb1805,20170516,20170515,211015500,2709.0,676,666,18425220.0,2710.0,13,2708.0,2
rb1805,20170516,20170515,211016000,2709.0,676,666,18425220.0,2710.0,13,2708.0,2
rb1805,20170516,20170515,211018000,2709.0,676,666,18425220.0,2710.0,13,2708.0,2
rb1805,20170516,20170515,211022500,2709.0,676,666,18425220.0,2710.0,13,2708.0,2
rb1805,20170516,20170515,211023000,2709.0,676,666,18425220.0,2710.0,13,2709.0,1
rb1805,20170516,20170515,211023500,2710.0,690,680,18804620.0,2710.0,6,2709.0,1
rb1805,20170516,20170515,211024000,2709.0,692,682,18858800.0,2710.0,6,2708.0,2
rb1805,20170516,20170515,211028000,2708.0,696,686,18967120.0,2708.0,18,2707.0,1
rb1805,20170516,20170515,211028500,2708.0,700,690,19075440.0,2708.0,16,2707.0,1
rb1805,20170516,20170515,211033500,2708.0,700,690,19075440.0,2708.0,16,2707.0,2
rb1805,20170516,20170515,211034000,2708.0,700,690,19075440.0,2708.0,16,2707.0,2
rb1805,20170516,20170515,211034500,2708.0,724,714,19725160.0,2708.0,14,2703.0,5
rb1805,20170516,20170515,211037500,2708.0,724,714,19725160.0,2708.0,14,2703.0,5
rb1805,20170516,20170515,211038000,2708.0,724,714,19725160.0,2708.0,14,2703.0,5
rb1805,20170516,20170515,211040000,2703.0,734,724,19995460.0,2703.0,15,2702.0,3
rb1805,20170516,20170515,211041000,2703.0,734,724,19995460.0,2703.0,15,2702.0,3
rb1805,20170516,20170515,211041500,2703.0,740,724,20157640.0,2703.0,12,2702.0,3
rb1805,20170516,20170515,211044000,2703.0,740,724,20157640.0,2703.0,12,2702.0,3
rb1805,20170516,20170515,211044500,2703.0,740,724,20157640.0,2703.0,12,2702.0,3
rb1805,20170516,20170515,211046500,2703.0,740,724,20157640.0,2703.0,12,2702.0,4
rb1805,20170516,20170515,211047500,2703.0,740,724,20157640.0,2703.0,12,2702.0,4
rb1805,20170516,20170515,211049500,2702.0,750,734,20427840.0,2702.0,15,2701.0,1
rb1805,20170516,20170515,211050500,2701.0,752,736,20481860.0,2701.0,19,2700.0,13
rb1805,20170516,20170515,211051000,2701.0,754,736,20535880.0,2701.0,18,2700.0,13
rb1805,20170516,20170515,211053500,2700.0,780,762,21237880.0,2700.0,7,2699.0,1
rb1805,20170516,20170515,211055000,2700.0,780,762,21237880.0,2700.0,7,2699.0,1
rb1805,20170516,20170515,211055500,2700.0,794,776,21615880.0,2701.0,18,2700.0,3
rb1805,20170516,20170515,211056000,2700.0,794,776,21615880.0,2701.0,18,2700.0,4
rb1805,20170516,20170515,211056500,2700.0,794,776,21615880.0,2701.0,18,2700.0,4
rb1805,20170516,20170515,211057500,2700.0,794,776,21615880.0,2701.0,18,2700.0,4
rb1805,20170516,20170515,211058000,2700.0,794,776,21615880.0,2701.0,18,2700.0,4
rb1805,20170516,20170515,211059000,2700.0,796,778,21669880.0,2701.0,18,2700.0,8
rb1805,20170516,20170515,211059500,2700.0,796,778,21669880.0,2701.0,18,2700.0,9
rb1805,20170516,20170515,211100000,2700.0,796,778,21669880.0,2701.0,18,2700.0,9
rb1805,20170516,20170515,211102000,2700.0,796,778,21669880.0,2701.0,18,2700.0,9
rb1805,20170516,20170515,211102500,2700.0,816,788,22209880.0,2701.0,18,2700.0,1
rb1805,20170516,20170515,211105000,2701.0,820,792,22317920.0,2701.0,16,2700.0,1
rb1805,20170516,20170515,211105500,2701.0,820,792,22317920.0,2701.0,16,2700.0,1
rb1805,20170516,20170515,211107000,2701.0,820,792,22317920.0,2701.0,16,2700.0,1
rb1805,20170516,20170515,211108500,2701.0,820,792,22317920.0,2701.0,16,2700.0,2
rb1805,20170516,20170515,211109000,2701.0,826,798,22479980.0,2701.0,13,2700.0,2
rb1805,20170516,20170515,211112000,2701.0,826,798,22479980.0,2701.0,13,2700.0,3
rb1805,20170516,20170515,211112500,2701.0,828,800,22534000.0,2701.0,12,2700.0,3
rb1805,20170516,20170515,211113500,2701.0,828,800,22534000.0,2701.0,12,2700.0,8
rb1805,20170516,20170515,211114500,2701.0,830,800,22588020.0,2701.0,11,2700.0,7
rb1805,20170516,20170515,211116500,2701.0,830,800,22588020.0,2701.0,11,2700.0,7
rb1805,20170516,20170515,211120000,2700.0,840,810,22858020.0,2701.0,11,2700.0,2
rb1805,20170516,20170515,211121000,2700.0,840,810,22858020.0,2701.0,11,2700.0,3
rb1805,20170516,20170515,211121500,2701.0,842,812,22912040.0,2701.0,10,2700.0,3
rb1805,20170516,20170515,211122000,2701.0,842,812,22912040.0,2701.0,10,2700.0,3
rb1805,20170516,20170515,211123000,2701.0,842,812,22912040.0,2701.0,10,2700.0,4
rb1805,20170516,20170515,211124000,2700.0,850,820,23128040.0,2700.0,6,2699.0,1
rb1805,20170516,20170515,211125000,2700.0,850,820,23128040.0,2700.0,6,2699.0,1
rb1805,20170516,20170515,211127000,2700.0,862,832,23452040.0,2701.0,10,2700.0,2
rb1805,20170516,20170515,211128000,2700.0,866,836,23560040.0,2701.0,10,2699.0,2
rb1805,20170516,20170515,211131000,2700.0,866,836,23560040.0,2700.0,40,2699.0,2
rb1805,20170516,20170515,211132000,2700.0,866,836,23560040.0,2700.0,40,2699.0,3
rb1805,20170516,20170515,211132500,2700.0,866,836,23560040.0,2700.0,40,2699.0,3
rb1805,20170516,20170515,211133500,2699.0,872,842,23721980.0,2699.0,2,2698.0,6
rb1805,20170516,20170515,211136500,2699.0,872,842,23721980.0,2699.0,2,2698.0,6
rb1805,20170516,20170515,211137000,2699.0,874,844,23775960.0,2699.0,1,2698.0,6
rb1805,20170516,20170515,211138500,2699.0,874,844,23775960.0,2699.0,1,2698.0,6
rb1805,20170516,20170515,211140000,2699.0,874,844,23775960.0,2699.0,1,2698.0,6
rb1805,20170516,20170515,211140500,2699.0,874,844,23775960.0,2699.0,1,2698.0,7
rb1805,20170516,20170515,211141000,2699.0,874,844,23775960.0,2699.0,1,2698.0,7
rb1805,20170516,20170515,211145500,2699.0,874,844,23775960.0,2699.0,1,2698.0,7
rb1805,20170516,20170515,211146000,2699.0,874,844,23775960.0,2699.0,1,2698.0,7
rb1805,20170516,20170515,211149500,2699.0,874,844,23775960.0,2699.0,1,2698.0,7
rb1805,20170516,20170515,211151500,2699.0,874,844,23775960.0,2699.0,1,2698.0,7
rb1805,20170516,20170515,211155500,2699.0,876,846,23829940.0,2700.0,40,2699.0,1
rb1805,20170516,20170515,211156000,2699.0,876,846,23829940.0,2700.0,40,2699.0,1
rb1805,20170516,20170515,211158500,2699.0,876,846,23829940.0,2700.0,40,2699.0,2
rb1805,20170516,20170515,211159000,2699.0,876,846,23829940.0,2700.0,40,2699.0,2
rb1805,20170516,20170515,211200000,2699.0,876,846,23829940.0,2700.0,40,2699.0,2
rb1805,20170516,20170515,211207000,2699.0,876,846,23829940.0,2700.0,40,2699.0,2
rb1805,20170516,20170515,211211500,2700.0,878,848,23883940.0,2700.0,39,2699.0,2
rb1805,20170516,20170515,211212500,2700.0,878,848,23883940.0,2700.0,39,2699.0,8
rb1805,20170516,20170515,211216500,2700.0,880,850,23937940.0,2700.0,38,2699.0,8
rb1805,20170516,20170515,211218000,2700.0,882,852,23991940.0,2700.0,37,2699.0,8
rb1805,20170516,20170515,211221500,2700.0,882,852,23991940.0,2700.0,37,2699.0,8
rb1805,20170516,20170515,211222500,2699.0,886,856,24099900.0,2700.0,37,2699.0,6
rb1805,20170516,20170515,211223000,2700.0,890,856,24207900.0,2700.0,35,2699.0,6
rb1805,20170516,20170515,211225000,2700.0,890,856,24207900.0,2700.0,35,2699.0,7
rb1805,20170516,20170515,211227500,2700.0,892,858,24261900.0,2700.0,37,2699.0,7
rb1805,20170516,20170515,211228000,2700.0,894,860,24315900.0,2700.0,36,2699.0,7
rb1805,20170516,20170515,211232500,2700.0,898,864,24423900.0,2700.0,34,2699.0,8
rb1805,20170516,20170515,211237500,2700.0,898,864,24423900.0,2700.0,34,2699.0,7
rb1805,20170516,20170515,211239500,2700.0,898,864,24423900.0,2700.0,34,2699.0,7
rb1805,20170516,20170515,211241500,2700.0,900,866,24477900.0,2700.0,33,2699.0,7
rb1805,20170516,20170515,211243000,2700.0,900,866,24477900.0,2700.0,33,2699.0,7
rb1805,20170516,20170515,211247000,2699.0,906,872,24639860.0,2700.0,32,2699.0,5
rb1805,20170516,20170515,211247500,2699.0,906,872,24639860.0,2700.0,32,2699.0,5
rb1805,20170516,20170515,211248500,2700.0,916,882,24909860.0,2700.0,27,2699.0,5
rb1805,20170516,20170515,211249000,2700.0,916,882,24909860.0,2700.0,27,2699.0,5
rb1805,20170516,20170515,211251000,2700.0,920,886,25017860.0,2700.0,25,2699.0,5
rb1805,20170516,20170515,211253000,2700.0,928,894,25233860.0,2700.0,21,2699.0,5
rb1805,20170516,20170515,211257500,2700.0,930,896,25287860.0,2700.0,20,2699.0,5
rb1805,20170516,20170515,211258000,2700.0,932,898,25341860.0,2700.0,19,2699.0,5
rb1805,20170516,20170515,211259000,2700.0,932,898,25341860.0,2700.0,19,2699.0,7
rb1805,20170516,20170515,211300500,2700.0,942,908,25611860.0,2700.0,14,2699.0,7
rb1805,20170516,20170515,211305500,2700.0,944,908,25665860.0,2700.0,13,2699.0,7
rb1805,20170516,20170515,211307500,2699.0,960,924,26097720.0,2699.0,3,2698.0,7
rb1805,20170516,20170515,211308500,2699.0,966,930,26259660.0,2700.0,12,2699.0,7
rb1805,20170516,20170515,211311000,2699.0,980,944,26637520.0,2699.0,3,2698.0,7
rb1805,20170516,20170515,211313000,2699.0,980,944,26637520.0,2699.0,3,2698.0,7
rb1805,20170516,20170515,211313500,2699.0,982,946,26691500.0,2699.0,2,2698.0,7
rb1805,20170516,20170515,211319500,2699.0,984,948,26745480.0,2699.0,1,2698.0,7
rb1805,20170516,20170515,211326500,2698.0,994,958,27015280.0,2699.0,1,2698.0,2
rb1805,20170516,20170515,211329000,2698.0,994,958,27015280.0,2699.0,1,2698.0,2
rb1805,20170516,20170515,211332500,2698.0,994,958,27015280.0,2699.0,1,2698.0,2
rb1805,20170516,20170515,211335500,2698.0,998,962,27123200.0,2698.0,8,2697.0,1
rb1805,20170516,20170515,211338000,2697.0,1000,964,27177140.0,2698.0,8,2695.0,2
rb1805,20170516,20170515,211342500,2697.0,1000,964,27177140.0,2697.0,3,2695.0,2
rb1805,20170516,20170515,211345000,2697.0,1000,964,27177140.0,2698.0,8,2695.0,2
rb1805,20170516,20170515,211347500,2695.0,1004,968,27284940.0,2694.0,6,2691.0,4
rb1805,20170516,20170515,211351500,2695.0,1004,968,27284940.0,2694.0,6,2692.0,3
rb1805,20170516,20170515,211353000,2695.0,1004,968,27284940.0,2694.0,6,2692.0,3
rb1805,20170516,20170515,211403000,2695.0,1004,968,27284940.0,2694.0,6,2692.0,3
rb1805,20170516,20170515,211407000,2695.0,1004,968,27284940.0,2694.0,6,2692.0,3
rb1805,20170516,20170515,211409500,2695.0,1004,968,27284940.0,2694.0,6,2692.0,7
rb1805,20170516,20170515,211411000,2695.0,1004,968,27284940.0,2694.0,6,2692.0,7
rb1805,20170516,20170515,211412500,2695.0,1004,968,27284940.0,2694.0,6,2692.0,7
rb1805,20170516,20170515,211413000,2694.0,1014,978,27554340.0,2694.0,1,2692.0,7
rb1805,20170516,20170515,211414500,2694.0,1014,978,27554340.0,2694.0,1,2692.0,7
rb1805,20170516,20170515,211415500,2694.0,1014,978,27554340.0,2694.0,1,2692.0,7
rb1805,20170516,20170515,211417000,2694.0,1016,980,27608220.0,2695.0,10,2692.0,7
rb1805,20170516,20170515,211418000,2694.0,1016,980,27608220.0,2695.0,10,2692.0,7
rb1805,20170516,20170515,211423000,2695.0,1018,982,27662120.0,2695.0,9,2692.0,7
rb1805,20170516,20170515,211427500,2695.0,1018,982,27662120.0,2695.0,9,2692.0,7
rb1805,20170516,20170515,211428500,2695.0,1018,982,27662120.0,2695.0,9,2692.0,7
rb1805,20170516,20170515,211431000,2695.0,1020,984,27716020.0,2695.0,8,2692.0,7
rb1805,20170516,20170515,211434500,2695.0,1020,984,27716020.0,2695.0,8,2693.0,2
rb1805,20170516,20170515,211435000,2695.0,1022,986,27769920.0,2695.0,7,2693.0,2
rb1805,20170516,20170515,211435500,2695.0,1026,990,27877720.0,2695.0,5,2693.0,2
rb1805,20170516,20170515,211436000,2695.0,1026,990,27877720.0,2695.0,5,2694.0,5
rb1805,20170516,20170515,211436500,2695.0,1030,994,27985520.0,2695.0,3,2694.0,5
rb1805,20170516,20170515,211437500,2695.0,1032,996,28039420.0,2695.0,2,2694.0,5
rb1805,20170516,20170515,211438500,2695.0,1032,996,28039420.0,2695.0,2,2694.0,5
rb1805,20170516,20170515,211441000,2695.0,1032,996,28039420.0,2695.0,2,2694.0,5
rb1805,20170516,20170515,211443500,2695.0,1034,998,28093320.0,2695.0,1,2694.0,5
rb1805,20170516,20170515,211447000,2695.0,1036,1000,28147220.0,2698.0,1,2694.0,5
rb1805,20170516,20170515,211448500,2695.0,1036,1000,28147220.0,2698.0,1,2695.0,1
rb1805,20170516,20170515,211452000,2695.0,1036,1000,28147220.0,2698.0,1,2695.0,1
rb1805,20170516,20170515,211453000,2698.0,1038,1000,28201180.0,2700.0,12,2695.0,1
rb1805,20170516,20170515,211455000,2698.0,1038,1000,28201180.0,2700.0,12,2695.0,1
rb1805,20170516,20170515,211456000,2698.0,1038,1000,28201180.0,2700.0,12,2695.0,2
rb1805,20170516,20170515,211459000,2698.0,1038,1000,28201180.0,2700.0,12,2695.0,2
rb1805,20170516,20170515,211459500,2698.0,1038,1000,28201180.0,2700.0,12,2698.0,5
rb1805,20170516,20170515,211500000,2698.0,1038,1000,28201180.0,2700.0,12,2698.0,5
rb1805,20170516,20170515,211508500,2698.0,1038,1000,28201180.0,2700.0,12,2698.0,5
rb1805,20170516,20170515,211509500,2698.0,1048,1010,28470980.0,2698.0,5,2695.0,4
rb1805,20170516,20170515,211510000,2698.0,1048,1010,28470980.0,2698.0,5,2695.0,4
rb1805,20170516,20170515,211518500,2698.0,1048,1010,28470980.0,2698.0,5,2695.0,5
rb1805,20170516,20170515,211519500,2698.0,1048,1010,28470980.0,2698.0,5,2695.0,4
rb1805,20170516,20170515,211520500,2698.0,1048,1010,28470980.0,2698.0,5,2696.0,1
rb1805,20170516,20170515,211521000,2698.0,1050,1012,28524940.0,2698.0,4,2696.0,1
rb1805,20170516,20170515,211522500,2698.0,1052,1014,28578900.0,2698.0,3,2696.0,1
rb1805,20170516,20170515,211523000,2698.0,1058,1020,28740780.0,2700.0,12,2698.0,2
rb1805,20170516,20170515,211523500,2698.0,1058,1020,28740780.0,2700.0,12,2698.0,2
rb1805,20170516,20170515,211525000,2698.0,1058,1020,28740780.0,2700.0,12,2698.0,2
rb1805,20170516,20170515,211525500,2698.0,1058,1020,28740780.0,2700.0,12,2698.0,2
rb1805,20170516,20170515,211528000,2700.0,1082,1020,29388780.0,2703.0,1,2700.0,2
rb1805,20170516,20170515,211528500,2700.0,1082,1020,29388780.0,2703.0,1,2700.0,3
rb1805,20170516,20170515,211529500,2700.0,1082,1020,29388780.0,2703.0,1,2700.0,3
rb1805,20170516,20170515,211532000,2700.0,1082,1020,29388780.0,2703.0,1,2700.0,4
rb1805,20170516,20170515,211538000,2700.0,1082,1020,29388780.0,2703.0,2,2700.0,4
rb1805,20170516,20170515,211543000,2700.0,1082,1020,29388780.0,2703.0,2,2700.0,4
rb1805,20170516,20170515,211544000,2700.0,1082,1020,29388780.0,2703.0,2,2700.0,5
rb1805,20170516,20170515,211547000,2700.0,1092,1026,29658780.0,2703.0,2,2698.0,2
rb1805,20170516,20170515,211549000,2700.0,1092,1026,29658780.0,2700.0,5,2698.0,2
rb1805,20170516,20170515,211553500,2700.0,1102,1036,29928780.0,2703.0,2,2700.0,5
rb1805,20170516,20170515,211555000,2700.0,1102,1036,29928780.0,2703.0,2,2700.0,5
rb1805,20170516,20170515,211556500,2700.0,1102,1036,29928780.0,2703.0,2,2700.0,10
rb1805,20170516,20170515,211557000,2700.0,1102,1036,29928780.0,2703.0,2,2700.0,10
rb1805,20170516,20170515,211557500,2700.0,1102,1036,29928780.0,2703.0,2,2700.0,10
rb1805,20170516,20170515,211606000,2700.0,1104,1038,29982780.0,2703.0,2,2700.0,9
rb1805,20170516,20170515,211606500,2700.0,1104,1038,29982780.0,2703.0,2,2700.0,29
rb1805,20170516,20170515,211607000,2700.0,1104,1038,29982780.0,2703.0,2,2700.0,29
rb1805,20170516,20170515,211607500,2700.0,1104,1038,29982780.0,2703.0,2,2700.0,29
rb1805,20170516,20170515,211610000,2703.0,1106,1038,30036840.0,2703.0,1,2700.0,29
rb1805,20170516,20170515,211612000,2703.0,1106,1038,30036840.0,2703.0,11,2700.0,29
rb1805,20170516,20170515,211613000,2703.0,1110,1042,30144960.0,2703.0,9,2700.0,29
rb1805,20170516,20170515,211617000,2703.0,1110,1042,30144960.0,2703.0,9,2700.0,30
rb1805,20170516,20170515,211619000,2703.0,1110,1042,30144960.0,2703.0,9,2700.0,31
rb1805,20170516,20170515,211620000,2703.0,1110,1042,30144960.0,2703.0,9,2700.0,31
rb1805,20170516,20170515,211624500,2703.0,1110,1042,30144960.0,2703.0,9,2700.0,31
rb1805,20170516,20170515,211625500,2703.0,1110,1042,30144960.0,2703.0,9,2700.0,31
rb1805,20170516,20170515,211626000,2703.0,1110,1042,30144960.0,2703.0,9,2700.0,31
rb1805,20170516,20170515,211626500,2703.0,1128,1060,30631500.0,2706.0,1,2703.0,91
rb1805,20170516,20170515,211627500,2703.0,1128,1060,30631500.0,2706.0,1,2703.0,91
rb1805,20170516,20170515,211628500,2703.0,1128,1060,30631500.0,2706.0,1,2703.0,91
rb1805,20170516,20170515,211629000,2703.0,1128,1060,30631500.0,2706.0,21,2703.0,91
rb1805,20170516,20170515,211634000,2703.0,1128,1060,30631500.0,2706.0,21,2703.0,91
rb1805,20170516,20170515,211635500,2703.0,1128,1060,30631500.0,2706.0,21,2703.0,91
rb1805,20170516,20170515,211636500,2703.0,1128,1060,30631500.0,2706.0,21,2703.0,91
rb1805,20170516,20170515,211639000,2703.0,1128,1060,30631500.0,2706.0,21,2703.0,91
rb1805,20170516,20170515,211644000,2703.0,1128,1060,30631500.0,2706.0,21,2703.0,91
rb1805,20170516,20170515,211649000,2703.0,1128,1060,30631500.0,2706.0,21,2703.0,91
rb1805,20170516,20170515,211650000,2703.0,1128,1060,30631500.0,2705.0,5,2703.0,91
rb1805,20170516,20170515,211656000,2703.0,1128,1060,30631500.0,2705.0,5,2703.0,91
rb1805,20170516,20170515,211702000,2703.0,1128,1060,30631500.0,2705.0,5,2703.0,91
rb1805,20170516,20170515,211706000,2703.0,1128,1060,30631500.0,2705.0,5,2703.0,91
rb1805,20170516,20170515,211707500,2703.0,1148,1080,31172100.0,2705.0,5,2703.0,81
rb1805,20170516,20170515,211708000,2705.0,1158,1090,31442600.0,2706.0,21,2703.0,81
rb1805,20170516,20170515,211711500,2703.0,1178,1110,31983200.0,2706.0,21,2703.0,71
rb1805,20170516,20170515,211715000,2703.0,1178,1110,31983200.0,2705.0,5,2700.0,32
rb1805,20170516,20170515,211715500,2705.0,1180,1110,32037300.0,2705.0,4,2700.0,32
rb1805,20170516,20170515,211716500,2705.0,1180,1110,32037300.0,2705.0,4,2700.0,37
rb1805,20170516,20170515,211717000,2705.0,1180,1110,32037300.0,2705.0,4,2700.0,40
rb1805,20170516,20170515,211721500,2705.0,1180,1110,32037300.0,2705.0,4,2700.0,40
rb1805,20170516,20170515,211724500,2705.0,1180,1110,32037300.0,2705.0,24,2700.0,40
rb1805,20170516,20170515,211725000,2705.0,1182,1110,32091400.0,2705.0,23,2700.0,40
rb1805,20170516,20170515,211726500,2705.0,1182,1110,32091400.0,2705.0,23,2700.0,40
rb1805,20170516,20170515,211727000,2705.0,1182,1110,32091400.0,2705.0,23,2700.0,40
rb1805,20170516,20170515,211728000,2705.0,1182,1110,32091400.0,2705.0,3,2700.0,40
rb1805,20170516,20170515,211730500,2705.0,1182,1110,32091400.0,2705.0,3,2700.0,40
rb1805,20170516,20170515,211733000,2705.0,1182,1110,32091400.0,2705.0,3,2704.0,1
rb1805,20170516,20170515,211734500,2705.0,1182,1110,32091400.0,2705.0,13,2704.0,1
rb1805,20170516,20170515,211735500,2705.0,1208,1130,32794700.0,2706.0,21,2705.0,7
rb1805,20170516,20170515,211736500,2704.0,1224,1146,33227480.0,2704.0,62,2700.0,40
rb1805,20170516,20170515,211737000,2704.0,1224,1146,33227480.0,2704.0,62,2700.0,40
rb1805,20170516,20170515,211739000,2704.0,1224,1146,33227480.0,2706.0,21,2704.0,1
rb1805,20170516,20170515,211741000,2704.0,1226,1148,33281560.0,2704.0,69,2701.0,20
rb1805,20170516,20170515,211742500,2704.0,1226,1148,33281560.0,2703.0,5,2701.0,20
rb1805,20170516,20170515,211744500,2701.0,1236,1148,33551660.0,2703.0,5,2701.0,15
rb1805,20170516,20170515,211747500,2703.0,1246,1148,33821960.0,2706.0,21,2703.0,15
rb1805,20170516,20170515,211756500,2703.0,1246,1148,33821960.0,2706.0,21,2703.0,15
rb1805,20170516,20170515,211759500,2703.0,1246,1148,33821960.0,2706.0,21,2703.0,15
rb1805,20170516,20170515,211800500,2703.0,1246,1148,33821960.0,2706.0,21,2703.0,15
rb1805,20170516,20170515,211801500,2703.0,1246,1148,33821960.0,2706.0,21,2703.0,15
rb1805,20170516,20170515,211805500,2703.0,1246,1148,33821960.0,2706.0,21,2703.0,19
rb1805,20170516,20170515,211814500,2703.0,1246,1148,33821960.0,2706.0,21,2703.0,19
rb1805,20170516,20170515,211816500,2703.0,1246,1148,33821960.0,2706.0,21,2703.0,19
rb1805,20170516,20170515,211817500,2703.0,1266,1168,34362560.0,2706.0,21,2703.0,9
rb1805,20170516,20170515,211819500,2703.0,1266,1168,34362560.0,2706.0,21,2703.0,4
rb1805,20170516,20170515,211821000,2703.0,1274,1176,34578800.0,2703.0,6,2701.0,15
rb1805,20170516,20170515,211821500,2703.0,1274,1176,34578800.0,2703.0,6,2701.0,15
rb1805,20170516,20170515,211825000,2703.0,1274,1176,34578800.0,2703.0,6,2701.0,15
rb1805,20170516,20170515,211825500,2703.0,1274,1176,34578800.0,2703.0,6,2702.0,6
rb1805,20170516,20170515,211826500,2703.0,1274,1176,34578800.0,2703.0,6,2702.0,6
rb1805,20170516,20170515,211828000,2703.0,1284,1186,34849100.0,2703.0,1,2702.0,6
rb1805,20170516,20170515,211834000,2703.0,1286,1188,34903160.0,2706.0,21,2703.0,19
rb1805,20170516,20170515,211837000,2703.0,1286,1188,34903160.0,2706.0,21,2703.0,19
rb1805,20170516,20170515,211838000,2703.0,1286,1188,34903160.0,2705.0,5,2703.0,19
rb1805,20170516,20170515,211841000,2703.0,1286,1188,34903160.0,2705.0,5,2703.0,19
rb1805,20170516,20170515,211844500,2703.0,1286,1188,34903160.0,2705.0,6,2703.0,19
rb1805,20170516,20170515,211845000,2705.0,1288,1190,34957260.0,2705.0,5,2703.0,19
rb1805,20170516,20170515,211847000,2705.0,1288,1190,34957260.0,2705.0,5,2703.0,19
rb1805,20170516,20170515,211849000,2705.0,1288,1190,34957260.0,2705.0,5,2703.0,19
rb1805,20170516,20170515,211852500,2705.0,1288,1190,34957260.0,2705.0,5,2704.0,6
rb1805,20170516,20170515,211855500,2705.0,1288,1190,34957260.0,2705.0,5,2704.0,6
rb1805,20170516,20170515,211856500,2705.0,1290,1192,35011360.0,2705.0,4,2704.0,6
rb1805,20170516,20170515,211858000,2705.0,1290,1192,35011360.0,2705.0,4,2704.0,6
rb1805,20170516,20170515,211859000,2704.0,1302,1204,35335840.0,2704.0,4,2703.0,19
rb1805,20170516,20170515,211900000,2704.0,1302,1204,35335840.0,2704.0,4,2703.0,19
rb1805,20170516,20170515,211905500,2703.0,1340,1242,36362980.0,2703.0,18,2701.0,16
rb1805,20170516,20170515,211907000,2703.0,1340,1242,36362980.0,2703.0,18,2701.0,16
rb1805,20170516,20170515,211908000,2703.0,1340,1242,36362980.0,2704.0,4,2701.0,16
rb1805,20170516,20170515,211926000,2703.0,1340,1242,36362980.0,2704.0,4,2701.0,16
rb1805,20170516,20170515,211928000,2703.0,1340,1242,36362980.0,2704.0,4,2701.0,16
rb1805,20170516,20170515,211928500,2703.0,1340,1242,36362980.0,2704.0,4,2701.0,16
rb1805,20170516,20170515,211930000,2703.0,1340,1242,36362980.0,2704.0,4,2701.0,16
rb1805,20170516,20170515,211932000,2703.0,1340,1242,36362980.0,2704.0,4,2701.0,16
rb1805,20170516,20170515,211937500,2704.0,1346,1248,36525220.0,2704.0,1,2701.0,16
rb1805,20170516,20170515,211939000,2704.0,1348,1250,36579300.0,2706.0,22,2704.0,9
rb1805,20170516,20170515,211939500,2704.0,1366,1266,37066020.0,2704.0,2,2701.0,16
rb1805,20170516,20170515,211940000,2704.0,1366,1266,37066020.0,2704.0,2,2701.0,16
rb1805,20170516,20170515,211940500,2704.0,1368,1268,37120100.0,2704.0,1,2701.0,16
rb1805,20170516,20170515,211946000,2704.0,1368,1268,37120100.0,2704.0,1,2702.0,1
rb1805,20170516,20170515,211951000,2704.0,1368,1268,37120100.0,2704.0,1,2702.0,1
rb1805,20170516,20170515,211953500,2704.0,1368,1268,37120100.0,2705.0,20,2702.0,1
rb1805,20170516,20170515,211954000,2704.0,1368,1268,37120100.0,2705.0,20,2702.0,1
rb1805,20170516,20170515,211954500,2704.0,1368,1268,37120100.0,2704.0,1,2702.0,1
rb1805,20170516,20170515,211958500,2704.0,1368,1268,37120100.0,2704.0,1,2702.0,1
rb1805,20170516,20170515,211959500,2704.0,1368,1268,37120100.0,2704.0,2,2702.0,1
rb1805,20170516,20170515,212002500,2702.0,1370,1270,37174140.0,2702.0,4,2701.0,16
rb1805,20170516,20170515,212003000,2702.0,1370,1270,37174140.0,2702.0,4,2701.0,16
rb1805,20170516,20170515,212008500,2702.0,1370,1270,37174140.0,2702.0,4,2701.0,16
rb1805,20170516,20170515,212012000,2702.0,1370,1270,37174140.0,2704.0,1,2701.0,16
rb1805,20170516,20170515,212012500,2702.0,1370,1270,37174140.0,2704.0,1,2701.0,16
rb1805,20170516,20170515,212013000,2702.0,1370,1270,37174140.0,2704.0,2,2701.0,16
rb1805,20170516,20170515,212014000,2702.0,1370,1270,37174140.0,2702.0,3,2701.0,16
rb1805,20170516,20170515,212015000,2702.0,1370,1270,37174140.0,2702.0,3,2701.0,16
rb1805,20170516,20170515,212016500,2702.0,1370,1270,37174140.0,2702.0,3,2701.0,16
rb1805,20170516,20170515,212018000,2701.0,1378,1270,37390220.0,2702.0,3,2701.0,12
rb1805,20170516,20170515,212020000,2702.0,1382,1270,37498300.0,2702.0,1,2701.0,12
rb1805,20170516,20170515,212021000,2701.0,1384,1268,37552320.0,2702.0,1,2701.0,11
rb1805,20170516,20170515,212026500,2701.0,1384,1268,37552320.0,2703.0,20,2701.0,11
rb1805,20170516,20170515,212029000,2701.0,1384,1268,37552320.0,2703.0,20,2701.0,12
rb1805,20170516,20170515,212036500,2701.0,1384,1268,37552320.0,2703.0,20,2701.0,12
rb1805,20170516,20170515,212038000,2701.0,1384,1268,37552320.0,2703.0,20,2702.0,4
rb1805,20170516,20170515,212039500,2701.0,1384,1268,37552320.0,2704.0,2,2702.0,4
rb1805,20170516,20170515,212043500,2701.0,1384,1268,37552320.0,2704.0,2,2702.0,4
rb1805,20170516,20170515,212045000,2702.0,1392,1276,37768480.0,2702.0,6,2701.0,12
rb1805,20170516,20170515,212045500,2702.0,1392,1276,37768480.0,2702.0,6,2701.0,12
rb1805,20170516,20170515,212052000,2702.0,1394,1278,37822520.0,2702.0,5,2701.0,12
rb1805,20170516,20170515,212053000,2702.0,1394,1278,37822520.0,2702.0,5,2701.0,13
rb1805,20170516,20170515,212055000,2701.0,1420,1284,38524780.0,2701.0,7,2700.0,52
rb1805,20170516,20170515,212056000,2701.0,1422,1286,38578800.0,2701.0,6,2700.0,52
rb1805,20170516,20170515,212058500,2701.0,1422,1286,38578800.0,2701.0,6,2700.0,52
rb1805,20170516,20170515,212109500,2701.0,1426,1290,38686840.0,2701.0,4,2700.0,52
rb1805,20170516,20170515,212112000,2701.0,1426,1290,38686840.0,2701.0,4,2700.0,52
rb1805,20170516,20170515,212116000,2701.0,1428,1292,38740860.0,2701.0,3,2700.0,52
rb1805,20170516,20170515,212119500,2701.0,1428,1292,38740860.0,2701.0,3,2700.0,51
rb1805,20170516,20170515,212122500,2701.0,1428,1292,38740860.0,2701.0,3,2700.0,51
rb1805,20170516,20170515,212123000,2701.0,1428,1292,38740860.0,2701.0,3,2700.0,51
rb1805,20170516,20170515,212124500,2701.0,1428,1292,38740860.0,2701.0,3,2700.0,52
rb1805,20170516,20170515,212128000,2701.0,1430,1294,38794880.0,2701.0,2,2700.0,52
rb1805,20170516,20170515,212133000,2701.0,1430,1294,38794880.0,2701.0,7,2700.0,53
rb1805,20170516,20170515,212143500,2701.0,1432,1296,38848900.0,2701.0,6,2700.0,53
rb1805,20170516,20170515,212152000,2701.0,1436,1300,38956940.0,2701.0,4,2700.0,53
rb1805,20170516,20170515,212153000,2701.0,1438,1302,39010960.0,2701.0,3,2700.0,53
rb1805,20170516,20170515,212153500,2701.0,1438,1302,39010960.0,2701.0,3,2700.0,52
rb1805,20170516,20170515,212156000,2701.0,1440,1304,39064980.0,2701.0,2,2700.0,53
rb1805,20170516,20170515,212200000,2700.0,1480,1344,40144980.0,2701.0,2,2700.0,33
rb1805,20170516,20170515,212204000,2700.0,1482,1346,40198980.0,2701.0,2,2700.0,32
rb1805,20170516,20170515,212204500,2700.0,1482,1346,40198980.0,2701.0,2,2700.0,32
rb1805,20170516,20170515,212213500,2700.0,1482,1346,40198980.0,2701.0,2,2700.0,32
rb1805,20170516,20170515,212216000,2700.0,1482,1346,40198980.0,2701.0,2,2700.0,33
rb1805,20170516,20170515,212221500,2701.0,1484,1348,40253000.0,2701.0,1,2700.0,33
rb1805,20170516,20170515,212223500,2701.0,1486,1350,40307020.0,2704.0,3,2700.0,33
rb1805,20170516,20170515,212230000,2701.0,1486,1350,40307020.0,2704.0,3,2700.0,33
rb1805,20170516,20170515,212235000,2701.0,1486,1350,40307020.0,2704.0,3,2701.0,5
rb1805,20170516,20170515,212240500,2701.0,1486,1350,40307020.0,2703.0,1,2701.0,5
rb1805,20170516,20170515,212245500,2701.0,1486,1350,40307020.0,2703.0,1,2701.0,5
rb1805,20170516,20170515,212246000,2703.0,1488,1352,40361080.0,2704.0,3,2703.0,2
rb1805,20170516,20170515,212246500,2703.0,1488,1352,40361080.0,2704.0,3,2703.0,2
rb1805,20170516,20170515,212249500,2703.0,1492,1356,40469200.0,2703.0,3,2701.0,6
rb1805,20170516,20170515,212250000,2703.0,1492,1356,40469200.0,2703.0,3,2701.0,6
rb1805,20170516,20170515,212252000,2701.0,1494,1358,40523220.0,2703.0,3,2701.0,5
rb1805,20170516,20170515,212254000,2701.0,1494,1358,40523220.0,2703.0,3,2701.0,5
rb1805,20170516,20170515,212254500,2701.0,1494,1358,40523220.0,2703.0,3,2701.0,10
rb1805,20170516,20170515,212306000,2701.0,1494,1358,40523220.0,2703.0,3,2701.0,10
rb1805,20170516,20170515,212306500,2701.0,1494,1358,40523220.0,2703.0,3,2701.0,10
rb1805,20170516,20170515,212307000,2703.0,1496,1360,40577280.0,2703.0,2,2701.0,10
rb1805,20170516,20170515,212307500,2703.0,1498,1362,40631340.0,2703.0,1,2701.0,10
rb1805,20170516,20170515,212313000,2703.0,1498,1362,40631340.0,2703.0,1,2701.0,10
rb1805,20170516,20170515,212315500,2703.0,1498,1362,40631340.0,2703.0,1,2702.0,1
rb1805,20170516,20170515,212324000,2703.0,1500,1364,40685400.0,2704.0,3,2702.0,1
rb1805,20170516,20170515,212326000,2703.0,1500,1364,40685400.0,2704.0,3,2702.0,1
rb1805,20170516,20170515,212328000,2703.0,1500,1364,40685400.0,2704.0,3,2702.0,2
rb1805,20170516,20170515,212328500,2704.0,1502,1364,40739480.0,2704.0,2,2702.0,2
rb1805,20170516,20170515,212335500,2704.0,1502,1364,40739480.0,2704.0,2,2703.0,1
rb1805,20170516,20170515,212346000,2704.0,1502,1364,40739480.0,2704.0,1,2703.0,1
rb1805,20170516,20170515,212346500,2703.0,1504,1364,40793540.0,2704.0,1,2702.0,2
rb1805,20170516,20170515,212348000,2704.0,1506,1366,40847620.0,2706.0,22,2704.0,49
rb1805,20170516,20170515,212349500,2704.0,1506,1366,40847620.0,2706.0,22,2704.0,51
rb1805,20170516,20170515,212353500,2704.0,1506,1366,40847620.0,2706.0,22,2704.0,52
rb1805,20170516,20170515,212355500,2704.0,1506,1366,40847620.0,2706.0,22,2704.0,50
rb1805,20170516,20170515,212357500,2704.0,1506,1366,40847620.0,2705.0,1,2704.0,50
rb1805,20170516,20170515,212359000,2704.0,1506,1366,40847620.0,2705.0,1,2704.0,50
rb1805,20170516,20170515,212359500,2705.0,1508,1366,40901720.0,2706.0,22,2704.0,49
rb1805,20170516,20170515,212400000,2705.0,1508,1366,40901720.0,2706.0,22,2705.0,1
rb1805,20170516,20170515,212404500,2705.0,1508,1366,40901720.0,2706.0,22,2705.0,1
rb1805,20170516,20170515,212405000,2706.0,1512,1368,41009960.0,2706.0,20,2705.0,1
rb1805,20170516,20170515,212405500,2706.0,1512,1368,41009960.0,2706.0,21,2705.0,1
rb1805,20170516,20170515,212413500,2706.0,1512,1368,41009960.0,2706.0,21,2705.0,1
rb1805,20170516,20170515,212416500,2705.0,1516,1372,41118160.0,2705.0,16,2704.0,49
rb1805,20170516,20170515,212418000,2705.0,1520,1376,41226360.0,2705.0,14,2704.0,49
rb1805,20170516,20170515,212419500,2705.0,1520,1376,41226360.0,2706.0,21,2704.0,49
rb1805,20170516,20170515,212421000,2705.0,1520,1376,41226360.0,2706.0,21,2702.0,2
rb1805,20170516,20170515,212428000,2706.0,1538,1394,41713440.0,2706.0,12,2702.0,2
rb1805,20170516,20170515,212436500,2706.0,1538,1394,41713440.0,2706.0,22,2702.0,2
rb1805,20170516,20170515,212441500,2706.0,1538,1394,41713440.0,2706.0,22,2702.0,2
rb1805,20170516,20170515,212446000,2706.0,1538,1394,41713440.0,2705.0,10,2702.0,2
rb1805,20170516,20170515,212448000,2706.0,1538,1394,41713440.0,2705.0,10,2702.0,2
rb1805,20170516,20170515,212450000,2705.0,1558,1414,42254440.0,2706.0,23,2705.0,11
rb1805,20170516,20170515,212450500,2706.0,1560,1416,42308560.0,2706.0,22,2705.0,11
rb1805,20170516,20170515,212500500,2706.0,1560,1416,42308560.0,2706.0,22,2705.0,11
rb1805,20170516,20170515,212508000,2706.0,1562,1418,42362680.0,2706.0,21,2705.0,11
rb1805,20170516,20170515,212514000,2705.0,1564,1418,42416780.0,2706.0,21,2705.0,10
rb1805,20170516,20170515,212514500,2705.0,1572,1426,42633180.0,2706.0,21,2705.0,6
rb1805,20170516,20170515,212516500,2705.0,1584,1438,42957780.0,2705.0,34,2702.0,2
rb1805,20170516,20170515,212517500,2705.0,1584,1438,42957780.0,2705.0,34,2702.0,2
rb1805,20170516,20170515,212519000,2705.0,1584,1438,42957780.0,2706.0,11,2702.0,2
rb1805,20170516,20170515,212521500,2705.0,1584,1438,42957780.0,2706.0,11,2703.0,2
rb1805,20170516,20170515,212535000,2705.0,1584,1438,42957780.0,2706.0,11,2703.0,2
rb1805,20170516,20170515,212539000,2706.0,1586,1440,43011900.0,2706.0,10,2703.0,2
rb1805,20170516,20170515,212540000,2706.0,1588,1442,43066020.0,2706.0,9,2703.0,2
rb1805,20170516,20170515,212544000,2706.0,1588,1442,43066020.0,2706.0,9,2703.0,2
rb1805,20170516,20170515,212552500,2706.0,1588,1442,43066020.0,2706.0,9,2703.0,2
rb1805,20170516,20170515,212554500,2706.0,1588,1442,43066020.0,2706.0,9,2704.0,1
rb1805,20170516,20170515,212601500,2706.0,1588,1442,43066020.0,2706.0,9,2705.0,1
rb1805,20170516,20170515,212602500,2706.0,1590,1444,43120140.0,2706.0,8,2705.0,1
rb1805,20170516,20170515,212603000,2706.0,1592,1446,43174260.0,2706.0,7,2705.0,1
rb1805,20170516,20170515,212603500,2706.0,1606,1460,43553100.0,2708.0,2,2706.0,13
rb1805,20170516,20170515,212616000,2706.0,1606,1460,43553100.0,2708.0,2,2706.0,13
rb1805,20170516,20170515,212616500,2706.0,1606,1460,43553100.0,2708.0,2,2706.0,13
rb1805,20170516,20170515,212620500,2706.0,1626,1480,44094300.0,2708.0,2,2706.0,3
rb1805,20170516,20170515,212622500,2706.0,1626,1480,44094300.0,2708.0,2,2706.0,3
rb1805,20170516,20170515,212626000,2706.0,1626,1480,44094300.0,2708.0,2,2706.0,3
rb1805,20170516,20170515,212629000,2706.0,1626,1480,44094300.0,2708.0,2,2706.0,3
rb1805,20170516,20170515,212630000,2708.0,1628,1482,44148460.0,2708.0,1,2706.0,3
rb1805,20170516,20170515,212633500,2708.0,1628,1482,44148460.0,2708.0,1,2706.0,3
rb1805,20170516,20170515,212634500,2708.0,1628,1482,44148460.0,2708.0,1,2707.0,1
rb1805,20170516,20170515,212645000,2708.0,1630,1484,44202620.0,2709.0,20,2708.0,2
rb1805,20170516,20170515,212653500,2708.0,1630,1484,44202620.0,2709.0,20,2708.0,2
rb1805,20170516,20170515,212656500,2709.0,1640,1484,44473520.0,2709.0,15,2708.0,2
rb1805,20170516,20170515,212657000,2709.0,1650,1494,44744420.0,2709.0,10,2708.0,2
rb1805,20170516,20170515,212702500,2708.0,1654,1498,44852740.0,2708.0,3,2706.0,3
rb1805,20170516,20170515,212707500,2708.0,1656,1500,44906900.0,2708.0,2,2706.0,3
rb1805,20170516,20170515,212708000,2708.0,1656,1500,44906900.0,2708.0,2,2706.0,3
rb1805,20170516,20170515,212714000,2708.0,1656,1500,44906900.0,2708.0,2,2707.0,1
rb1805,20170516,20170515,212716000,2708.0,1656,1500,44906900.0,2708.0,2,2707.0,1
rb1805,20170516,20170515,212721000,2708.0,1656,1500,44906900.0,2708.0,2,2707.0,1
rb1805,20170516,20170515,212732000,2708.0,1656,1500,44906900.0,2708.0,2,2707.0,1
rb1805,20170516,20170515,212738500,2705.0,1666,1508,45177500.0,2708.0,2,2705.0,1
rb1805,20170516,20170515,212742500,2705.0,1666,1508,45177500.0,2708.0,2,2706.0,1
rb1805,20170516,20170515,212744000,2705.0,1666,1508,45177500.0,2708.0,2,2706.0,1
rb1805,20170516,20170515,212744500,2705.0,1666,1508,45177500.0,2709.0,10,2706.0,1
rb1805,20170516,20170515,212751500,2705.0,1666,1508,45177500.0,2709.0,10,2706.0,2
rb1805,20170516,20170515,212754000,2705.0,1670,1512,45285700.0,2709.0,10,2705.0,1
rb1805,20170516,20170515,212757000,2705.0,1670,1512,45285700.0,2709.0,10,2705.0,1
rb1805,20170516,20170515,212757500,2705.0,1670,1512,45285700.0,2709.0,10,2706.0,1
rb1805,20170516,20170515,212800000,2705.0,1670,1512,45285700.0,2709.0,10,2706.0,1
rb1805,20170516,20170515,212807000,2705.0,1670,1512,45285700.0,2709.0,10,2706.0,5
rb1805,20170516,20170515,212814000,2706.0,1674,1516,45393940.0,2709.0,10,2706.0,3
rb1805,20170516,20170515,212818000,2706.0,1680,1516,45556300.0,2706.0,2,2705.0,1
rb1805,20170516,20170515,212820500,2706.0,1680,1516,45556300.0,2706.0,2,2705.0,2
rb1805,20170516,20170515,212821500,2706.0,1680,1516,45556300.0,2706.0,2,2705.0,2
rb1805,20170516,20170515,212824500,2706.0,1680,1516,45556300.0,2706.0,2,2705.0,2
rb1805,20170516,20170515,212827500,2706.0,1680,1516,45556300.0,2706.0,2,2705.0,3
rb1805,20170516,20170515,212835500,2706.0,1680,1516,45556300.0,2709.0,10,2705.0,3
rb1805,20170516,20170515,212841500,2706.0,1680,1516,45556300.0,2709.0,10,2706.0,3
rb1805,20170516,20170515,212858500,2706.0,1680,1516,45556300.0,2707.0,5,2706.0,3
rb1805,20170516,20170515,212900000,2706.0,1680,1516,45556300.0,2707.0,5,2706.0,3
rb1805,20170516,20170515,212901500,2706.0,1680,1516,45556300.0,2707.0,5,2706.0,3
rb1805,20170516,20170515,212910000,2707.0,1682,1518,45610440.0,2707.0,4,2706.0,3
rb1805,20170516,20170515,212911500,2707.0,1684,1520,45664580.0,2707.0,3,2706.0,3
rb1805,20170516,20170515,212912500,2707.0,1684,1520,45664580.0,2707.0,3,2706.0,3
rb1805,20170516,20170515,212921500,2707.0,1690,1520,45827000.0,2709.0,10,2706.0,3
rb1805,20170516,20170515,212922000,2707.0,1690,1520,45827000.0,2708.0,1,2706.0,3
rb1805,20170516,20170515,212922500,2707.0,1690,1520,45827000.0,2708.0,1,2707.0,3
rb1805,20170516,20170515,212926000,2707.0,1696,1526,45989420.0,2707.0,7,2706.0,3
rb1805,20170516,20170515,212926500,2707.0,1696,1526,45989420.0,2707.0,7,2706.0,3
rb1805,20170516,20170515,212929500,2707.0,1696,1526,45989420.0,2707.0,7,2706.0,3
rb1805,20170516,20170515,212932000,2706.0,1702,1526,46151780.0,2706.0,2,2705.0,3
rb1805,20170516,20170515,212938500,2706.0,1702,1526,46151780.0,2706.0,2,2705.0,3
rb1805,20170516,20170515,212940500,2705.0,1704,1526,46205880.0,2706.0,2,2705.0,2
rb1805,20170516,20170515,212943500,2705.0,1704,1526,46205880.0,2706.0,2,2705.0,2
rb1805,20170516,20170515,212944000,2705.0,1704,1526,46205880.0,2706.0,2,2705.0,1
rb1805,20170516,20170515,212946500,2705.0,1706,1526,46259980.0,2706.0,2,2703.0,2
rb1805,20170516,20170515,213000000,2703.0,1710,1526,46368100.0,2706.0,2,2702.0,1
rb1805,20170516,20170515,213002000,2703.0,1710,1526,46368100.0,2705.0,1,2702.0,1
rb1805,20170516,20170515,213005500,2703.0,1710,1526,46368100.0,2705.0,1,2702.0,1
rb1805,20170516,20170515,213008500,2703.0,1710,1526,46368100.0,2705.0,1,2703.0,1
rb1805,20170516,20170515,213010500,2703.0,1710,1526,46368100.0,2706.0,2,2703.0,1
rb1805,20170516,20170515,213012500,2703.0,1710,1526,46368100.0,2706.0,2,2703.0,1
rb1805,20170516,20170515,213013000,2703.0,1710,1526,46368100.0,2706.0,2,2703.0,1
rb1805,20170516,20170515,213016000,2703.0,1710,1526,46368100.0,2706.0,2,2702.0,1
rb1805,20170516,20170515,213019000,2703.0,1710,1526,46368100.0,2706.0,2,2702.0,1
rb1805,20170516,20170515,213019500,2703.0,1710,1526,46368100.0,2706.0,2,2702.0,1
rb1805,20170516,20170515,213020500,2703.0,1710,1526,46368100.0,2706.0,2,2702.0,1
rb1805,20170516,20170515,213033000,2703.0,1710,1526,46368100.0,2706.0,2,2702.0,2
rb1805,20170516,20170515,213041500,2706.0,1712,1526,46422220.0,2706.0,1,2702.0,2
rb1805,20170516,20170515,213044000,2706.0,1712,1526,46422220.0,2706.0,1,2702.0,2
rb1805,20170516,20170515,213045000,2706.0,1712,1526,46422220.0,2706.0,1,2702.0,2
rb1805,20170516,20170515,213046500,2706.0,1712,1526,46422220.0,2706.0,1,2703.0,1
rb1805,20170516,20170515,213047000,2706.0,1712,1526,46422220.0,2706.0,1,2705.0,20
rb1805,20170516,20170515,213050500,2706.0,1712,1526,46422220.0,2706.0,1,2705.0,20
rb1805,20170516,20170515,213052500,2706.0,1712,1526,46422220.0,2706.0,1,2705.0,20
rb1805,20170516,20170515,213056500,2706.0,1714,1526,46476340.0,2708.0,2,2706.0,1
rb1805,20170516,20170515,213057000,2706.0,1714,1526,46476340.0,2707.0,1,2706.0,1
rb1805,20170516,20170515,213057500,2705.0,1756,1568,47612460.0,2705.0,19,2703.0,1
rb1805,20170516,20170515,213058000,2705.0,1756,1568,47612460.0,2705.0,19,2703.0,1
rb1805,20170516,20170515,213103000,2705.0,1756,1568,47612460.0,2705.0,19,2703.0,1
rb1805,20170516,20170515,213106000,2705.0,1756,1568,47612460.0,2704.0,1,2703.0,1
rb1805,20170516,20170515,213113500,2704.0,1758,1570,47666540.0,2705.0,19,2703.0,1
rb1805,20170516,20170515,213114500,2703.0,1760,1572,47720600.0,2705.0,19,2702.0,2
rb1805,20170516,20170515,213128000,2703.0,1760,1572,47720600.0,2705.0,19,2703.0,1
rb1805,20170516,20170515,213129000,2703.0,1760,1572,47720600.0,2705.0,19,2703.0,1
rb1805,20170516,20170515,213130500,2703.0,1762,1574,47774660.0,2705.0,19,2702.0,2
rb1805,20170516,20170515,213133000,2703.0,1762,1574,47774660.0,2705.0,19,2703.0,1
rb1805,20170516,20170515,213135500,2703.0,1764,1576,47828720.0,2705.0,19,2702.0,2
rb1805,20170516,20170515,213139500,2703.0,1764,1576,47828720.0,2704.0,2,2702.0,2
rb1805,20170516,20170515,213140000,2703.0,1764,1576,47828720.0,2704.0,2,2702.0,2
rb1805,20170516,20170515,213140500,2702.0,1766,1578,47882760.0,2704.0,2,2702.0,1
rb1805,20170516,20170515,213141000,2702.0,1766,1578,47882760.0,2705.0,19,2702.0,1
rb1805,20170516,20170515,213141500,2701.0,1770,1578,47990820.0,2705.0,19,2701.0,14
rb1805,20170516,20170515,213143000,2701.0,1770,1578,47990820.0,2705.0,20,2701.0,14
rb1805,20170516,20170515,213146000,2701.0,1772,1580,48044840.0,2705.0,20,2701.0,13
rb1805,20170516,20170515,213150000,2701.0,1772,1580,48044840.0,2704.0,5,2701.0,13
rb1805,20170516,20170515,213151000,2701.0,1772,1580,48044840.0,2704.0,5,2701.0,13
rb1805,20170516,20170515,213157500,2701.0,1772,1580,48044840.0,2704.0,5,2701.0,13
rb1805,20170516,20170515,213159000,2701.0,1772,1580,48044840.0,2704.0,5,2701.0,13
rb1805,20170516,20170515,213207000,2701.0,1772,1580,48044840.0,2705.0,21,2701.0,13
rb1805,20170516,20170515,213212000,2701.0,1772,1580,48044840.0,2705.0,21,2701.0,13
rb1805,20170516,20170515,213213000,2701.0,1792,1600,48585040.0,2705.0,21,2701.0,3
rb1805,20170516,20170515,213217500,2701.0,1792,1600,48585040.0,2704.0,5,2701.0,3
rb1805,20170516,20170515,213219500,2701.0,1792,1600,48585040.0,2704.0,5,2702.0,1
rb1805,20170516,20170515,213220500,2701.0,1792,1600,48585040.0,2704.0,5,2702.0,2
rb1805,20170516,20170515,213230500,2701.0,1792,1600,48585040.0,2704.0,5,2702.0,4
rb1805,20170516,20170515,213238500,2701.0,1792,1600,48585040.0,2705.0,21,2702.0,4
rb1805,20170516,20170515,213243500,2701.0,1792,1600,48585040.0,2704.0,4,2702.0,4
rb1805,20170516,20170515,213245000,2701.0,1792,1600,48585040.0,2704.0,4,2702.0,4
rb1805,20170516,20170515,213247500,2702.0,1798,1606,48747160.0,2704.0,4,2702.0,1
rb1805,20170516,20170515,213249000,2702.0,1800,1606,48801200.0,2702.0,1,2701.0,3
rb1805,20170516,20170515,213253500,2702.0,1802,1606,48855240.0,2704.0,4,2701.0,3
rb1805,20170516,20170515,213255500,2702.0,1802,1606,48855240.0,2704.0,4,2701.0,3
rb1805,20170516,20170515,213302000,2701.0,1808,1612,49017300.0,2701.0,17,2700.0,32
rb1805,20170516,20170515,213302500,2700.0,1816,1620,49233300.0,2701.0,17,2700.0,28
rb1805,20170516,20170515,213304500,2700.0,1816,1620,49233300.0,2701.0,17,2700.0,28
rb1805,20170516,20170515,213307500,2700.0,1816,1620,49233300.0,2701.0,17,2700.0,28
rb1805,20170516,20170515,213309500,2700.0,1856,1660,50313300.0,2701.0,17,2700.0,8
rb1805,20170516,20170515,213310000,2700.0,1856,1660,50313300.0,2701.0,17,2700.0,9
rb1805,20170516,20170515,213310500,2701.0,1866,1670,50583400.0,2701.0,12,2700.0,9
rb1805,20170516,20170515,213317000,2701.0,1868,1672,50637420.0,2704.0,4,2700.0,9
rb1805,20170516,20170515,213322000,2701.0,1868,1672,50637420.0,2704.0,4,2700.0,10
rb1805,20170516,20170515,213330000,2700.0,1888,1692,51177420.0,2700.0,10,2698.0,5
rb1805,20170516,20170515,213334500,2700.0,1888,1692,51177420.0,2700.0,10,2698.0,5
rb1805,20170516,20170515,213338000,2700.0,1888,1692,51177420.0,2700.0,10,2698.0,5
rb1805,20170516,20170515,213339500,2700.0,1888,1692,51177420.0,2700.0,10,2698.0,25
rb1805,20170516,20170515,213344500,2700.0,1888,1692,51177420.0,2700.0,10,2698.0,25
rb1805,20170516,20170515,213345000,2700.0,1888,1692,51177420.0,2700.0,11,2698.0,25
rb1805,20170516,20170515,213346000,2700.0,1888,1692,51177420.0,2700.0,11,2699.0,1
rb1805,20170516,20170515,213349500,2700.0,1888,1692,51177420.0,2700.0,11,2699.0,1
rb1805,20170516,20170515,213351000,2700.0,1888,1692,51177420.0,2700.0,11,2699.0,1
rb1805,20170516,20170515,213352000,2700.0,1888,1692,51177420.0,2700.0,11,2699.0,1
rb1805,20170516,20170515,213354500,2700.0,1888,1692,51177420.0,2700.0,11,2699.0,1
rb1805,20170516,20170515,213400500,2700.0,1888,1692,51177420.0,2700.0,11,2699.0,1
rb1805,20170516,20170515,213401000,2700.0,1888,1692,51177420.0,2700.0,11,2699.0,1
rb1805,20170516,20170515,213403000,2700.0,1888,1692,51177420.0,2700.0,11,2699.0,1
rb1805,20170516,20170515,213403500,2700.0,1888,1692,51177420.0,2700.0,11,2699.0,1
rb1805,20170516,20170515,213408000,2700.0,1890,1694,51231420.0,2700.0,10,2699.0,1
rb1805,20170516,20170515,213408500,2700.0,1890,1694,51231420.0,2700.0,10,2699.0,1
rb1805,20170516,20170515,213410500,2700.0,1890,1694,51231420.0,2700.0,10,2699.0,1
rb1805,20170516,20170515,213415000,2700.0,1890,1694,51231420.0,2700.0,10,2698.0,26
rb1805,20170516,20170515,213420500,2700.0,1890,1694,51231420.0,2700.0,10,2698.0,26
rb1805,20170516,20170515,213423000,2700.0,1890,1694,51231420.0,2700.0,10,2699.0,1
rb1805,20170516,20170515,213436500,2700.0,1890,1694,51231420.0,2700.0,10,2699.0,1
rb1805,20170516,20170515,213440000,2700.0,1890,1694,51231420.0,2700.0,10,2699.0,1
rb1805,20170516,20170515,213441000,2700.0,1890,1694,51231420.0,2700.0,11,2699.0,1
rb1805,20170516,20170515,213451500,2700.0,1890,1694,51231420.0,2700.0,11,2699.0,1
rb1805,20170516,20170515,213455000,2699.0,1892,1696,51285400.0,2699.0,1,2698.0,26
rb1805,20170516,20170515,213500000,2699.0,1894,1698,51339380.0,2700.0,11,2698.0,26
rb1805,20170516,20170515,213505500,2700.0,1896,1700,51393380.0,2700.0,10,2698.0,26
rb1805,20170516,20170515,213507000,2700.0,1896,1700,51393380.0,2700.0,10,2698.0,26
rb1805,20170516,20170515,213507500,2700.0,1896,1700,51393380.0,2700.0,10,2698.0,26
rb1805,20170516,20170515,213512000,2700.0,1898,1702,51447380.0,2700.0,9,2698.0,26
rb1805,20170516,20170515,213512500,2700.0,1898,1702,51447380.0,2700.0,9,2698.0,26
rb1805,20170516,20170515,213514500,2700.0,1898,1702,51447380.0,2700.0,9,2698.0,26
rb1805,20170516,20170515,213517500,2698.0,1902,1706,51555300.0,2700.0,9,2698.0,24
rb1805,20170516,20170515,213522500,2698.0,1902,1706,51555300.0,2700.0,9,2698.0,25
rb1805,20170516,20170515,213523000,2698.0,1902,1706,51555300.0,2700.0,9,2699.0,10
rb1805,20170516,20170515,213526500,2698.0,1902,1706,51555300.0,2700.0,29,2699.0,10
rb1805,20170516,20170515,213527000,2698.0,1902,1706,51555300.0,2700.0,29,2699.0,10
rb1805,20170516,20170515,213530000,2700.0,1904,1708,51609300.0,2700.0,28,2699.0,10
rb1805,20170516,20170515,213538000,2700.0,1904,1708,51609300.0,2700.0,28,2699.0,11
rb1805,20170516,20170515,213541500,2700.0,1904,1708,51609300.0,2700.0,28,2699.0,11
rb1805,20170516,20170515,213544000,2700.0,1904,1708,51609300.0,2700.0,28,2699.0,12
rb1805,20170516,20170515,213545000,2700.0,1944,1748,52689300.0,2700.0,8,2699.0,12
rb1805,20170516,20170515,213547000,2700.0,1946,1750,52743300.0,2700.0,7,2699.0,13
rb1805,20170516,20170515,213548500,2700.0,1950,1754,52851300.0,2700.0,5,2699.0,13
rb1805,20170516,20170515,213552500,2700.0,1950,1754,52851300.0,2700.0,5,2699.0,13
rb1805,20170516,20170515,213555500,2700.0,1952,1756,52905300.0,2700.0,4,2699.0,12
rb1805,20170516,20170515,213556000,2700.0,1954,1756,52959300.0,2700.0,3,2699.0,12
rb1805,20170516,20170515,213558000,2700.0,1956,1758,53013300.0,2700.0,2,2699.0,12
rb1805,20170516,20170515,213559000,2700.0,1960,1762,53121300.0,2705.0,2,2700.0,3
rb1805,20170516,20170515,213601500,2700.0,1960,1762,53121300.0,2705.0,2,2700.0,4
rb1805,20170516,20170515,213609000,2700.0,1960,1762,53121300.0,2705.0,2,2700.0,4
rb1805,20170516,20170515,213616000,2700.0,1960,1762,53121300.0,2705.0,1,2700.0,4
rb1805,20170516,20170515,213620500,2700.0,1960,1762,53121300.0,2705.0,1,2700.0,4
rb1805,20170516,20170515,213621500,2700.0,1960,1762,53121300.0,2705.0,1,2700.0,5
rb1805,20170516,20170515,213625000,2700.0,1960,1762,53121300.0,2705.0,1,2700.0,7
rb1805,20170516,20170515,213625500,2700.0,1960,1762,53121300.0,2705.0,2,2700.0,7
rb1805,20170516,20170515,213630500,2700.0,1960,1762,53121300.0,2705.0,2,2700.0,7
rb1805,20170516,20170515,213632000,2700.0,1960,1762,53121300.0,2705.0,2,2700.0,7
rb1805,20170516,20170515,213639000,2700.0,1960,1762,53121300.0,2705.0,2,2700.0,6
rb1805,20170516,20170515,213639500,2700.0,1960,1762,53121300.0,2704.0,20,2700.0,6
rb1805,20170516,20170515,213647000,2700.0,1960,1762,53121300.0,2704.0,20,2701.0,1
rb1805,20170516,20170515,213658000,2700.0,1960,1762,53121300.0,2704.0,20,2701.0,1
rb1805,20170516,20170515,213708500,2700.0,1960,1762,53121300.0,2704.0,20,2701.0,1
rb1805,20170516,20170515,213713000,2700.0,1960,1762,53121300.0,2704.0,20,2701.0,1
rb1805,20170516,20170515,213716000,2700.0,1960,1762,53121300.0,2704.0,20,2701.0,1
rb1805,20170516,20170515,213725000,2704.0,1962,1764,53175380.0,2704.0,19,2701.0,1
rb1805,20170516,20170515,213727500,2704.0,1962,1764,53175380.0,2704.0,19,2701.0,1
rb1805,20170516,20170515,213747500,2704.0,1964,1766,53229460.0,2704.0,18,2701.0,1
rb1805,20170516,20170515,213748000,2701.0,1966,1768,53283480.0,2704.0,18,2700.0,27
rb1805,20170516,20170515,213753500,2701.0,1966,1768,53283480.0,2704.0,18,2700.0,27
rb1805,20170516,20170515,213756500,2704.0,1968,1770,53337560.0,2704.0,17,2700.0,27
rb1805,20170516,20170515,213815000,2704.0,1970,1772,53391640.0,2704.0,16,2700.0,27
rb1805,20170516,20170515,213820000,2704.0,1970,1772,53391640.0,2704.0,16,2700.0,27
rb1805,20170516,20170515,213822500,2704.0,1972,1774,53445720.0,2704.0,15,2700.0,27
rb1805,20170516,20170515,213826000,2704.0,1972,1774,53445720.0,2704.0,15,2700.0,27
rb1805,20170516,20170515,213827000,2704.0,1976,1774,53553880.0,2704.0,13,2700.0,27
rb1805,20170516,20170515,213831500,2704.0,1976,1774,53553880.0,2704.0,13,2700.0,27
rb1805,20170516,20170515,213845000,2704.0,1978,1776,53607960.0,2704.0,12,2700.0,27
rb1805,20170516,20170515,213855000,2704.0,1978,1776,53607960.0,2704.0,12,2700.0,27
rb1805,20170516,20170515,213914000,2704.0,1978,1776,53607960.0,2704.0,12,2701.0,1
rb1805,20170516,20170515,213916000,2704.0,2002,1800,54256920.0,2705.0,2,2701.0,1
rb1805,20170516,20170515,213922500,2704.0,2002,1800,54256920.0,2705.0,2,2701.0,1
rb1805,20170516,20170515,213925500,2705.0,2004,1800,54311020.0,2705.0,1,2701.0,1
rb1805,20170516,20170515,213929500,2705.0,2004,1800,54311020.0,2705.0,1,2701.0,2
rb1805,20170516,20170515,213934500,2705.0,2004,1800,54311020.0,2705.0,1,2701.0,3
rb1805,20170516,20170515,213935500,2705.0,2004,1800,54311020.0,2705.0,1,2701.0,3
rb1805,20170516,20170515,213938500,2705.0,2004,1800,54311020.0,2705.0,1,2701.0,3
rb1805,20170516,20170515,213940500,2705.0,2006,1800,54365120.0,2708.0,2,2705.0,4
rb1805,20170516,20170515,213941000,2705.0,2006,1800,54365120.0,2708.0,2,2705.0,5
rb1805,20170516,20170515,213941500,2705.0,2006,1800,54365120.0,2708.0,2,2705.0,5
rb1805,20170516,20170515,213942500,2705.0,2006,1800,54365120.0,2708.0,2,2705.0,6
rb1805,20170516,20170515,213943500,2708.0,2008,1802,54419280.0,2708.0,1,2705.0,6
rb1805,20170516,20170515,213951000,2708.0,2008,1802,54419280.0,2708.0,21,2705.0,6
rb1805,20170516,20170515,213953000,2705.0,2012,1806,54527480.0,2708.0,21,2705.0,4
rb1805,20170516,20170515,213955000,2705.0,2012,1806,54527480.0,2708.0,21,2705.0,3
rb1805,20170516,20170515,213959500,2705.0,2012,1806,54527480.0,2708.0,21,2705.0,4
rb1805,20170516,20170515,214004000,2708.0,2054,1848,55664840.0,2710.0,5,2708.0,4
rb1805,20170516,20170515,214007000,2708.0,2062,1856,55881480.0,2707.0,1,2705.0,4
rb1805,20170516,20170515,214010500,2708.0,2062,1856,55881480.0,2710.0,5,2705.0,4
rb1805,20170516,20170515,214014500,2710.0,2066,1860,55989880.0,2710.0,3,2705.0,4
rb1805,20170516,20170515,214016000,2710.0,2066,1860,55989880.0,2710.0,3,2705.0,5
rb1805,20170516,20170515,214018000,2710.0,2066,1860,55989880.0,2710.0,3,2705.0,6
rb1805,20170516,20170515,214018500,2710.0,2066,1860,55989880.0,2710.0,3,2705.0,6
rb1805,20170516,20170515,214021000,2710.0,2066,1860,55989880.0,2710.0,3,2705.0,4
rb1805,20170516,20170515,214029000,2710.0,2066,1860,55989880.0,2710.0,3,2705.0,4
rb1805,20170516,20170515,214029500,2710.0,2066,1860,55989880.0,2710.0,4,2705.0,4
rb1805,20170516,20170515,214030000,2710.0,2066,1860,55989880.0,2710.0,4,2705.0,4
rb1805,20170516,20170515,214032000,2710.0,2066,1860,55989880.0,2709.0,1,2705.0,4
rb1805,20170516,20170515,214033000,2710.0,2066,1860,55989880.0,2709.0,1,2705.0,4
rb1805,20170516,20170515,214036000,2710.0,2066,1860,55989880.0,2709.0,11,2705.0,4
rb1805,20170516,20170515,214040000,2710.0,2066,1860,55989880.0,2709.0,11,2705.0,4
rb1805,20170516,20170515,214045000,2709.0,2086,1880,56531680.0,2709.0,1,2705.0,4
rb1805,20170516,20170515,214046000,2709.0,2086,1880,56531680.0,2709.0,1,2705.0,6
rb1805,20170516,20170515,214052500,2709.0,2086,1880,56531680.0,2709.0,1,2706.0,1
rb1805,20170516,20170515,214054000,2709.0,2088,1882,56585860.0,2710.0,16,2706.0,1
rb1805,20170516,20170515,214057000,2710.0,2090,1884,56640060.0,2710.0,15,2708.0,10
rb1805,20170516,20170515,214100500,2708.0,2110,1904,57181660.0,2708.0,10,2706.0,1
rb1805,20170516,20170515,214107500,2708.0,2110,1904,57181660.0,2708.0,10,2706.0,1
rb1805,20170516,20170515,214114000,2708.0,2110,1904,57181660.0,2708.0,10,2706.0,1
rb1805,20170516,20170515,214121000,2708.0,2110,1904,57181660.0,2707.0,1,2706.0,1
rb1805,20170516,20170515,214121500,2708.0,2110,1904,57181660.0,2707.0,1,2706.0,2
rb1805,20170516,20170515,214122500,2708.0,2110,1904,57181660.0,2707.0,1,2706.0,2
rb1805,20170516,20170515,214125000,2708.0,2110,1904,57181660.0,2707.0,1,2706.0,2
rb1805,20170516,20170515,214130000,2708.0,2110,1904,57181660.0,2707.0,1,2706.0,2
rb1805,20170516,20170515,214134500,2708.0,2110,1904,57181660.0,2707.0,2,2706.0,2
rb1805,20170516,20170515,214135000,2708.0,2110,1904,57181660.0,2707.0,2,2706.0,2
rb1805,20170516,20170515,214139500,2708.0,2110,1904,57181660.0,2707.0,2,2706.0,2
rb1805,20170516,20170515,214143500,2708.0,2110,1904,57181660.0,2707.0,2,2706.0,2
rb1805,20170516,20170515,214144500,2707.0,2112,1904,57235800.0,2707.0,1,2706.0,2
rb1805,20170516,20170515,214146500,2706.0,2114,1902,57289920.0,2707.0,1,2706.0,1
rb1805,20170516,20170515,214148000,2706.0,2114,1902,57289920.0,2707.0,1,2706.0,1
rb1805,20170516,20170515,214157500,2707.0,2116,1904,57344060.0,2708.0,30,2706.0,1
rb1805,20170516,20170515,214159500,2707.0,2116,1904,57344060.0,2710.0,15,2706.0,1
rb1805,20170516,20170515,214209500,2710.0,2134,1922,57831860.0,2710.0,6,2706.0,1
rb1805,20170516,20170515,214214500,2710.0,2134,1922,57831860.0,2710.0,6,2706.0,2
rb1805,20170516,20170515,214215000,2710.0,2134,1922,57831860.0,2709.0,9,2706.0,2
rb1805,20170516,20170515,214215500,2710.0,2134,1922,57831860.0,2709.0,9,2706.0,2
rb1805,20170516,20170515,214217000,2710.0,2134,1922,57831860.0,2709.0,9,2706.0,2
rb1805,20170516,20170515,214220000,2710.0,2134,1922,57831860.0,2709.0,9,2706.0,2
rb1805,20170516,20170515,214222500,2706.0,2138,1926,57940100.0,2706.0,18,2705.0,5
rb1805,20170516,20170515,214225500,2706.0,2138,1926,57940100.0,2706.0,18,2705.0,4
rb1805,20170516,20170515,214229500,2706.0,2140,1928,57994220.0,2706.0,17,2705.0,4
rb1805,20170516,20170515,214230500,2706.0,2156,1928,58427180.0,2706.0,9,2705.0,4
rb1805,20170516,20170515,214233000,2706.0,2158,1928,58481300.0,2706.0,8,2705.0,4
rb1805,20170516,20170515,214236000,2706.0,2158,1928,58481300.0,2706.0,8,2705.0,4
rb1805,20170516,20170515,214238500,2706.0,2158,1928,58481300.0,2706.0,8,2705.0,4
rb1805,20170516,20170515,214253000,2706.0,2158,1928,58481300.0,2706.0,8,2705.0,4
rb1805,20170516,20170515,214254500,2706.0,2158,1928,58481300.0,2706.0,8,2705.0,4
rb1805,20170516,20170515,214255500,2706.0,2158,1928,58481300.0,2706.0,8,2705.0,4
rb1805,20170516,20170515,214301000,2706.0,2158,1928,58481300.0,2706.0,8,2705.0,4
rb1805,20170516,20170515,214305500,2706.0,2158,1928,58481300.0,2706.0,8,2705.0,4
rb1805,20170516,20170515,214308000,2706.0,2158,1928,58481300.0,2706.0,8,2705.0,4
rb1805,20170516,20170515,214310500,2706.0,2158,1928,58481300.0,2706.0,8,2705.0,5
rb1805,20170516,20170515,214312000,2706.0,2160,1930,58535420.0,2706.0,7,2705.0,5
rb1805,20170516,20170515,214322500,2706.0,2174,1944,58914260.0,2709.0,9,2706.0,3
rb1805,20170516,20170515,214324500,2706.0,2174,1944,58914260.0,2709.0,9,2706.0,3
rb1805,20170516,20170515,214328500,2706.0,2174,1944,58914260.0,2709.0,49,2706.0,3
rb1805,20170516,20170515,214334500,2706.0,2174,1944,58914260.0,2709.0,49,2706.0,3
rb1805,20170516,20170515,214335500,2706.0,2174,1944,58914260.0,2709.0,49,2706.0,3
rb1805,20170516,20170515,214338500,2706.0,2174,1944,58914260.0,2709.0,49,2706.0,3
rb1805,20170516,20170515,214339000,2706.0,2174,1944,58914260.0,2708.0,5,2706.0,3
rb1805,20170516,20170515,214341500,2706.0,2174,1944,58914260.0,2708.0,5,2706.0,3
rb1805,20170516,20170515,214342500,2706.0,2174,1944,58914260.0,2708.0,5,2706.0,3
rb1805,20170516,20170515,214344000,2706.0,2180,1950,59076620.0,2706.0,7,2705.0,4
rb1805,20170516,20170515,214344500,2706.0,2182,1952,59130740.0,2706.0,6,2705.0,4
rb1805,20170516,20170515,214350000,2706.0,2182,1952,59130740.0,2706.0,6,2705.0,4
rb1805,20170516,20170515,214358500,2706.0,2182,1952,59130740.0,2706.0,6,2705.0,4
rb1805,20170516,20170515,214426500,2705.0,2190,1956,59347140.0,2706.0,6,2701.0,4
rb1805,20170516,20170515,214428000,2706.0,2202,1968,59671860.0,2708.0,5,2706.0,4
rb1805,20170516,20170515,214433500,2706.0,2202,1968,59671860.0,2708.0,5,2706.0,5
rb1805,20170516,20170515,214434000,2706.0,2210,1976,59888340.0,2708.0,5,2706.0,1
rb1805,20170516,20170515,214435000,2706.0,2212,1978,59942460.0,2708.0,5,2701.0,4
rb1805,20170516,20170515,214438500,2706.0,2212,1978,59942460.0,2708.0,10,2701.0,4
rb1805,20170516,20170515,214440500,2706.0,2212,1978,59942460.0,2708.0,10,2701.0,4
rb1805,20170516,20170515,214442000,2706.0,2212,1978,59942460.0,2708.0,20,2701.0,4
rb1805,20170516,20170515,214443000,2706.0,2212,1978,59942460.0,2708.0,20,2701.0,4
rb1805,20170516,20170515,214443500,2706.0,2212,1978,59942460.0,2708.0,20,2706.0,1
rb1805,20170516,20170515,214445000,2706.0,2212,1978,59942460.0,2708.0,20,2706.0,1
rb1805,20170516,20170515,214445500,2706.0,2212,1978,59942460.0,2708.0,20,2706.0,1
rb1805,20170516,20170515,214447000,2706.0,2212,1978,59942460.0,2708.0,20,2706.0,1
rb1805,20170516,20170515,214449000,2706.0,2212,1978,59942460.0,2708.0,20,2706.0,1
rb1805,20170516,20170515,214453000,2706.0,2214,1978,59996580.0,2706.0,1,2701.0,4
rb1805,20170516,20170515,214459000,2706.0,2214,1978,59996580.0,2706.0,1,2701.0,5
rb1805,20170516,20170515,214502500,2706.0,2216,1978,60050700.0,2708.0,15,2706.0,9
rb1805,20170516,20170515,214508500,2706.0,2218,1978,60104820.0,2708.0,15,2706.0,8
rb1805,20170516,20170515,214516500,2708.0,2228,1988,60375620.0,2708.0,10,2706.0,8
rb1805,20170516,20170515,214519500,2708.0,2228,1988,60375620.0,2708.0,10,2707.0,2
rb1805,20170516,20170515,214520000,2706.0,2248,2008,60916860.0,2706.0,10,2701.0,5
rb1805,20170516,20170515,214524000,2706.0,2248,2008,60916860.0,2706.0,10,2701.0,5
rb1805,20170516,20170515,214524500,2706.0,2248,2008,60916860.0,2708.0,10,2701.0,5
rb1805,20170516,20170515,214530000,2706.0,2248,2008,60916860.0,2708.0,10,2706.0,10
rb1805,20170516,20170515,214534000,2706.0,2248,2008,60916860.0,2708.0,10,2706.0,10
rb1805,20170516,20170515,214535500,2706.0,2248,2008,60916860.0,2708.0,10,2706.0,10
rb1805,20170516,20170515,214538000,2706.0,2248,2008,60916860.0,2708.0,10,2706.0,10
rb1805,20170516,20170515,214540000,2708.0,2250,2010,60971020.0,2708.0,9,2706.0,10
rb1805,20170516,20170515,214542500,2706.0,2252,2010,61025140.0,2708.0,9,2706.0,9
rb1805,20170516,20170515,214543000,2706.0,2252,2010,61025140.0,2708.0,9,2706.0,9
rb1805,20170516,20170515,214543500,2706.0,2270,2028,61512220.0,2706.0,11,2702.0,1
rb1805,20170516,20170515,214545000,2706.0,2270,2028,61512220.0,2706.0,11,2702.0,1
rb1805,20170516,20170515,214546000,2706.0,2270,2028,61512220.0,2708.0,9,2702.0,1
rb1805,20170516,20170515,214548500,2706.0,2270,2028,61512220.0,2707.0,2,2702.0,1
rb1805,20170516,20170515,214552500,2706.0,2270,2028,61512220.0,2707.0,2,2702.0,1
rb1805,20170516,20170515,214553000,2706.0,2270,2028,61512220.0,2707.0,2,2702.0,1
rb1805,20170516,20170515,214559500,2706.0,2270,2028,61512220.0,2707.0,2,2702.0,1
rb1805,20170516,20170515,214604500,2706.0,2270,2028,61512220.0,2707.0,2,2702.0,1
rb1805,20170516,20170515,214605500,2706.0,2270,2028,61512220.0,2707.0,12,2702.0,1
rb1805,20170516,20170515,214606000,2706.0,2270,2028,61512220.0,2706.0,20,2702.0,1
rb1805,20170516,20170515,214609000,2706.0,2270,2028,61512220.0,2706.0,20,2702.0,1
rb1805,20170516,20170515,214616500,2706.0,2274,2032,61620460.0,2706.0,18,2702.0,1
rb1805,20170516,20170515,214620500,2706.0,2274,2032,61620460.0,2706.0,18,2702.0,1
rb1805,20170516,20170515,214624000,2706.0,2274,2032,61620460.0,2706.0,18,2702.0,1
rb1805,20170516,20170515,214626500,2706.0,2274,2032,61620460.0,2706.0,18,2702.0,1
rb1805,20170516,20170515,214627000,2706.0,2274,2032,61620460.0,2706.0,18,2702.0,1
rb1805,20170516,20170515,214628000,2706.0,2274,2032,61620460.0,2706.0,18,2702.0,1
rb1805,20170516,20170515,214634000,2706.0,2274,2032,61620460.0,2706.0,18,2702.0,1
rb1805,20170516,20170515,214659500,2706.0,2276,2034,61674580.0,2706.0,17,2702.0,1
rb1805,20170516,20170515,214708500,2706.0,2276,2034,61674580.0,2706.0,17,2702.0,1
rb1805,20170516,20170515,214715500,2706.0,2276,2034,61674580.0,2706.0,17,2703.0,1
rb1805,20170516,20170515,214729500,2706.0,2276,2034,61674580.0,2706.0,17,2703.0,1
rb1805,20170516,20170515,214736000,2706.0,2278,2036,61728700.0,2706.0,16,2703.0,1
rb1805,20170516,20170515,214745000,2706.0,2278,2036,61728700.0,2707.0,2,2703.0,1
rb1805,20170516,20170515,214746500,2706.0,2278,2036,61728700.0,2707.0,2,2703.0,1
rb1805,20170516,20170515,214802500,2706.0,2278,2036,61728700.0,2707.0,2,2704.0,1
rb1805,20170516,20170515,214821000,2706.0,2278,2036,61728700.0,2707.0,2,2704.0,1
rb1805,20170516,20170515,214822000,2706.0,2278,2036,61728700.0,2707.0,2,2704.0,1
rb1805,20170516,20170515,214829000,2706.0,2278,2036,61728700.0,2707.0,2,2705.0,1
rb1805,20170516,20170515,214837000,2707.0,2280,2036,61782840.0,2707.0,1,2705.0,1
rb1805,20170516,20170515,214847000,2707.0,2280,2036,61782840.0,2706.0,6,2705.0,1
rb1805,20170516,20170515,214850500,2705.0,2282,2038,61836940.0,2705.0,19,2704.0,1
rb1805,20170516,20170515,214853000,2705.0,2282,2038,61836940.0,2705.0,19,2704.0,1
rb1805,20170516,20170515,214854000,2705.0,2286,2042,61945140.0,2705.0,17,2704.0,1
rb1805,20170516,20170515,214903000,2705.0,2290,2042,62053340.0,2705.0,15,2704.0,1
rb1805,20170516,20170515,214919500,2705.0,2290,2042,62053340.0,2707.0,1,2704.0,1
rb1805,20170516,20170515,214936000,2705.0,2290,2042,62053340.0,2707.0,1,2704.0,2
rb1805,20170516,20170515,214936500,2705.0,2290,2042,62053340.0,2706.0,1,2704.0,2
rb1805,20170516,20170515,214944000,2706.0,2292,2042,62107460.0,2707.0,1,2704.0,2
rb1805,20170516,20170515,215004000,2706.0,2292,2042,62107460.0,2707.0,1,2704.0,21
rb1805,20170516,20170515,215022000,2707.0,2294,2042,62161600.0,2709.0,40,2704.0,21
rb1805,20170516,20170515,215022500,2707.0,2294,2042,62161600.0,2709.0,40,2707.0,2
rb1805,20170516,20170515,215026500,2707.0,2294,2042,62161600.0,2709.0,40,2707.0,2
rb1805,20170516,20170515,215028500,2709.0,2314,2062,62703400.0,2709.0,30,2707.0,2
rb1805,20170516,20170515,215030500,2709.0,2314,2062,62703400.0,2708.0,2,2707.0,2
rb1805,20170516,20170515,215043000,2709.0,2314,2062,62703400.0,2708.0,2,2707.0,2
rb1805,20170516,20170515,215044500,2709.0,2314,2062,62703400.0,2708.0,2,2707.0,3
rb1805,20170516,20170515,215048000,2709.0,2314,2062,62703400.0,2708.0,2,2707.0,3
rb1805,20170516,20170515,215057000,2708.0,2316,2062,62757560.0,2708.0,1,2707.0,3
rb1805,20170516,20170515,215059500,2708.0,2316,2062,62757560.0,2708.0,1,2707.0,2
rb1805,20170516,20170515,215100500,2708.0,2316,2062,62757560.0,2708.0,1,2707.0,2
rb1805,20170516,20170515,215105500,2708.0,2316,2062,62757560.0,2708.0,1,2707.0,2
rb1805,20170516,20170515,215122000,2708.0,2316,2062,62757560.0,2708.0,1,2707.0,2
rb1805,20170516,20170515,215133500,2707.0,2320,2066,62865840.0,2707.0,1,2706.0,1
rb1805,20170516,20170515,215142500,2707.0,2320,2066,62865840.0,2707.0,1,2706.0,1
rb1805,20170516,20170515,215147000,2706.0,2322,2066,62919960.0,2707.0,1,2704.0,21
rb1805,20170516,20170515,215147500,2707.0,2324,2068,62974100.0,2708.0,1,2704.0,21
rb1805,20170516,20170515,215158500,2707.0,2324,2068,62974100.0,2708.0,2,2704.0,21
rb1805,20170516,20170515,215201500,2707.0,2324,2068,62974100.0,2708.0,3,2704.0,21
rb1805,20170516,20170515,215204500,2707.0,2324,2068,62974100.0,2708.0,3,2704.0,21
rb1805,20170516,20170515,215205000,2707.0,2324,2068,62974100.0,2708.0,3,2704.0,21
rb1805,20170516,20170515,215218500,2707.0,2324,2068,62974100.0,2708.0,3,2705.0,1
rb1805,20170516,20170515,215239000,2707.0,2324,2068,62974100.0,2708.0,3,2705.0,1
rb1805,20170516,20170515,215240000,2708.0,2328,2070,63082420.0,2708.0,1,2705.0,1
rb1805,20170516,20170515,215254000,2708.0,2328,2070,63082420.0,2708.0,1,2705.0,1
rb1805,20170516,20170515,215301000,2708.0,2328,2070,63082420.0,2708.0,3,2705.0,1
rb1805,20170516,20170515,215309500,2708.0,2328,2070,63082420.0,2708.0,3,2706.0,1
rb1805,20170516,20170515,215318000,2706.0,2330,2070,63136540.0,2706.0,1,2705.0,1
rb1805,20170516,20170515,215318500,2706.0,2330,2070,63136540.0,2708.0,1,2705.0,1
rb1805,20170516,20170515,215322500,2708.0,2332,2072,63190700.0,2709.0,31,2708.0,2
rb1805,20170516,20170515,215323500,2708.0,2336,2076,63299020.0,2706.0,3,2705.0,1
rb1805,20170516,20170515,215336000,2708.0,2336,2076,63299020.0,2706.0,3,2705.0,1
rb1805,20170516,20170515,215337000,2708.0,2336,2076,63299020.0,2706.0,3,2705.0,1
rb1805,20170516,20170515,215340000,2706.0,2338,2078,63353140.0,2706.0,2,2705.0,1
rb1805,20170516,20170515,215354500,2706.0,2338,2078,63353140.0,2706.0,2,2705.0,1
rb1805,20170516,20170515,215357000,2706.0,2338,2078,63353140.0,2706.0,2,2705.0,1
rb1805,20170516,20170515,215400500,2706.0,2338,2078,63353140.0,2706.0,2,2705.0,1
rb1805,20170516,20170515,215405000,2706.0,2338,2078,63353140.0,2706.0,2,2705.0,1
rb1805,20170516,20170515,215421500,2705.0,2340,2078,63407240.0,2706.0,2,2704.0,20
rb1805,20170516,20170515,215429500,2705.0,2340,2078,63407240.0,2706.0,3,2704.0,20
rb1805,20170516,20170515,215435500,2705.0,2340,2078,63407240.0,2706.0,3,2704.0,20
rb1805,20170516,20170515,215439500,2705.0,2340,2078,63407240.0,2706.0,4,2704.0,20
rb1805,20170516,20170515,215506500,2705.0,2340,2078,63407240.0,2706.0,4,2704.0,20
rb1805,20170516,20170515,215514500,2705.0,2340,2078,63407240.0,2706.0,24,2704.0,20
rb1805,20170516,20170515,215520500,2705.0,2340,2078,63407240.0,2706.0,24,2704.0,20
rb1805,20170516,20170515,215526000,2705.0,2340,2078,63407240.0,2706.0,24,2704.0,20
rb1805,20170516,20170515,215526500,2705.0,2340,2078,63407240.0,2706.0,24,2704.0,20
rb1805,20170516,20170515,215528000,2705.0,2340,2078,63407240.0,2706.0,24,2704.0,20
rb1805,20170516,20170515,215535500,2705.0,2340,2078,63407240.0,2706.0,4,2704.0,20
rb1805,20170516,20170515,215541500,2705.0,2340,2078,63407240.0,2706.0,4,2704.0,20
rb1805,20170516,20170515,215544000,2704.0,2360,2098,63948040.0,2706.0,4,2704.0,10
rb1805,20170516,20170515,215555500,2704.0,2360,2098,63948040.0,2706.0,24,2704.0,10
rb1805,20170516,20170515,215556500,2704.0,2380,2118,64488840.0,2706.0,24,2701.0,5
rb1805,20170516,20170515,215559000,2704.0,2380,2118,64488840.0,2706.0,24,2701.0,5
rb1805,20170516,20170515,215607000,2704.0,2380,2118,64488840.0,2706.0,4,2701.0,5
rb1805,20170516,20170515,215611500,2704.0,2380,2118,64488840.0,2705.0,2,2701.0,5
rb1805,20170516,20170515,215625500,2705.0,2382,2120,64542940.0,2705.0,1,2701.0,5
rb1805,20170516,20170515,215631500,2705.0,2382,2120,64542940.0,2705.0,1,2701.0,10
rb1805,20170516,20170515,215639500,2705.0,2382,2120,64542940.0,2705.0,1,2701.0,10
rb1805,20170516,20170515,215643500,2701.0,2384,2122,64596960.0,2705.0,1,2701.0,9
rb1805,20170516,20170515,215650000,2701.0,2384,2122,64596960.0,2705.0,1,2702.0,5
rb1805,20170516,20170515,215658000,2701.0,2384,2122,64596960.0,2705.0,2,2702.0,5
rb1805,20170516,20170515,215702000,2705.0,2388,2122,64705160.0,2706.0,4,2705.0,3
rb1805,20170516,20170515,215703000,2705.0,2390,2122,64759260.0,2706.0,4,2705.0,2
rb1805,20170516,20170515,215704000,2705.0,2392,2122,64813360.0,2706.0,4,2705.0,1
rb1805,20170516,20170515,215705500,2705.0,2394,2122,64867460.0,2706.0,4,2702.0,5
rb1805,20170516,20170515,215707000,2705.0,2396,2124,64921560.0,2706.0,4,2702.0,5
rb1805,20170516,20170515,215708000,2705.0,2396,2124,64921560.0,2705.0,1,2702.0,5
rb1805,20170516,20170515,215710000,2705.0,2396,2124,64921560.0,2705.0,2,2702.0,5
rb1805,20170516,20170515,215711500,2705.0,2396,2124,64921560.0,2705.0,3,2702.0,5
rb1805,20170516,20170515,215712000,2705.0,2396,2124,64921560.0,2705.0,3,2703.0,1
rb1805,20170516,20170515,215716000,2705.0,2396,2124,64921560.0,2705.0,3,2703.0,1
rb1805,20170516,20170515,215722000,2705.0,2396,2124,64921560.0,2705.0,3,2703.0,9
rb1805,20170516,20170515,215731000,2705.0,2396,2124,64921560.0,2705.0,3,2703.0,9
rb1805,20170516,20170515,215732500,2705.0,2396,2124,64921560.0,2705.0,3,2703.0,9
rb1805,20170516,20170515,215735500,2705.0,2396,2124,64921560.0,2705.0,3,2703.0,9
rb1805,20170516,20170515,215743000,2705.0,2398,2126,64975660.0,2705.0,2,2703.0,9
rb1805,20170516,20170515,215749000,2705.0,2398,2126,64975660.0,2705.0,2,2703.0,9
rb1805,20170516,20170515,215757000,2705.0,2398,2126,64975660.0,2705.0,2,2703.0,8
rb1805,20170516,20170515,215805000,2703.0,2414,2142,65408140.0,2705.0,2,2702.0,1
rb1805,20170516,20170515,215812000,2703.0,2414,2142,65408140.0,2705.0,2,2702.0,1
rb1805,20170516,20170515,215813000,2703.0,2414,2142,65408140.0,2705.0,2,2702.0,1
rb1805,20170516,20170515,215815000,2703.0,2414,2142,65408140.0,2705.0,2,2701.0,4
rb1805,20170516,20170515,215815500,2703.0,2414,2142,65408140.0,2705.0,2,2701.0,4
rb1805,20170516,20170515,215824500,2703.0,2414,2142,65408140.0,2705.0,2,2701.0,5
rb1805,20170516,20170515,215842000,2701.0,2416,2142,65462160.0,2705.0,2,2701.0,4
rb1805,20170516,20170515,215844500,2701.0,2416,2142,65462160.0,2705.0,2,2701.0,7
rb1805,20170516,20170515,215850500,2701.0,2416,2142,65462160.0,2705.0,2,2702.0,3
rb1805,20170516,20170515,215901000,2701.0,2416,2142,65462160.0,2705.0,2,2702.0,3
rb1805,20170516,20170515,215902000,2701.0,2416,2142,65462160.0,2705.0,2,2702.0,3
rb1805,20170516,20170515,215908500,2702.0,2422,2142,65624280.0,2705.0,2,2701.0,7
rb1805,20170516,20170515,215912500,2702.0,2422,2142,65624280.0,2705.0,2,2701.0,7
rb1805,20170516,20170515,215916500,2702.0,2422,2142,65624280.0,2705.0,2,2702.0,1
rb1805,20170516,20170515,215926000,2702.0,2422,2142,65624280.0,2705.0,2,2702.0,2
rb1805,20170516,20170515,215931500,2702.0,2426,2146,65732360.0,2702.0,1,2701.0,7
rb1805,20170516,20170515,215934500,2702.0,2428,2146,65786400.0,2705.0,2,2702.0,4
rb1805,20170516,20170515,215936500,2702.0,2428,2146,65786400.0,2705.0,2,2702.0,4
rb1805,20170516,20170515,215940000,2702.0,2428,2146,65786400.0,2705.0,2,2702.0,4
rb1805,20170516,20170515,215942500,2702.0,2428,2146,65786400.0,2705.0,2,2702.0,5
rb1805,20170516,20170515,215943000,2702.0,2428,2146,65786400.0,2705.0,2,2702.0,1
rb1805,20170516,20170515,215944500,2702.0,2428,2146,65786400.0,2705.0,2,2702.0,1
rb1805,20170516,20170515,215945000,2702.0,2428,2146,65786400.0,2705.0,2,2702.0,1
rb1805,20170516,20170515,215959500,2705.0,2432,2150,65894600.0,2706.0,4,2702.0,1
rb1805,20170516,20170515,220013500,2705.0,2432,2150,65894600.0,2706.0,4,2703.0,1
rb1805,20170516,20170515,220017000,2706.0,2436,2154,66002840.0,2706.0,2,2703.0,1
rb1805,20170516,20170515,220019000,2706.0,2436,2154,66002840.0,2704.0,1,2703.0,1
rb1805,20170516,20170515,220031500,2706.0,2436,2154,66002840.0,2704.0,1,2703.0,1
rb1805,20170516,20170515,220033500,2704.0,2438,2154,66056920.0,2706.0,2,2703.0,1
rb1805,20170516,20170515,220037500,2704.0,2438,2154,66056920.0,2706.0,2,2703.0,2
rb1805,20170516,20170515,220054000,2704.0,2438,2154,66056920.0,2706.0,2,2703.0,2
rb1805,20170516,20170515,220121500,2703.0,2442,2158,66165040.0,2703.0,8,2701.0,3
rb1805,20170516,20170515,220133000,2703.0,2444,2160,66219100.0,2703.0,7,2701.0,3
rb1805,20170516,20170515,220134000,2703.0,2444,2160,66219100.0,2703.0,7,2701.0,3
rb1805,20170516,20170515,220137500,2703.0,2444,2160,66219100.0,2703.0,7,2701.0,4
rb1805,20170516,20170515,220142500,2703.0,2444,2160,66219100.0,2703.0,7,2701.0,4
rb1805,20170516,20170515,220143500,2703.0,2444,2160,66219100.0,2703.0,7,2702.0,1
rb1805,20170516,20170515,220157500,2703.0,2446,2162,66273160.0,2703.0,6,2702.0,1
rb1805,20170516,20170515,220201000,2703.0,2454,2162,66489400.0,2703.0,2,2702.0,1
rb1805,20170516,20170515,220202500,2703.0,2458,2166,66597520.0,2706.0,2,2702.0,1
rb1805,20170516,20170515,220203500,2703.0,2458,2166,66597520.0,2706.0,2,2702.0,2
rb1805,20170516,20170515,220205500,2703.0,2458,2166,66597520.0,2705.0,1,2702.0,2
rb1805,20170516,20170515,220206500,2705.0,2460,2166,66651620.0,2706.0,2,2702.0,2
rb1805,20170516,20170515,220209000,2705.0,2460,2166,66651620.0,2706.0,2,2702.0,2
rb1805,20170516,20170515,220210500,2705.0,2460,2166,66651620.0,2705.0,1,2702.0,2
rb1805,20170516,20170515,220214000,2705.0,2460,2166,66651620.0,2705.0,1,2703.0,1
rb1805,20170516,20170515,220218500,2705.0,2462,2166,66705720.0,2706.0,2,2703.0,1
rb1805,20170516,20170515,220235000,2705.0,2462,2166,66705720.0,2706.0,2,2703.0,1
rb1805,20170516,20170515,220238000,2705.0,2462,2166,66705720.0,2706.0,2,2703.0,1
rb1805,20170516,20170515,220259500,2705.0,2462,2166,66705720.0,2706.0,2,2704.0,1
rb1805,20170516,20170515,220305000,2705.0,2462,2166,66705720.0,2706.0,2,2703.0,1
rb1805,20170516,20170515,220308000,2706.0,2464,2166,66759840.0,2706.0,1,2703.0,1
rb1805,20170516,20170515,220400000,2706.0,2464,2166,66759840.0,2706.0,1,2703.0,4
rb1805,20170516,20170515,220402000,2706.0,2464,2166,66759840.0,2706.0,1,2703.0,4
rb1805,20170516,20170515,220403000,2706.0,2464,2166,66759840.0,2706.0,1,2704.0,1
rb1805,20170516,20170515,220421000,2704.0,2466,2166,66813920.0,2704.0,1,2703.0,4
rb1805,20170516,20170515,220423500,2704.0,2466,2166,66813920.0,2704.0,1,2703.0,1
rb1805,20170516,20170515,220426500,2704.0,2466,2166,66813920.0,2704.0,1,2703.0,1
rb1805,20170516,20170515,220427500,2704.0,2468,2166,66868000.0,2706.0,1,2704.0,1
rb1805,20170516,20170515,220444500,2704.0,2468,2166,66868000.0,2706.0,1,2704.0,1
rb1805,20170516,20170515,220504000,2704.0,2470,2166,66922080.0,2706.0,1,2703.0,1
rb1805,20170516,20170515,220513000,2703.0,2472,2166,66976140.0,2706.0,1,2702.0,2
rb1805,20170516,20170515,220513500,2703.0,2472,2166,66976140.0,2706.0,1,2702.0,2
rb1805,20170516,20170515,220515000,2703.0,2472,2166,66976140.0,2703.0,1,2702.0,2
rb1805,20170516,20170515,220521500,2703.0,2472,2166,66976140.0,2703.0,1,2702.0,2
rb1805,20170516,20170515,220527500,2702.0,2474,2168,67030180.0,2703.0,1,2702.0,1
rb1805,20170516,20170515,220533500,2702.0,2476,2170,67084220.0,2703.0,1,2701.0,3
rb1805,20170516,20170515,220539500,2702.0,2476,2170,67084220.0,2702.0,2,2701.0,3
rb1805,20170516,20170515,220544000,2702.0,2480,2170,67192300.0,2703.0,1,2701.0,3
rb1805,20170516,20170515,220548500,2702.0,2480,2170,67192300.0,2702.0,2,2701.0,3
rb1805,20170516,20170515,220555000,2702.0,2484,2170,67300380.0,2702.0,1,2701.0,3
rb1805,20170516,20170515,220604000,2702.0,2486,2172,67354420.0,2703.0,1,2702.0,1
rb1805,20170516,20170515,220605500,2702.0,2486,2172,67354420.0,2703.0,1,2701.0,3
rb1805,20170516,20170515,220608000,2702.0,2486,2172,67354420.0,2703.0,1,2701.0,3
rb1805,20170516,20170515,220620500,2702.0,2486,2172,67354420.0,2702.0,2,2701.0,3
rb1805,20170516,20170515,220621500,2702.0,2486,2172,67354420.0,2702.0,2,2701.0,3
rb1805,20170516,20170515,220629000,2702.0,2488,2172,67408460.0,2702.0,1,2701.0,3
rb1805,20170516,20170515,220629500,2702.0,2488,2172,67408460.0,2702.0,1,2701.0,3
rb1805,20170516,20170515,220632000,2702.0,2488,2172,67408460.0,2702.0,2,2701.0,3
rb1805,20170516,20170515,220633000,2702.0,2492,2170,67516540.0,2703.0,1,2701.0,3
rb1805,20170516,20170515,220637000,2702.0,2492,2170,67516540.0,2703.0,1,2701.0,4
rb1805,20170516,20170515,220642500,2703.0,2494,2172,67570600.0,2705.0,2,2701.0,4
rb1805,20170516,20170515,220644500,2703.0,2494,2172,67570600.0,2705.0,2,2701.0,14
rb1805,20170516,20170515,220654500,2703.0,2494,2172,67570600.0,2705.0,2,2702.0,1
rb1805,20170516,20170515,220658000,2705.0,2496,2172,67624700.0,2705.0,1,2702.0,1
rb1805,20170516,20170515,220658500,2705.0,2496,2172,67624700.0,2704.0,1,2702.0,1
rb1805,20170516,20170515,220704500,2705.0,2496,2172,67624700.0,2704.0,1,2702.0,1
rb1805,20170516,20170515,220710000,2705.0,2496,2172,67624700.0,2704.0,1,2702.0,1
rb1805,20170516,20170515,220713000,2705.0,2496,2172,67624700.0,2704.0,1,2703.0,1
rb1805,20170516,20170515,220716000,2705.0,2496,2172,67624700.0,2704.0,1,2703.0,1
rb1805,20170516,20170515,220721500,2703.0,2498,2174,67678760.0,2704.0,1,2702.0,1
