instrument,tradingday,calendarday,time,lastp,volume,openinterest,turnover,ask1,asksz1,bid1,bidsz1
rb1805,20170804,20170803,183706500,3588.0,0,126050,0.0,0.0,0,0.0,0
rb1805,20170804,20170803,205900500,3594.0,86,125994,3090840.0,3595.0,1,3594.0,1
rb1805,20170804,20170803,210000500,3594.0,174,126080,6254400.0,3593.0,3,3591.0,1
rb1805,20170804,20170803,210001000,3594.0,262,126162,9417920.0,3595.0,69,3593.0,1
rb1805,20170804,20170803,210001500,3594.0,264,126164,9489800.0,3595.0,69,3594.0,25
rb1805,20170804,20170803,210002000,3594.0,294,126176,10568260.0,3595.0,56,3594.0,23
rb1805,20170804,20170803,210002500,3595.0,382,126264,13731860.0,3595.0,12,3594.0,23
rb1805,20170804,20170803,210003000,3596.0,630,126288,22645300.0,3597.0,1,3593.0,8
rb1805,20170804,20170803,210003500,3597.0,636,126288,22861120.0,3597.0,4,3595.0,5
rb1805,20170804,20170803,210004000,3593.0,642,126286,23076780.0,3594.0,6,3593.0,16
rb1805,20170804,20170803,210004500,3594.0,658,126294,23651820.0,3599.0,6,3594.0,6
rb1805,20170804,20170803,210005000,3594.0,658,126294,23651820.0,3598.0,3,3597.0,1
rb1805,20170804,20170803,210005500,3597.0,660,126294,23723760.0,3599.0,6,3595.0,1
rb1805,20170804,20170803,210006000,3597.0,660,126294,23723760.0,3599.0,9,3595.0,1
rb1805,20170804,20170803,210006500,3597.0,688,126290,24731280.0,3597.0,15,3595.0,7
rb1805,20170804,20170803,210007000,3597.0,690,126288,24803220.0,3597.0,14,3595.0,7
rb1805,20170804,20170803,210007500,3597.0,690,126288,24803220.0,3597.0,15,3595.0,7
rb1805,20170804,20170803,210008000,3597.0,692,126288,24875160.0,3597.0,14,3595.0,7
rb1805,20170804,20170803,210008500,3597.0,720,126290,25882320.0,3600.0,20,3597.0,1
rb1805,20170804,20170803,210009000,3597.0,724,126294,26026200.0,3598.0,1,3597.0,1
rb1805,20170804,20170803,210009500,3598.0,726,126294,26098160.0,3600.0,20,3597.0,1
rb1805,20170804,20170803,210010000,3599.0,732,126294,26314100.0,3599.0,13,3597.0,1
rb1805,20170804,20170803,210010500,3598.0,762,126296,27393460.0,3598.0,6,3597.0,6
rb1805,20170804,20170803,210011000,3597.0,774,126296,27825100.0,3597.0,12,3595.0,1
rb1805,20170804,20170803,210011500,3597.0,798,126292,28688480.0,3597.0,4,3595.0,2
rb1805,20170804,20170803,210012000,3595.0,808,126300,29048140.0,3598.0,1,3595.0,1
rb1805,20170804,20170803,210012500,3597.0,816,126300,29335900.0,3597.0,16,3595.0,5
rb1805,20170804,20170803,210013000,3597.0,828,126312,29767540.0,3597.0,10,3595.0,5
rb1805,20170804,20170803,210013500,3597.0,828,126312,29767540.0,3597.0,10,3595.0,5
rb1805,20170804,20170803,210014000,3597.0,828,126312,29767540.0,3597.0,11,3595.0,6
rb1805,20170804,20170803,210014500,3597.0,828,126312,29767540.0,3597.0,11,3595.0,6
rb1805,20170804,20170803,210015000,3597.0,828,126312,29767540.0,3597.0,11,3595.0,6
rb1805,20170804,20170803,210015500,3597.0,828,126312,29767540.0,3597.0,11,3595.0,6
rb1805,20170804,20170803,210016000,3597.0,828,126312,29767540.0,3597.0,11,3595.0,6
rb1805,20170804,20170803,210016500,3595.0,840,126322,30198940.0,3595.0,2,3594.0,10
rb1805,20170804,20170803,210017000,3595.0,844,126322,30342740.0,3597.0,13,3595.0,7
rb1805,20170804,20170803,210017500,3595.0,844,126322,30342740.0,3597.0,11,3594.0,23
rb1805,20170804,20170803,210018000,3595.0,844,126322,30342740.0,3597.0,11,3594.0,10
rb1805,20170804,20170803,210018500,3597.0,864,126342,31062140.0,3597.0,1,3595.0,3
rb1805,20170804,20170803,210019000,3597.0,864,126342,31062140.0,3597.0,1,3595.0,4
rb1805,20170804,20170803,210019500,3597.0,864,126342,31062140.0,3597.0,1,3595.0,4
rb1805,20170804,20170803,210020000,3597.0,866,126344,31134080.0,3598.0,1,3596.0,20
rb1805,20170804,20170803,210020500,3597.0,866,126344,31134080.0,3598.0,1,3597.0,1
rb1805,20170804,20170803,210021000,3597.0,870,126342,31277960.0,3598.0,1,3596.0,20
rb1805,20170804,20170803,210021500,3597.0,870,126342,31277960.0,3598.0,2,3596.0,20
rb1805,20170804,20170803,210022000,3597.0,870,126342,31277960.0,3598.0,2,3596.0,20
rb1805,20170804,20170803,210022500,3597.0,870,126342,31277960.0,3598.0,2,3596.0,20
rb1805,20170804,20170803,210023000,3597.0,870,126342,31277960.0,3598.0,5,3596.0,20
rb1805,20170804,20170803,210023500,3596.0,910,126342,32716360.0,3597.0,2,3595.0,2
rb1805,20170804,20170803,210024000,3596.0,910,126342,32716360.0,3596.0,1,3595.0,2
rb1805,20170804,20170803,210024500,3597.0,916,126346,32932160.0,3597.0,1,3596.0,2
rb1805,20170804,20170803,210025000,3597.0,916,126346,32932160.0,3597.0,1,3595.0,2
rb1805,20170804,20170803,210025500,3597.0,916,126346,32932160.0,3597.0,17,3595.0,3
rb1805,20170804,20170803,210026000,3597.0,944,126370,33939280.0,3597.0,4,3595.0,2
rb1805,20170804,20170803,210026500,3595.0,952,126376,34227000.0,3597.0,1,3595.0,1
rb1805,20170804,20170803,210027000,3595.0,952,126376,34227000.0,3596.0,1,3594.0,10
rb1805,20170804,20170803,210027500,3596.0,956,126374,34370840.0,3597.0,1,3596.0,1
rb1805,20170804,20170803,210028000,3597.0,958,126374,34442780.0,3598.0,4,3597.0,1
rb1805,20170804,20170803,210028500,3597.0,962,126372,34586660.0,3596.0,1,3595.0,4
rb1805,20170804,20170803,210029000,3596.0,964,126372,34658580.0,3597.0,1,3596.0,3
rb1805,20170804,20170803,210029500,3595.0,966,126374,34730480.0,3597.0,1,3595.0,5
rb1805,20170804,20170803,210030000,3597.0,968,126376,34802420.0,3598.0,4,3596.0,1
rb1805,20170804,20170803,210030500,3597.0,968,126376,34802420.0,3598.0,4,3596.0,1
rb1805,20170804,20170803,210031000,3597.0,970,126376,34874360.0,3598.0,4,3596.0,1
rb1805,20170804,20170803,210031500,3597.0,970,126376,34874360.0,3597.0,4,3596.0,1
rb1805,20170804,20170803,210032000,3596.0,974,126376,35018200.0,3597.0,4,3595.0,5
rb1805,20170804,20170803,210032500,3597.0,980,126376,35234020.0,3597.0,1,3596.0,1
rb1805,20170804,20170803,210033000,3597.0,982,126376,35305960.0,3598.0,4,3597.0,1
rb1805,20170804,20170803,210033500,3597.0,982,126376,35305960.0,3598.0,4,3597.0,1
rb1805,20170804,20170803,210034000,3596.0,992,126384,35665580.0,3598.0,4,3596.0,47
rb1805,20170804,20170803,210034500,3596.0,992,126384,35665580.0,3598.0,3,3597.0,4
rb1805,20170804,20170803,210035000,3596.0,992,126384,35665580.0,3598.0,3,3597.0,4
rb1805,20170804,20170803,210035500,3598.0,994,126384,35737540.0,3598.0,2,3597.0,4
rb1805,20170804,20170803,210036000,3598.0,998,126382,35881460.0,3599.0,17,3598.0,4
rb1805,20170804,20170803,210036500,3598.0,998,126382,35881460.0,3599.0,17,3598.0,1
rb1805,20170804,20170803,210038000,3598.0,1002,126382,36025400.0,3599.0,16,3598.0,3
rb1805,20170804,20170803,210038500,3599.0,1004,126382,36097380.0,3599.0,15,3597.0,8
rb1805,20170804,20170803,210039000,3599.0,1004,126382,36097380.0,3598.0,3,3597.0,8
rb1805,20170804,20170803,210039500,3598.0,1006,126382,36169340.0,3598.0,2,3597.0,9
rb1805,20170804,20170803,210040000,3598.0,1010,126378,36313260.0,3599.0,4,3598.0,16
rb1805,20170804,20170803,210040500,3598.0,1010,126378,36313260.0,3599.0,4,3598.0,13
rb1805,20170804,20170803,210041000,3599.0,1016,126376,36529160.0,3599.0,3,3598.0,11
rb1805,20170804,20170803,210041500,3599.0,1026,126384,36889060.0,3600.0,22,3599.0,5
rb1805,20170804,20170803,210042000,3599.0,1032,126384,37105000.0,3600.0,23,3599.0,4
rb1805,20170804,20170803,210042500,3599.0,1032,126384,37105000.0,3600.0,22,3599.0,4
rb1805,20170804,20170803,210043000,3600.0,1052,126388,37825000.0,3600.0,12,3599.0,14
rb1805,20170804,20170803,210043500,3599.0,1078,126388,38760980.0,3601.0,1,3599.0,14
rb1805,20170804,20170803,210044000,3599.0,1080,126388,38832960.0,3601.0,1,3599.0,113
rb1805,20170804,20170803,210044500,3599.0,1080,126388,38832960.0,3601.0,2,3599.0,126
rb1805,20170804,20170803,210045000,3599.0,1080,126388,38832960.0,3601.0,1,3599.0,126
rb1805,20170804,20170803,210045500,3599.0,1080,126388,38832960.0,3601.0,1,3600.0,3
rb1805,20170804,20170803,210046000,3599.0,1088,126392,39120940.0,3601.0,2,3599.0,125
rb1805,20170804,20170803,210046500,3601.0,1090,126392,39192960.0,3601.0,1,3599.0,125
rb1805,20170804,20170803,210047000,3601.0,1096,126392,39409020.0,3603.0,1,3601.0,1
rb1805,20170804,20170803,210047500,3599.0,1100,126394,39553020.0,3601.0,2,3599.0,127
rb1805,20170804,20170803,210048000,3599.0,1100,126394,39553020.0,3602.0,4,3600.0,11
rb1805,20170804,20170803,210048500,3599.0,1100,126394,39553020.0,3602.0,4,3600.0,11
rb1805,20170804,20170803,210049000,3600.0,1102,126394,39625020.0,3602.0,4,3601.0,4
rb1805,20170804,20170803,210049500,3601.0,1106,126394,39769080.0,3602.0,3,3601.0,6
rb1805,20170804,20170803,210050000,3602.0,1112,126392,39985200.0,3603.0,1,3602.0,8
rb1805,20170804,20170803,210050500,3602.0,1112,126392,39985200.0,3603.0,1,3602.0,12
rb1805,20170804,20170803,210051000,3602.0,1140,126396,40993760.0,3603.0,1,3601.0,3
rb1805,20170804,20170803,210051500,3602.0,1140,126396,40993760.0,3603.0,1,3601.0,3
rb1805,20170804,20170803,210052000,3602.0,1140,126396,40993760.0,3603.0,1,3602.0,1
rb1805,20170804,20170803,210052500,3602.0,1144,126394,41137840.0,3602.0,3,3601.0,4
rb1805,20170804,20170803,210053000,3602.0,1148,126394,41281920.0,3603.0,1,3601.0,4
rb1805,20170804,20170803,210053500,3603.0,1152,126392,41426000.0,3604.0,3,3603.0,3
rb1805,20170804,20170803,210054000,3603.0,1162,126388,41786300.0,3603.0,8,3601.0,5
rb1805,20170804,20170803,210054500,3603.0,1164,126390,41858360.0,3604.0,4,3601.0,2
rb1805,20170804,20170803,210055000,3603.0,1164,126390,41858360.0,3602.0,1,3601.0,2
rb1805,20170804,20170803,210055500,3603.0,1166,126390,41930420.0,3604.0,3,3601.0,2
rb1805,20170804,20170803,210056000,3603.0,1166,126390,41930420.0,3603.0,2,3601.0,2
rb1805,20170804,20170803,210056500,3601.0,1168,126390,42002440.0,3603.0,2,3601.0,2
rb1805,20170804,20170803,210057000,3604.0,1178,126392,42362800.0,3605.0,2,3601.0,2
rb1805,20170804,20170803,210057500,3604.0,1180,126394,42434880.0,3603.0,5,3601.0,2
rb1805,20170804,20170803,210058000,3604.0,1180,126394,42434880.0,3603.0,5,3601.0,2
rb1805,20170804,20170803,210058500,3601.0,1182,126396,42506900.0,3603.0,5,3601.0,1
rb1805,20170804,20170803,210059000,3601.0,1182,126396,42506900.0,3603.0,5,3601.0,1
rb1805,20170804,20170803,210059500,3601.0,1182,126396,42506900.0,3603.0,5,3601.0,1
rb1805,20170804,20170803,210100000,3601.0,1182,126396,42506900.0,3603.0,5,3601.0,1
rb1805,20170804,20170803,210100500,3601.0,1182,126396,42506900.0,3603.0,5,3601.0,1
rb1805,20170804,20170803,210101000,3601.0,1182,126396,42506900.0,3603.0,5,3601.0,16
rb1805,20170804,20170803,210101500,3601.0,1182,126396,42506900.0,3603.0,5,3601.0,16
rb1805,20170804,20170803,210102000,3603.0,1184,126398,42578960.0,3603.0,9,3601.0,11
rb1805,20170804,20170803,210102500,3601.0,1206,126418,43371180.0,3601.0,6,3600.0,12
rb1805,20170804,20170803,210103000,3601.0,1218,126410,43803300.0,3603.0,11,3601.0,5
rb1805,20170804,20170803,210103500,3601.0,1218,126410,43803300.0,3603.0,9,3600.0,12
rb1805,20170804,20170803,210104000,3601.0,1218,126410,43803300.0,3603.0,9,3601.0,4
rb1805,20170804,20170803,210105000,3601.0,1218,126410,43803300.0,3603.0,9,3601.0,5
rb1805,20170804,20170803,210105500,3601.0,1218,126410,43803300.0,3603.0,9,3601.0,5
rb1805,20170804,20170803,210106000,3603.0,1226,126418,44091540.0,3603.0,5,3601.0,5
rb1805,20170804,20170803,210106500,3601.0,1228,126420,44163560.0,3603.0,5,3601.0,4
rb1805,20170804,20170803,210107000,3603.0,1238,126426,44523860.0,3604.0,12,3603.0,2
rb1805,20170804,20170803,210107500,3604.0,1264,126440,45460640.0,3604.0,10,3602.0,2
rb1805,20170804,20170803,210108000,3604.0,1264,126440,45460640.0,3604.0,10,3602.0,2
rb1805,20170804,20170803,210108500,3604.0,1264,126440,45460640.0,3604.0,10,3602.0,2
rb1805,20170804,20170803,210109000,3602.0,1268,126440,45604720.0,3603.0,2,3601.0,2
rb1805,20170804,20170803,210109500,3602.0,1268,126440,45604720.0,3603.0,5,3601.0,2
rb1805,20170804,20170803,210110000,3602.0,1268,126440,45604720.0,3603.0,5,3601.0,2
rb1805,20170804,20170803,210110500,3603.0,1270,126440,45676780.0,3603.0,4,3601.0,2
rb1805,20170804,20170803,210111000,3603.0,1272,126442,45748840.0,3603.0,3,3601.0,2
rb1805,20170804,20170803,210111500,3603.0,1272,126442,45748840.0,3603.0,3,3601.0,2
rb1805,20170804,20170803,210112000,3601.0,1276,126442,45892880.0,3602.0,2,3600.0,7
rb1805,20170804,20170803,210112500,3601.0,1276,126442,45892880.0,3602.0,2,3600.0,2
rb1805,20170804,20170803,210113000,3601.0,1276,126442,45892880.0,3602.0,2,3600.0,2
rb1805,20170804,20170803,210113500,3602.0,1280,126442,46036940.0,3602.0,1,3600.0,2
rb1805,20170804,20170803,210114000,3602.0,1280,126442,46036940.0,3601.0,1,3600.0,2
rb1805,20170804,20170803,210114500,3601.0,1282,126442,46108960.0,3602.0,17,3601.0,2
rb1805,20170804,20170803,210115000,3602.0,1288,126440,46325060.0,3601.0,3,3600.0,2
rb1805,20170804,20170803,210115500,3602.0,1288,126440,46325060.0,3601.0,3,3600.0,2
rb1805,20170804,20170803,210116000,3601.0,1294,126444,46541080.0,3601.0,2,3599.0,115
rb1805,20170804,20170803,210116500,3601.0,1294,126444,46541080.0,3601.0,2,3599.0,116
rb1805,20170804,20170803,210117000,3601.0,1294,126444,46541080.0,3601.0,2,3600.0,1
rb1805,20170804,20170803,210117500,3600.0,1296,126444,46613080.0,3601.0,2,3599.0,116
rb1805,20170804,20170803,210118000,3600.0,1296,126444,46613080.0,3601.0,2,3599.0,116
rb1805,20170804,20170803,210118500,3600.0,1296,126444,46613080.0,3601.0,2,3599.0,113
rb1805,20170804,20170803,210119000,3599.0,1298,126444,46685060.0,3601.0,2,3599.0,112
rb1805,20170804,20170803,210119500,3599.0,1298,126444,46685060.0,3601.0,2,3599.0,112
rb1805,20170804,20170803,210120000,3599.0,1298,126444,46685060.0,3601.0,2,3599.0,111
rb1805,20170804,20170803,210120500,3600.0,1300,126442,46757060.0,3601.0,2,3599.0,111
rb1805,20170804,20170803,210121000,3600.0,1300,126442,46757060.0,3601.0,2,3599.0,111
rb1805,20170804,20170803,210121500,3599.0,1302,126442,46829040.0,3601.0,2,3599.0,110
rb1805,20170804,20170803,210122000,3599.0,1302,126442,46829040.0,3600.0,1,3599.0,110
rb1805,20170804,20170803,210122500,3599.0,1302,126442,46829040.0,3600.0,2,3599.0,110
rb1805,20170804,20170803,210123000,3599.0,1302,126442,46829040.0,3600.0,2,3599.0,110
rb1805,20170804,20170803,210123500,3599.0,1304,126444,46901020.0,3600.0,2,3599.0,109
rb1805,20170804,20170803,210124000,3599.0,1304,126444,46901020.0,3600.0,2,3599.0,109
rb1805,20170804,20170803,210124500,3599.0,1320,126460,47476860.0,3600.0,2,3599.0,101
rb1805,20170804,20170803,210125000,3599.0,1320,126460,47476860.0,3600.0,2,3599.0,101
rb1805,20170804,20170803,210125500,3599.0,1320,126460,47476860.0,3600.0,2,3599.0,101
rb1805,20170804,20170803,210126000,3599.0,1330,126460,47836760.0,3600.0,2,3599.0,96
rb1805,20170804,20170803,210126500,3599.0,1332,126460,47908740.0,3600.0,7,3599.0,95
rb1805,20170804,20170803,210127000,3599.0,1332,126460,47908740.0,3600.0,7,3599.0,95
rb1805,20170804,20170803,210127500,3599.0,1336,126462,48052700.0,3600.0,7,3599.0,93
rb1805,20170804,20170803,210128000,3599.0,1338,126464,48124680.0,3600.0,10,3599.0,92
rb1805,20170804,20170803,210129000,3599.0,1338,126464,48124680.0,3600.0,11,3599.0,92
rb1805,20170804,20170803,210129500,3599.0,1338,126464,48124680.0,3600.0,11,3599.0,92
rb1805,20170804,20170803,210130000,3599.0,1340,126466,48196660.0,3600.0,12,3599.0,91
rb1805,20170804,20170803,210130500,3599.0,1342,126466,48268640.0,3600.0,12,3599.0,90
rb1805,20170804,20170803,210131000,3599.0,1342,126466,48268640.0,3600.0,12,3599.0,90
rb1805,20170804,20170803,210131500,3599.0,1342,126466,48268640.0,3600.0,13,3599.0,90
rb1805,20170804,20170803,210133000,3599.0,1342,126466,48268640.0,3600.0,14,3599.0,90
rb1805,20170804,20170803,210133500,3599.0,1344,126466,48340620.0,3600.0,19,3599.0,89
rb1805,20170804,20170803,210134500,3599.0,1348,126466,48484580.0,3600.0,19,3599.0,87
rb1805,20170804,20170803,210135000,3599.0,1348,126466,48484580.0,3600.0,14,3599.0,94
rb1805,20170804,20170803,210135500,3599.0,1348,126466,48484580.0,3600.0,15,3599.0,94
rb1805,20170804,20170803,210136500,3599.0,1348,126466,48484580.0,3600.0,15,3599.0,94
rb1805,20170804,20170803,210137000,3599.0,1378,126466,49564280.0,3600.0,15,3599.0,79
rb1805,20170804,20170803,210137500,3600.0,1426,126482,51292000.0,3600.0,5,3599.0,65
rb1805,20170804,20170803,210138500,3600.0,1426,126482,51292000.0,3600.0,6,3599.0,65
rb1805,20170804,20170803,210139000,3600.0,1438,126484,51724000.0,3601.0,2,3600.0,2
rb1805,20170804,20170803,210139500,3600.0,1442,126488,51868000.0,3600.0,6,3599.0,65
rb1805,20170804,20170803,210140000,3600.0,1442,126488,51868000.0,3600.0,4,3599.0,65
rb1805,20170804,20170803,210140500,3600.0,1442,126488,51868000.0,3600.0,5,3599.0,65
rb1805,20170804,20170803,210141000,3599.0,1448,126488,52083940.0,3600.0,5,3599.0,62
rb1805,20170804,20170803,210141500,3599.0,1448,126488,52083940.0,3600.0,14,3599.0,62
rb1805,20170804,20170803,210142000,3599.0,1476,126516,53091660.0,3600.0,14,3599.0,48
rb1805,20170804,20170803,210142500,3599.0,1476,126516,53091660.0,3600.0,14,3599.0,48
rb1805,20170804,20170803,210143000,3600.0,1486,126526,53451580.0,3600.0,13,3599.0,44
rb1805,20170804,20170803,210143500,3599.0,1488,126528,53523560.0,3600.0,13,3599.0,51
rb1805,20170804,20170803,210144500,3599.0,1496,126528,53811480.0,3600.0,13,3599.0,48
rb1805,20170804,20170803,210145000,3599.0,1498,126528,53883460.0,3600.0,13,3599.0,39
rb1805,20170804,20170803,210145500,3599.0,1498,126528,53883460.0,3600.0,13,3599.0,38
rb1805,20170804,20170803,210146000,3599.0,1498,126528,53883460.0,3600.0,14,3599.0,38
rb1805,20170804,20170803,210146500,3599.0,1500,126530,53955440.0,3600.0,14,3599.0,37
rb1805,20170804,20170803,210147000,3599.0,1500,126530,53955440.0,3600.0,14,3599.0,37
rb1805,20170804,20170803,210147500,3599.0,1500,126530,53955440.0,3600.0,14,3599.0,37
rb1805,20170804,20170803,210148000,3599.0,1504,126532,54099400.0,3600.0,14,3599.0,35
rb1805,20170804,20170803,210148500,3599.0,1504,126532,54099400.0,3600.0,24,3599.0,35
rb1805,20170804,20170803,210149000,3600.0,1512,126540,54387400.0,3600.0,20,3599.0,35
rb1805,20170804,20170803,210149500,3600.0,1512,126540,54387400.0,3600.0,20,3599.0,35
rb1805,20170804,20170803,210150000,3600.0,1512,126540,54387400.0,3600.0,21,3599.0,35
rb1805,20170804,20170803,210150500,3600.0,1512,126540,54387400.0,3600.0,21,3599.0,35
rb1805,20170804,20170803,210151500,3600.0,1514,126540,54459400.0,3600.0,20,3599.0,35
rb1805,20170804,20170803,210152000,3600.0,1518,126536,54603400.0,3600.0,18,3599.0,35
rb1805,20170804,20170803,210153500,3599.0,1558,126558,56043000.0,3600.0,36,3599.0,15
rb1805,20170804,20170803,210154000,3598.0,1590,126560,57194660.0,3600.0,35,3598.0,4
rb1805,20170804,20170803,210154500,3600.0,1674,126520,60218540.0,3601.0,8,3600.0,28
rb1805,20170804,20170803,210155000,3600.0,1730,126512,62234540.0,3599.0,8,3598.0,6
rb1805,20170804,20170803,210155500,3600.0,1730,126512,62234540.0,3599.0,6,3598.0,4
rb1805,20170804,20170803,210156000,3600.0,1730,126512,62234540.0,3599.0,6,3598.0,4
rb1805,20170804,20170803,210156500,3599.0,1732,126512,62306520.0,3599.0,6,3598.0,4
rb1805,20170804,20170803,210157500,3599.0,1736,126512,62450480.0,3599.0,12,3598.0,4
rb1805,20170804,20170803,210158000,3598.0,1744,126520,62738320.0,3599.0,12,3597.0,6
rb1805,20170804,20170803,210158500,3598.0,1744,126520,62738320.0,3599.0,12,3597.0,3
rb1805,20170804,20170803,210159000,3598.0,1744,126520,62738320.0,3599.0,12,3597.0,3
rb1805,20170804,20170803,210159500,3598.0,1744,126520,62738320.0,3599.0,12,3598.0,2
rb1805,20170804,20170803,210200000,3598.0,1746,126520,62810280.0,3599.0,12,3598.0,6
rb1805,20170804,20170803,210200500,3598.0,1746,126520,62810280.0,3599.0,12,3598.0,6
rb1805,20170804,20170803,210201500,3598.0,1776,126504,63889860.0,3598.0,4,3597.0,8
rb1805,20170804,20170803,210202000,3598.0,1776,126504,63889860.0,3598.0,6,3597.0,9
rb1805,20170804,20170803,210202500,3598.0,1776,126504,63889860.0,3598.0,6,3597.0,4
rb1805,20170804,20170803,210203000,3597.0,1780,126506,64033740.0,3598.0,4,3597.0,2
rb1805,20170804,20170803,210203500,3597.0,1782,126504,64105680.0,3597.0,32,3596.0,9
rb1805,20170804,20170803,210204000,3597.0,1784,126502,64177620.0,3597.0,31,3596.0,10
rb1805,20170804,20170803,210204500,3597.0,1784,126502,64177620.0,3597.0,31,3596.0,10
rb1805,20170804,20170803,210205000,3596.0,1786,126500,64249540.0,3597.0,31,3596.0,6
rb1805,20170804,20170803,210206000,3596.0,1786,126500,64249540.0,3597.0,32,3596.0,11
rb1805,20170804,20170803,210206500,3597.0,1804,126500,64897000.0,3597.0,23,3596.0,11
rb1805,20170804,20170803,210207000,3597.0,1804,126500,64897000.0,3597.0,23,3596.0,11
rb1805,20170804,20170803,210208500,3597.0,1804,126500,64897000.0,3597.0,23,3596.0,11
rb1805,20170804,20170803,210209500,3597.0,1806,126500,64968940.0,3597.0,22,3596.0,11
rb1805,20170804,20170803,210210000,3597.0,1806,126500,64968940.0,3597.0,22,3596.0,14
rb1805,20170804,20170803,210210500,3597.0,1806,126500,64968940.0,3597.0,22,3596.0,19
rb1805,20170804,20170803,210211000,3596.0,1808,126500,65040860.0,3597.0,52,3596.0,18
rb1805,20170804,20170803,210211500,3596.0,1808,126500,65040860.0,3597.0,52,3596.0,14
rb1805,20170804,20170803,210212000,3596.0,1832,126490,65903900.0,3596.0,4,3595.0,7
rb1805,20170804,20170803,210212500,3596.0,1840,126482,66191580.0,3597.0,52,3596.0,6
rb1805,20170804,20170803,210213000,3596.0,1840,126482,66191580.0,3597.0,52,3595.0,18
rb1805,20170804,20170803,210213500,3596.0,1842,126482,66263500.0,3596.0,9,3595.0,18
rb1805,20170804,20170803,210214000,3596.0,1860,126482,66910780.0,3597.0,55,3596.0,18
rb1805,20170804,20170803,210214500,3596.0,1862,126482,66982700.0,3597.0,52,3596.0,23
rb1805,20170804,20170803,210215000,3596.0,1866,126484,67126540.0,3597.0,52,3596.0,22
rb1805,20170804,20170803,210215500,3596.0,1866,126484,67126540.0,3597.0,60,3596.0,18
rb1805,20170804,20170803,210216000,3597.0,1868,126482,67198480.0,3597.0,59,3596.0,18
rb1805,20170804,20170803,210216500,3597.0,1868,126482,67198480.0,3597.0,59,3596.0,18
rb1805,20170804,20170803,210217000,3596.0,1880,126482,67630000.0,3597.0,59,3596.0,12
rb1805,20170804,20170803,210218000,3596.0,1880,126482,67630000.0,3597.0,59,3596.0,12
rb1805,20170804,20170803,210219000,3596.0,1882,126482,67701920.0,3597.0,59,3596.0,11
rb1805,20170804,20170803,210219500,3596.0,1882,126482,67701920.0,3597.0,58,3596.0,24
rb1805,20170804,20170803,210220000,3596.0,1882,126482,67701920.0,3597.0,58,3596.0,27
rb1805,20170804,20170803,210221000,3596.0,1882,126482,67701920.0,3597.0,59,3596.0,27
rb1805,20170804,20170803,210221500,3596.0,1884,126482,67773840.0,3597.0,59,3596.0,26
rb1805,20170804,20170803,210222000,3596.0,1886,126482,67845760.0,3597.0,59,3596.0,25
rb1805,20170804,20170803,210222500,3597.0,1888,126482,67917700.0,3597.0,58,3596.0,25
rb1805,20170804,20170803,210223500,3597.0,1888,126482,67917700.0,3597.0,58,3596.0,25
rb1805,20170804,20170803,210224000,3597.0,1888,126482,67917700.0,3597.0,59,3596.0,25
rb1805,20170804,20170803,210224500,3596.0,1890,126482,67989620.0,3597.0,59,3596.0,24
rb1805,20170804,20170803,210225000,3596.0,1898,126490,68277300.0,3597.0,59,3596.0,20
rb1805,20170804,20170803,210225500,3596.0,1898,126490,68277300.0,3597.0,59,3596.0,20
rb1805,20170804,20170803,210226000,3596.0,1898,126490,68277300.0,3597.0,59,3596.0,20
rb1805,20170804,20170803,210227000,3596.0,1898,126490,68277300.0,3597.0,54,3596.0,20
rb1805,20170804,20170803,210227500,3596.0,1898,126490,68277300.0,3597.0,54,3596.0,20
rb1805,20170804,20170803,210228000,3596.0,1900,126490,68349220.0,3597.0,54,3596.0,19
rb1805,20170804,20170803,210228500,3596.0,1900,126490,68349220.0,3597.0,54,3596.0,19
rb1805,20170804,20170803,210229500,3596.0,1900,126490,68349220.0,3597.0,54,3596.0,19
rb1805,20170804,20170803,210230000,3596.0,1900,126490,68349220.0,3597.0,55,3596.0,19
rb1805,20170804,20170803,210230500,3596.0,1900,126490,68349220.0,3597.0,52,3596.0,19
rb1805,20170804,20170803,210231000,3596.0,1904,126490,68493060.0,3597.0,52,3596.0,20
rb1805,20170804,20170803,210232000,3596.0,1904,126490,68493060.0,3597.0,52,3596.0,20
rb1805,20170804,20170803,210232500,3596.0,1906,126492,68564980.0,3597.0,52,3596.0,19
rb1805,20170804,20170803,210233000,3597.0,1908,126490,68636920.0,3597.0,51,3596.0,19
rb1805,20170804,20170803,210233500,3597.0,1976,126510,71082880.0,3597.0,17,3596.0,19
rb1805,20170804,20170803,210234000,3597.0,1976,126510,71082880.0,3597.0,17,3596.0,30
rb1805,20170804,20170803,210234500,3596.0,1980,126512,71226740.0,3597.0,16,3596.0,29
rb1805,20170804,20170803,210235000,3596.0,1980,126512,71226740.0,3597.0,16,3596.0,29
rb1805,20170804,20170803,210235500,3597.0,2000,126532,71946140.0,3597.0,6,3596.0,29
rb1805,20170804,20170803,210236000,3597.0,2000,126532,71946140.0,3597.0,6,3596.0,29
rb1805,20170804,20170803,210236500,3597.0,2000,126532,71946140.0,3597.0,6,3596.0,29
rb1805,20170804,20170803,210237000,3596.0,2002,126534,72018060.0,3597.0,8,3596.0,28
rb1805,20170804,20170803,210237500,3596.0,2002,126534,72018060.0,3597.0,8,3596.0,28
rb1805,20170804,20170803,210238000,3596.0,2018,126536,72593420.0,3597.0,8,3596.0,20
rb1805,20170804,20170803,210239000,3596.0,2018,126536,72593420.0,3597.0,8,3596.0,20
rb1805,20170804,20170803,210241000,3596.0,2022,126538,72737280.0,3597.0,7,3596.0,19
rb1805,20170804,20170803,210241500,3596.0,2022,126538,72737280.0,3597.0,7,3596.0,12
rb1805,20170804,20170803,210242000,3596.0,2022,126538,72737280.0,3597.0,7,3596.0,12
rb1805,20170804,20170803,210245000,3596.0,2022,126538,72737280.0,3597.0,12,3596.0,12
rb1805,20170804,20170803,210245500,3596.0,2022,126538,72737280.0,3597.0,15,3596.0,9
rb1805,20170804,20170803,210246000,3596.0,2030,126542,73024960.0,3597.0,15,3596.0,5
rb1805,20170804,20170803,210246500,3596.0,2030,126542,73024960.0,3597.0,10,3596.0,5
rb1805,20170804,20170803,210247500,3595.0,2034,126540,73168780.0,3596.0,4,3595.0,7
rb1805,20170804,20170803,210248000,3595.0,2034,126540,73168780.0,3596.0,1,3595.0,10
rb1805,20170804,20170803,210248500,3595.0,2034,126540,73168780.0,3596.0,1,3595.0,14
rb1805,20170804,20170803,210250000,3596.0,2036,126540,73240700.0,3597.0,10,3595.0,14
rb1805,20170804,20170803,210250500,3596.0,2036,126540,73240700.0,3597.0,10,3595.0,12
rb1805,20170804,20170803,210251000,3596.0,2036,126540,73240700.0,3597.0,10,3595.0,12
rb1805,20170804,20170803,210251500,3596.0,2036,126540,73240700.0,3596.0,1,3595.0,12
rb1805,20170804,20170803,210252000,3596.0,2038,126538,73312620.0,3597.0,15,3596.0,2
rb1805,20170804,20170803,210252500,3596.0,2038,126538,73312620.0,3596.0,9,3595.0,12
rb1805,20170804,20170803,210253000,3596.0,2038,126538,73312620.0,3596.0,9,3595.0,12
rb1805,20170804,20170803,210253500,3596.0,2038,126538,73312620.0,3596.0,9,3595.0,13
rb1805,20170804,20170803,210254000,3596.0,2040,126538,73384540.0,3596.0,8,3595.0,13
rb1805,20170804,20170803,210254500,3596.0,2042,126540,73456460.0,3596.0,7,3595.0,13
rb1805,20170804,20170803,210255000,3596.0,2056,126554,73959900.0,3597.0,16,3596.0,15
rb1805,20170804,20170803,210255500,3596.0,2056,126554,73959900.0,3597.0,16,3596.0,1
rb1805,20170804,20170803,210256000,3596.0,2058,126552,74031820.0,3596.0,17,3595.0,13
rb1805,20170804,20170803,210256500,3596.0,2092,126572,75254460.0,3597.0,16,3596.0,1
rb1805,20170804,20170803,210257000,3596.0,2094,126574,75326380.0,3596.0,9,3595.0,16
rb1805,20170804,20170803,210257500,3596.0,2112,126574,75973660.0,3597.0,17,3596.0,10
rb1805,20170804,20170803,210258000,3596.0,2112,126574,75973660.0,3597.0,17,3596.0,6
rb1805,20170804,20170803,210258500,3597.0,2116,126576,76117520.0,3597.0,11,3596.0,5
rb1805,20170804,20170803,210259500,3597.0,2116,126576,76117520.0,3597.0,11,3596.0,5
rb1805,20170804,20170803,210300000,3597.0,2116,126576,76117520.0,3597.0,8,3596.0,5
rb1805,20170804,20170803,210300500,3597.0,2116,126576,76117520.0,3597.0,8,3596.0,8
rb1805,20170804,20170803,210301000,3597.0,2116,126576,76117520.0,3597.0,9,3596.0,9
rb1805,20170804,20170803,210302500,3597.0,2116,126576,76117520.0,3597.0,9,3596.0,9
rb1805,20170804,20170803,210303000,3597.0,2134,126570,76764980.0,3598.0,8,3597.0,1
rb1805,20170804,20170803,210303500,3597.0,2134,126570,76764980.0,3598.0,8,3596.0,9
rb1805,20170804,20170803,210304000,3597.0,2134,126570,76764980.0,3598.0,5,3596.0,9
rb1805,20170804,20170803,210304500,3597.0,2134,126570,76764980.0,3598.0,6,3596.0,11
rb1805,20170804,20170803,210305000,3597.0,2134,126570,76764980.0,3598.0,5,3596.0,11
rb1805,20170804,20170803,210306000,3597.0,2134,126570,76764980.0,3598.0,6,3596.0,11
rb1805,20170804,20170803,210307000,3597.0,2134,126570,76764980.0,3598.0,6,3596.0,11
rb1805,20170804,20170803,210308000,3597.0,2134,126570,76764980.0,3598.0,6,3596.0,11
rb1805,20170804,20170803,210308500,3597.0,2134,126570,76764980.0,3598.0,5,3596.0,18
rb1805,20170804,20170803,210309000,3597.0,2134,126570,76764980.0,3598.0,5,3596.0,18
rb1805,20170804,20170803,210309500,3597.0,2134,126570,76764980.0,3598.0,5,3596.0,18
rb1805,20170804,20170803,210310000,3597.0,2134,126570,76764980.0,3598.0,6,3596.0,8
rb1805,20170804,20170803,210311000,3597.0,2134,126570,76764980.0,3598.0,6,3596.0,8
rb1805,20170804,20170803,210311500,3596.0,2154,126566,77484180.0,3598.0,6,3596.0,1
rb1805,20170804,20170803,210312000,3596.0,2154,126566,77484180.0,3598.0,8,3595.0,18
rb1805,20170804,20170803,210312500,3596.0,2154,126566,77484180.0,3598.0,10,3596.0,5
rb1805,20170804,20170803,210313000,3596.0,2154,126566,77484180.0,3598.0,11,3596.0,4
rb1805,20170804,20170803,210313500,3596.0,2154,126566,77484180.0,3598.0,11,3596.0,4
rb1805,20170804,20170803,210314000,3596.0,2154,126566,77484180.0,3598.0,10,3596.0,7
rb1805,20170804,20170803,210314500,3596.0,2156,126564,77556100.0,3598.0,11,3596.0,3
rb1805,20170804,20170803,210315000,3596.0,2156,126564,77556100.0,3598.0,14,3596.0,3
rb1805,20170804,20170803,210315500,3596.0,2156,126564,77556100.0,3598.0,14,3596.0,3
rb1805,20170804,20170803,210317000,3598.0,2158,126564,77628060.0,3598.0,13,3596.0,4
rb1805,20170804,20170803,210318000,3598.0,2158,126564,77628060.0,3598.0,13,3596.0,4
rb1805,20170804,20170803,210318500,3598.0,2158,126564,77628060.0,3598.0,14,3596.0,4
rb1805,20170804,20170803,210319000,3598.0,2158,126564,77628060.0,3598.0,15,3596.0,4
rb1805,20170804,20170803,210319500,3598.0,2158,126564,77628060.0,3597.0,1,3596.0,4
rb1805,20170804,20170803,210320000,3598.0,2160,126564,77700020.0,3598.0,15,3596.0,4
rb1805,20170804,20170803,210320500,3598.0,2164,126562,77843900.0,3598.0,14,3596.0,3
rb1805,20170804,20170803,210321000,3598.0,2164,126562,77843900.0,3598.0,14,3596.0,3
rb1805,20170804,20170803,210321500,3598.0,2164,126562,77843900.0,3597.0,2,3596.0,3
rb1805,20170804,20170803,210322000,3598.0,2164,126562,77843900.0,3597.0,2,3596.0,3
rb1805,20170804,20170803,210322500,3598.0,2164,126562,77843900.0,3597.0,2,3596.0,3
rb1805,20170804,20170803,210323500,3597.0,2166,126562,77915840.0,3597.0,1,3596.0,4
rb1805,20170804,20170803,210324000,3597.0,2166,126562,77915840.0,3597.0,1,3596.0,1
rb1805,20170804,20170803,210324500,3597.0,2168,126560,77987780.0,3597.0,1,3596.0,1
rb1805,20170804,20170803,210325000,3596.0,2172,126558,78131620.0,3597.0,2,3595.0,12
rb1805,20170804,20170803,210325500,3597.0,2178,126564,78347440.0,3598.0,13,3595.0,9
rb1805,20170804,20170803,210326000,3597.0,2178,126564,78347440.0,3597.0,4,3595.0,9
rb1805,20170804,20170803,210326500,3597.0,2178,126564,78347440.0,3597.0,7,3595.0,9
rb1805,20170804,20170803,210327000,3597.0,2178,126564,78347440.0,3597.0,7,3595.0,9
rb1805,20170804,20170803,210328000,3597.0,2178,126564,78347440.0,3597.0,9,3595.0,9
rb1805,20170804,20170803,210328500,3597.0,2178,126564,78347440.0,3597.0,9,3595.0,9
rb1805,20170804,20170803,210329000,3597.0,2178,126564,78347440.0,3597.0,9,3595.0,9
rb1805,20170804,20170803,210330000,3597.0,2198,126580,79066840.0,3597.0,4,3595.0,9
rb1805,20170804,20170803,210331000,3597.0,2198,126580,79066840.0,3597.0,4,3596.0,1
rb1805,20170804,20170803,210331500,3596.0,2200,126580,79138760.0,3596.0,1,3595.0,4
rb1805,20170804,20170803,210332000,3595.0,2202,126582,79210660.0,3596.0,1,3595.0,3
rb1805,20170804,20170803,210332500,3595.0,2202,126582,79210660.0,3596.0,1,3595.0,3
rb1805,20170804,20170803,210333000,3595.0,2202,126582,79210660.0,3596.0,1,3595.0,3
rb1805,20170804,20170803,210333500,3595.0,2214,126582,79642160.0,3595.0,12,3594.0,18
rb1805,20170804,20170803,210334000,3595.0,2214,126582,79642160.0,3595.0,12,3594.0,18
rb1805,20170804,20170803,210335000,3595.0,2214,126582,79642160.0,3595.0,12,3594.0,18
rb1805,20170804,20170803,210335500,3595.0,2214,126582,79642160.0,3595.0,12,3594.0,16
rb1805,20170804,20170803,210336000,3594.0,2246,126574,80792240.0,3595.0,14,3593.0,3
rb1805,20170804,20170803,210336500,3593.0,2248,126572,80864100.0,3595.0,14,3593.0,2
rb1805,20170804,20170803,210337000,3592.0,2262,126568,81367020.0,3593.0,13,3592.0,10
rb1805,20170804,20170803,210337500,3592.0,2268,126568,81582540.0,3593.0,13,3592.0,7
rb1805,20170804,20170803,210338000,3592.0,2268,126568,81582540.0,3593.0,13,3592.0,10
rb1805,20170804,20170803,210338500,3592.0,2268,126568,81582540.0,3593.0,13,3592.0,7
rb1805,20170804,20170803,210339000,3592.0,2272,126570,81726220.0,3593.0,13,3592.0,5
rb1805,20170804,20170803,210339500,3592.0,2282,126564,82085420.0,3593.0,13,3591.0,2
rb1805,20170804,20170803,210340000,3591.0,2284,126564,82157240.0,3593.0,13,3591.0,7
rb1805,20170804,20170803,210340500,3593.0,2286,126562,82229100.0,3593.0,12,3591.0,7
rb1805,20170804,20170803,210341000,3591.0,2288,126562,82300920.0,3593.0,12,3591.0,11
rb1805,20170804,20170803,210341500,3593.0,2290,126560,82372780.0,3593.0,11,3591.0,8
rb1805,20170804,20170803,210342500,3593.0,2290,126560,82372780.0,3593.0,12,3591.0,8
rb1805,20170804,20170803,210343500,3593.0,2296,126554,82588360.0,3593.0,9,3591.0,8
rb1805,20170804,20170803,210344000,3593.0,2296,126554,82588360.0,3593.0,9,3592.0,17
rb1805,20170804,20170803,210344500,3593.0,2314,126554,83235100.0,3595.0,2,3593.0,9
rb1805,20170804,20170803,210345000,3593.0,2314,126554,83235100.0,3595.0,2,3592.0,26
rb1805,20170804,20170803,210345500,3593.0,2314,126554,83235100.0,3595.0,2,3592.0,29
rb1805,20170804,20170803,210346000,3592.0,2318,126558,83378780.0,3595.0,2,3592.0,24
rb1805,20170804,20170803,210346500,3592.0,2318,126558,83378780.0,3595.0,2,3592.0,24
rb1805,20170804,20170803,210347000,3592.0,2318,126558,83378780.0,3593.0,7,3592.0,27
rb1805,20170804,20170803,210347500,3593.0,2332,126558,83881800.0,3594.0,11,3593.0,9
rb1805,20170804,20170803,210348000,3593.0,2332,126558,83881800.0,3594.0,11,3592.0,23
rb1805,20170804,20170803,210348500,3593.0,2332,126558,83881800.0,3594.0,11,3592.0,26
rb1805,20170804,20170803,210349000,3593.0,2332,126558,83881800.0,3594.0,11,3592.0,23
rb1805,20170804,20170803,210349500,3593.0,2332,126558,83881800.0,3594.0,11,3592.0,23
rb1805,20170804,20170803,210350000,3593.0,2332,126558,83881800.0,3594.0,11,3592.0,23
rb1805,20170804,20170803,210351000,3593.0,2332,126558,83881800.0,3594.0,12,3592.0,23
rb1805,20170804,20170803,210352000,3592.0,2334,126558,83953640.0,3594.0,12,3592.0,22
rb1805,20170804,20170803,210352500,3593.0,2356,126558,84743900.0,3593.0,2,3592.0,17
rb1805,20170804,20170803,210353000,3593.0,2358,126556,84815760.0,3594.0,15,3592.0,20
rb1805,20170804,20170803,210353500,3593.0,2358,126556,84815760.0,3594.0,12,3593.0,7
rb1805,20170804,20170803,210354000,3594.0,2382,126540,85678320.0,3595.0,2,3593.0,7
rb1805,20170804,20170803,210354500,3594.0,2382,126540,85678320.0,3595.0,2,3594.0,5
rb1805,20170804,20170803,210355000,3594.0,2382,126540,85678320.0,3596.0,24,3594.0,5
rb1805,20170804,20170803,210355500,3594.0,2382,126540,85678320.0,3596.0,24,3594.0,5
rb1805,20170804,20170803,210356000,3594.0,2382,126540,85678320.0,3596.0,24,3594.0,9
rb1805,20170804,20170803,210357000,3594.0,2382,126540,85678320.0,3595.0,1,3594.0,10
rb1805,20170804,20170803,210357500,3594.0,2382,126540,85678320.0,3595.0,1,3594.0,10
rb1805,20170804,20170803,210358000,3595.0,2386,126544,85822120.0,3596.0,23,3594.0,10
rb1805,20170804,20170803,210358500,3595.0,2386,126544,85822120.0,3596.0,23,3594.0,15
rb1805,20170804,20170803,210359000,3595.0,2386,126544,85822120.0,3596.0,23,3594.0,15
rb1805,20170804,20170803,210359500,3595.0,2386,126544,85822120.0,3596.0,23,3595.0,4
rb1805,20170804,20170803,210400000,3596.0,2406,126524,86541320.0,3596.0,12,3595.0,13
rb1805,20170804,20170803,210400500,3596.0,2434,126524,87548200.0,3597.0,7,3595.0,13
rb1805,20170804,20170803,210401000,3596.0,2434,126524,87548200.0,3597.0,7,3595.0,20
rb1805,20170804,20170803,210401500,3596.0,2434,126524,87548200.0,3597.0,7,3596.0,1
rb1805,20170804,20170803,210402000,3596.0,2434,126524,87548200.0,3597.0,5,3596.0,1
rb1805,20170804,20170803,210402500,3596.0,2434,126524,87548200.0,3597.0,5,3596.0,5
rb1805,20170804,20170803,210403000,3596.0,2436,126526,87620120.0,3597.0,5,3596.0,9
rb1805,20170804,20170803,210403500,3596.0,2436,126526,87620120.0,3597.0,8,3596.0,5
rb1805,20170804,20170803,210404000,3596.0,2436,126526,87620120.0,3597.0,13,3596.0,5
rb1805,20170804,20170803,210404500,3596.0,2436,126526,87620120.0,3597.0,14,3595.0,14
rb1805,20170804,20170803,210405000,3597.0,2438,126528,87692060.0,3597.0,13,3595.0,17
rb1805,20170804,20170803,210405500,3597.0,2438,126528,87692060.0,3597.0,12,3595.0,17
rb1805,20170804,20170803,210406000,3597.0,2438,126528,87692060.0,3597.0,12,3595.0,17
rb1805,20170804,20170803,210406500,3597.0,2438,126528,87692060.0,3597.0,17,3596.0,10
rb1805,20170804,20170803,210407000,3597.0,2438,126528,87692060.0,3597.0,14,3596.0,10
rb1805,20170804,20170803,210407500,3597.0,2444,126528,87907880.0,3597.0,11,3596.0,10
rb1805,20170804,20170803,210408000,3597.0,2446,126530,87979820.0,3597.0,10,3596.0,10
rb1805,20170804,20170803,210408500,3597.0,2446,126530,87979820.0,3597.0,10,3596.0,19
rb1805,20170804,20170803,210409000,3597.0,2446,126530,87979820.0,3597.0,10,3596.0,19
rb1805,20170804,20170803,210409500,3597.0,2446,126530,87979820.0,3597.0,10,3596.0,19
rb1805,20170804,20170803,210410000,3597.0,2446,126530,87979820.0,3597.0,10,3596.0,22
rb1805,20170804,20170803,210410500,3597.0,2446,126530,87979820.0,3597.0,10,3596.0,19
rb1805,20170804,20170803,210411000,3596.0,2448,126530,88051740.0,3597.0,10,3596.0,22
rb1805,20170804,20170803,210411500,3596.0,2450,126530,88123660.0,3597.0,10,3596.0,14
rb1805,20170804,20170803,210412000,3596.0,2454,126532,88267500.0,3597.0,21,3596.0,11
rb1805,20170804,20170803,210412500,3596.0,2454,126532,88267500.0,3597.0,21,3596.0,8
rb1805,20170804,20170803,210413000,3597.0,2456,126532,88339440.0,3597.0,20,3596.0,8
rb1805,20170804,20170803,210413500,3597.0,2456,126532,88339440.0,3597.0,20,3596.0,8
rb1805,20170804,20170803,210414000,3597.0,2462,126532,88555260.0,3597.0,12,3596.0,8
rb1805,20170804,20170803,210414500,3597.0,2464,126532,88627200.0,3597.0,5,3596.0,9
rb1805,20170804,20170803,210415000,3597.0,2464,126532,88627200.0,3597.0,5,3596.0,9
rb1805,20170804,20170803,210415500,3597.0,2466,126532,88699140.0,3597.0,4,3596.0,13
rb1805,20170804,20170803,210416000,3597.0,2468,126532,88771080.0,3597.0,3,3596.0,20
rb1805,20170804,20170803,210416500,3597.0,2472,126530,88914960.0,3597.0,1,3596.0,24
rb1805,20170804,20170803,210417000,3597.0,2472,126530,88914960.0,3597.0,1,3596.0,25
rb1805,20170804,20170803,210417500,3597.0,2472,126530,88914960.0,3597.0,1,3596.0,25
rb1805,20170804,20170803,210418000,3597.0,2474,126530,88986900.0,3598.0,24,3597.0,3
rb1805,20170804,20170803,210418500,3597.0,2474,126530,88986900.0,3598.0,22,3597.0,3
rb1805,20170804,20170803,210419000,3597.0,2474,126530,88986900.0,3598.0,22,3597.0,4
rb1805,20170804,20170803,210419500,3597.0,2474,126530,88986900.0,3598.0,22,3597.0,8
rb1805,20170804,20170803,210420000,3597.0,2474,126530,88986900.0,3598.0,17,3597.0,19
rb1805,20170804,20170803,210420500,3597.0,2474,126530,88986900.0,3598.0,17,3597.0,16
rb1805,20170804,20170803,210421000,3598.0,2494,126544,89706500.0,3598.0,7,3597.0,16
rb1805,20170804,20170803,210421500,3598.0,2494,126544,89706500.0,3598.0,7,3597.0,19
rb1805,20170804,20170803,210422000,3599.0,2510,126542,90282200.0,3599.0,15,3598.0,1
rb1805,20170804,20170803,210422500,3599.0,2510,126542,90282200.0,3599.0,15,3598.0,4
rb1805,20170804,20170803,210423000,3599.0,2510,126542,90282200.0,3599.0,15,3598.0,4
rb1805,20170804,20170803,210423500,3599.0,2514,126544,90426160.0,3599.0,13,3598.0,8
rb1805,20170804,20170803,210424000,3599.0,2514,126544,90426160.0,3599.0,13,3598.0,5
rb1805,20170804,20170803,210425000,3599.0,2514,126544,90426160.0,3599.0,13,3598.0,6
rb1805,20170804,20170803,210425500,3599.0,2514,126544,90426160.0,3599.0,13,3598.0,10
rb1805,20170804,20170803,210426000,3599.0,2514,126544,90426160.0,3599.0,13,3598.0,7
rb1805,20170804,20170803,210426500,3599.0,2514,126544,90426160.0,3599.0,13,3598.0,3
rb1805,20170804,20170803,210427500,3599.0,2514,126544,90426160.0,3599.0,13,3598.0,11
rb1805,20170804,20170803,210428000,3599.0,2514,126544,90426160.0,3599.0,13,3598.0,15
rb1805,20170804,20170803,210428500,3600.0,2548,126552,91649900.0,3600.0,17,3599.0,3
rb1805,20170804,20170803,210429000,3600.0,2564,126556,92225900.0,3600.0,8,3599.0,6
rb1805,20170804,20170803,210429500,3600.0,2570,126560,92441900.0,3600.0,5,3599.0,4
rb1805,20170804,20170803,210430000,3600.0,2580,126570,92801900.0,3601.0,1,3600.0,4
rb1805,20170804,20170803,210430500,3601.0,2586,126570,93017920.0,3602.0,4,3599.0,14
rb1805,20170804,20170803,210431000,3601.0,2586,126570,93017920.0,3602.0,3,3601.0,1
rb1805,20170804,20170803,210431500,3602.0,2592,126572,93234040.0,3603.0,24,3602.0,12
rb1805,20170804,20170803,210432000,3602.0,2592,126572,93234040.0,3603.0,24,3602.0,12
rb1805,20170804,20170803,210432500,3602.0,2594,126572,93306080.0,3603.0,24,3602.0,15
rb1805,20170804,20170803,210433000,3602.0,2596,126574,93378120.0,3603.0,30,3602.0,10
rb1805,20170804,20170803,210433500,3602.0,2596,126574,93378120.0,3603.0,30,3602.0,14
rb1805,20170804,20170803,210434000,3602.0,2596,126574,93378120.0,3603.0,26,3602.0,14
rb1805,20170804,20170803,210434500,3602.0,2602,126574,93594240.0,3603.0,26,3602.0,11
rb1805,20170804,20170803,210435000,3602.0,2602,126574,93594240.0,3603.0,25,3602.0,11
rb1805,20170804,20170803,210435500,3602.0,2602,126574,93594240.0,3603.0,25,3602.0,11
rb1805,20170804,20170803,210436000,3602.0,2602,126574,93594240.0,3603.0,25,3602.0,11
rb1805,20170804,20170803,210437000,3602.0,2602,126574,93594240.0,3603.0,25,3602.0,11
rb1805,20170804,20170803,210437500,3602.0,2602,126574,93594240.0,3603.0,25,3602.0,11
rb1805,20170804,20170803,210438000,3602.0,2604,126574,93666280.0,3603.0,25,3602.0,10
rb1805,20170804,20170803,210439000,3602.0,2604,126574,93666280.0,3603.0,33,3602.0,6
rb1805,20170804,20170803,210439500,3602.0,2604,126574,93666280.0,3603.0,31,3602.0,6
rb1805,20170804,20170803,210440000,3603.0,2608,126570,93810400.0,3603.0,29,3602.0,6
rb1805,20170804,20170803,210440500,3603.0,2614,126570,94026580.0,3603.0,29,3602.0,6
rb1805,20170804,20170803,210442000,3602.0,2618,126570,94170660.0,3603.0,29,3602.0,4
rb1805,20170804,20170803,210442500,3602.0,2626,126570,94458820.0,3602.0,6,3601.0,1
rb1805,20170804,20170803,210443000,3601.0,2628,126572,94530840.0,3602.0,3,3600.0,6
rb1805,20170804,20170803,210443500,3603.0,2630,126574,94602900.0,3603.0,31,3601.0,4
rb1805,20170804,20170803,210444000,3603.0,2630,126574,94602900.0,3603.0,28,3601.0,4
rb1805,20170804,20170803,210444500,3603.0,2630,126574,94602900.0,3603.0,31,3601.0,4
rb1805,20170804,20170803,210445000,3603.0,2630,126574,94602900.0,3602.0,10,3601.0,4
rb1805,20170804,20170803,210445500,3601.0,2638,126568,94890980.0,3602.0,10,3600.0,8
rb1805,20170804,20170803,210446000,3601.0,2644,126568,95107040.0,3602.0,18,3600.0,2
rb1805,20170804,20170803,210446500,3601.0,2646,126570,95179060.0,3602.0,18,3600.0,2
rb1805,20170804,20170803,210447000,3601.0,2646,126570,95179060.0,3602.0,9,3600.0,7
rb1805,20170804,20170803,210447500,3601.0,2648,126572,95251080.0,3601.0,1,3600.0,7
rb1805,20170804,20170803,210448000,3601.0,2648,126572,95251080.0,3601.0,1,3600.0,7
rb1805,20170804,20170803,210448500,3602.0,2660,126570,95683300.0,3602.0,8,3600.0,2
rb1805,20170804,20170803,210449000,3602.0,2660,126570,95683300.0,3602.0,8,3600.0,3
rb1805,20170804,20170803,210449500,3602.0,2660,126570,95683300.0,3602.0,8,3600.0,3
rb1805,20170804,20170803,210450000,3602.0,2662,126572,95755340.0,3602.0,1,3600.0,8
rb1805,20170804,20170803,210450500,3602.0,2668,126572,95971460.0,3602.0,1,3601.0,3
rb1805,20170804,20170803,210451000,3601.0,2674,126566,96187520.0,3601.0,1,3600.0,8
rb1805,20170804,20170803,210451500,3601.0,2676,126566,96259540.0,3603.0,28,3602.0,1
rb1805,20170804,20170803,210452000,3602.0,2678,126568,96331580.0,3602.0,18,3601.0,4
rb1805,20170804,20170803,210452500,3602.0,2690,126568,96763820.0,3602.0,7,3601.0,7
rb1805,20170804,20170803,210453000,3601.0,2694,126568,96907860.0,3602.0,3,3601.0,5
rb1805,20170804,20170803,210453500,3601.0,2694,126568,96907860.0,3602.0,3,3601.0,5
rb1805,20170804,20170803,210454000,3601.0,2694,126568,96907860.0,3602.0,3,3601.0,5
rb1805,20170804,20170803,210455000,3601.0,2694,126568,96907860.0,3602.0,3,3601.0,5
rb1805,20170804,20170803,210455500,3602.0,2696,126570,96979900.0,3602.0,2,3601.0,5
rb1805,20170804,20170803,210456000,3602.0,2696,126570,96979900.0,3602.0,2,3601.0,3
rb1805,20170804,20170803,210456500,3601.0,2700,126566,97123940.0,3602.0,2,3601.0,1
rb1805,20170804,20170803,210457000,3601.0,2700,126566,97123940.0,3602.0,2,3601.0,1
rb1805,20170804,20170803,210457500,3601.0,2700,126566,97123940.0,3602.0,1,3601.0,4
rb1805,20170804,20170803,210458000,3602.0,2702,126566,97195980.0,3603.0,32,3602.0,5
rb1805,20170804,20170803,210458500,3601.0,2720,126572,97844260.0,3601.0,1,3600.0,20
rb1805,20170804,20170803,210459000,3601.0,2724,126572,97988300.0,3602.0,3,3601.0,1
rb1805,20170804,20170803,210459500,3601.0,2724,126572,97988300.0,3602.0,5,3601.0,3
rb1805,20170804,20170803,210500000,3601.0,2724,126572,97988300.0,3602.0,2,3601.0,3
rb1805,20170804,20170803,210500500,3601.0,2724,126572,97988300.0,3602.0,2,3601.0,3
rb1805,20170804,20170803,210501000,3602.0,2728,126574,98132380.0,3603.0,32,3602.0,1
rb1805,20170804,20170803,210501500,3602.0,2738,126566,98492580.0,3602.0,4,3601.0,3
rb1805,20170804,20170803,210502000,3602.0,2738,126566,98492580.0,3603.0,32,3602.0,4
rb1805,20170804,20170803,210502500,3602.0,2746,126566,98780740.0,3603.0,32,3601.0,7
rb1805,20170804,20170803,210503000,3602.0,2746,126566,98780740.0,3603.0,29,3602.0,2
rb1805,20170804,20170803,210503500,3602.0,2746,126566,98780740.0,3603.0,25,3602.0,3
rb1805,20170804,20170803,210504000,3603.0,2752,126566,98996920.0,3603.0,22,3602.0,3
rb1805,20170804,20170803,210504500,3603.0,2752,126566,98996920.0,3603.0,22,3602.0,3
rb1805,20170804,20170803,210505000,3603.0,2752,126566,98996920.0,3603.0,22,3602.0,8
rb1805,20170804,20170803,210505500,3603.0,2754,126566,99068980.0,3603.0,21,3602.0,11
rb1805,20170804,20170803,210506000,3602.0,2762,126566,99357160.0,3603.0,23,3602.0,8
rb1805,20170804,20170803,210506500,3602.0,2762,126566,99357160.0,3603.0,20,3602.0,8
rb1805,20170804,20170803,210507000,3603.0,2768,126566,99573340.0,3603.0,17,3602.0,8
rb1805,20170804,20170803,210507500,3603.0,2772,126566,99717460.0,3603.0,15,3602.0,8
rb1805,20170804,20170803,210508000,3603.0,2772,126566,99717460.0,3603.0,15,3602.0,8
rb1805,20170804,20170803,210508500,3603.0,2774,126568,99789520.0,3603.0,14,3602.0,9
rb1805,20170804,20170803,210509000,3603.0,2788,126574,100293940.0,3603.0,7,3602.0,9
rb1805,20170804,20170803,210509500,3602.0,2790,126576,100365980.0,3603.0,7,3602.0,8
rb1805,20170804,20170803,210510000,3603.0,2792,126574,100438040.0,3603.0,6,3602.0,8
rb1805,20170804,20170803,210510500,3603.0,2798,126576,100654200.0,3603.0,5,3602.0,7
rb1805,20170804,20170803,210511500,3603.0,2804,126570,100870380.0,3603.0,2,3602.0,7
rb1805,20170804,20170803,210513000,3603.0,2808,126570,101014500.0,3604.0,8,3602.0,8
rb1805,20170804,20170803,210513500,3604.0,2810,126572,101086580.0,3604.0,4,3602.0,8
rb1805,20170804,20170803,210514000,3604.0,2818,126580,101374900.0,3605.0,15,3604.0,12
rb1805,20170804,20170803,210514500,3604.0,2820,126580,101446980.0,3605.0,34,3604.0,11
rb1805,20170804,20170803,210515000,3604.0,2820,126580,101446980.0,3605.0,34,3604.0,11
rb1805,20170804,20170803,210515500,3605.0,2824,126582,101591180.0,3605.0,32,3604.0,12
rb1805,20170804,20170803,210516000,3605.0,2852,126578,102600520.0,3605.0,21,3604.0,12
rb1805,20170804,20170803,210516500,3605.0,2852,126578,102600520.0,3605.0,21,3604.0,13
rb1805,20170804,20170803,210517500,3605.0,2854,126578,102672620.0,3605.0,20,3604.0,13
rb1805,20170804,20170803,210518000,3605.0,2882,126572,103682020.0,3605.0,6,3604.0,19
rb1805,20170804,20170803,210518500,3605.0,2894,126572,104114620.0,3606.0,3,3605.0,4
rb1805,20170804,20170803,210519000,3606.0,2900,126576,104330980.0,3607.0,5,3606.0,2
rb1805,20170804,20170803,210519500,3608.0,2912,126584,104763860.0,3608.0,4,3607.0,1
rb1805,20170804,20170803,210520000,3607.0,2922,126590,105124540.0,3607.0,1,3606.0,1
rb1805,20170804,20170803,210520500,3608.0,2924,126592,105196700.0,3608.0,7,3606.0,1
rb1805,20170804,20170803,210521000,3605.0,2928,126596,105340920.0,3607.0,4,3606.0,2
rb1805,20170804,20170803,210521500,3608.0,2958,126614,106423160.0,3608.0,7,3606.0,1
rb1805,20170804,20170803,210522000,3608.0,2958,126614,106423160.0,3607.0,4,3606.0,2
rb1805,20170804,20170803,210522500,3608.0,2958,126614,106423160.0,3609.0,10,3606.0,5
rb1805,20170804,20170803,210523000,3607.0,2960,126616,106495300.0,3607.0,3,3606.0,6
rb1805,20170804,20170803,210523500,3607.0,2960,126616,106495300.0,3607.0,3,3606.0,6
rb1805,20170804,20170803,210524000,3607.0,2960,126616,106495300.0,3607.0,3,3606.0,6
rb1805,20170804,20170803,210524500,3607.0,2960,126616,106495300.0,3608.0,1,3606.0,7
rb1805,20170804,20170803,210525000,3607.0,2960,126616,106495300.0,3608.0,1,3606.0,7
rb1805,20170804,20170803,210525500,3609.0,2964,126612,106639640.0,3609.0,8,3607.0,1
rb1805,20170804,20170803,210526000,3607.0,2966,126612,106711780.0,3608.0,4,3606.0,9
rb1805,20170804,20170803,210526500,3608.0,2968,126612,106783940.0,3608.0,3,3607.0,1
rb1805,20170804,20170803,210527000,3607.0,2972,126610,106928220.0,3608.0,4,3607.0,2
rb1805,20170804,20170803,210527500,3607.0,2972,126610,106928220.0,3608.0,4,3606.0,9
rb1805,20170804,20170803,210528000,3607.0,2974,126612,107000360.0,3608.0,4,3607.0,9
rb1805,20170804,20170803,210528500,3608.0,2976,126612,107072520.0,3608.0,3,3607.0,10
rb1805,20170804,20170803,210529000,3608.0,2976,126612,107072520.0,3608.0,3,3607.0,10
rb1805,20170804,20170803,210529500,3608.0,2984,126616,107361160.0,3609.0,22,3608.0,16
rb1805,20170804,20170803,210530000,3609.0,3020,126588,108660400.0,3610.0,13,3609.0,82
rb1805,20170804,20170803,210530500,3609.0,3064,126574,110248380.0,3610.0,16,3609.0,66
rb1805,20170804,20170803,210531000,3610.0,3098,126596,111475780.0,3612.0,7,3610.0,8
rb1805,20170804,20170803,210531500,3609.0,3118,126608,112197740.0,3610.0,2,3609.0,72
rb1805,20170804,20170803,210532000,3610.0,3122,126606,112342120.0,3610.0,2,3609.0,71
rb1805,20170804,20170803,210532500,3609.0,3124,126604,112414300.0,3610.0,2,3609.0,70
rb1805,20170804,20170803,210533000,3608.0,3332,126556,119921960.0,3608.0,29,3607.0,18
rb1805,20170804,20170803,210533500,3608.0,3386,126610,121870280.0,3608.0,2,3607.0,20
rb1805,20170804,20170803,210534000,3608.0,3390,126614,122014600.0,3610.0,3,3607.0,20
rb1805,20170804,20170803,210534500,3608.0,3390,126614,122014600.0,3613.0,1,3610.0,1
rb1805,20170804,20170803,210535000,3609.0,3414,126618,122880960.0,3610.0,5,3609.0,4
rb1805,20170804,20170803,210535500,3609.0,3426,126616,123314040.0,3609.0,5,3608.0,25
rb1805,20170804,20170803,210536000,3609.0,3426,126616,123314040.0,3609.0,2,3608.0,27
rb1805,20170804,20170803,210536500,3609.0,3426,126616,123314040.0,3609.0,1,3608.0,27
rb1805,20170804,20170803,210537000,3609.0,3426,126616,123314040.0,3609.0,6,3608.0,29
rb1805,20170804,20170803,210537500,3609.0,3428,126616,123386220.0,3609.0,2,3608.0,28
rb1805,20170804,20170803,210538000,3608.0,3440,126616,123819180.0,3609.0,13,3608.0,23
rb1805,20170804,20170803,210538500,3608.0,3490,126638,125623180.0,3608.0,10,3607.0,20
rb1805,20170804,20170803,210539000,3608.0,3594,126640,129375060.0,3608.0,2,3607.0,3
rb1805,20170804,20170803,210539500,3609.0,3700,126682,133199080.0,3610.0,23,3609.0,1
rb1805,20170804,20170803,210540000,3607.0,3714,126688,133704040.0,3607.0,1,3606.0,11
rb1805,20170804,20170803,210540500,3608.0,3722,126686,133992580.0,3608.0,1,3606.0,6
rb1805,20170804,20170803,210541000,3606.0,3734,126678,134425300.0,3607.0,8,3606.0,1
rb1805,20170804,20170803,210541500,3606.0,3736,126676,134497420.0,3606.0,3,3605.0,32
rb1805,20170804,20170803,210542000,3606.0,3738,126676,134569540.0,3606.0,9,3605.0,32
rb1805,20170804,20170803,210542500,3606.0,3738,126676,134569540.0,3606.0,2,3605.0,33
rb1805,20170804,20170803,210543000,3606.0,3738,126676,134569540.0,3606.0,2,3605.0,33
rb1805,20170804,20170803,210544000,3606.0,3744,126678,134785880.0,3607.0,4,3606.0,9
rb1805,20170804,20170803,210544500,3606.0,3750,126678,135002240.0,3607.0,6,3606.0,6
rb1805,20170804,20170803,210545000,3606.0,3752,126678,135074360.0,3607.0,6,3606.0,5
rb1805,20170804,20170803,210545500,3606.0,3752,126678,135074360.0,3607.0,6,3606.0,23
rb1805,20170804,20170803,210546000,3606.0,3772,126694,135795560.0,3607.0,7,3606.0,13
rb1805,20170804,20170803,210546500,3606.0,3774,126694,135867680.0,3607.0,8,3606.0,12
rb1805,20170804,20170803,210547000,3607.0,3776,126696,135939820.0,3607.0,13,3606.0,12
rb1805,20170804,20170803,210547500,3607.0,3776,126696,135939820.0,3607.0,15,3606.0,17
rb1805,20170804,20170803,210548000,3606.0,3798,126704,136733140.0,3607.0,15,3606.0,10
rb1805,20170804,20170803,210548500,3606.0,3800,126704,136805260.0,3607.0,13,3606.0,6
rb1805,20170804,20170803,210549000,3606.0,3800,126704,136805260.0,3607.0,13,3606.0,7
rb1805,20170804,20170803,210549500,3607.0,3804,126708,136949540.0,3607.0,11,3606.0,8
rb1805,20170804,20170803,210550000,3607.0,3804,126708,136949540.0,3607.0,11,3606.0,8
rb1805,20170804,20170803,210550500,3607.0,3804,126708,136949540.0,3607.0,11,3606.0,8
rb1805,20170804,20170803,210551000,3607.0,3806,126708,137021680.0,3607.0,10,3606.0,8
rb1805,20170804,20170803,210551500,3606.0,3808,126708,137093800.0,3607.0,16,3606.0,7
rb1805,20170804,20170803,210552000,3607.0,3810,126710,137165940.0,3607.0,15,3606.0,7
rb1805,20170804,20170803,210552500,3606.0,3814,126710,137310200.0,3607.0,14,3606.0,6
rb1805,20170804,20170803,210553000,3607.0,3842,126710,138320160.0,3608.0,1,3607.0,12
rb1805,20170804,20170803,210553500,3607.0,3846,126706,138464440.0,3608.0,1,3607.0,10
rb1805,20170804,20170803,210554000,3607.0,3846,126706,138464440.0,3608.0,2,3607.0,10
rb1805,20170804,20170803,210554500,3607.0,3846,126706,138464440.0,3608.0,2,3607.0,10
rb1805,20170804,20170803,210555000,3607.0,3846,126706,138464440.0,3608.0,2,3607.0,10
rb1805,20170804,20170803,210555500,3607.0,3846,126706,138464440.0,3609.0,11,3607.0,18
rb1805,20170804,20170803,210556000,3608.0,3848,126708,138536600.0,3608.0,3,3607.0,16
rb1805,20170804,20170803,210556500,3608.0,3856,126716,138825240.0,3609.0,13,3608.0,16
rb1805,20170804,20170803,210557000,3608.0,3856,126716,138825240.0,3609.0,13,3608.0,17
rb1805,20170804,20170803,210557500,3608.0,3870,126728,139330360.0,3609.0,13,3608.0,10
rb1805,20170804,20170803,210558000,3607.0,3892,126748,140124100.0,3608.0,8,3607.0,15
rb1805,20170804,20170803,210558500,3607.0,3892,126748,140124100.0,3608.0,1,3607.0,10
rb1805,20170804,20170803,210559000,3609.0,3916,126728,140990240.0,3610.0,45,3609.0,1
rb1805,20170804,20170803,210559500,3608.0,3920,126732,141134580.0,3609.0,5,3607.0,15
rb1805,20170804,20170803,210600000,3608.0,3920,126732,141134580.0,3609.0,5,3608.0,4
rb1805,20170804,20170803,210600500,3609.0,3932,126736,141567580.0,3609.0,3,3607.0,13
rb1805,20170804,20170803,210601000,3609.0,3932,126736,141567580.0,3609.0,5,3607.0,14
rb1805,20170804,20170803,210601500,3609.0,3942,126736,141928480.0,3610.0,44,3607.0,19
rb1805,20170804,20170803,210602000,3609.0,3942,126736,141928480.0,3609.0,1,3608.0,3
rb1805,20170804,20170803,210602500,3609.0,3944,126736,142000660.0,3610.0,45,3608.0,6
rb1805,20170804,20170803,210603000,3609.0,3944,126736,142000660.0,3610.0,45,3609.0,11
rb1805,20170804,20170803,210603500,3609.0,3944,126736,142000660.0,3610.0,45,3609.0,11
rb1805,20170804,20170803,210604000,3610.0,4036,126764,145321860.0,3611.0,1,3610.0,14
rb1805,20170804,20170803,210604500,3610.0,4040,126764,145466260.0,3611.0,1,3610.0,12
rb1805,20170804,20170803,210605000,3610.0,4040,126764,145466260.0,3611.0,1,3610.0,12
rb1805,20170804,20170803,210606000,3611.0,4054,126766,145971680.0,3611.0,5,3610.0,6
rb1805,20170804,20170803,210607000,3610.0,4062,126772,146260480.0,3611.0,5,3610.0,2
rb1805,20170804,20170803,210607500,3610.0,4068,126778,146477100.0,3611.0,4,3610.0,5
rb1805,20170804,20170803,210608000,3610.0,4068,126778,146477100.0,3611.0,4,3610.0,5
rb1805,20170804,20170803,210608500,3611.0,4076,126784,146765940.0,3611.0,2,3610.0,3
rb1805,20170804,20170803,210609000,3611.0,4076,126784,146765940.0,3611.0,2,3610.0,6
rb1805,20170804,20170803,210609500,3611.0,4076,126784,146765940.0,3611.0,2,3610.0,6
rb1805,20170804,20170803,210610000,3611.0,4080,126784,146910380.0,3612.0,20,3611.0,4
rb1805,20170804,20170803,210610500,3611.0,4084,126786,147054820.0,3612.0,12,3611.0,1
rb1805,20170804,20170803,210611000,3612.0,4086,126786,147127060.0,3612.0,11,3611.0,4
rb1805,20170804,20170803,210611500,3611.0,4088,126788,147199280.0,3611.0,1,3610.0,3
rb1805,20170804,20170803,210612000,3611.0,4090,126790,147271500.0,3612.0,11,3610.0,3
rb1805,20170804,20170803,210612500,3611.0,4090,126790,147271500.0,3612.0,11,3610.0,3
rb1805,20170804,20170803,210613000,3612.0,4114,126786,148138380.0,3613.0,19,3612.0,5
rb1805,20170804,20170803,210613500,3611.0,4116,126788,148210600.0,3611.0,4,3610.0,5
rb1805,20170804,20170803,210614000,3612.0,4126,126788,148571720.0,3613.0,16,3611.0,1
rb1805,20170804,20170803,210614500,3612.0,4126,126788,148571720.0,3612.0,2,3611.0,1
rb1805,20170804,20170803,210615000,3612.0,4126,126788,148571720.0,3613.0,14,3611.0,18
rb1805,20170804,20170803,210615500,3611.0,4128,126788,148643940.0,3612.0,1,3611.0,26
rb1805,20170804,20170803,210616000,3612.0,4130,126790,148716180.0,3613.0,14,3612.0,16
rb1805,20170804,20170803,210616500,3612.0,4136,126790,148932900.0,3612.0,1,3611.0,18
rb1805,20170804,20170803,210617000,3612.0,4138,126790,149005140.0,3613.0,15,3612.0,16
rb1805,20170804,20170803,210617500,3612.0,4140,126790,149077380.0,3613.0,15,3612.0,15
rb1805,20170804,20170803,210618000,3613.0,4170,126764,150161280.0,3614.0,22,3612.0,24
rb1805,20170804,20170803,210618500,3612.0,4174,126760,150305760.0,3613.0,1,3612.0,22
rb1805,20170804,20170803,210619000,3613.0,4176,126760,150378020.0,3614.0,22,3612.0,22
rb1805,20170804,20170803,210619500,3612.0,4180,126760,150522500.0,3614.0,22,3612.0,20
rb1805,20170804,20170803,210620000,3612.0,4192,126758,150955940.0,3614.0,22,3612.0,14
rb1805,20170804,20170803,210620500,3612.0,4192,126758,150955940.0,3612.0,2,3611.0,18
rb1805,20170804,20170803,210621000,3614.0,4198,126758,151172700.0,3614.0,23,3611.0,24
rb1805,20170804,20170803,210621500,3614.0,4198,126758,151172700.0,3614.0,21,3611.0,24
rb1805,20170804,20170803,210622000,3614.0,4198,126758,151172700.0,3613.0,2,3611.0,24
rb1805,20170804,20170803,210622500,3614.0,4200,126758,151244980.0,3613.0,1,3612.0,4
rb1805,20170804,20170803,210623000,3613.0,4202,126756,151317240.0,3613.0,3,3612.0,13
rb1805,20170804,20170803,210623500,3612.0,4210,126754,151606240.0,3613.0,2,3612.0,12
rb1805,20170804,20170803,210624000,3612.0,4218,126758,151895200.0,3613.0,2,3612.0,8
rb1805,20170804,20170803,210624500,3612.0,4230,126758,152328640.0,3613.0,8,3612.0,2
rb1805,20170804,20170803,210625000,3612.0,4236,126758,152545360.0,3612.0,13,3611.0,17
rb1805,20170804,20170803,210625500,3612.0,4240,126758,152689840.0,3612.0,11,3611.0,21
rb1805,20170804,20170803,210626000,3612.0,4242,126758,152762080.0,3612.0,10,3611.0,21
rb1805,20170804,20170803,210626500,3611.0,4254,126770,153195400.0,3612.0,10,3611.0,15
rb1805,20170804,20170803,210627000,3611.0,4268,126780,153700940.0,3611.0,17,3610.0,8
rb1805,20170804,20170803,210627500,3610.0,4278,126780,154061940.0,3610.0,5,3609.0,14
rb1805,20170804,20170803,210628000,3610.0,4280,126780,154134140.0,3610.0,4,3609.0,11
rb1805,20170804,20170803,210628500,3611.0,4290,126770,154495160.0,3611.0,10,3610.0,13
rb1805,20170804,20170803,210629000,3611.0,4290,126770,154495160.0,3611.0,11,3610.0,10
rb1805,20170804,20170803,210629500,3611.0,4290,126770,154495160.0,3611.0,11,3610.0,10
rb1805,20170804,20170803,210630000,3611.0,4290,126770,154495160.0,3611.0,11,3610.0,10
rb1805,20170804,20170803,210630500,3611.0,4290,126770,154495160.0,3611.0,11,3610.0,10
rb1805,20170804,20170803,210632000,3611.0,4290,126770,154495160.0,3611.0,11,3610.0,10
rb1805,20170804,20170803,210632500,3610.0,4292,126770,154567360.0,3611.0,11,3610.0,9
rb1805,20170804,20170803,210633000,3610.0,4292,126770,154567360.0,3611.0,3,3610.0,9
rb1805,20170804,20170803,210633500,3610.0,4292,126770,154567360.0,3611.0,3,3610.0,12
rb1805,20170804,20170803,210634000,3610.0,4296,126770,154711760.0,3611.0,3,3610.0,10
rb1805,20170804,20170803,210634500,3610.0,4296,126770,154711760.0,3611.0,3,3610.0,10
rb1805,20170804,20170803,210635000,3611.0,4298,126772,154783980.0,3611.0,2,3610.0,18
rb1805,20170804,20170803,210635500,3611.0,4298,126772,154783980.0,3611.0,3,3610.0,19
rb1805,20170804,20170803,210636000,3611.0,4298,126772,154783980.0,3611.0,3,3610.0,11
rb1805,20170804,20170803,210637000,3611.0,4298,126772,154783980.0,3611.0,3,3610.0,11
rb1805,20170804,20170803,210637500,3610.0,4310,126782,155217180.0,3611.0,3,3610.0,5
rb1805,20170804,20170803,210638000,3611.0,4316,126778,155433840.0,3612.0,13,3611.0,4
rb1805,20170804,20170803,210638500,3612.0,4322,126774,155650560.0,3612.0,2,3611.0,5
rb1805,20170804,20170803,210639000,3612.0,4322,126774,155650560.0,3612.0,2,3611.0,5
rb1805,20170804,20170803,210639500,3612.0,4322,126774,155650560.0,3612.0,5,3611.0,5
rb1805,20170804,20170803,210640000,3612.0,4322,126774,155650560.0,3612.0,2,3611.0,5
rb1805,20170804,20170803,210640500,3611.0,4324,126774,155722780.0,3612.0,2,3611.0,12
rb1805,20170804,20170803,210641000,3611.0,4326,126774,155795000.0,3612.0,2,3611.0,12
rb1805,20170804,20170803,210641500,3611.0,4330,126772,155939440.0,3612.0,2,3611.0,15
rb1805,20170804,20170803,210642000,3611.0,4334,126772,156083880.0,3612.0,2,3611.0,15
rb1805,20170804,20170803,210642500,3611.0,4334,126772,156083880.0,3612.0,2,3611.0,15
rb1805,20170804,20170803,210643000,3611.0,4334,126772,156083880.0,3612.0,2,3611.0,16
rb1805,20170804,20170803,210643500,3611.0,4334,126772,156083880.0,3612.0,2,3611.0,11
rb1805,20170804,20170803,210644000,3612.0,4336,126774,156156120.0,3612.0,1,3611.0,11
rb1805,20170804,20170803,210645000,3613.0,4340,126774,156300620.0,3613.0,6,3611.0,11
rb1805,20170804,20170803,210645500,3613.0,4340,126774,156300620.0,3612.0,2,3611.0,22
rb1805,20170804,20170803,210646000,3612.0,4346,126780,156517340.0,3613.0,6,3612.0,3
rb1805,20170804,20170803,210646500,3612.0,4348,126778,156589580.0,3613.0,9,3612.0,2
rb1805,20170804,20170803,210647000,3612.0,4348,126778,156589580.0,3613.0,9,3611.0,9
rb1805,20170804,20170803,210647500,3612.0,4348,126778,156589580.0,3613.0,9,3611.0,12
rb1805,20170804,20170803,210648000,3612.0,4348,126778,156589580.0,3613.0,9,3611.0,12
rb1805,20170804,20170803,210648500,3612.0,4348,126778,156589580.0,3612.0,1,3611.0,12
rb1805,20170804,20170803,210649000,3612.0,4354,126780,156806320.0,3613.0,8,3612.0,6
rb1805,20170804,20170803,210649500,3613.0,4358,126778,156950820.0,3613.0,7,3612.0,12
rb1805,20170804,20170803,210650000,3612.0,4360,126776,157023060.0,3613.0,10,3612.0,9
rb1805,20170804,20170803,210650500,3613.0,4380,126764,157745660.0,3614.0,31,3613.0,1
rb1805,20170804,20170803,210651000,3612.0,4382,126764,157817900.0,3614.0,31,3612.0,6
rb1805,20170804,20170803,210651500,3612.0,4432,126764,159623820.0,3612.0,2,3611.0,10
rb1805,20170804,20170803,210652000,3613.0,4438,126770,159840560.0,3614.0,30,3613.0,9
rb1805,20170804,20170803,210652500,3613.0,4442,126774,159985080.0,3614.0,28,3613.0,8
rb1805,20170804,20170803,210653000,3613.0,4442,126774,159985080.0,3614.0,28,3613.0,9
rb1805,20170804,20170803,210653500,3613.0,4464,126792,160780140.0,3614.0,21,3613.0,1
rb1805,20170804,20170803,210654000,3613.0,4466,126792,160852400.0,3614.0,18,3612.0,35
rb1805,20170804,20170803,210655000,3613.0,4466,126792,160852400.0,3614.0,22,3612.0,31
rb1805,20170804,20170803,210655500,3613.0,4478,126804,161285960.0,3613.0,34,3612.0,31
rb1805,20170804,20170803,210656500,3613.0,4478,126804,161285960.0,3613.0,37,3612.0,31
rb1805,20170804,20170803,210657000,3611.0,4558,126874,164175380.0,3612.0,3,3611.0,2
rb1805,20170804,20170803,210657500,3612.0,4562,126874,164319860.0,3613.0,38,3612.0,8
rb1805,20170804,20170803,210658500,3612.0,4562,126874,164319860.0,3613.0,38,3612.0,8
rb1805,20170804,20170803,210659000,3612.0,4564,126874,164392100.0,3613.0,38,3612.0,7
rb1805,20170804,20170803,210659500,3612.0,4564,126874,164392100.0,3613.0,41,3612.0,8
rb1805,20170804,20170803,210700000,3612.0,4564,126874,164392100.0,3613.0,38,3612.0,8
rb1805,20170804,20170803,210700500,3612.0,4584,126890,165114520.0,3612.0,11,3611.0,1
rb1805,20170804,20170803,210701000,3612.0,4584,126890,165114520.0,3612.0,11,3611.0,1
rb1805,20170804,20170803,210702000,3612.0,4594,126892,165475720.0,3612.0,6,3611.0,1
rb1805,20170804,20170803,210702500,3612.0,4606,126904,165909160.0,3613.0,37,3612.0,25
rb1805,20170804,20170803,210703500,3612.0,4606,126904,165909160.0,3613.0,42,3612.0,25
rb1805,20170804,20170803,210704000,3610.0,4680,126972,168581580.0,3610.0,3,3609.0,1
rb1805,20170804,20170803,210704500,3612.0,4694,126974,169087080.0,3613.0,51,3612.0,6
rb1805,20170804,20170803,210705000,3612.0,4694,126974,169087080.0,3613.0,44,3612.0,6
rb1805,20170804,20170803,210705500,3612.0,4706,126976,169520520.0,3612.0,5,3610.0,4
rb1805,20170804,20170803,210706000,3612.0,4706,126976,169520520.0,3612.0,5,3611.0,4
rb1805,20170804,20170803,210706500,3612.0,4706,126976,169520520.0,3612.0,5,3611.0,6
rb1805,20170804,20170803,210707000,3612.0,4706,126976,169520520.0,3612.0,5,3611.0,6
rb1805,20170804,20170803,210707500,3612.0,4706,126976,169520520.0,3612.0,6,3611.0,4
rb1805,20170804,20170803,210708000,3612.0,4718,126974,169953960.0,3613.0,81,3612.0,4
rb1805,20170804,20170803,210708500,3612.0,4718,126974,169953960.0,3612.0,1,3611.0,8
rb1805,20170804,20170803,210709000,3612.0,4734,126978,170531880.0,3613.0,80,3611.0,9
rb1805,20170804,20170803,210709500,3612.0,4734,126978,170531880.0,3613.0,80,3612.0,1
rb1805,20170804,20170803,210710000,3612.0,4736,126980,170604120.0,3612.0,1,3611.0,9
rb1805,20170804,20170803,210710500,3612.0,4738,126982,170676360.0,3613.0,80,3611.0,9
rb1805,20170804,20170803,210711000,3612.0,4738,126982,170676360.0,3613.0,80,3611.0,9
rb1805,20170804,20170803,210711500,3612.0,4738,126982,170676360.0,3613.0,80,3611.0,9
rb1805,20170804,20170803,210712000,3612.0,4738,126982,170676360.0,3612.0,1,3611.0,9
rb1805,20170804,20170803,210712500,3613.0,4758,126984,171398940.0,3613.0,71,3612.0,9
rb1805,20170804,20170803,210713000,3612.0,4762,126986,171543440.0,3613.0,70,3612.0,5
rb1805,20170804,20170803,210713500,3612.0,4762,126986,171543440.0,3613.0,70,3612.0,6
rb1805,20170804,20170803,210714000,3611.0,4788,127012,172482640.0,3612.0,2,3611.0,4
rb1805,20170804,20170803,210714500,3612.0,4792,127016,172627120.0,3613.0,65,3612.0,7
rb1805,20170804,20170803,210715000,3612.0,4792,127016,172627120.0,3613.0,65,3612.0,17
rb1805,20170804,20170803,210715500,3612.0,4828,127018,173927780.0,3613.0,52,3612.0,9
rb1805,20170804,20170803,210716000,3612.0,4900,127090,176528920.0,3612.0,9,3611.0,8
rb1805,20170804,20170803,210716500,3613.0,4924,127104,177395860.0,3612.0,5,3611.0,6
rb1805,20170804,20170803,210717000,3613.0,4948,127114,178262800.0,3613.0,19,3611.0,21
rb1805,20170804,20170803,210717500,3612.0,4960,127114,178696240.0,3613.0,24,3611.0,4
rb1805,20170804,20170803,210718000,3613.0,4970,127124,179057540.0,3612.0,1,3611.0,20
rb1805,20170804,20170803,210718500,3613.0,4994,127142,179924640.0,3613.0,8,3611.0,4
rb1805,20170804,20170803,210719000,3613.0,4994,127142,179924640.0,3613.0,8,3611.0,4
rb1805,20170804,20170803,210719500,3613.0,5010,127142,180502720.0,3613.0,1,3611.0,4
rb1805,20170804,20170803,210720000,3613.0,5014,127142,180647240.0,3614.0,29,3611.0,4
rb1805,20170804,20170803,210720500,3613.0,5014,127142,180647240.0,3613.0,4,3611.0,4
rb1805,20170804,20170803,210721000,3613.0,5014,127142,180647240.0,3613.0,4,3611.0,5
rb1805,20170804,20170803,210721500,3613.0,5016,127142,180719500.0,3612.0,1,3611.0,5
rb1805,20170804,20170803,210722000,3613.0,5020,127140,180864000.0,3613.0,4,3612.0,3
rb1805,20170804,20170803,210722500,3613.0,5022,127140,180936260.0,3613.0,3,3612.0,1
rb1805,20170804,20170803,210723000,3612.0,5030,127144,181225280.0,3614.0,29,3611.0,6
rb1805,20170804,20170803,210723500,3612.0,5032,127144,181297520.0,3613.0,1,3611.0,6
rb1805,20170804,20170803,210724000,3613.0,5034,127144,181369780.0,3614.0,28,3611.0,6
rb1805,20170804,20170803,210724500,3613.0,5034,127144,181369780.0,3614.0,28,3611.0,12
rb1805,20170804,20170803,210725000,3613.0,5034,127144,181369780.0,3614.0,28,3612.0,4
rb1805,20170804,20170803,210725500,3614.0,5074,127174,182815380.0,3614.0,8,3612.0,4
rb1805,20170804,20170803,210726000,3614.0,5074,127174,182815380.0,3614.0,8,3612.0,4
rb1805,20170804,20170803,210726500,3614.0,5076,127176,182887660.0,3614.0,7,3612.0,5
rb1805,20170804,20170803,210727000,3614.0,5078,127178,182959940.0,3614.0,6,3612.0,5
rb1805,20170804,20170803,210727500,3614.0,5078,127178,182959940.0,3614.0,6,3612.0,6
rb1805,20170804,20170803,210728000,3614.0,5078,127178,182959940.0,3613.0,10,3612.0,6
rb1805,20170804,20170803,210728500,3614.0,5078,127178,182959940.0,3613.0,11,3612.0,6
rb1805,20170804,20170803,210729000,3613.0,5100,127200,183754800.0,3614.0,6,3612.0,6
rb1805,20170804,20170803,210729500,3614.0,5102,127202,183827080.0,3613.0,1,3612.0,6
rb1805,20170804,20170803,210730000,3613.0,5106,127202,183971600.0,3614.0,6,3613.0,1
rb1805,20170804,20170803,210730500,3614.0,5108,127204,184043880.0,3614.0,8,3612.0,6
rb1805,20170804,20170803,210731000,3612.0,5110,127206,184116120.0,3614.0,8,3612.0,5
rb1805,20170804,20170803,210731500,3612.0,5112,127208,184188360.0,3614.0,8,3613.0,1
rb1805,20170804,20170803,210732000,3612.0,5112,127208,184188360.0,3614.0,11,3613.0,2
rb1805,20170804,20170803,210732500,3613.0,5114,127210,184260620.0,3614.0,8,3613.0,1
rb1805,20170804,20170803,210733000,3614.0,5116,127210,184332900.0,3614.0,7,3613.0,1
rb1805,20170804,20170803,210733500,3614.0,5116,127210,184332900.0,3614.0,7,3613.0,1
rb1805,20170804,20170803,210735000,3614.0,5132,127218,184911120.0,3613.0,1,3612.0,10
rb1805,20170804,20170803,210735500,3613.0,5134,127218,184983380.0,3614.0,2,3613.0,5
rb1805,20170804,20170803,210736000,3614.0,5138,127218,185127940.0,3615.0,12,3613.0,3
rb1805,20170804,20170803,210736500,3614.0,5142,127222,185272500.0,3615.0,18,3614.0,28
rb1805,20170804,20170803,210737000,3614.0,5194,127262,187151780.0,3615.0,22,3614.0,3
rb1805,20170804,20170803,210737500,3613.0,5204,127272,187513140.0,3614.0,10,3613.0,3
rb1805,20170804,20170803,210738000,3614.0,5212,127272,187802260.0,3614.0,1,3613.0,6
rb1805,20170804,20170803,210738500,3614.0,5212,127272,187802260.0,3614.0,4,3613.0,3
rb1805,20170804,20170803,210739000,3614.0,5224,127282,188235920.0,3615.0,27,3613.0,2
rb1805,20170804,20170803,210739500,3614.0,5224,127282,188235920.0,3614.0,4,3613.0,2
rb1805,20170804,20170803,210740000,3614.0,5224,127282,188235920.0,3614.0,6,3613.0,2
rb1805,20170804,20170803,210740500,3613.0,5228,127282,188380440.0,3614.0,6,3613.0,1
rb1805,20170804,20170803,210741000,3613.0,5230,127282,188452700.0,3614.0,6,3613.0,1
rb1805,20170804,20170803,210741500,3613.0,5232,127282,188524960.0,3613.0,9,3612.0,10
rb1805,20170804,20170803,210742000,3613.0,5250,127300,189175300.0,3614.0,6,3612.0,13
rb1805,20170804,20170803,210742500,3613.0,5250,127300,189175300.0,3614.0,6,3612.0,14
rb1805,20170804,20170803,210743000,3614.0,5254,127302,189319860.0,3614.0,4,3612.0,14
rb1805,20170804,20170803,210743500,3614.0,5254,127302,189319860.0,3614.0,5,3612.0,11
rb1805,20170804,20170803,210744000,3612.0,5256,127302,189392100.0,3613.0,3,3612.0,10
rb1805,20170804,20170803,210744500,3613.0,5260,127304,189536620.0,3613.0,2,3612.0,10
rb1805,20170804,20170803,210745000,3613.0,5260,127304,189536620.0,3613.0,6,3612.0,10
rb1805,20170804,20170803,210745500,3613.0,5260,127304,189536620.0,3613.0,6,3612.0,10
rb1805,20170804,20170803,210746000,3613.0,5260,127304,189536620.0,3613.0,6,3612.0,10
rb1805,20170804,20170803,210746500,3612.0,5280,127318,190259020.0,3613.0,6,3611.0,19
rb1805,20170804,20170803,210747000,3612.0,5280,127318,190259020.0,3613.0,12,3611.0,22
rb1805,20170804,20170803,210747500,3612.0,5280,127318,190259020.0,3613.0,12,3611.0,22
rb1805,20170804,20170803,210748500,3613.0,5300,127328,190981620.0,3613.0,4,3611.0,19
rb1805,20170804,20170803,210749000,3613.0,5300,127328,190981620.0,3613.0,6,3611.0,18
rb1805,20170804,20170803,210749500,3613.0,5300,127328,190981620.0,3613.0,6,3611.0,18
rb1805,20170804,20170803,210750000,3613.0,5300,127328,190981620.0,3612.0,1,3611.0,18
rb1805,20170804,20170803,210750500,3613.0,5300,127328,190981620.0,3612.0,1,3611.0,21
rb1805,20170804,20170803,210751000,3613.0,5300,127328,190981620.0,3612.0,1,3611.0,21
rb1805,20170804,20170803,210751500,3613.0,5300,127328,190981620.0,3612.0,1,3611.0,13
rb1805,20170804,20170803,210753000,3613.0,5300,127328,190981620.0,3612.0,4,3611.0,13
rb1805,20170804,20170803,210753500,3613.0,5300,127328,190981620.0,3612.0,4,3611.0,13
rb1805,20170804,20170803,210754000,3611.0,5302,127330,191053840.0,3612.0,4,3611.0,14
rb1805,20170804,20170803,210754500,3611.0,5314,127326,191487160.0,3612.0,5,3611.0,8
rb1805,20170804,20170803,210755000,3611.0,5330,127336,192064920.0,3612.0,5,3610.0,18
rb1805,20170804,20170803,210755500,3611.0,5330,127336,192064920.0,3612.0,6,3610.0,21
rb1805,20170804,20170803,210756000,3611.0,5330,127336,192064920.0,3612.0,6,3610.0,21
rb1805,20170804,20170803,210756500,3612.0,5332,127338,192137160.0,3612.0,5,3610.0,21
rb1805,20170804,20170803,210757000,3610.0,5334,127340,192209360.0,3612.0,5,3610.0,20
rb1805,20170804,20170803,210758000,3610.0,5334,127340,192209360.0,3612.0,5,3610.0,20
rb1805,20170804,20170803,210758500,3610.0,5334,127340,192209360.0,3612.0,5,3610.0,20
rb1805,20170804,20170803,210759000,3610.0,5336,127340,192281560.0,3612.0,5,3610.0,19
rb1805,20170804,20170803,210759500,3610.0,5336,127340,192281560.0,3612.0,6,3610.0,19
rb1805,20170804,20170803,210800000,3610.0,5336,127340,192281560.0,3612.0,8,3610.0,19
rb1805,20170804,20170803,210800500,3610.0,5346,127350,192642560.0,3612.0,8,3610.0,14
rb1805,20170804,20170803,210801000,3609.0,5376,127374,193725540.0,3612.0,8,3608.0,11
rb1805,20170804,20170803,210801500,3609.0,5386,127384,194086680.0,3612.0,4,3609.0,3
rb1805,20170804,20170803,210802000,3609.0,5386,127384,194086680.0,3612.0,7,3609.0,2
rb1805,20170804,20170803,210802500,3612.0,5402,127390,194664520.0,3612.0,11,3609.0,2
rb1805,20170804,20170803,210803000,3613.0,5444,127408,196181780.0,3613.0,13,3609.0,2
rb1805,20170804,20170803,210803500,3612.0,5446,127408,196254020.0,3612.0,2,3609.0,7
rb1805,20170804,20170803,210804500,3612.0,5446,127408,196254020.0,3612.0,2,3609.0,7
rb1805,20170804,20170803,210805000,3609.0,5448,127408,196326200.0,3612.0,2,3609.0,6
rb1805,20170804,20170803,210805500,3612.0,5454,127410,196542920.0,3613.0,15,3612.0,7
rb1805,20170804,20170803,210806000,3609.0,5478,127414,197409500.0,3612.0,11,3609.0,3
rb1805,20170804,20170803,210806500,3609.0,5478,127414,197409500.0,3612.0,15,3609.0,4
rb1805,20170804,20170803,210807000,3609.0,5478,127414,197409500.0,3612.0,16,3609.0,4
rb1805,20170804,20170803,210807500,3609.0,5478,127414,197409500.0,3612.0,16,3609.0,4
rb1805,20170804,20170803,210808000,3612.0,5480,127414,197481740.0,3612.0,35,3610.0,3
rb1805,20170804,20170803,210808500,3610.0,5486,127414,197698340.0,3612.0,35,3609.0,4
rb1805,20170804,20170803,210809000,3610.0,5486,127414,197698340.0,3612.0,35,3610.0,1
rb1805,20170804,20170803,210809500,3610.0,5486,127414,197698340.0,3612.0,32,3610.0,4
rb1805,20170804,20170803,210810000,3610.0,5486,127414,197698340.0,3612.0,28,3610.0,9
rb1805,20170804,20170803,210810500,3610.0,5486,127414,197698340.0,3612.0,48,3610.0,10
rb1805,20170804,20170803,210812500,3610.0,5486,127414,197698340.0,3612.0,48,3610.0,10
rb1805,20170804,20170803,210813000,3610.0,5500,127420,198203740.0,3612.0,53,3610.0,3
rb1805,20170804,20170803,210813500,3610.0,5500,127420,198203740.0,3612.0,53,3610.0,3
rb1805,20170804,20170803,210814000,3610.0,5500,127420,198203740.0,3612.0,54,3610.0,3
rb1805,20170804,20170803,210814500,3610.0,5500,127420,198203740.0,3612.0,54,3610.0,6
rb1805,20170804,20170803,210815000,3610.0,5504,127422,198348140.0,3612.0,54,3610.0,2
rb1805,20170804,20170803,210815500,3610.0,5508,127422,198492540.0,3612.0,54,3609.0,4
rb1805,20170804,20170803,210816000,3610.0,5508,127422,198492540.0,3612.0,54,3610.0,3
rb1805,20170804,20170803,210816500,3611.0,5516,127428,198781360.0,3612.0,54,3609.0,5
rb1805,20170804,20170803,210817000,3611.0,5516,127428,198781360.0,3612.0,54,3610.0,1
rb1805,20170804,20170803,210817500,3611.0,5518,127426,198853580.0,3612.0,54,3610.0,1
rb1805,20170804,20170803,210818000,3609.0,5530,127416,199286680.0,3609.0,8,3608.0,11
rb1805,20170804,20170803,210818500,3609.0,5546,127402,199864120.0,3610.0,3,3608.0,9
rb1805,20170804,20170803,210819000,3609.0,5546,127402,199864120.0,3611.0,1,3609.0,1
rb1805,20170804,20170803,210819500,3609.0,5546,127402,199864120.0,3610.0,1,3608.0,14
rb1805,20170804,20170803,210820000,3610.0,5548,127404,199936320.0,3611.0,11,3609.0,4
rb1805,20170804,20170803,210820500,3610.0,5548,127404,199936320.0,3611.0,14,3609.0,4
rb1805,20170804,20170803,210821000,3611.0,5552,127406,200080760.0,3611.0,12,3609.0,4
rb1805,20170804,20170803,210821500,3611.0,5552,127406,200080760.0,3611.0,12,3609.0,4
rb1805,20170804,20170803,210822000,3611.0,5552,127406,200080760.0,3611.0,18,3609.0,4
rb1805,20170804,20170803,210822500,3610.0,5562,127408,200441740.0,3610.0,6,3609.0,3
rb1805,20170804,20170803,210823500,3611.0,5602,127408,201886020.0,3611.0,3,3610.0,3
rb1805,20170804,20170803,210824000,3609.0,5610,127412,202174740.0,3612.0,54,3609.0,2
rb1805,20170804,20170803,210824500,3609.0,5610,127412,202174740.0,3611.0,5,3609.0,4
rb1805,20170804,20170803,210825000,3609.0,5610,127412,202174740.0,3611.0,4,3609.0,4
rb1805,20170804,20170803,210825500,3609.0,5610,127412,202174740.0,3611.0,4,3610.0,2
rb1805,20170804,20170803,210826000,3609.0,5610,127412,202174740.0,3611.0,5,3610.0,2
rb1805,20170804,20170803,210826500,3609.0,5610,127412,202174740.0,3611.0,4,3610.0,2
rb1805,20170804,20170803,210827000,3610.0,5614,127412,202319140.0,3610.0,4,3609.0,5
rb1805,20170804,20170803,210827500,3610.0,5622,127412,202607940.0,3611.0,4,3609.0,5
rb1805,20170804,20170803,210828000,3610.0,5622,127412,202607940.0,3611.0,4,3609.0,6
rb1805,20170804,20170803,210828500,3610.0,5624,127412,202680140.0,3610.0,2,3609.0,7
rb1805,20170804,20170803,210829000,3610.0,5628,127412,202824540.0,3611.0,4,3609.0,7
rb1805,20170804,20170803,210829500,3610.0,5628,127412,202824540.0,3611.0,4,3609.0,4
rb1805,20170804,20170803,210830000,3610.0,5628,127412,202824540.0,3611.0,4,3609.0,4
rb1805,20170804,20170803,210831000,3610.0,5628,127412,202824540.0,3611.0,4,3609.0,4
rb1805,20170804,20170803,210831500,3611.0,5630,127410,202896760.0,3610.0,1,3609.0,4
rb1805,20170804,20170803,210832000,3610.0,5632,127412,202968960.0,3610.0,1,3609.0,7
rb1805,20170804,20170803,210832500,3610.0,5634,127410,203041160.0,3611.0,3,3609.0,7
rb1805,20170804,20170803,210833000,3611.0,5640,127410,203257820.0,3612.0,54,3611.0,18
rb1805,20170804,20170803,210833500,3611.0,5662,127410,204052240.0,3612.0,55,3611.0,7
rb1805,20170804,20170803,210834000,3611.0,5662,127410,204052240.0,3612.0,55,3611.0,7
rb1805,20170804,20170803,210834500,3611.0,5662,127410,204052240.0,3612.0,55,3611.0,7
rb1805,20170804,20170803,210835000,3611.0,5676,127410,204557780.0,3612.0,55,3609.0,7
rb1805,20170804,20170803,210835500,3611.0,5676,127410,204557780.0,3612.0,55,3611.0,10
rb1805,20170804,20170803,210836000,3609.0,5704,127436,205568700.0,3612.0,55,3609.0,6
rb1805,20170804,20170803,210836500,3612.0,5724,127438,206291100.0,3612.0,36,3611.0,4
rb1805,20170804,20170803,210837000,3611.0,5740,127446,206868920.0,3611.0,6,3610.0,10
rb1805,20170804,20170803,210837500,3611.0,5752,127446,207302240.0,3612.0,33,3611.0,8
rb1805,20170804,20170803,210838000,3612.0,5818,127454,209686160.0,3613.0,28,3611.0,11
rb1805,20170804,20170803,210838500,3613.0,5860,127474,211203620.0,3613.0,4,3612.0,5
rb1805,20170804,20170803,210839000,3612.0,5878,127470,211853940.0,3614.0,15,3612.0,5
rb1805,20170804,20170803,210839500,3614.0,5900,127450,212649020.0,3614.0,4,3612.0,11
rb1805,20170804,20170803,210840000,3614.0,5906,127450,212865860.0,3614.0,1,3612.0,20
rb1805,20170804,20170803,210840500,3612.0,5914,127452,213154940.0,3615.0,19,3612.0,21
rb1805,20170804,20170803,210841000,3612.0,5916,127454,213227180.0,3615.0,21,3612.0,18
rb1805,20170804,20170803,210841500,3615.0,5956,127472,214673180.0,3615.0,1,3612.0,22
rb1805,20170804,20170803,210842000,3615.0,5956,127472,214673180.0,3615.0,2,3612.0,23
rb1805,20170804,20170803,210842500,3615.0,5958,127472,214745480.0,3615.0,1,3614.0,1
rb1805,20170804,20170803,210843000,3615.0,5958,127472,214745480.0,3615.0,1,3614.0,1
rb1805,20170804,20170803,210843500,3615.0,5958,127472,214745480.0,3615.0,1,3614.0,1
rb1805,20170804,20170803,210844000,3616.0,5962,127472,214890100.0,3616.0,3,3614.0,1
rb1805,20170804,20170803,210844500,3616.0,5962,127472,214890100.0,3616.0,9,3614.0,1
rb1805,20170804,20170803,210845000,3616.0,5962,127472,214890100.0,3616.0,12,3615.0,3
rb1805,20170804,20170803,210845500,3615.0,5968,127472,215107000.0,3615.0,2,3614.0,1
rb1805,20170804,20170803,210846000,3615.0,5968,127472,215107000.0,3616.0,15,3614.0,1
rb1805,20170804,20170803,210846500,3614.0,5970,127472,215179280.0,3614.0,1,3613.0,1
rb1805,20170804,20170803,210847000,3614.0,5970,127472,215179280.0,3615.0,17,3613.0,1
rb1805,20170804,20170803,210847500,3614.0,5974,127472,215323860.0,3615.0,16,3613.0,1
rb1805,20170804,20170803,210848000,3614.0,5974,127472,215323860.0,3615.0,13,3613.0,6
rb1805,20170804,20170803,210848500,3614.0,5974,127472,215323860.0,3615.0,7,3614.0,1
rb1805,20170804,20170803,210849000,3614.0,5976,127470,215396140.0,3615.0,3,3613.0,6
rb1805,20170804,20170803,210849500,3615.0,5982,127476,215613040.0,3616.0,14,3615.0,2
rb1805,20170804,20170803,210850000,3615.0,5986,127480,215757640.0,3615.0,4,3613.0,8
rb1805,20170804,20170803,210850500,3615.0,5986,127480,215757640.0,3616.0,17,3613.0,6
rb1805,20170804,20170803,210851000,3615.0,5986,127480,215757640.0,3616.0,17,3614.0,1
rb1805,20170804,20170803,210851500,3615.0,5986,127480,215757640.0,3615.0,3,3614.0,1
rb1805,20170804,20170803,210852000,3615.0,5994,127486,216046840.0,3615.0,2,3614.0,1
rb1805,20170804,20170803,210852500,3615.0,5994,127486,216046840.0,3615.0,3,3614.0,2
rb1805,20170804,20170803,210853000,3615.0,5994,127486,216046840.0,3615.0,3,3614.0,2
rb1805,20170804,20170803,210853500,3615.0,5994,127486,216046840.0,3615.0,4,3614.0,2
rb1805,20170804,20170803,210854000,3615.0,5994,127486,216046840.0,3615.0,5,3614.0,3
rb1805,20170804,20170803,210854500,3615.0,5994,127486,216046840.0,3615.0,2,3614.0,3
rb1805,20170804,20170803,210855000,3614.0,5996,127488,216119120.0,3615.0,2,3614.0,2
rb1805,20170804,20170803,210855500,3614.0,5996,127488,216119120.0,3615.0,2,3614.0,2
rb1805,20170804,20170803,210856000,3614.0,5996,127488,216119120.0,3615.0,2,3614.0,2
rb1805,20170804,20170803,210856500,3614.0,5996,127488,216119120.0,3615.0,2,3614.0,5
rb1805,20170804,20170803,210857000,3615.0,5998,127490,216191420.0,3615.0,4,3614.0,2
rb1805,20170804,20170803,210857500,3615.0,5998,127490,216191420.0,3615.0,1,3614.0,2
rb1805,20170804,20170803,210858000,3614.0,6000,127490,216263700.0,3615.0,4,3614.0,1
rb1805,20170804,20170803,210858500,3614.0,6000,127490,216263700.0,3615.0,1,3614.0,9
rb1805,20170804,20170803,210859000,3614.0,6002,127492,216335980.0,3615.0,4,3613.0,8
rb1805,20170804,20170803,210859500,3614.0,6002,127492,216335980.0,3615.0,1,3613.0,11
rb1805,20170804,20170803,210900500,3614.0,6004,127494,216408260.0,3614.0,1,3613.0,11
rb1805,20170804,20170803,210901000,3614.0,6006,127496,216480540.0,3615.0,5,3613.0,11
rb1805,20170804,20170803,210901500,3614.0,6006,127496,216480540.0,3615.0,5,3613.0,11
rb1805,20170804,20170803,210902000,3614.0,6006,127496,216480540.0,3615.0,5,3613.0,11
rb1805,20170804,20170803,210902500,3614.0,6006,127496,216480540.0,3615.0,5,3613.0,8
rb1805,20170804,20170803,210903500,3613.0,6016,127506,216841840.0,3615.0,2,3613.0,6
rb1805,20170804,20170803,210904000,3615.0,6018,127506,216914140.0,3615.0,2,3613.0,6
rb1805,20170804,20170803,210904500,3615.0,6018,127506,216914140.0,3615.0,2,3614.0,3
rb1805,20170804,20170803,210905500,3615.0,6018,127506,216914140.0,3615.0,2,3614.0,3
rb1805,20170804,20170803,210906000,3614.0,6024,127512,217130980.0,3614.0,7,3613.0,16
rb1805,20170804,20170803,210906500,3614.0,6026,127514,217203260.0,3614.0,8,3613.0,16
rb1805,20170804,20170803,210907000,3614.0,6026,127514,217203260.0,3614.0,8,3613.0,16
rb1805,20170804,20170803,210907500,3614.0,6026,127514,217203260.0,3614.0,8,3613.0,16
rb1805,20170804,20170803,210908000,3614.0,6028,127514,217275540.0,3614.0,7,3613.0,15
rb1805,20170804,20170803,210908500,3614.0,6028,127514,217275540.0,3614.0,10,3613.0,15
rb1805,20170804,20170803,210909000,3614.0,6028,127514,217275540.0,3614.0,10,3613.0,16
rb1805,20170804,20170803,210909500,3614.0,6030,127514,217347820.0,3614.0,9,3613.0,16
rb1805,20170804,20170803,210910000,3614.0,6048,127532,217998340.0,3615.0,4,3613.0,16
rb1805,20170804,20170803,210910500,3614.0,6048,127532,217998340.0,3615.0,8,3614.0,105
rb1805,20170804,20170803,210911500,3614.0,6050,127532,218070620.0,3615.0,8,3614.0,104
rb1805,20170804,20170803,210912000,3614.0,6050,127532,218070620.0,3615.0,13,3614.0,104
rb1805,20170804,20170803,210912500,3614.0,6052,127532,218142900.0,3615.0,16,3614.0,103
rb1805,20170804,20170803,210913000,3614.0,6054,127532,218215180.0,3615.0,19,3614.0,102
rb1805,20170804,20170803,210914000,3614.0,6068,127538,218721240.0,3615.0,14,3614.0,100
rb1805,20170804,20170803,210914500,3614.0,6070,127538,218793520.0,3615.0,14,3614.0,99
rb1805,20170804,20170803,210915000,3615.0,6080,127540,219155020.0,3615.0,9,3614.0,99
rb1805,20170804,20170803,210915500,3615.0,6080,127540,219155020.0,3615.0,9,3614.0,99
rb1805,20170804,20170803,210916000,3615.0,6096,127534,219733420.0,3615.0,1,3614.0,99
rb1805,20170804,20170803,210917000,3615.0,6096,127534,219733420.0,3615.0,1,3614.0,99
rb1805,20170804,20170803,210917500,3615.0,6096,127534,219733420.0,3615.0,1,3614.0,99
rb1805,20170804,20170803,210918000,3615.0,6096,127534,219733420.0,3615.0,1,3614.0,99
rb1805,20170804,20170803,210918500,3614.0,6116,127540,220456260.0,3615.0,6,3614.0,91
rb1805,20170804,20170803,210919000,3614.0,6126,127546,220817660.0,3615.0,5,3614.0,86
rb1805,20170804,20170803,210919500,3614.0,6184,127556,222913780.0,3615.0,7,3614.0,57
rb1805,20170804,20170803,210920000,3614.0,6264,127622,225804980.0,3615.0,8,3614.0,17
rb1805,20170804,20170803,210920500,3614.0,6310,127660,227467360.0,3614.0,1,3613.0,12
rb1805,20170804,20170803,210921000,3614.0,6310,127660,227467360.0,3614.0,1,3613.0,9
rb1805,20170804,20170803,210921500,3614.0,6314,127664,227611920.0,3615.0,12,3613.0,9
rb1805,20170804,20170803,210922000,3614.0,6314,127664,227611920.0,3614.0,1,3613.0,9
rb1805,20170804,20170803,210923000,3614.0,6320,127668,227828720.0,3615.0,11,3614.0,5
rb1805,20170804,20170803,210923500,3614.0,6320,127668,227828720.0,3615.0,9,3614.0,5
rb1805,20170804,20170803,210924000,3615.0,6322,127668,227901020.0,3615.0,8,3614.0,8
rb1805,20170804,20170803,210924500,3614.0,6326,127672,228045580.0,3615.0,8,3614.0,3
rb1805,20170804,20170803,210925500,3616.0,6346,127682,228768620.0,3616.0,11,3615.0,10
rb1805,20170804,20170803,210926000,3616.0,6346,127682,228768620.0,3616.0,11,3615.0,10
rb1805,20170804,20170803,210926500,3615.0,6388,127718,230286920.0,3616.0,17,3615.0,9
rb1805,20170804,20170803,210927000,3615.0,6388,127718,230286920.0,3616.0,11,3615.0,9
rb1805,20170804,20170803,210927500,3616.0,6390,127720,230359240.0,3616.0,10,3615.0,9
rb1805,20170804,20170803,210929000,3615.0,6394,127720,230503840.0,3616.0,11,3615.0,7
rb1805,20170804,20170803,210929500,3615.0,6398,127724,230648440.0,3616.0,5,3615.0,5
rb1805,20170804,20170803,210930000,3615.0,6398,127724,230648440.0,3616.0,6,3615.0,5
rb1805,20170804,20170803,210931000,3616.0,6400,127724,230720760.0,3616.0,15,3615.0,8
rb1805,20170804,20170803,210931500,3615.0,6406,127730,230937660.0,3616.0,15,3615.0,2
rb1805,20170804,20170803,210932000,3615.0,6408,127732,231009960.0,3616.0,15,3615.0,1
rb1805,20170804,20170803,210932500,3616.0,6412,127732,231154600.0,3616.0,13,3615.0,1
rb1805,20170804,20170803,210933500,3615.0,6414,127732,231226900.0,3616.0,15,3614.0,3
rb1805,20170804,20170803,210934000,3615.0,6414,127732,231226900.0,3615.0,2,3614.0,3
rb1805,20170804,20170803,210934500,3614.0,6418,127732,231371460.0,3615.0,1,3614.0,1
rb1805,20170804,20170803,210935000,3616.0,6422,127734,231516080.0,3615.0,3,3614.0,1
rb1805,20170804,20170803,210935500,3614.0,6424,127734,231588360.0,3614.0,1,3613.0,22
rb1805,20170804,20170803,210936000,3614.0,6424,127734,231588360.0,3614.0,1,3613.0,25
rb1805,20170804,20170803,210937000,3614.0,6424,127734,231588360.0,3615.0,6,3613.0,25
rb1805,20170804,20170803,210937500,3613.0,6432,127738,231877400.0,3615.0,6,3613.0,18
rb1805,20170804,20170803,210938000,3613.0,6432,127738,231877400.0,3614.0,2,3613.0,18
rb1805,20170804,20170803,210938500,3613.0,6432,127738,231877400.0,3614.0,2,3613.0,18
rb1805,20170804,20170803,210939500,3613.0,6432,127738,231877400.0,3614.0,2,3613.0,18
rb1805,20170804,20170803,210940000,3613.0,6446,127750,232383220.0,3614.0,2,3613.0,11
rb1805,20170804,20170803,210940500,3613.0,6446,127750,232383220.0,3614.0,2,3613.0,11
rb1805,20170804,20170803,210941000,3613.0,6454,127756,232672280.0,3614.0,1,3613.0,8
rb1805,20170804,20170803,210942000,3613.0,6462,127764,232961320.0,3613.0,2,3612.0,8
rb1805,20170804,20170803,210942500,3613.0,6466,127764,233105840.0,3615.0,8,3612.0,7
rb1805,20170804,20170803,210943000,3613.0,6468,127762,233178100.0,3615.0,10,3613.0,3
rb1805,20170804,20170803,210943500,3613.0,6474,127758,233394880.0,3615.0,10,3612.0,7
rb1805,20170804,20170803,210944000,3612.0,6484,127756,233756120.0,3614.0,1,3612.0,3
rb1805,20170804,20170803,210944500,3612.0,6484,127756,233756120.0,3614.0,3,3612.0,3
rb1805,20170804,20170803,210945000,3612.0,6484,127756,233756120.0,3614.0,3,3612.0,3
rb1805,20170804,20170803,210945500,3612.0,6486,127758,233828360.0,3613.0,2,3612.0,3
rb1805,20170804,20170803,210946000,3612.0,6486,127758,233828360.0,3613.0,2,3612.0,3
rb1805,20170804,20170803,210946500,3612.0,6486,127758,233828360.0,3613.0,2,3612.0,3
rb1805,20170804,20170803,210947000,3613.0,6490,127754,233972880.0,3614.0,2,3612.0,3
rb1805,20170804,20170803,210947500,3613.0,6490,127754,233972880.0,3614.0,2,3612.0,3
rb1805,20170804,20170803,210949000,3613.0,6490,127754,233972880.0,3614.0,3,3612.0,3
rb1805,20170804,20170803,210949500,3612.0,6492,127756,234045120.0,3614.0,3,3612.0,2
rb1805,20170804,20170803,210950000,3614.0,6498,127758,234261960.0,3615.0,21,3614.0,2
rb1805,20170804,20170803,210950500,3614.0,6502,127758,234406520.0,3614.0,2,3612.0,4
rb1805,20170804,20170803,210951000,3614.0,6502,127758,234406520.0,3614.0,2,3612.0,2
rb1805,20170804,20170803,210951500,3614.0,6502,127758,234406520.0,3614.0,2,3612.0,2
rb1805,20170804,20170803,210952500,3614.0,6502,127758,234406520.0,3614.0,3,3612.0,2
rb1805,20170804,20170803,210953000,3614.0,6502,127758,234406520.0,3614.0,3,3612.0,2
rb1805,20170804,20170803,210954000,3614.0,6502,127758,234406520.0,3614.0,3,3612.0,2
rb1805,20170804,20170803,210954500,3612.0,6504,127758,234478760.0,3614.0,3,3612.0,1
rb1805,20170804,20170803,210955000,3612.0,6504,127758,234478760.0,3614.0,3,3612.0,1
rb1805,20170804,20170803,210955500,3612.0,6504,127758,234478760.0,3614.0,3,3612.0,1
rb1805,20170804,20170803,210956500,3612.0,6504,127758,234478760.0,3614.0,3,3612.0,2
rb1805,20170804,20170803,210957000,3612.0,6506,127760,234551000.0,3614.0,3,3612.0,1
rb1805,20170804,20170803,210957500,3612.0,6508,127758,234623240.0,3614.0,3,3611.0,14
rb1805,20170804,20170803,210958000,3612.0,6508,127758,234623240.0,3612.0,1,3611.0,13
rb1805,20170804,20170803,210958500,3612.0,6508,127758,234623240.0,3612.0,1,3611.0,8
rb1805,20170804,20170803,210959000,3612.0,6508,127758,234623240.0,3612.0,1,3611.0,8
rb1805,20170804,20170803,210959500,3611.0,6510,127758,234695460.0,3612.0,1,3611.0,7
rb1805,20170804,20170803,211000000,3611.0,6510,127758,234695460.0,3612.0,1,3611.0,7
rb1805,20170804,20170803,211000500,3611.0,6510,127758,234695460.0,3612.0,1,3611.0,7
rb1805,20170804,20170803,211001500,3614.0,6514,127758,234839980.0,3614.0,2,3611.0,5
rb1805,20170804,20170803,211002000,3612.0,6520,127758,235056700.0,3614.0,1,3611.0,8
rb1805,20170804,20170803,211002500,3612.0,6520,127758,235056700.0,3614.0,1,3612.0,2
rb1805,20170804,20170803,211003000,3612.0,6520,127758,235056700.0,3614.0,1,3612.0,2
rb1805,20170804,20170803,211004000,3614.0,6524,127758,235201260.0,3615.0,32,3612.0,3
rb1805,20170804,20170803,211004500,3614.0,6524,127758,235201260.0,3614.0,4,3612.0,8
rb1805,20170804,20170803,211005000,3614.0,6524,127758,235201260.0,3614.0,4,3612.0,11
rb1805,20170804,20170803,211005500,3614.0,6524,127758,235201260.0,3614.0,4,3612.0,6
rb1805,20170804,20170803,211006000,3614.0,6524,127758,235201260.0,3614.0,4,3612.0,4
rb1805,20170804,20170803,211006500,3614.0,6524,127758,235201260.0,3614.0,4,3612.0,5
rb1805,20170804,20170803,211007000,3612.0,6530,127754,235417980.0,3614.0,4,3612.0,2
rb1805,20170804,20170803,211007500,3612.0,6530,127754,235417980.0,3614.0,4,3612.0,2
rb1805,20170804,20170803,211008000,3612.0,6530,127754,235417980.0,3614.0,4,3612.0,2
rb1805,20170804,20170803,211009500,3613.0,6532,127754,235490240.0,3613.0,4,3612.0,2
rb1805,20170804,20170803,211010500,3613.0,6534,127754,235562500.0,3613.0,3,3612.0,2
rb1805,20170804,20170803,211012500,3613.0,6534,127754,235562500.0,3613.0,3,3612.0,2
rb1805,20170804,20170803,211014500,3612.0,6538,127754,235706980.0,3613.0,3,3611.0,19
rb1805,20170804,20170803,211015000,3612.0,6538,127754,235706980.0,3612.0,2,3611.0,19
rb1805,20170804,20170803,211015500,3612.0,6538,127754,235706980.0,3612.0,3,3611.0,19
rb1805,20170804,20170803,211016000,3611.0,6544,127754,235923640.0,3612.0,2,3611.0,11
rb1805,20170804,20170803,211017000,3611.0,6548,127754,236068080.0,3612.0,2,3611.0,9
rb1805,20170804,20170803,211017500,3611.0,6554,127748,236284740.0,3612.0,2,3611.0,6
rb1805,20170804,20170803,211018000,3611.0,6560,127746,236501420.0,3612.0,1,3611.0,4
rb1805,20170804,20170803,211019000,3611.0,6564,127744,236645860.0,3612.0,1,3611.0,2
rb1805,20170804,20170803,211019500,3611.0,6564,127744,236645860.0,3612.0,5,3611.0,2
rb1805,20170804,20170803,211020000,3611.0,6564,127744,236645860.0,3612.0,5,3611.0,2
rb1805,20170804,20170803,211020500,3611.0,6568,127744,236790300.0,3612.0,5,3610.0,12
rb1805,20170804,20170803,211021000,3611.0,6568,127744,236790300.0,3612.0,15,3610.0,12
rb1805,20170804,20170803,211021500,3611.0,6568,127744,236790300.0,3611.0,9,3610.0,12
rb1805,20170804,20170803,211022000,3610.0,6572,127744,236934700.0,3611.0,7,3610.0,10
rb1805,20170804,20170803,211022500,3610.0,6572,127744,236934700.0,3611.0,8,3610.0,10
rb1805,20170804,20170803,211023000,3610.0,6572,127744,236934700.0,3611.0,8,3610.0,10
rb1805,20170804,20170803,211023500,3610.0,6576,127744,237079100.0,3611.0,8,3610.0,8
rb1805,20170804,20170803,211024000,3610.0,6580,127744,237223500.0,3611.0,8,3610.0,6
rb1805,20170804,20170803,211024500,3610.0,6580,127744,237223500.0,3611.0,8,3610.0,6
rb1805,20170804,20170803,211025000,3610.0,6584,127744,237367900.0,3611.0,8,3610.0,4
rb1805,20170804,20170803,211025500,3610.0,6588,127744,237512300.0,3611.0,8,3610.0,2
rb1805,20170804,20170803,211026000,3610.0,6592,127744,237656700.0,3610.0,8,3609.0,16
rb1805,20170804,20170803,211026500,3610.0,6592,127744,237656700.0,3610.0,11,3609.0,13
rb1805,20170804,20170803,211027000,3609.0,6596,127744,237801060.0,3610.0,9,3609.0,11
rb1805,20170804,20170803,211027500,3609.0,6596,127744,237801060.0,3610.0,9,3609.0,11
rb1805,20170804,20170803,211028000,3609.0,6600,127744,237945420.0,3610.0,9,3609.0,9
rb1805,20170804,20170803,211028500,3610.0,6602,127746,238017620.0,3610.0,8,3609.0,9
rb1805,20170804,20170803,211029000,3609.0,6620,127744,238667240.0,3609.0,3,3608.0,13
rb1805,20170804,20170803,211029500,3609.0,6620,127744,238667240.0,3609.0,3,3608.0,17
rb1805,20170804,20170803,211030000,3609.0,6620,127744,238667240.0,3609.0,3,3608.0,16
rb1805,20170804,20170803,211030500,3609.0,6628,127736,238955960.0,3610.0,9,3608.0,24
rb1805,20170804,20170803,211031000,3609.0,6628,127736,238955960.0,3610.0,9,3608.0,22
rb1805,20170804,20170803,211031500,3609.0,6628,127736,238955960.0,3610.0,9,3608.0,28
rb1805,20170804,20170803,211032000,3609.0,6628,127736,238955960.0,3610.0,9,3609.0,3
rb1805,20170804,20170803,211032500,3610.0,6636,127732,239244720.0,3610.0,7,3609.0,3
rb1805,20170804,20170803,211033000,3610.0,6636,127732,239244720.0,3610.0,7,3609.0,3
rb1805,20170804,20170803,211033500,3610.0,6636,127732,239244720.0,3610.0,7,3609.0,3
rb1805,20170804,20170803,211034500,3610.0,6636,127732,239244720.0,3610.0,7,3609.0,3
rb1805,20170804,20170803,211035000,3609.0,6654,127736,239894440.0,3609.0,1,3608.0,24
rb1805,20170804,20170803,211035500,3609.0,6656,127736,239966620.0,3610.0,2,3609.0,8
rb1805,20170804,20170803,211036000,3609.0,6658,127734,240038800.0,3610.0,2,3609.0,11
rb1805,20170804,20170803,211037000,3609.0,6658,127734,240038800.0,3610.0,2,3609.0,10
rb1805,20170804,20170803,211037500,3609.0,6658,127734,240038800.0,3610.0,2,3609.0,10
rb1805,20170804,20170803,211038000,3609.0,6658,127734,240038800.0,3610.0,2,3609.0,10
rb1805,20170804,20170803,211038500,3609.0,6658,127734,240038800.0,3610.0,3,3609.0,10
rb1805,20170804,20170803,211039500,3610.0,6664,127732,240255400.0,3611.0,24,3610.0,5
rb1805,20170804,20170803,211040000,3609.0,6688,127732,241121640.0,3611.0,19,3609.0,2
rb1805,20170804,20170803,211040500,3610.0,6690,127732,241193840.0,3610.0,4,3609.0,1
rb1805,20170804,20170803,211041000,3609.0,6694,127734,241338220.0,3610.0,3,3608.0,27
rb1805,20170804,20170803,211041500,3609.0,6696,127736,241410400.0,3610.0,3,3609.0,3
rb1805,20170804,20170803,211042000,3609.0,6696,127736,241410400.0,3610.0,3,3609.0,3
rb1805,20170804,20170803,211042500,3609.0,6698,127738,241482580.0,3610.0,3,3609.0,2
rb1805,20170804,20170803,211043500,3608.0,6710,127736,241915540.0,3610.0,3,3608.0,15
rb1805,20170804,20170803,211044000,3608.0,6712,127736,241987700.0,3610.0,3,3608.0,17
rb1805,20170804,20170803,211044500,3610.0,6718,127742,242204300.0,3611.0,24,3610.0,7
rb1805,20170804,20170803,211045000,3610.0,6718,127742,242204300.0,3611.0,27,3610.0,8
rb1805,20170804,20170803,211045500,3610.0,6720,127744,242276500.0,3611.0,27,3610.0,7
rb1805,20170804,20170803,211046000,3610.0,6732,127756,242709700.0,3611.0,28,3610.0,1
rb1805,20170804,20170803,211046500,3610.0,6732,127756,242709700.0,3611.0,28,3610.0,1
rb1805,20170804,20170803,211047000,3610.0,6732,127756,242709700.0,3611.0,23,3610.0,1
rb1805,20170804,20170803,211047500,3610.0,6736,127756,242854100.0,3610.0,11,3609.0,1
rb1805,20170804,20170803,211048000,3610.0,6736,127756,242854100.0,3610.0,11,3609.0,1
rb1805,20170804,20170803,211048500,3609.0,6738,127754,242926280.0,3610.0,11,3608.0,11
rb1805,20170804,20170803,211049000,3609.0,6740,127752,242998460.0,3610.0,12,3608.0,11
rb1805,20170804,20170803,211049500,3609.0,6740,127752,242998460.0,3610.0,13,3608.0,11
rb1805,20170804,20170803,211050500,3609.0,6740,127752,242998460.0,3610.0,14,3609.0,1
rb1805,20170804,20170803,211051000,3609.0,6740,127752,242998460.0,3610.0,14,3609.0,1
rb1805,20170804,20170803,211052500,3609.0,6740,127752,242998460.0,3610.0,14,3609.0,1
rb1805,20170804,20170803,211053500,3609.0,6740,127752,242998460.0,3610.0,14,3609.0,1
rb1805,20170804,20170803,211054000,3609.0,6740,127752,242998460.0,3610.0,14,3609.0,1
rb1805,20170804,20170803,211056000,3610.0,6742,127754,243070660.0,3610.0,13,3609.0,2
rb1805,20170804,20170803,211056500,3610.0,6742,127754,243070660.0,3610.0,14,3609.0,2
rb1805,20170804,20170803,211057000,3610.0,6742,127754,243070660.0,3610.0,14,3609.0,2
rb1805,20170804,20170803,211057500,3610.0,6742,127754,243070660.0,3610.0,14,3609.0,2
rb1805,20170804,20170803,211058500,3610.0,6742,127754,243070660.0,3610.0,14,3609.0,3
rb1805,20170804,20170803,211100000,3607.0,6858,127730,247255080.0,3610.0,14,3607.0,465
rb1805,20170804,20170803,211100500,3607.0,6858,127730,247255080.0,3610.0,14,3607.0,477
rb1805,20170804,20170803,211101000,3608.0,6860,127730,247327240.0,3608.0,19,3607.0,476
