instrument,tradingday,calendarday,time,lastp,volume,openinterest,turnover,ask1,asksz1,bid1,bidsz1
rb1805,20170706,20170705,183933500,3080.0,0,75300,0.0,0.0,0,0.0,0
rb1805,20170706,20170705,205900500,3067.0,20,75292,613400.0,3080.0,2,3067.0,9
rb1805,20170706,20170705,210000500,3066.0,44,75294,1349420.0,3066.0,14,3065.0,2
rb1805,20170706,20170705,210001000,3065.0,48,75294,1472020.0,3066.0,19,3060.0,1
rb1805,20170706,20170705,210001500,3061.0,54,75290,1655680.0,3065.0,9,3061.0,9
rb1805,20170706,20170705,210002000,3061.0,54,75290,1655680.0,3064.0,3,3061.0,10
rb1805,20170706,20170705,210002500,3061.0,82,75300,2512760.0,3061.0,1,3060.0,1
rb1805,20170706,20170705,210003000,3061.0,82,75300,2512760.0,3065.0,6,3060.0,1
rb1805,20170706,20170705,210003500,3058.0,88,75298,2696300.0,3065.0,11,3058.0,2
rb1805,20170706,20170705,210004000,3058.0,88,75298,2696300.0,3065.0,11,3062.0,1
rb1805,20170706,20170705,210004500,3058.0,88,75298,2696300.0,3064.0,1,3062.0,1
rb1805,20170706,20170705,210005000,3058.0,88,75298,2696300.0,3065.0,6,3062.0,1
rb1805,20170706,20170705,210005500,3058.0,88,75298,2696300.0,3065.0,11,3062.0,1
rb1805,20170706,20170705,210006000,3058.0,88,75298,2696300.0,3065.0,6,3062.0,1
rb1805,20170706,20170705,210006500,3058.0,88,75298,2696300.0,3065.0,11,3062.0,1
rb1805,20170706,20170705,210007000,3058.0,88,75298,2696300.0,3065.0,6,3062.0,1
rb1805,20170706,20170705,210007500,3058.0,90,75300,2757460.0,3065.0,6,3058.0,3
rb1805,20170706,20170705,210008000,3058.0,90,75300,2757460.0,3065.0,12,3058.0,6
rb1805,20170706,20170705,210008500,3058.0,92,75300,2818620.0,3064.0,1,3058.0,3
rb1805,20170706,20170705,210010000,3058.0,92,75300,2818620.0,3064.0,1,3058.0,7
rb1805,20170706,20170705,210012000,3058.0,92,75300,2818620.0,3064.0,1,3058.0,10
rb1805,20170706,20170705,210012500,3058.0,92,75300,2818620.0,3064.0,1,3058.0,11
rb1805,20170706,20170705,210013500,3058.0,92,75300,2818620.0,3064.0,1,3058.0,11
rb1805,20170706,20170705,210014000,3058.0,92,75300,2818620.0,3064.0,1,3058.0,15
rb1805,20170706,20170705,210014500,3058.0,98,75302,3002100.0,3064.0,1,3058.0,12
rb1805,20170706,20170705,210015000,3058.0,98,75302,3002100.0,3064.0,1,3058.0,9
rb1805,20170706,20170705,210015500,3058.0,98,75302,3002100.0,3064.0,1,3058.0,9
rb1805,20170706,20170705,210016000,3058.0,98,75302,3002100.0,3064.0,1,3058.0,12
rb1805,20170706,20170705,210016500,3058.0,98,75302,3002100.0,3064.0,1,3058.0,14
rb1805,20170706,20170705,210017000,3064.0,100,75302,3063380.0,3065.0,8,3064.0,2
rb1805,20170706,20170705,210017500,3064.0,104,75304,3185940.0,3064.0,4,3058.0,4
rb1805,20170706,20170705,210018000,3064.0,104,75304,3185940.0,3065.0,8,3060.0,3
rb1805,20170706,20170705,210019500,3064.0,104,75304,3185940.0,3065.0,8,3060.0,3
rb1805,20170706,20170705,210020500,3064.0,104,75304,3185940.0,3065.0,10,3060.0,3
rb1805,20170706,20170705,210021000,3064.0,104,75304,3185940.0,3065.0,10,3060.0,3
rb1805,20170706,20170705,210021500,3064.0,104,75304,3185940.0,3065.0,10,3059.0,2
rb1805,20170706,20170705,210022000,3064.0,104,75304,3185940.0,3065.0,10,3060.0,3
rb1805,20170706,20170705,210022500,3064.0,104,75304,3185940.0,3065.0,10,3060.0,4
rb1805,20170706,20170705,210023500,3064.0,104,75304,3185940.0,3065.0,10,3060.0,1
rb1805,20170706,20170705,210024000,3064.0,104,75304,3185940.0,3065.0,10,3060.0,1
rb1805,20170706,20170705,210024500,3064.0,104,75304,3185940.0,3065.0,10,3062.0,1
rb1805,20170706,20170705,210026000,3065.0,106,75304,3247240.0,3065.0,9,3062.0,1
rb1805,20170706,20170705,210027000,3062.0,108,75306,3308480.0,3065.0,9,3060.0,1
rb1805,20170706,20170705,210028000,3062.0,108,75306,3308480.0,3065.0,9,3060.0,2
rb1805,20170706,20170705,210029000,3059.0,120,75300,3675620.0,3059.0,4,3058.0,5
rb1805,20170706,20170705,210029500,3059.0,128,75298,3920340.0,3065.0,9,3063.0,2
rb1805,20170706,20170705,210030000,3064.0,132,75294,4042900.0,3065.0,9,3059.0,1
rb1805,20170706,20170705,210030500,3064.0,132,75294,4042900.0,3065.0,9,3060.0,1
rb1805,20170706,20170705,210031000,3065.0,134,75294,4104200.0,3065.0,8,3060.0,1
rb1805,20170706,20170705,210031500,3065.0,134,75294,4104200.0,3065.0,8,3060.0,2
rb1805,20170706,20170705,210032500,3065.0,134,75294,4104200.0,3065.0,9,3060.0,3
rb1805,20170706,20170705,210033000,3065.0,134,75294,4104200.0,3065.0,9,3061.0,1
rb1805,20170706,20170705,210033500,3065.0,134,75294,4104200.0,3063.0,1,3062.0,1
rb1805,20170706,20170705,210034000,3065.0,134,75294,4104200.0,3063.0,1,3061.0,1
rb1805,20170706,20170705,210034500,3065.0,134,75294,4104200.0,3063.0,1,3061.0,2
rb1805,20170706,20170705,210035500,3063.0,136,75294,4165460.0,3064.0,1,3063.0,1
rb1805,20170706,20170705,210036000,3063.0,136,75294,4165460.0,3064.0,1,3063.0,1
rb1805,20170706,20170705,210036500,3063.0,146,75294,4471760.0,3063.0,5,3061.0,1
rb1805,20170706,20170705,210037000,3063.0,146,75294,4471760.0,3063.0,5,3061.0,1
rb1805,20170706,20170705,210037500,3064.0,158,75296,4839340.0,3065.0,9,3064.0,4
rb1805,20170706,20170705,210038000,3064.0,158,75296,4839340.0,3065.0,10,3064.0,4
rb1805,20170706,20170705,210038500,3064.0,158,75296,4839340.0,3065.0,10,3064.0,4
rb1805,20170706,20170705,210039000,3064.0,158,75296,4839340.0,3065.0,10,3064.0,4
rb1805,20170706,20170705,210039500,3064.0,158,75296,4839340.0,3065.0,10,3064.0,5
rb1805,20170706,20170705,210040500,3064.0,160,75298,4900620.0,3065.0,10,3064.0,4
rb1805,20170706,20170705,210041000,3064.0,160,75298,4900620.0,3065.0,9,3064.0,4
rb1805,20170706,20170705,210041500,3064.0,160,75298,4900620.0,3065.0,9,3064.0,4
rb1805,20170706,20170705,210042000,3065.0,162,75298,4961920.0,3065.0,8,3064.0,4
rb1805,20170706,20170705,210042500,3064.0,164,75298,5023200.0,3065.0,8,3064.0,3
rb1805,20170706,20170705,210045000,3064.0,164,75298,5023200.0,3065.0,9,3064.0,3
rb1805,20170706,20170705,210045500,3064.0,168,75302,5145780.0,3065.0,8,3064.0,2
rb1805,20170706,20170705,210046500,3064.0,168,75302,5145780.0,3065.0,8,3064.0,10
rb1805,20170706,20170705,210047000,3064.0,168,75302,5145780.0,3065.0,8,3064.0,10
rb1805,20170706,20170705,210048000,3064.0,168,75302,5145780.0,3065.0,8,3064.0,10
rb1805,20170706,20170705,210049000,3064.0,168,75302,5145780.0,3065.0,8,3064.0,10
rb1805,20170706,20170705,210049500,3064.0,168,75302,5145780.0,3065.0,8,3064.0,10
rb1805,20170706,20170705,210050000,3064.0,168,75302,5145780.0,3065.0,8,3064.0,10
rb1805,20170706,20170705,210052500,3064.0,168,75302,5145780.0,3065.0,7,3064.0,10
rb1805,20170706,20170705,210053500,3064.0,170,75304,5207060.0,3065.0,7,3064.0,9
rb1805,20170706,20170705,210054000,3064.0,184,75304,5636020.0,3065.0,7,3064.0,2
rb1805,20170706,20170705,210054500,3064.0,188,75306,5758580.0,3064.0,1,3063.0,1
rb1805,20170706,20170705,210055500,3064.0,188,75306,5758580.0,3064.0,1,3063.0,1
rb1805,20170706,20170705,210056000,3064.0,190,75306,5819860.0,3065.0,7,3063.0,1
rb1805,20170706,20170705,210056500,3065.0,194,75308,5942460.0,3065.0,5,3064.0,2
rb1805,20170706,20170705,210058000,3064.0,196,75308,6003740.0,3065.0,6,3064.0,1
rb1805,20170706,20170705,210058500,3064.0,196,75308,6003740.0,3065.0,5,3064.0,1
rb1805,20170706,20170705,210100000,3064.0,196,75308,6003740.0,3065.0,5,3064.0,1
rb1805,20170706,20170705,210101000,3063.0,200,75308,6126280.0,3063.0,12,3061.0,5
rb1805,20170706,20170705,210101500,3063.0,202,75308,6187540.0,3063.0,11,3062.0,2
rb1805,20170706,20170705,210102000,3063.0,202,75308,6187540.0,3063.0,11,3062.0,2
rb1805,20170706,20170705,210102500,3063.0,202,75308,6187540.0,3063.0,11,3062.0,2
rb1805,20170706,20170705,210103000,3063.0,202,75308,6187540.0,3063.0,11,3062.0,2
rb1805,20170706,20170705,210103500,3063.0,204,75306,6248800.0,3063.0,10,3062.0,7
rb1805,20170706,20170705,210104500,3063.0,204,75306,6248800.0,3063.0,15,3062.0,2
rb1805,20170706,20170705,210105000,3062.0,208,75306,6371300.0,3063.0,14,3062.0,1
rb1805,20170706,20170705,210105500,3062.0,208,75306,6371300.0,3063.0,14,3062.0,1
rb1805,20170706,20170705,210106000,3062.0,212,75308,6493780.0,3062.0,1,3061.0,5
rb1805,20170706,20170705,210106500,3062.0,212,75308,6493780.0,3062.0,1,3061.0,5
rb1805,20170706,20170705,210107000,3062.0,212,75308,6493780.0,3062.0,1,3061.0,5
rb1805,20170706,20170705,210108500,3062.0,212,75308,6493780.0,3062.0,1,3061.0,5
rb1805,20170706,20170705,210109000,3062.0,216,75310,6616240.0,3062.0,5,3061.0,4
rb1805,20170706,20170705,210109500,3061.0,230,75308,7044780.0,3061.0,3,3060.0,17
rb1805,20170706,20170705,210110500,3061.0,230,75308,7044780.0,3061.0,3,3060.0,17
rb1805,20170706,20170705,210111000,3061.0,230,75308,7044780.0,3061.0,3,3060.0,17
rb1805,20170706,20170705,210111500,3061.0,230,75308,7044780.0,3061.0,3,3060.0,17
rb1805,20170706,20170705,210112000,3061.0,230,75308,7044780.0,3061.0,8,3060.0,17
rb1805,20170706,20170705,210112500,3060.0,232,75308,7105980.0,3061.0,8,3060.0,16
rb1805,20170706,20170705,210113000,3061.0,236,75306,7228400.0,3061.0,7,3060.0,15
rb1805,20170706,20170705,210113500,3061.0,236,75306,7228400.0,3061.0,7,3060.0,15
rb1805,20170706,20170705,210114000,3061.0,236,75306,7228400.0,3061.0,7,3060.0,16
rb1805,20170706,20170705,210114500,3061.0,236,75306,7228400.0,3061.0,7,3060.0,16
rb1805,20170706,20170705,210115000,3061.0,236,75306,7228400.0,3061.0,7,3060.0,16
rb1805,20170706,20170705,210116000,3061.0,250,75316,7656940.0,3062.0,5,3061.0,3
rb1805,20170706,20170705,210116500,3061.0,250,75316,7656940.0,3062.0,6,3061.0,3
rb1805,20170706,20170705,210117000,3061.0,250,75316,7656940.0,3062.0,6,3061.0,3
rb1805,20170706,20170705,210117500,3061.0,256,75316,7840600.0,3061.0,2,3060.0,16
rb1805,20170706,20170705,210118000,3061.0,256,75316,7840600.0,3062.0,6,3060.0,16
rb1805,20170706,20170705,210118500,3061.0,256,75316,7840600.0,3061.0,2,3060.0,16
rb1805,20170706,20170705,210119000,3061.0,260,75312,7963040.0,3062.0,5,3061.0,3
rb1805,20170706,20170705,210119500,3061.0,260,75312,7963040.0,3061.0,1,3060.0,16
rb1805,20170706,20170705,210120500,3061.0,264,75310,8085480.0,3063.0,17,3060.0,21
rb1805,20170706,20170705,210121000,3061.0,264,75310,8085480.0,3062.0,2,3060.0,21
rb1805,20170706,20170705,210121500,3060.0,266,75310,8146680.0,3062.0,2,3060.0,20
rb1805,20170706,20170705,210122000,3060.0,266,75310,8146680.0,3062.0,3,3061.0,1
rb1805,20170706,20170705,210122500,3060.0,266,75310,8146680.0,3062.0,3,3061.0,2
rb1805,20170706,20170705,210123000,3060.0,286,75294,8758720.0,3062.0,3,3060.0,12
rb1805,20170706,20170705,210123500,3060.0,286,75294,8758720.0,3062.0,3,3060.0,13
rb1805,20170706,20170705,210124000,3060.0,286,75294,8758720.0,3062.0,3,3060.0,13
rb1805,20170706,20170705,210125000,3060.0,286,75294,8758720.0,3062.0,3,3060.0,13
rb1805,20170706,20170705,210125500,3062.0,292,75288,8942440.0,3063.0,7,3062.0,2
rb1805,20170706,20170705,210126000,3062.0,292,75288,8942440.0,3063.0,2,3060.0,13
rb1805,20170706,20170705,210126500,3062.0,292,75288,8942440.0,3063.0,2,3061.0,2
rb1805,20170706,20170705,210127000,3062.0,294,75288,9003680.0,3062.0,9,3061.0,7
rb1805,20170706,20170705,210128000,3061.0,296,75290,9064900.0,3062.0,9,3061.0,7
rb1805,20170706,20170705,210129000,3062.0,298,75290,9126140.0,3062.0,8,3061.0,7
rb1805,20170706,20170705,210129500,3062.0,298,75290,9126140.0,3062.0,8,3061.0,2
rb1805,20170706,20170705,210130000,3062.0,298,75290,9126140.0,3062.0,8,3061.0,3
rb1805,20170706,20170705,210131500,3062.0,298,75290,9126140.0,3062.0,9,3061.0,3
rb1805,20170706,20170705,210132000,3062.0,298,75290,9126140.0,3062.0,9,3061.0,3
rb1805,20170706,20170705,210132500,3061.0,300,75292,9187360.0,3062.0,8,3061.0,7
rb1805,20170706,20170705,210133000,3061.0,300,75292,9187360.0,3062.0,8,3061.0,7
rb1805,20170706,20170705,210133500,3061.0,300,75292,9187360.0,3062.0,8,3061.0,2
rb1805,20170706,20170705,210134000,3062.0,302,75290,9248600.0,3062.0,7,3061.0,2
rb1805,20170706,20170705,210135000,3062.0,302,75290,9248600.0,3062.0,7,3061.0,2
rb1805,20170706,20170705,210135500,3062.0,302,75290,9248600.0,3062.0,7,3061.0,2
rb1805,20170706,20170705,210136000,3062.0,302,75290,9248600.0,3062.0,7,3061.0,2
rb1805,20170706,20170705,210136500,3062.0,302,75290,9248600.0,3062.0,7,3061.0,7
rb1805,20170706,20170705,210137500,3062.0,302,75290,9248600.0,3062.0,7,3061.0,7
rb1805,20170706,20170705,210138000,3062.0,302,75290,9248600.0,3062.0,7,3061.0,7
rb1805,20170706,20170705,210139000,3062.0,304,75290,9309840.0,3062.0,6,3061.0,7
rb1805,20170706,20170705,210140000,3062.0,304,75290,9309840.0,3062.0,6,3061.0,8
rb1805,20170706,20170705,210140500,3062.0,304,75290,9309840.0,3062.0,6,3061.0,3
rb1805,20170706,20170705,210141000,3062.0,312,75290,9554800.0,3062.0,2,3061.0,3
rb1805,20170706,20170705,210142500,3060.0,332,75278,10166860.0,3062.0,2,3060.0,27
rb1805,20170706,20170705,210143000,3060.0,332,75278,10166860.0,3062.0,2,3061.0,3
rb1805,20170706,20170705,210144500,3060.0,332,75278,10166860.0,3062.0,2,3061.0,3
rb1805,20170706,20170705,210145000,3062.0,336,75278,10289340.0,3063.0,2,3061.0,3
rb1805,20170706,20170705,210145500,3061.0,338,75278,10350560.0,3063.0,2,3061.0,7
rb1805,20170706,20170705,210146000,3061.0,338,75278,10350560.0,3063.0,2,3062.0,1
rb1805,20170706,20170705,210146500,3061.0,338,75278,10350560.0,3063.0,2,3062.0,1
rb1805,20170706,20170705,210147000,3061.0,338,75278,10350560.0,3063.0,2,3062.0,2
rb1805,20170706,20170705,210147500,3061.0,338,75278,10350560.0,3063.0,2,3062.0,7
rb1805,20170706,20170705,210148000,3061.0,338,75278,10350560.0,3063.0,2,3062.0,7
rb1805,20170706,20170705,210149000,3063.0,342,75282,10473080.0,3064.0,3,3063.0,2
rb1805,20170706,20170705,210149500,3063.0,342,75282,10473080.0,3064.0,3,3063.0,2
rb1805,20170706,20170705,210150500,3064.0,348,75284,10656900.0,3064.0,1,3063.0,1
rb1805,20170706,20170705,210152000,3064.0,348,75284,10656900.0,3064.0,1,3063.0,1
rb1805,20170706,20170705,210153000,3064.0,348,75284,10656900.0,3064.0,5,3063.0,1
rb1805,20170706,20170705,210154500,3064.0,348,75284,10656900.0,3064.0,5,3063.0,6
rb1805,20170706,20170705,210155000,3064.0,350,75286,10718180.0,3064.0,4,3063.0,6
rb1805,20170706,20170705,210155500,3063.0,352,75286,10779440.0,3064.0,4,3063.0,5
rb1805,20170706,20170705,210156000,3063.0,352,75286,10779440.0,3064.0,5,3063.0,5
rb1805,20170706,20170705,210156500,3063.0,362,75286,11085740.0,3064.0,6,3062.0,7
rb1805,20170706,20170705,210157000,3063.0,362,75286,11085740.0,3064.0,6,3063.0,2
rb1805,20170706,20170705,210157500,3063.0,362,75286,11085740.0,3064.0,6,3062.0,7
rb1805,20170706,20170705,210158000,3063.0,362,75286,11085740.0,3064.0,6,3063.0,2
rb1805,20170706,20170705,210158500,3063.0,362,75286,11085740.0,3064.0,6,3063.0,2
rb1805,20170706,20170705,210159000,3064.0,374,75298,11453420.0,3065.0,7,3064.0,4
rb1805,20170706,20170705,210200000,3064.0,374,75298,11453420.0,3065.0,7,3064.0,4
rb1805,20170706,20170705,210200500,3064.0,374,75298,11453420.0,3065.0,7,3064.0,8
rb1805,20170706,20170705,210201000,3064.0,374,75298,11453420.0,3065.0,7,3064.0,8
rb1805,20170706,20170705,210201500,3064.0,374,75298,11453420.0,3065.0,7,3064.0,8
rb1805,20170706,20170705,210203000,3064.0,374,75298,11453420.0,3065.0,7,3064.0,8
rb1805,20170706,20170705,210204000,3064.0,374,75298,11453420.0,3065.0,7,3064.0,8
rb1805,20170706,20170705,210206500,3065.0,376,75300,11514720.0,3065.0,6,3064.0,8
rb1805,20170706,20170705,210207500,3065.0,376,75300,11514720.0,3065.0,6,3064.0,8
rb1805,20170706,20170705,210208500,3065.0,376,75300,11514720.0,3065.0,6,3064.0,8
rb1805,20170706,20170705,210209500,3065.0,376,75300,11514720.0,3065.0,6,3064.0,8
rb1805,20170706,20170705,210211500,3065.0,380,75298,11637320.0,3065.0,4,3064.0,8
rb1805,20170706,20170705,210212500,3065.0,382,75300,11698620.0,3065.0,2,3064.0,8
rb1805,20170706,20170705,210213000,3065.0,382,75300,11698620.0,3065.0,2,3064.0,8
rb1805,20170706,20170705,210214500,3065.0,386,75298,11821220.0,3066.0,2,3065.0,1
rb1805,20170706,20170705,210215000,3065.0,386,75298,11821220.0,3066.0,2,3065.0,7
rb1805,20170706,20170705,210215500,3065.0,386,75298,11821220.0,3066.0,2,3065.0,1
rb1805,20170706,20170705,210216000,3066.0,390,75296,11943860.0,3067.0,3,3066.0,4
rb1805,20170706,20170705,210216500,3066.0,390,75296,11943860.0,3067.0,3,3065.0,2
rb1805,20170706,20170705,210217000,3066.0,390,75296,11943860.0,3067.0,3,3065.0,2
rb1805,20170706,20170705,210217500,3066.0,390,75296,11943860.0,3067.0,3,3065.0,6
rb1805,20170706,20170705,210218000,3066.0,390,75296,11943860.0,3067.0,3,3065.0,6
rb1805,20170706,20170705,210218500,3066.0,390,75296,11943860.0,3067.0,3,3065.0,6
rb1805,20170706,20170705,210219500,3066.0,390,75296,11943860.0,3067.0,3,3065.0,6
rb1805,20170706,20170705,210220000,3066.0,390,75296,11943860.0,3067.0,3,3065.0,6
rb1805,20170706,20170705,210220500,3066.0,390,75296,11943860.0,3067.0,3,3066.0,1
rb1805,20170706,20170705,210221500,3066.0,390,75296,11943860.0,3067.0,3,3066.0,5
rb1805,20170706,20170705,210222000,3066.0,390,75296,11943860.0,3067.0,3,3066.0,5
rb1805,20170706,20170705,210222500,3067.0,394,75294,12066540.0,3067.0,1,3066.0,5
rb1805,20170706,20170705,210223000,3067.0,396,75292,12127880.0,3069.0,3,3067.0,2
rb1805,20170706,20170705,210223500,3067.0,396,75292,12127880.0,3069.0,4,3067.0,1
rb1805,20170706,20170705,210224000,3067.0,396,75292,12127880.0,3069.0,4,3067.0,3
rb1805,20170706,20170705,210224500,3067.0,396,75292,12127880.0,3069.0,4,3067.0,3
rb1805,20170706,20170705,210225500,3067.0,396,75292,12127880.0,3069.0,4,3067.0,3
rb1805,20170706,20170705,210226500,3067.0,396,75292,12127880.0,3069.0,9,3067.0,3
rb1805,20170706,20170705,210227000,3067.0,396,75292,12127880.0,3069.0,9,3067.0,3
rb1805,20170706,20170705,210227500,3067.0,396,75292,12127880.0,3069.0,9,3067.0,3
rb1805,20170706,20170705,210228000,3067.0,396,75292,12127880.0,3069.0,9,3067.0,2
rb1805,20170706,20170705,210228500,3069.0,398,75290,12189260.0,3069.0,8,3067.0,2
rb1805,20170706,20170705,210229000,3069.0,398,75290,12189260.0,3068.0,2,3067.0,6
rb1805,20170706,20170705,210229500,3069.0,398,75290,12189260.0,3068.0,2,3067.0,6
rb1805,20170706,20170705,210230500,3069.0,398,75290,12189260.0,3068.0,2,3067.0,6
rb1805,20170706,20170705,210231000,3069.0,398,75290,12189260.0,3068.0,2,3067.0,6
rb1805,20170706,20170705,210231500,3067.0,400,75290,12250600.0,3068.0,2,3067.0,5
rb1805,20170706,20170705,210232000,3067.0,400,75290,12250600.0,3068.0,2,3067.0,9
rb1805,20170706,20170705,210233000,3067.0,400,75290,12250600.0,3068.0,2,3067.0,9
rb1805,20170706,20170705,210233500,3067.0,400,75290,12250600.0,3068.0,2,3067.0,5
rb1805,20170706,20170705,210236000,3069.0,420,75292,12864360.0,3070.0,1,3069.0,10
rb1805,20170706,20170705,210236500,3069.0,430,75302,13171260.0,3070.0,2,3069.0,5
rb1805,20170706,20170705,210237000,3069.0,440,75312,13478160.0,3070.0,2,3067.0,5
rb1805,20170706,20170705,210237500,3069.0,440,75312,13478160.0,3069.0,2,3067.0,12
rb1805,20170706,20170705,210238000,3069.0,440,75312,13478160.0,3069.0,2,3068.0,1
rb1805,20170706,20170705,210238500,3069.0,444,75312,13600920.0,3070.0,3,3069.0,2
rb1805,20170706,20170705,210239000,3069.0,450,75318,13785060.0,3069.0,2,3068.0,6
rb1805,20170706,20170705,210239500,3069.0,450,75318,13785060.0,3069.0,1,3068.0,1
rb1805,20170706,20170705,210240000,3068.0,452,75320,13846420.0,3068.0,2,3067.0,12
rb1805,20170706,20170705,210240500,3068.0,452,75320,13846420.0,3069.0,1,3067.0,13
rb1805,20170706,20170705,210241000,3068.0,452,75320,13846420.0,3069.0,1,3067.0,12
rb1805,20170706,20170705,210241500,3068.0,452,75320,13846420.0,3069.0,1,3067.0,12
rb1805,20170706,20170705,210242000,3068.0,452,75320,13846420.0,3069.0,1,3067.0,12
rb1805,20170706,20170705,210243500,3068.0,452,75320,13846420.0,3069.0,1,3067.0,12
rb1805,20170706,20170705,210244000,3068.0,452,75320,13846420.0,3069.0,2,3067.0,13
rb1805,20170706,20170705,210244500,3068.0,452,75320,13846420.0,3069.0,2,3067.0,13
rb1805,20170706,20170705,210245000,3068.0,452,75320,13846420.0,3069.0,2,3067.0,13
rb1805,20170706,20170705,210245500,3068.0,452,75320,13846420.0,3069.0,2,3067.0,13
rb1805,20170706,20170705,210246500,3068.0,452,75320,13846420.0,3069.0,2,3068.0,1
rb1805,20170706,20170705,210247000,3068.0,456,75322,13969140.0,3069.0,2,3067.0,13
rb1805,20170706,20170705,210247500,3068.0,456,75322,13969140.0,3069.0,2,3067.0,12
rb1805,20170706,20170705,210249000,3068.0,456,75322,13969140.0,3069.0,2,3067.0,12
rb1805,20170706,20170705,210250000,3068.0,456,75322,13969140.0,3069.0,2,3068.0,1
rb1805,20170706,20170705,210251000,3068.0,456,75322,13969140.0,3069.0,2,3068.0,2
rb1805,20170706,20170705,210253000,3069.0,458,75322,14030520.0,3069.0,1,3068.0,2
rb1805,20170706,20170705,210253500,3069.0,462,75318,14153280.0,3070.0,1,3068.0,2
rb1805,20170706,20170705,210254000,3069.0,462,75318,14153280.0,3070.0,1,3069.0,1
rb1805,20170706,20170705,210254500,3069.0,462,75318,14153280.0,3070.0,2,3069.0,1
rb1805,20170706,20170705,210255000,3069.0,462,75318,14153280.0,3070.0,3,3069.0,1
rb1805,20170706,20170705,210256500,3069.0,462,75318,14153280.0,3070.0,3,3069.0,1
rb1805,20170706,20170705,210257000,3069.0,462,75318,14153280.0,3070.0,2,3069.0,1
rb1805,20170706,20170705,210257500,3069.0,464,75320,14214660.0,3069.0,4,3068.0,9
rb1805,20170706,20170705,210258000,3069.0,472,75312,14460180.0,3070.0,2,3069.0,3
rb1805,20170706,20170705,210258500,3069.0,472,75312,14460180.0,3070.0,1,3068.0,10
rb1805,20170706,20170705,210259000,3069.0,472,75312,14460180.0,3070.0,1,3069.0,2
rb1805,20170706,20170705,210300500,3069.0,476,75316,14582940.0,3070.0,2,3068.0,10
rb1805,20170706,20170705,210301500,3069.0,476,75316,14582940.0,3070.0,4,3068.0,10
rb1805,20170706,20170705,210303500,3069.0,476,75316,14582940.0,3069.0,1,3068.0,10
rb1805,20170706,20170705,210305500,3069.0,478,75318,14644320.0,3070.0,4,3069.0,1
rb1805,20170706,20170705,210306000,3069.0,478,75318,14644320.0,3070.0,4,3069.0,1
rb1805,20170706,20170705,210307000,3069.0,478,75318,14644320.0,3070.0,4,3069.0,1
rb1805,20170706,20170705,210309000,3069.0,478,75318,14644320.0,3070.0,4,3069.0,1
rb1805,20170706,20170705,210309500,3069.0,478,75318,14644320.0,3070.0,4,3069.0,1
rb1805,20170706,20170705,210310000,3069.0,484,75318,14828500.0,3070.0,2,3068.0,8
rb1805,20170706,20170705,210310500,3069.0,484,75318,14828500.0,3070.0,8,3069.0,1
rb1805,20170706,20170705,210311000,3069.0,484,75318,14828500.0,3070.0,8,3069.0,1
rb1805,20170706,20170705,210311500,3069.0,484,75318,14828500.0,3070.0,8,3069.0,2
rb1805,20170706,20170705,210312500,3069.0,484,75318,14828500.0,3070.0,8,3069.0,2
rb1805,20170706,20170705,210313000,3069.0,484,75318,14828500.0,3070.0,8,3069.0,2
rb1805,20170706,20170705,210313500,3069.0,484,75318,14828500.0,3070.0,8,3069.0,2
rb1805,20170706,20170705,210314000,3069.0,486,75320,14889880.0,3070.0,8,3069.0,1
rb1805,20170706,20170705,210317000,3069.0,486,75320,14889880.0,3070.0,8,3069.0,1
rb1805,20170706,20170705,210317500,3069.0,488,75318,14951260.0,3070.0,8,3068.0,8
rb1805,20170706,20170705,210318500,3069.0,488,75318,14951260.0,3070.0,3,3068.0,3
rb1805,20170706,20170705,210320500,3069.0,488,75318,14951260.0,3070.0,3,3068.0,3
rb1805,20170706,20170705,210321500,3069.0,488,75318,14951260.0,3070.0,3,3068.0,3
rb1805,20170706,20170705,210322000,3069.0,488,75318,14951260.0,3070.0,2,3068.0,8
rb1805,20170706,20170705,210322500,3069.0,488,75318,14951260.0,3070.0,2,3068.0,8
rb1805,20170706,20170705,210323500,3069.0,488,75318,14951260.0,3070.0,3,3068.0,8
rb1805,20170706,20170705,210324500,3070.0,490,75318,15012660.0,3070.0,2,3069.0,3
rb1805,20170706,20170705,210325000,3070.0,494,75318,15135460.0,3071.0,2,3070.0,2
rb1805,20170706,20170705,210325500,3070.0,494,75318,15135460.0,3070.0,1,3069.0,10
rb1805,20170706,20170705,210326000,3070.0,496,75320,15196860.0,3071.0,2,3070.0,2
rb1805,20170706,20170705,210326500,3070.0,500,75320,15319660.0,3071.0,3,3069.0,2
rb1805,20170706,20170705,210327000,3069.0,502,75318,15381040.0,3071.0,3,3069.0,1
rb1805,20170706,20170705,210328500,3069.0,504,75316,15442420.0,3071.0,3,3068.0,8
rb1805,20170706,20170705,210329000,3069.0,504,75316,15442420.0,3071.0,3,3068.0,8
rb1805,20170706,20170705,210330500,3069.0,504,75316,15442420.0,3071.0,3,3068.0,9
rb1805,20170706,20170705,210331000,3069.0,504,75316,15442420.0,3071.0,3,3068.0,9
rb1805,20170706,20170705,210331500,3069.0,504,75316,15442420.0,3071.0,3,3068.0,8
rb1805,20170706,20170705,210332000,3069.0,504,75316,15442420.0,3071.0,3,3068.0,9
rb1805,20170706,20170705,210333000,3069.0,504,75316,15442420.0,3071.0,3,3068.0,8
rb1805,20170706,20170705,210333500,3069.0,504,75316,15442420.0,3071.0,8,3068.0,8
rb1805,20170706,20170705,210335000,3071.0,506,75316,15503840.0,3071.0,7,3068.0,8
rb1805,20170706,20170705,210336000,3071.0,506,75316,15503840.0,3071.0,7,3069.0,1
rb1805,20170706,20170705,210336500,3071.0,506,75316,15503840.0,3071.0,7,3069.0,1
rb1805,20170706,20170705,210341000,3071.0,506,75316,15503840.0,3071.0,1,3069.0,6
rb1805,20170706,20170705,210341500,3071.0,506,75316,15503840.0,3071.0,1,3069.0,6
rb1805,20170706,20170705,210342000,3071.0,506,75316,15503840.0,3071.0,1,3069.0,6
rb1805,20170706,20170705,210344500,3071.0,506,75316,15503840.0,3071.0,1,3069.0,6
rb1805,20170706,20170705,210346500,3071.0,506,75316,15503840.0,3070.0,1,3069.0,7
rb1805,20170706,20170705,210347000,3071.0,506,75316,15503840.0,3070.0,2,3069.0,7
rb1805,20170706,20170705,210347500,3071.0,506,75316,15503840.0,3070.0,2,3069.0,8
rb1805,20170706,20170705,210348000,3070.0,508,75318,15565240.0,3070.0,1,3069.0,8
rb1805,20170706,20170705,210350500,3070.0,508,75318,15565240.0,3070.0,1,3069.0,8
rb1805,20170706,20170705,210351000,3070.0,508,75318,15565240.0,3070.0,2,3069.0,3
rb1805,20170706,20170705,210351500,3070.0,508,75318,15565240.0,3070.0,2,3069.0,6
rb1805,20170706,20170705,210352000,3070.0,508,75318,15565240.0,3070.0,2,3069.0,6
rb1805,20170706,20170705,210355000,3070.0,512,75320,15688040.0,3071.0,1,3070.0,1
rb1805,20170706,20170705,210355500,3070.0,512,75320,15688040.0,3071.0,1,3069.0,6
rb1805,20170706,20170705,210358000,3070.0,512,75320,15688040.0,3071.0,1,3070.0,1
rb1805,20170706,20170705,210359500,3070.0,512,75320,15688040.0,3071.0,2,3070.0,1
rb1805,20170706,20170705,210401500,3070.0,512,75320,15688040.0,3071.0,2,3070.0,1
rb1805,20170706,20170705,210403000,3070.0,512,75320,15688040.0,3071.0,2,3070.0,1
rb1805,20170706,20170705,210403500,3070.0,512,75320,15688040.0,3071.0,2,3070.0,5
rb1805,20170706,20170705,210404000,3070.0,512,75320,15688040.0,3071.0,2,3070.0,5
rb1805,20170706,20170705,210406500,3070.0,512,75320,15688040.0,3071.0,2,3070.0,5
rb1805,20170706,20170705,210407500,3070.0,512,75320,15688040.0,3071.0,1,3070.0,9
rb1805,20170706,20170705,210409000,3070.0,512,75320,15688040.0,3071.0,2,3070.0,9
rb1805,20170706,20170705,210410500,3070.0,512,75320,15688040.0,3071.0,19,3070.0,9
rb1805,20170706,20170705,210411500,3070.0,512,75320,15688040.0,3071.0,19,3070.0,11
rb1805,20170706,20170705,210412000,3071.0,516,75322,15810880.0,3071.0,17,3070.0,11
rb1805,20170706,20170705,210412500,3071.0,518,75324,15872300.0,3071.0,16,3070.0,11
rb1805,20170706,20170705,210413000,3071.0,518,75324,15872300.0,3071.0,16,3070.0,11
rb1805,20170706,20170705,210414000,3071.0,520,75326,15933720.0,3071.0,15,3070.0,11
rb1805,20170706,20170705,210416000,3071.0,530,75336,16240820.0,3071.0,10,3070.0,11
rb1805,20170706,20170705,210417500,3071.0,530,75336,16240820.0,3071.0,10,3070.0,11
rb1805,20170706,20170705,210418000,3071.0,530,75336,16240820.0,3071.0,10,3070.0,16
rb1805,20170706,20170705,210419000,3071.0,530,75336,16240820.0,3071.0,10,3070.0,16
rb1805,20170706,20170705,210419500,3071.0,538,75342,16486500.0,3071.0,6,3070.0,16
rb1805,20170706,20170705,210420000,3071.0,540,75344,16547920.0,3071.0,5,3070.0,16
rb1805,20170706,20170705,210420500,3071.0,540,75344,16547920.0,3071.0,5,3070.0,18
rb1805,20170706,20170705,210421000,3071.0,544,75346,16670760.0,3071.0,3,3070.0,20
rb1805,20170706,20170705,210421500,3070.0,552,75354,16916420.0,3072.0,1,3070.0,18
rb1805,20170706,20170705,210422500,3070.0,552,75354,16916420.0,3072.0,1,3071.0,2
rb1805,20170706,20170705,210423000,3071.0,554,75354,16977840.0,3072.0,1,3070.0,18
rb1805,20170706,20170705,210423500,3071.0,554,75354,16977840.0,3072.0,1,3070.0,19
rb1805,20170706,20170705,210424000,3071.0,554,75354,16977840.0,3072.0,1,3070.0,18
rb1805,20170706,20170705,210425000,3071.0,554,75354,16977840.0,3072.0,1,3071.0,1
rb1805,20170706,20170705,210425500,3071.0,556,75354,17039260.0,3071.0,1,3070.0,13
rb1805,20170706,20170705,210426000,3071.0,556,75354,17039260.0,3071.0,1,3070.0,13
rb1805,20170706,20170705,210426500,3071.0,558,75356,17100680.0,3072.0,1,3070.0,13
rb1805,20170706,20170705,210427000,3070.0,578,75348,17714680.0,3072.0,1,3070.0,8
rb1805,20170706,20170705,210428500,3070.0,578,75348,17714680.0,3072.0,1,3070.0,9
rb1805,20170706,20170705,210429500,3070.0,578,75348,17714680.0,3072.0,2,3070.0,9
rb1805,20170706,20170705,210430000,3070.0,578,75348,17714680.0,3072.0,2,3071.0,1
rb1805,20170706,20170705,210431000,3070.0,578,75348,17714680.0,3072.0,3,3071.0,1
rb1805,20170706,20170705,210431500,3071.0,580,75348,17776100.0,3072.0,3,3070.0,9
rb1805,20170706,20170705,210432000,3071.0,580,75348,17776100.0,3072.0,3,3070.0,20
rb1805,20170706,20170705,210434000,3071.0,580,75348,17776100.0,3071.0,1,3070.0,20
rb1805,20170706,20170705,210434500,3071.0,580,75348,17776100.0,3071.0,1,3070.0,16
rb1805,20170706,20170705,210436000,3071.0,582,75348,17837520.0,3072.0,3,3071.0,2
rb1805,20170706,20170705,210436500,3071.0,582,75348,17837520.0,3072.0,3,3070.0,16
rb1805,20170706,20170705,210437000,3071.0,582,75348,17837520.0,3072.0,3,3071.0,1
rb1805,20170706,20170705,210438500,3071.0,582,75348,17837520.0,3072.0,3,3071.0,1
rb1805,20170706,20170705,210439000,3072.0,584,75348,17898960.0,3072.0,2,3071.0,2
rb1805,20170706,20170705,210439500,3072.0,584,75348,17898960.0,3072.0,2,3071.0,2
rb1805,20170706,20170705,210440500,3072.0,584,75348,17898960.0,3072.0,3,3071.0,2
rb1805,20170706,20170705,210441000,3072.0,584,75348,17898960.0,3072.0,3,3071.0,2
rb1805,20170706,20170705,210442000,3072.0,584,75348,17898960.0,3072.0,3,3071.0,2
rb1805,20170706,20170705,210443000,3072.0,584,75348,17898960.0,3072.0,3,3071.0,2
rb1805,20170706,20170705,210443500,3072.0,584,75348,17898960.0,3072.0,3,3071.0,2
rb1805,20170706,20170705,210445000,3072.0,584,75348,17898960.0,3072.0,3,3071.0,2
rb1805,20170706,20170705,210446000,3072.0,584,75348,17898960.0,3072.0,3,3071.0,2
rb1805,20170706,20170705,210446500,3071.0,592,75354,18144640.0,3071.0,1,3070.0,3
rb1805,20170706,20170705,210447000,3071.0,592,75354,18144640.0,3072.0,3,3070.0,3
rb1805,20170706,20170705,210447500,3071.0,592,75354,18144640.0,3072.0,3,3070.0,8
rb1805,20170706,20170705,210449500,3071.0,592,75354,18144640.0,3072.0,3,3070.0,9
rb1805,20170706,20170705,210450500,3071.0,592,75354,18144640.0,3072.0,3,3070.0,9
rb1805,20170706,20170705,210451500,3071.0,592,75354,18144640.0,3072.0,3,3070.0,8
rb1805,20170706,20170705,210452000,3071.0,592,75354,18144640.0,3072.0,3,3070.0,3
rb1805,20170706,20170705,210452500,3071.0,592,75354,18144640.0,3072.0,4,3070.0,3
rb1805,20170706,20170705,210453500,3071.0,592,75354,18144640.0,3072.0,3,3070.0,3
rb1805,20170706,20170705,210455000,3071.0,592,75354,18144640.0,3072.0,4,3070.0,3
rb1805,20170706,20170705,210455500,3071.0,592,75354,18144640.0,3072.0,4,3070.0,8
rb1805,20170706,20170705,210457000,3071.0,592,75354,18144640.0,3072.0,5,3070.0,8
rb1805,20170706,20170705,210457500,3071.0,592,75354,18144640.0,3072.0,4,3070.0,8
rb1805,20170706,20170705,210501000,3071.0,592,75354,18144640.0,3071.0,1,3070.0,3
rb1805,20170706,20170705,210502500,3071.0,592,75354,18144640.0,3071.0,1,3070.0,3
rb1805,20170706,20170705,210503000,3071.0,592,75354,18144640.0,3071.0,1,3070.0,2
rb1805,20170706,20170705,210504000,3071.0,592,75354,18144640.0,3071.0,1,3070.0,2
rb1805,20170706,20170705,210505500,3071.0,592,75354,18144640.0,3071.0,2,3070.0,2
rb1805,20170706,20170705,210507000,3071.0,592,75354,18144640.0,3071.0,2,3070.0,2
rb1805,20170706,20170705,210508000,3071.0,592,75354,18144640.0,3071.0,2,3070.0,2
rb1805,20170706,20170705,210508500,3071.0,592,75354,18144640.0,3071.0,2,3070.0,2
rb1805,20170706,20170705,210509000,3071.0,592,75354,18144640.0,3071.0,2,3070.0,2
rb1805,20170706,20170705,210509500,3071.0,592,75354,18144640.0,3071.0,4,3070.0,2
rb1805,20170706,20170705,210510000,3071.0,592,75354,18144640.0,3071.0,4,3070.0,2
rb1805,20170706,20170705,210511000,3071.0,592,75354,18144640.0,3071.0,4,3070.0,2
rb1805,20170706,20170705,210512000,3071.0,592,75354,18144640.0,3071.0,4,3070.0,2
rb1805,20170706,20170705,210514500,3071.0,592,75354,18144640.0,3071.0,5,3070.0,2
rb1805,20170706,20170705,210516500,3071.0,592,75354,18144640.0,3071.0,6,3070.0,2
rb1805,20170706,20170705,210517000,3071.0,596,75356,18267480.0,3071.0,4,3070.0,2
rb1805,20170706,20170705,210521000,3071.0,596,75356,18267480.0,3071.0,5,3070.0,2
rb1805,20170706,20170705,210523000,3071.0,602,75356,18451740.0,3071.0,2,3070.0,2
rb1805,20170706,20170705,210525500,3071.0,602,75356,18451740.0,3071.0,3,3070.0,2
rb1805,20170706,20170705,210526500,3071.0,602,75356,18451740.0,3071.0,3,3070.0,3
rb1805,20170706,20170705,210527500,3071.0,602,75356,18451740.0,3071.0,3,3070.0,3
rb1805,20170706,20170705,210528000,3071.0,602,75356,18451740.0,3071.0,3,3070.0,3
rb1805,20170706,20170705,210529000,3071.0,602,75356,18451740.0,3071.0,3,3070.0,3
rb1805,20170706,20170705,210530000,3070.0,604,75356,18513140.0,3071.0,3,3070.0,2
rb1805,20170706,20170705,210535500,3070.0,604,75356,18513140.0,3071.0,3,3070.0,2
rb1805,20170706,20170705,210539000,3070.0,606,75356,18574540.0,3071.0,3,3070.0,1
rb1805,20170706,20170705,210540000,3070.0,606,75356,18574540.0,3071.0,3,3070.0,1
rb1805,20170706,20170705,210544000,3070.0,606,75356,18574540.0,3071.0,4,3070.0,1
rb1805,20170706,20170705,210546000,3070.0,606,75356,18574540.0,3071.0,4,3069.0,3
rb1805,20170706,20170705,210548000,3070.0,606,75356,18574540.0,3071.0,4,3069.0,3
rb1805,20170706,20170705,210551000,3070.0,606,75356,18574540.0,3071.0,5,3069.0,3
rb1805,20170706,20170705,210551500,3070.0,606,75356,18574540.0,3071.0,4,3069.0,3
rb1805,20170706,20170705,210552000,3070.0,606,75356,18574540.0,3070.0,1,3069.0,3
rb1805,20170706,20170705,210554000,3070.0,606,75356,18574540.0,3070.0,1,3069.0,3
rb1805,20170706,20170705,210555000,3070.0,606,75356,18574540.0,3070.0,2,3069.0,3
rb1805,20170706,20170705,210557000,3069.0,608,75356,18635920.0,3070.0,2,3069.0,2
rb1805,20170706,20170705,210558000,3069.0,608,75356,18635920.0,3070.0,2,3069.0,2
rb1805,20170706,20170705,210600000,3069.0,608,75356,18635920.0,3070.0,3,3069.0,2
rb1805,20170706,20170705,210601000,3069.0,608,75356,18635920.0,3070.0,3,3069.0,2
rb1805,20170706,20170705,210602500,3069.0,608,75356,18635920.0,3070.0,4,3069.0,2
rb1805,20170706,20170705,210603000,3069.0,608,75356,18635920.0,3070.0,4,3069.0,3
rb1805,20170706,20170705,210604500,3069.0,608,75356,18635920.0,3070.0,12,3069.0,3
rb1805,20170706,20170705,210606500,3069.0,608,75356,18635920.0,3070.0,12,3069.0,3
rb1805,20170706,20170705,210607000,3069.0,610,75356,18697300.0,3070.0,12,3069.0,2
rb1805,20170706,20170705,210607500,3069.0,612,75356,18758680.0,3070.0,11,3069.0,1
rb1805,20170706,20170705,210608000,3069.0,614,75356,18820060.0,3069.0,4,3068.0,8
rb1805,20170706,20170705,210608500,3069.0,614,75356,18820060.0,3069.0,4,3068.0,3
rb1805,20170706,20170705,210609000,3069.0,614,75356,18820060.0,3069.0,4,3068.0,3
rb1805,20170706,20170705,210609500,3069.0,614,75356,18820060.0,3069.0,4,3068.0,3
rb1805,20170706,20170705,210611500,3069.0,614,75356,18820060.0,3069.0,5,3068.0,4
rb1805,20170706,20170705,210612000,3069.0,614,75356,18820060.0,3069.0,5,3068.0,4
rb1805,20170706,20170705,210612500,3069.0,614,75356,18820060.0,3069.0,5,3068.0,5
rb1805,20170706,20170705,210614000,3069.0,614,75356,18820060.0,3069.0,5,3068.0,5
rb1805,20170706,20170705,210615000,3068.0,618,75356,18942780.0,3069.0,5,3068.0,3
rb1805,20170706,20170705,210617000,3068.0,620,75356,19004140.0,3069.0,5,3068.0,2
rb1805,20170706,20170705,210618000,3068.0,620,75356,19004140.0,3069.0,5,3068.0,3
rb1805,20170706,20170705,210619500,3068.0,622,75356,19065500.0,3069.0,5,3068.0,2
rb1805,20170706,20170705,210621500,3068.0,622,75356,19065500.0,3069.0,5,3068.0,2
rb1805,20170706,20170705,210622500,3068.0,622,75356,19065500.0,3069.0,5,3068.0,2
rb1805,20170706,20170705,210623500,3068.0,622,75356,19065500.0,3069.0,5,3068.0,2
rb1805,20170706,20170705,210624500,3068.0,622,75356,19065500.0,3069.0,1,3068.0,2
rb1805,20170706,20170705,210625000,3068.0,622,75356,19065500.0,3069.0,1,3068.0,2
rb1805,20170706,20170705,210627000,3068.0,626,75360,19188220.0,3069.0,1,3067.0,6
rb1805,20170706,20170705,210628000,3068.0,626,75360,19188220.0,3069.0,2,3067.0,1
rb1805,20170706,20170705,210629500,3068.0,626,75360,19188220.0,3069.0,2,3067.0,1
rb1805,20170706,20170705,210631500,3068.0,626,75360,19188220.0,3069.0,8,3067.0,1
rb1805,20170706,20170705,210632000,3067.0,628,75362,19249560.0,3069.0,8,3066.0,1
rb1805,20170706,20170705,210632500,3067.0,628,75362,19249560.0,3068.0,2,3066.0,1
rb1805,20170706,20170705,210633500,3067.0,628,75362,19249560.0,3068.0,2,3066.0,1
rb1805,20170706,20170705,210636500,3067.0,628,75362,19249560.0,3068.0,2,3066.0,1
rb1805,20170706,20170705,210637000,3067.0,628,75362,19249560.0,3068.0,2,3066.0,1
rb1805,20170706,20170705,210637500,3067.0,628,75362,19249560.0,3068.0,2,3066.0,1
rb1805,20170706,20170705,210638000,3067.0,628,75362,19249560.0,3068.0,2,3066.0,1
rb1805,20170706,20170705,210639000,3067.0,628,75362,19249560.0,3068.0,2,3066.0,1
rb1805,20170706,20170705,210639500,3067.0,628,75362,19249560.0,3068.0,3,3066.0,1
rb1805,20170706,20170705,210641000,3067.0,628,75362,19249560.0,3067.0,3,3066.0,1
rb1805,20170706,20170705,210642500,3067.0,628,75362,19249560.0,3067.0,3,3066.0,1
rb1805,20170706,20170705,210644000,3067.0,628,75362,19249560.0,3067.0,3,3066.0,1
rb1805,20170706,20170705,210644500,3067.0,628,75362,19249560.0,3068.0,3,3067.0,1
rb1805,20170706,20170705,210646000,3067.0,630,75360,19310900.0,3067.0,2,3066.0,1
rb1805,20170706,20170705,210647000,3067.0,630,75360,19310900.0,3067.0,2,3066.0,1
rb1805,20170706,20170705,210649500,3067.0,630,75360,19310900.0,3067.0,2,3066.0,1
rb1805,20170706,20170705,210651000,3066.0,632,75360,19372220.0,3066.0,1,3065.0,8
rb1805,20170706,20170705,210651500,3066.0,632,75360,19372220.0,3066.0,5,3065.0,8
rb1805,20170706,20170705,210652000,3066.0,632,75360,19372220.0,3066.0,3,3065.0,8
rb1805,20170706,20170705,210652500,3066.0,632,75360,19372220.0,3066.0,3,3065.0,8
rb1805,20170706,20170705,210653000,3066.0,632,75360,19372220.0,3066.0,3,3065.0,8
rb1805,20170706,20170705,210653500,3065.0,642,75362,19678720.0,3066.0,1,3065.0,3
rb1805,20170706,20170705,210654000,3065.0,648,75362,19862620.0,3066.0,1,3063.0,5
rb1805,20170706,20170705,210654500,3065.0,648,75362,19862620.0,3065.0,8,3063.0,10
rb1805,20170706,20170705,210655000,3065.0,648,75362,19862620.0,3065.0,2,3063.0,10
rb1805,20170706,20170705,210655500,3065.0,648,75362,19862620.0,3065.0,2,3063.0,10
rb1805,20170706,20170705,210656000,3065.0,648,75362,19862620.0,3065.0,4,3063.0,10
rb1805,20170706,20170705,210657000,3065.0,648,75362,19862620.0,3065.0,4,3063.0,10
rb1805,20170706,20170705,210657500,3065.0,648,75362,19862620.0,3065.0,4,3063.0,10
rb1805,20170706,20170705,210658000,3065.0,650,75362,19923920.0,3065.0,3,3063.0,5
rb1805,20170706,20170705,210659500,3065.0,650,75362,19923920.0,3065.0,9,3063.0,5
rb1805,20170706,20170705,210700000,3065.0,650,75362,19923920.0,3065.0,9,3063.0,5
rb1805,20170706,20170705,210700500,3065.0,650,75362,19923920.0,3065.0,9,3063.0,5
rb1805,20170706,20170705,210701000,3063.0,660,75352,20230220.0,3063.0,4,3062.0,3
rb1805,20170706,20170705,210701500,3063.0,674,75338,20659040.0,3065.0,7,3062.0,3
rb1805,20170706,20170705,210702000,3062.0,682,75332,20904000.0,3065.0,10,3062.0,5
rb1805,20170706,20170705,210702500,3062.0,682,75332,20904000.0,3065.0,9,3063.0,1
rb1805,20170706,20170705,210703500,3062.0,682,75332,20904000.0,3065.0,7,3063.0,1
rb1805,20170706,20170705,210704000,3062.0,682,75332,20904000.0,3065.0,7,3063.0,4
rb1805,20170706,20170705,210705500,3062.0,682,75332,20904000.0,3065.0,7,3063.0,4
rb1805,20170706,20170705,210706000,3062.0,682,75332,20904000.0,3065.0,8,3063.0,4
rb1805,20170706,20170705,210706500,3063.0,686,75330,21026520.0,3065.0,8,3063.0,3
rb1805,20170706,20170705,210707500,3063.0,686,75330,21026520.0,3065.0,8,3063.0,3
rb1805,20170706,20170705,210710000,3063.0,686,75330,21026520.0,3065.0,8,3063.0,3
rb1805,20170706,20170705,210714000,3063.0,686,75330,21026520.0,3065.0,2,3063.0,3
rb1805,20170706,20170705,210715000,3063.0,686,75330,21026520.0,3065.0,2,3063.0,4
rb1805,20170706,20170705,210715500,3063.0,686,75330,21026520.0,3065.0,2,3063.0,4
rb1805,20170706,20170705,210716500,3063.0,694,75338,21271560.0,3063.0,3,3062.0,5
rb1805,20170706,20170705,210717000,3063.0,694,75338,21271560.0,3063.0,3,3062.0,1
rb1805,20170706,20170705,210717500,3063.0,694,75338,21271560.0,3063.0,3,3062.0,1
rb1805,20170706,20170705,210720000,3063.0,694,75338,21271560.0,3063.0,3,3062.0,8
rb1805,20170706,20170705,210720500,3063.0,696,75340,21332820.0,3063.0,2,3062.0,8
rb1805,20170706,20170705,210721000,3063.0,696,75340,21332820.0,3063.0,2,3062.0,5
rb1805,20170706,20170705,210722500,3063.0,698,75342,21394080.0,3063.0,1,3062.0,5
rb1805,20170706,20170705,210723000,3063.0,698,75342,21394080.0,3063.0,1,3062.0,5
rb1805,20170706,20170705,210723500,3063.0,698,75342,21394080.0,3063.0,1,3062.0,5
rb1805,20170706,20170705,210726000,3063.0,698,75342,21394080.0,3063.0,1,3062.0,5
rb1805,20170706,20170705,210726500,3063.0,700,75344,21455340.0,3065.0,1,3063.0,2
rb1805,20170706,20170705,210727000,3063.0,700,75344,21455340.0,3068.0,1,3063.0,5
rb1805,20170706,20170705,210727500,3063.0,700,75344,21455340.0,3068.0,4,3064.0,1
rb1805,20170706,20170705,210728000,3063.0,700,75344,21455340.0,3068.0,4,3064.0,6
rb1805,20170706,20170705,210728500,3063.0,700,75344,21455340.0,3068.0,3,3064.0,6
rb1805,20170706,20170705,210729000,3063.0,700,75344,21455340.0,3068.0,3,3064.0,6
rb1805,20170706,20170705,210729500,3063.0,700,75344,21455340.0,3068.0,3,3064.0,6
rb1805,20170706,20170705,210730500,3063.0,700,75344,21455340.0,3068.0,3,3064.0,6
rb1805,20170706,20170705,210734000,3063.0,700,75344,21455340.0,3068.0,3,3064.0,7
rb1805,20170706,20170705,210735500,3068.0,702,75344,21516700.0,3068.0,2,3064.0,7
rb1805,20170706,20170705,210738500,3068.0,702,75344,21516700.0,3068.0,1,3064.0,7
rb1805,20170706,20170705,210741000,3068.0,702,75344,21516700.0,3068.0,1,3065.0,1
rb1805,20170706,20170705,210741500,3068.0,702,75344,21516700.0,3070.0,6,3065.0,6
rb1805,20170706,20170705,210742000,3068.0,702,75344,21516700.0,3068.0,1,3066.0,1
rb1805,20170706,20170705,210742500,3068.0,702,75344,21516700.0,3068.0,1,3065.0,6
rb1805,20170706,20170705,210743500,3068.0,702,75344,21516700.0,3068.0,1,3065.0,6
rb1805,20170706,20170705,210744500,3068.0,702,75344,21516700.0,3068.0,2,3065.0,6
rb1805,20170706,20170705,210745500,3068.0,702,75344,21516700.0,3068.0,2,3065.0,6
rb1805,20170706,20170705,210746000,3068.0,702,75344,21516700.0,3068.0,2,3065.0,6
rb1805,20170706,20170705,210748000,3068.0,702,75344,21516700.0,3068.0,2,3065.0,5
rb1805,20170706,20170705,210749000,3068.0,702,75344,21516700.0,3068.0,3,3065.0,5
rb1805,20170706,20170705,210749500,3068.0,702,75344,21516700.0,3068.0,2,3065.0,5
rb1805,20170706,20170705,210750000,3068.0,702,75344,21516700.0,3067.0,2,3065.0,5
rb1805,20170706,20170705,210752000,3068.0,704,75346,21578060.0,3067.0,1,3065.0,5
rb1805,20170706,20170705,210752500,3068.0,704,75346,21578060.0,3067.0,1,3065.0,5
rb1805,20170706,20170705,210753000,3068.0,704,75346,21578060.0,3067.0,1,3065.0,5
rb1805,20170706,20170705,210753500,3065.0,714,75346,21884560.0,3065.0,5,3064.0,7
rb1805,20170706,20170705,210754000,3065.0,718,75342,22007160.0,3065.0,3,3064.0,2
rb1805,20170706,20170705,210754500,3065.0,724,75340,22191060.0,3067.0,2,3065.0,1
rb1805,20170706,20170705,210755000,3065.0,724,75340,22191060.0,3067.0,2,3065.0,1
rb1805,20170706,20170705,210758500,3065.0,724,75340,22191060.0,3067.0,2,3065.0,1
rb1805,20170706,20170705,210759500,3065.0,724,75340,22191060.0,3067.0,2,3065.0,1
rb1805,20170706,20170705,210800500,3065.0,724,75340,22191060.0,3067.0,2,3065.0,1
rb1805,20170706,20170705,210801000,3065.0,724,75340,22191060.0,3067.0,2,3065.0,1
rb1805,20170706,20170705,210801500,3065.0,726,75338,22252360.0,3065.0,1,3064.0,2
rb1805,20170706,20170705,210802000,3065.0,728,75336,22313660.0,3067.0,2,3065.0,2
rb1805,20170706,20170705,210802500,3065.0,728,75336,22313660.0,3067.0,2,3065.0,10
rb1805,20170706,20170705,210803000,3065.0,728,75336,22313660.0,3067.0,2,3065.0,4
rb1805,20170706,20170705,210803500,3065.0,728,75336,22313660.0,3067.0,2,3065.0,5
rb1805,20170706,20170705,210804000,3065.0,728,75336,22313660.0,3067.0,1,3065.0,5
rb1805,20170706,20170705,210806000,3065.0,728,75336,22313660.0,3067.0,1,3065.0,5
rb1805,20170706,20170705,210806500,3065.0,728,75336,22313660.0,3067.0,1,3065.0,5
rb1805,20170706,20170705,210807500,3065.0,728,75336,22313660.0,3067.0,1,3065.0,5
rb1805,20170706,20170705,210808500,3065.0,728,75336,22313660.0,3067.0,1,3065.0,5
rb1805,20170706,20170705,210809000,3065.0,728,75336,22313660.0,3067.0,1,3065.0,6
rb1805,20170706,20170705,210809500,3065.0,728,75336,22313660.0,3067.0,1,3065.0,6
rb1805,20170706,20170705,210810000,3065.0,728,75336,22313660.0,3067.0,1,3065.0,8
rb1805,20170706,20170705,210811000,3065.0,728,75336,22313660.0,3067.0,2,3065.0,8
rb1805,20170706,20170705,210811500,3065.0,728,75336,22313660.0,3067.0,2,3065.0,8
rb1805,20170706,20170705,210814500,3065.0,730,75336,22374960.0,3067.0,2,3065.0,7
rb1805,20170706,20170705,210815000,3065.0,730,75336,22374960.0,3067.0,2,3065.0,7
rb1805,20170706,20170705,210816000,3065.0,730,75336,22374960.0,3067.0,2,3065.0,7
rb1805,20170706,20170705,210816500,3065.0,730,75336,22374960.0,3067.0,2,3065.0,7
rb1805,20170706,20170705,210820000,3065.0,730,75336,22374960.0,3067.0,2,3065.0,7
rb1805,20170706,20170705,210820500,3065.0,730,75336,22374960.0,3067.0,2,3065.0,7
rb1805,20170706,20170705,210821000,3065.0,730,75336,22374960.0,3067.0,2,3065.0,6
rb1805,20170706,20170705,210822000,3065.0,730,75336,22374960.0,3067.0,2,3065.0,6
rb1805,20170706,20170705,210822500,3065.0,742,75340,22742760.0,3065.0,2,3064.0,4
rb1805,20170706,20170705,210823000,3065.0,742,75340,22742760.0,3065.0,5,3064.0,4
rb1805,20170706,20170705,210823500,3065.0,742,75340,22742760.0,3066.0,1,3064.0,4
rb1805,20170706,20170705,210825000,3065.0,742,75340,22742760.0,3066.0,1,3064.0,8
rb1805,20170706,20170705,210826000,3065.0,742,75340,22742760.0,3066.0,6,3064.0,8
rb1805,20170706,20170705,210826500,3065.0,742,75340,22742760.0,3066.0,6,3064.0,8
rb1805,20170706,20170705,210827500,3065.0,742,75340,22742760.0,3066.0,6,3064.0,6
rb1805,20170706,20170705,210828000,3065.0,742,75340,22742760.0,3066.0,9,3064.0,6
rb1805,20170706,20170705,210828500,3065.0,742,75340,22742760.0,3066.0,4,3064.0,6
rb1805,20170706,20170705,210830500,3065.0,742,75340,22742760.0,3066.0,4,3064.0,6
rb1805,20170706,20170705,210833000,3065.0,742,75340,22742760.0,3065.0,5,3064.0,6
rb1805,20170706,20170705,210833500,3065.0,744,75342,22804060.0,3065.0,4,3064.0,6
rb1805,20170706,20170705,210836000,3065.0,744,75342,22804060.0,3065.0,4,3064.0,2
rb1805,20170706,20170705,210836500,3065.0,744,75342,22804060.0,3065.0,4,3064.0,2
rb1805,20170706,20170705,210839000,3065.0,744,75342,22804060.0,3065.0,4,3064.0,2
rb1805,20170706,20170705,210840000,3065.0,744,75342,22804060.0,3065.0,4,3064.0,2
rb1805,20170706,20170705,210841000,3065.0,744,75342,22804060.0,3065.0,4,3064.0,2
rb1805,20170706,20170705,210842500,3065.0,744,75342,22804060.0,3065.0,4,3064.0,2
rb1805,20170706,20170705,210845500,3065.0,744,75342,22804060.0,3065.0,4,3064.0,3
rb1805,20170706,20170705,210846000,3065.0,744,75342,22804060.0,3065.0,4,3064.0,4
rb1805,20170706,20170705,210846500,3064.0,746,75340,22865340.0,3065.0,4,3064.0,3
rb1805,20170706,20170705,210848000,3064.0,746,75340,22865340.0,3066.0,3,3064.0,3
rb1805,20170706,20170705,210852500,3064.0,746,75340,22865340.0,3066.0,4,3064.0,3
rb1805,20170706,20170705,210853000,3064.0,746,75340,22865340.0,3066.0,4,3065.0,1
rb1805,20170706,20170705,210854000,3064.0,746,75340,22865340.0,3066.0,4,3065.0,1
rb1805,20170706,20170705,210855000,3065.0,748,75340,22926640.0,3066.0,9,3064.0,2
rb1805,20170706,20170705,210855500,3065.0,748,75340,22926640.0,3066.0,9,3064.0,3
rb1805,20170706,20170705,210857500,3065.0,748,75340,22926640.0,3066.0,9,3064.0,3
rb1805,20170706,20170705,210858000,3065.0,748,75340,22926640.0,3066.0,9,3065.0,1
rb1805,20170706,20170705,210858500,3065.0,748,75340,22926640.0,3066.0,4,3065.0,1
rb1805,20170706,20170705,210859500,3065.0,748,75340,22926640.0,3066.0,4,3065.0,1
rb1805,20170706,20170705,210903500,3065.0,748,75340,22926640.0,3066.0,1,3065.0,1
rb1805,20170706,20170705,210904500,3065.0,748,75340,22926640.0,3066.0,1,3065.0,1
rb1805,20170706,20170705,210906500,3064.0,756,75336,23171780.0,3064.0,4,3063.0,13
rb1805,20170706,20170705,210907000,3064.0,764,75330,23416900.0,3066.0,7,3064.0,8
rb1805,20170706,20170705,210907500,3064.0,764,75330,23416900.0,3066.0,7,3064.0,3
rb1805,20170706,20170705,210908000,3064.0,764,75330,23416900.0,3066.0,7,3064.0,8
rb1805,20170706,20170705,210908500,3064.0,764,75330,23416900.0,3066.0,7,3065.0,1
rb1805,20170706,20170705,210909000,3064.0,764,75330,23416900.0,3066.0,1,3065.0,1
rb1805,20170706,20170705,210910000,3064.0,764,75330,23416900.0,3066.0,1,3065.0,1
rb1805,20170706,20170705,210910500,3066.0,766,75328,23478220.0,3067.0,7,3066.0,2
rb1805,20170706,20170705,210911000,3066.0,766,75328,23478220.0,3067.0,6,3065.0,1
rb1805,20170706,20170705,210911500,3066.0,766,75328,23478220.0,3067.0,6,3066.0,3
rb1805,20170706,20170705,210912000,3066.0,766,75328,23478220.0,3067.0,6,3065.0,6
rb1805,20170706,20170705,210912500,3066.0,766,75328,23478220.0,3067.0,6,3065.0,56
rb1805,20170706,20170705,210913000,3066.0,772,75328,23662180.0,3067.0,6,3065.0,56
rb1805,20170706,20170705,210915500,3066.0,772,75328,23662180.0,3067.0,6,3065.0,56
rb1805,20170706,20170705,210917000,3066.0,772,75328,23662180.0,3067.0,6,3065.0,58
rb1805,20170706,20170705,210918000,3067.0,774,75326,23723520.0,3067.0,5,3066.0,1
rb1805,20170706,20170705,210918500,3067.0,774,75326,23723520.0,3067.0,5,3065.0,55
rb1805,20170706,20170705,210919000,3067.0,774,75326,23723520.0,3067.0,5,3065.0,58
rb1805,20170706,20170705,210920000,3067.0,774,75326,23723520.0,3067.0,5,3066.0,2
rb1805,20170706,20170705,210920500,3067.0,776,75326,23784860.0,3067.0,4,3066.0,4
rb1805,20170706,20170705,210921000,3067.0,776,75326,23784860.0,3067.0,4,3066.0,1
rb1805,20170706,20170705,210922000,3067.0,778,75326,23846200.0,3067.0,3,3066.0,4
rb1805,20170706,20170705,210924000,3067.0,778,75326,23846200.0,3067.0,3,3066.0,10
rb1805,20170706,20170705,210924500,3067.0,784,75326,24030220.0,3068.0,3,3067.0,4
rb1805,20170706,20170705,210925000,3067.0,784,75326,24030220.0,3068.0,2,3066.0,10
rb1805,20170706,20170705,210925500,3067.0,784,75326,24030220.0,3068.0,2,3067.0,1
rb1805,20170706,20170705,210926000,3067.0,784,75326,24030220.0,3068.0,2,3067.0,1
rb1805,20170706,20170705,210926500,3067.0,784,75326,24030220.0,3068.0,2,3067.0,1
rb1805,20170706,20170705,210927000,3067.0,784,75326,24030220.0,3068.0,2,3067.0,1
rb1805,20170706,20170705,210927500,3067.0,786,75324,24091560.0,3068.0,2,3066.0,9
rb1805,20170706,20170705,210928500,3067.0,786,75324,24091560.0,3068.0,2,3066.0,14
rb1805,20170706,20170705,210929000,3067.0,786,75324,24091560.0,3068.0,2,3067.0,2
rb1805,20170706,20170705,210929500,3067.0,786,75324,24091560.0,3068.0,2,3066.0,14
rb1805,20170706,20170705,210930500,3067.0,786,75324,24091560.0,3068.0,2,3067.0,3
rb1805,20170706,20170705,210931000,3067.0,786,75324,24091560.0,3068.0,2,3067.0,8
rb1805,20170706,20170705,210931500,3067.0,786,75324,24091560.0,3068.0,2,3067.0,5
rb1805,20170706,20170705,210933000,3067.0,786,75324,24091560.0,3068.0,2,3067.0,5
rb1805,20170706,20170705,210933500,3067.0,786,75324,24091560.0,3068.0,2,3067.0,5
rb1805,20170706,20170705,210934000,3067.0,786,75324,24091560.0,3068.0,2,3067.0,8
rb1805,20170706,20170705,210935000,3067.0,786,75324,24091560.0,3068.0,2,3067.0,8
rb1805,20170706,20170705,210935500,3067.0,786,75324,24091560.0,3068.0,2,3067.0,8
rb1805,20170706,20170705,210936500,3068.0,788,75326,24152920.0,3068.0,1,3067.0,8
rb1805,20170706,20170705,210938500,3068.0,788,75326,24152920.0,3068.0,1,3067.0,13
rb1805,20170706,20170705,210939500,3068.0,790,75328,24214280.0,3069.0,1,3068.0,1
rb1805,20170706,20170705,210940000,3068.0,790,75328,24214280.0,3069.0,1,3068.0,1
rb1805,20170706,20170705,210941500,3068.0,790,75328,24214280.0,3069.0,1,3068.0,1
rb1805,20170706,20170705,210942000,3068.0,790,75328,24214280.0,3069.0,1,3068.0,1
rb1805,20170706,20170705,210944000,3068.0,790,75328,24214280.0,3069.0,1,3068.0,1
rb1805,20170706,20170705,210944500,3068.0,790,75328,24214280.0,3069.0,1,3068.0,1
rb1805,20170706,20170705,210945500,3068.0,790,75328,24214280.0,3069.0,6,3067.0,9
rb1805,20170706,20170705,210946000,3068.0,790,75328,24214280.0,3069.0,6,3067.0,4
rb1805,20170706,20170705,210946500,3069.0,792,75328,24275660.0,3069.0,5,3067.0,1
rb1805,20170706,20170705,210948000,3069.0,792,75328,24275660.0,3069.0,6,3067.0,1
rb1805,20170706,20170705,210948500,3067.0,794,75330,24337000.0,3067.0,2,3066.0,8
rb1805,20170706,20170705,210949000,3067.0,794,75330,24337000.0,3068.0,2,3066.0,8
rb1805,20170706,20170705,210950000,3067.0,794,75330,24337000.0,3068.0,2,3066.0,8
rb1805,20170706,20170705,210951000,3067.0,794,75330,24337000.0,3068.0,2,3066.0,8
rb1805,20170706,20170705,210951500,3067.0,794,75330,24337000.0,3068.0,2,3066.0,8
rb1805,20170706,20170705,210952000,3067.0,794,75330,24337000.0,3068.0,2,3066.0,8
rb1805,20170706,20170705,210952500,3067.0,794,75330,24337000.0,3068.0,2,3066.0,11
rb1805,20170706,20170705,210953500,3067.0,794,75330,24337000.0,3068.0,2,3066.0,8
rb1805,20170706,20170705,210954000,3066.0,796,75332,24398320.0,3068.0,2,3066.0,7
rb1805,20170706,20170705,210955500,3066.0,796,75332,24398320.0,3068.0,2,3066.0,7
rb1805,20170706,20170705,210956000,3066.0,796,75332,24398320.0,3068.0,8,3066.0,7
rb1805,20170706,20170705,211000500,3066.0,796,75332,24398320.0,3068.0,8,3067.0,50
rb1805,20170706,20170705,211001000,3067.0,800,75328,24521000.0,3068.0,13,3067.0,48
rb1805,20170706,20170705,211001500,3067.0,800,75328,24521000.0,3068.0,13,3067.0,48
rb1805,20170706,20170705,211002500,3067.0,800,75328,24521000.0,3068.0,11,3067.0,48
rb1805,20170706,20170705,211003500,3067.0,804,75324,24643680.0,3068.0,11,3067.0,48
rb1805,20170706,20170705,211006500,3068.0,808,75328,24766400.0,3068.0,4,3067.0,48
rb1805,20170706,20170705,211007000,3067.0,810,75326,24827740.0,3068.0,4,3067.0,47
rb1805,20170706,20170705,211007500,3068.0,812,75328,24889100.0,3068.0,3,3067.0,51
rb1805,20170706,20170705,211008000,3068.0,812,75328,24889100.0,3068.0,3,3067.0,51
rb1805,20170706,20170705,211008500,3068.0,812,75328,24889100.0,3068.0,3,3067.0,51
rb1805,20170706,20170705,211011500,3068.0,812,75328,24889100.0,3068.0,4,3067.0,51
rb1805,20170706,20170705,211012500,3068.0,812,75328,24889100.0,3068.0,4,3067.0,51
rb1805,20170706,20170705,211015500,3068.0,814,75328,24950460.0,3068.0,3,3067.0,51
rb1805,20170706,20170705,211016500,3068.0,814,75328,24950460.0,3068.0,3,3067.0,51
rb1805,20170706,20170705,211017000,3067.0,842,75320,25809220.0,3068.0,4,3067.0,37
rb1805,20170706,20170705,211017500,3067.0,842,75320,25809220.0,3068.0,4,3067.0,37
rb1805,20170706,20170705,211020000,3067.0,842,75320,25809220.0,3068.0,4,3067.0,37
rb1805,20170706,20170705,211020500,3067.0,842,75320,25809220.0,3068.0,4,3067.0,33
rb1805,20170706,20170705,211021500,3067.0,842,75320,25809220.0,3068.0,4,3067.0,33
rb1805,20170706,20170705,211022500,3067.0,842,75320,25809220.0,3068.0,4,3067.0,33
rb1805,20170706,20170705,211023000,3067.0,842,75320,25809220.0,3068.0,4,3067.0,33
rb1805,20170706,20170705,211024500,3067.0,842,75320,25809220.0,3068.0,4,3067.0,33
rb1805,20170706,20170705,211032500,3067.0,842,75320,25809220.0,3068.0,4,3067.0,33
rb1805,20170706,20170705,211033500,3067.0,842,75320,25809220.0,3068.0,4,3067.0,38
rb1805,20170706,20170705,211034000,3067.0,842,75320,25809220.0,3068.0,4,3067.0,38
rb1805,20170706,20170705,211034500,3067.0,842,75320,25809220.0,3068.0,4,3067.0,38
rb1805,20170706,20170705,211035500,3067.0,842,75320,25809220.0,3068.0,3,3067.0,38
rb1805,20170706,20170705,211036500,3067.0,842,75320,25809220.0,3068.0,7,3067.0,38
rb1805,20170706,20170705,211037000,3068.0,846,75320,25931940.0,3068.0,5,3067.0,38
rb1805,20170706,20170705,211040000,3068.0,846,75320,25931940.0,3068.0,5,3067.0,33
rb1805,20170706,20170705,211041000,3068.0,846,75320,25931940.0,3068.0,5,3067.0,33
rb1805,20170706,20170705,211043000,3068.0,846,75320,25931940.0,3068.0,5,3067.0,31
rb1805,20170706,20170705,211043500,3068.0,848,75320,25993300.0,3068.0,4,3067.0,31
rb1805,20170706,20170705,211049500,3068.0,854,75320,26177380.0,3068.0,1,3067.0,39
rb1805,20170706,20170705,211050000,3068.0,854,75320,26177380.0,3068.0,1,3067.0,39
rb1805,20170706,20170705,211050500,3068.0,854,75320,26177380.0,3068.0,1,3067.0,39
rb1805,20170706,20170705,211051000,3067.0,858,75320,26300060.0,3068.0,1,3067.0,37
rb1805,20170706,20170705,211051500,3067.0,860,75320,26361400.0,3068.0,1,3067.0,36
rb1805,20170706,20170705,211054500,3067.0,860,75320,26361400.0,3068.0,1,3067.0,36
rb1805,20170706,20170705,211056000,3067.0,860,75320,26361400.0,3068.0,1,3067.0,40
rb1805,20170706,20170705,211057500,3068.0,862,75320,26422760.0,3069.0,8,3067.0,40
rb1805,20170706,20170705,211058000,3068.0,862,75320,26422760.0,3069.0,3,3067.0,40
rb1805,20170706,20170705,211058500,3069.0,868,75322,26606900.0,3070.0,53,3069.0,4
rb1805,20170706,20170705,211059000,3067.0,882,75310,27036460.0,3069.0,2,3067.0,33
rb1805,20170706,20170705,211059500,3070.0,888,75308,27220620.0,3070.0,49,3067.0,33
rb1805,20170706,20170705,211100000,3070.0,888,75308,27220620.0,3070.0,49,3067.0,36
rb1805,20170706,20170705,211100500,3070.0,888,75308,27220620.0,3070.0,49,3069.0,3
rb1805,20170706,20170705,211101000,3069.0,908,75290,27834600.0,3070.0,40,3069.0,7
rb1805,20170706,20170705,211101500,3070.0,910,75290,27896000.0,3070.0,39,3069.0,8
rb1805,20170706,20170705,211102000,3070.0,910,75290,27896000.0,3070.0,39,3069.0,6
rb1805,20170706,20170705,211103000,3070.0,910,75290,27896000.0,3070.0,39,3069.0,8
rb1805,20170706,20170705,211104000,3070.0,910,75290,27896000.0,3070.0,39,3069.0,9
rb1805,20170706,20170705,211104500,3069.0,920,75290,28202900.0,3070.0,39,3069.0,4
rb1805,20170706,20170705,211106000,3069.0,920,75290,28202900.0,3070.0,39,3069.0,1
rb1805,20170706,20170705,211106500,3069.0,920,75290,28202900.0,3070.0,39,3069.0,1
rb1805,20170706,20170705,211108500,3070.0,922,75290,28264300.0,3070.0,38,3069.0,1
rb1805,20170706,20170705,211109000,3070.0,922,75290,28264300.0,3070.0,38,3069.0,3
rb1805,20170706,20170705,211109500,3070.0,922,75290,28264300.0,3070.0,38,3069.0,3
rb1805,20170706,20170705,211110000,3070.0,922,75290,28264300.0,3070.0,38,3069.0,3
rb1805,20170706,20170705,211110500,3070.0,922,75290,28264300.0,3070.0,38,3069.0,3
rb1805,20170706,20170705,211111000,3070.0,930,75290,28509900.0,3070.0,34,3069.0,6
rb1805,20170706,20170705,211111500,3070.0,930,75290,28509900.0,3070.0,34,3069.0,6
rb1805,20170706,20170705,211112000,3069.0,932,75288,28571280.0,3070.0,34,3069.0,2
rb1805,20170706,20170705,211113000,3069.0,932,75288,28571280.0,3070.0,34,3069.0,8
rb1805,20170706,20170705,211114000,3069.0,932,75288,28571280.0,3070.0,34,3069.0,8
rb1805,20170706,20170705,211114500,3069.0,932,75288,28571280.0,3070.0,34,3069.0,8
rb1805,20170706,20170705,211115000,3069.0,936,75286,28694040.0,3070.0,34,3069.0,6
rb1805,20170706,20170705,211117000,3070.0,1004,75218,30781640.0,3071.0,2,3070.0,10
rb1805,20170706,20170705,211117500,3070.0,1016,75208,31150040.0,3071.0,2,3070.0,4
rb1805,20170706,20170705,211119500,3070.0,1016,75208,31150040.0,3071.0,2,3070.0,4
rb1805,20170706,20170705,211120000,3071.0,1018,75210,31211460.0,3071.0,1,3070.0,4
rb1805,20170706,20170705,211122500,3071.0,1018,75210,31211460.0,3071.0,3,3070.0,4
rb1805,20170706,20170705,211123000,3071.0,1018,75210,31211460.0,3071.0,2,3070.0,4
rb1805,20170706,20170705,211123500,3071.0,1018,75210,31211460.0,3071.0,2,3070.0,4
rb1805,20170706,20170705,211124000,3071.0,1018,75210,31211460.0,3071.0,2,3070.0,5
rb1805,20170706,20170705,211125000,3071.0,1018,75210,31211460.0,3071.0,2,3070.0,5
rb1805,20170706,20170705,211125500,3071.0,1018,75210,31211460.0,3071.0,3,3070.0,5
rb1805,20170706,20170705,211126500,3071.0,1018,75210,31211460.0,3071.0,2,3070.0,5
rb1805,20170706,20170705,211128000,3071.0,1020,75210,31272880.0,3071.0,1,3070.0,5
rb1805,20170706,20170705,211129500,3071.0,1020,75210,31272880.0,3071.0,1,3070.0,5
rb1805,20170706,20170705,211131000,3071.0,1022,75210,31334300.0,3072.0,5,3070.0,5
rb1805,20170706,20170705,211132000,3071.0,1022,75210,31334300.0,3072.0,5,3070.0,5
rb1805,20170706,20170705,211133000,3070.0,1030,75202,31579900.0,3072.0,5,3070.0,1
rb1805,20170706,20170705,211136000,3070.0,1030,75202,31579900.0,3072.0,5,3070.0,2
rb1805,20170706,20170705,211136500,3070.0,1030,75202,31579900.0,3072.0,5,3070.0,2
rb1805,20170706,20170705,211140500,3072.0,1032,75202,31641340.0,3072.0,4,3070.0,2
rb1805,20170706,20170705,211141000,3072.0,1032,75202,31641340.0,3071.0,1,3070.0,2
rb1805,20170706,20170705,211141500,3072.0,1032,75202,31641340.0,3072.0,4,3070.0,2
rb1805,20170706,20170705,211142500,3072.0,1034,75202,31702780.0,3072.0,3,3070.0,2
rb1805,20170706,20170705,211143500,3072.0,1034,75202,31702780.0,3071.0,1,3070.0,2
rb1805,20170706,20170705,211144000,3072.0,1034,75202,31702780.0,3072.0,3,3070.0,2
rb1805,20170706,20170705,211145000,3072.0,1034,75202,31702780.0,3071.0,1,3070.0,2
rb1805,20170706,20170705,211145500,3072.0,1034,75202,31702780.0,3071.0,1,3070.0,2
rb1805,20170706,20170705,211146000,3072.0,1034,75202,31702780.0,3071.0,1,3070.0,2
rb1805,20170706,20170705,211148000,3072.0,1034,75202,31702780.0,3072.0,3,3070.0,2
rb1805,20170706,20170705,211148500,3072.0,1034,75202,31702780.0,3071.0,2,3070.0,2
rb1805,20170706,20170705,211149000,3072.0,1034,75202,31702780.0,3071.0,3,3070.0,2
rb1805,20170706,20170705,211150000,3072.0,1034,75202,31702780.0,3071.0,3,3070.0,2
rb1805,20170706,20170705,211150500,3072.0,1034,75202,31702780.0,3071.0,4,3070.0,2
rb1805,20170706,20170705,211151000,3072.0,1034,75202,31702780.0,3071.0,4,3070.0,2
rb1805,20170706,20170705,211200000,3072.0,1036,75204,31764220.0,3071.0,3,3070.0,2
rb1805,20170706,20170705,211201500,3072.0,1036,75204,31764220.0,3071.0,3,3070.0,2
rb1805,20170706,20170705,211202500,3072.0,1036,75204,31764220.0,3071.0,2,3070.0,2
rb1805,20170706,20170705,211203000,3072.0,1036,75204,31764220.0,3071.0,2,3070.0,2
rb1805,20170706,20170705,211203500,3072.0,1036,75204,31764220.0,3071.0,2,3070.0,2
rb1805,20170706,20170705,211204000,3072.0,1036,75204,31764220.0,3071.0,2,3070.0,2
rb1805,20170706,20170705,211204500,3072.0,1036,75204,31764220.0,3071.0,2,3070.0,2
rb1805,20170706,20170705,211208500,3072.0,1036,75204,31764220.0,3071.0,2,3070.0,2
rb1805,20170706,20170705,211209000,3070.0,1038,75206,31825620.0,3071.0,2,3070.0,1
rb1805,20170706,20170705,211209500,3070.0,1038,75206,31825620.0,3071.0,2,3070.0,1
rb1805,20170706,20170705,211210000,3070.0,1038,75206,31825620.0,3071.0,2,3070.0,1
rb1805,20170706,20170705,211214500,3070.0,1038,75206,31825620.0,3071.0,2,3070.0,1
rb1805,20170706,20170705,211215500,3071.0,1044,75202,32009880.0,3072.0,1,3071.0,7
rb1805,20170706,20170705,211217000,3071.0,1044,75202,32009880.0,3072.0,1,3071.0,7
rb1805,20170706,20170705,211219000,3071.0,1046,75202,32071300.0,3072.0,1,3071.0,6
rb1805,20170706,20170705,211219500,3071.0,1046,75202,32071300.0,3072.0,1,3071.0,6
rb1805,20170706,20170705,211222000,3071.0,1046,75202,32071300.0,3072.0,2,3071.0,6
rb1805,20170706,20170705,211222500,3071.0,1046,75202,32071300.0,3072.0,2,3071.0,6
rb1805,20170706,20170705,211224000,3071.0,1048,75202,32132720.0,3072.0,2,3071.0,5
rb1805,20170706,20170705,211224500,3071.0,1048,75202,32132720.0,3072.0,2,3071.0,5
rb1805,20170706,20170705,211226000,3071.0,1048,75202,32132720.0,3072.0,2,3071.0,5
rb1805,20170706,20170705,211229000,3071.0,1048,75202,32132720.0,3072.0,2,3071.0,5
rb1805,20170706,20170705,211230000,3072.0,1050,75202,32194160.0,3072.0,1,3071.0,5
rb1805,20170706,20170705,211231000,3072.0,1050,75202,32194160.0,3072.0,1,3071.0,5
rb1805,20170706,20170705,211232000,3072.0,1050,75202,32194160.0,3072.0,7,3071.0,5
rb1805,20170706,20170705,211234500,3072.0,1050,75202,32194160.0,3072.0,7,3071.0,5
rb1805,20170706,20170705,211236000,3072.0,1050,75202,32194160.0,3072.0,7,3071.0,5
rb1805,20170706,20170705,211237500,3072.0,1050,75202,32194160.0,3072.0,7,3071.0,5
rb1805,20170706,20170705,211238000,3071.0,1052,75202,32255580.0,3072.0,7,3071.0,4
rb1805,20170706,20170705,211238500,3071.0,1052,75202,32255580.0,3072.0,7,3071.0,9
rb1805,20170706,20170705,211239500,3071.0,1052,75202,32255580.0,3072.0,7,3071.0,9
rb1805,20170706,20170705,211240000,3071.0,1052,75202,32255580.0,3072.0,7,3071.0,9
rb1805,20170706,20170705,211243000,3071.0,1052,75202,32255580.0,3072.0,7,3071.0,9
rb1805,20170706,20170705,211244000,3071.0,1052,75202,32255580.0,3072.0,7,3071.0,9
rb1805,20170706,20170705,211245000,3071.0,1054,75202,32317000.0,3072.0,7,3071.0,8
rb1805,20170706,20170705,211245500,3071.0,1054,75202,32317000.0,3072.0,7,3071.0,8
rb1805,20170706,20170705,211246000,3071.0,1066,75208,32685520.0,3072.0,1,3071.0,2
rb1805,20170706,20170705,211247000,3071.0,1066,75208,32685520.0,3072.0,2,3071.0,2
rb1805,20170706,20170705,211248000,3071.0,1066,75208,32685520.0,3072.0,2,3071.0,2
rb1805,20170706,20170705,211249000,3071.0,1066,75208,32685520.0,3072.0,2,3071.0,2
rb1805,20170706,20170705,211249500,3072.0,1070,75208,32808400.0,3073.0,3,3071.0,2
rb1805,20170706,20170705,211250000,3073.0,1076,75208,32992780.0,3074.0,6,3073.0,4
rb1805,20170706,20170705,211250500,3073.0,1076,75208,32992780.0,3074.0,6,3072.0,1
rb1805,20170706,20170705,211251000,3073.0,1076,75208,32992780.0,3074.0,6,3072.0,1
rb1805,20170706,20170705,211251500,3072.0,1078,75208,33054220.0,3074.0,6,3072.0,3
rb1805,20170706,20170705,211252000,3072.0,1078,75208,33054220.0,3074.0,6,3071.0,5
rb1805,20170706,20170705,211252500,3072.0,1078,75208,33054220.0,3074.0,6,3071.0,9
rb1805,20170706,20170705,211253500,3072.0,1078,75208,33054220.0,3074.0,11,3071.0,9
rb1805,20170706,20170705,211254000,3072.0,1078,75208,33054220.0,3074.0,11,3071.0,6
rb1805,20170706,20170705,211254500,3072.0,1078,75208,33054220.0,3073.0,2,3071.0,3
rb1805,20170706,20170705,211255000,3072.0,1078,75208,33054220.0,3073.0,2,3071.0,2
rb1805,20170706,20170705,211256000,3072.0,1078,75208,33054220.0,3073.0,2,3071.0,5
rb1805,20170706,20170705,211256500,3072.0,1078,75208,33054220.0,3073.0,2,3071.0,6
rb1805,20170706,20170705,211257000,3072.0,1078,75208,33054220.0,3073.0,3,3071.0,6
rb1805,20170706,20170705,211258000,3072.0,1078,75208,33054220.0,3073.0,3,3071.0,7
rb1805,20170706,20170705,211300000,3072.0,1078,75208,33054220.0,3073.0,3,3071.0,6
rb1805,20170706,20170705,211300500,3072.0,1078,75208,33054220.0,3073.0,3,3071.0,7
rb1805,20170706,20170705,211301500,3073.0,1084,75208,33238600.0,3074.0,11,3073.0,3
rb1805,20170706,20170705,211302000,3073.0,1090,75204,33422980.0,3073.0,1,3071.0,4
rb1805,20170706,20170705,211302500,3073.0,1090,75204,33422980.0,3074.0,6,3072.0,10
rb1805,20170706,20170705,211304000,3073.0,1090,75204,33422980.0,3074.0,6,3072.0,10
rb1805,20170706,20170705,211305000,3073.0,1090,75204,33422980.0,3074.0,6,3072.0,16
rb1805,20170706,20170705,211305500,3073.0,1090,75204,33422980.0,3074.0,6,3073.0,5
rb1805,20170706,20170705,211306000,3073.0,1092,75202,33484440.0,3074.0,6,3072.0,16
rb1805,20170706,20170705,211308500,3073.0,1092,75202,33484440.0,3074.0,6,3073.0,1
rb1805,20170706,20170705,211309000,3073.0,1092,75202,33484440.0,3074.0,6,3073.0,1
rb1805,20170706,20170705,211309500,3073.0,1092,75202,33484440.0,3074.0,6,3072.0,16
rb1805,20170706,20170705,211310500,3073.0,1092,75202,33484440.0,3074.0,6,3072.0,16
rb1805,20170706,20170705,211311000,3074.0,1096,75202,33607400.0,3074.0,4,3072.0,16
rb1805,20170706,20170705,211311500,3074.0,1096,75202,33607400.0,3074.0,4,3073.0,1
rb1805,20170706,20170705,211312500,3074.0,1096,75202,33607400.0,3074.0,4,3073.0,1
rb1805,20170706,20170705,211314500,3074.0,1096,75202,33607400.0,3074.0,4,3073.0,1
rb1805,20170706,20170705,211315000,3073.0,1100,75206,33730320.0,3073.0,1,3072.0,16
rb1805,20170706,20170705,211315500,3073.0,1100,75206,33730320.0,3074.0,9,3072.0,16
rb1805,20170706,20170705,211318500,3074.0,1102,75206,33791800.0,3074.0,9,3072.0,16
rb1805,20170706,20170705,211319000,3074.0,1102,75206,33791800.0,3074.0,9,3072.0,16
rb1805,20170706,20170705,211320000,3074.0,1102,75206,33791800.0,3074.0,9,3073.0,1
rb1805,20170706,20170705,211320500,3074.0,1102,75206,33791800.0,3074.0,9,3073.0,1
rb1805,20170706,20170705,211321000,3074.0,1102,75206,33791800.0,3074.0,9,3073.0,1
rb1805,20170706,20170705,211321500,3074.0,1102,75206,33791800.0,3074.0,9,3073.0,1
rb1805,20170706,20170705,211322500,3074.0,1102,75206,33791800.0,3074.0,9,3073.0,1
rb1805,20170706,20170705,211324000,3074.0,1102,75206,33791800.0,3074.0,9,3073.0,1
rb1805,20170706,20170705,211324500,3073.0,1104,75204,33853260.0,3074.0,9,3072.0,16
rb1805,20170706,20170705,211326500,3073.0,1104,75204,33853260.0,3074.0,11,3072.0,16
rb1805,20170706,20170705,211329000,3073.0,1104,75204,33853260.0,3074.0,12,3072.0,16
rb1805,20170706,20170705,211329500,3072.0,1108,75204,33976140.0,3074.0,12,3072.0,14
rb1805,20170706,20170705,211330000,3072.0,1108,75204,33976140.0,3074.0,7,3072.0,14
rb1805,20170706,20170705,211332000,3072.0,1108,75204,33976140.0,3074.0,7,3072.0,14
rb1805,20170706,20170705,211332500,3072.0,1108,75204,33976140.0,3074.0,7,3072.0,14
rb1805,20170706,20170705,211334000,3072.0,1108,75204,33976140.0,3074.0,7,3072.0,14
rb1805,20170706,20170705,211334500,3072.0,1108,75204,33976140.0,3074.0,7,3072.0,14
rb1805,20170706,20170705,211335500,3072.0,1108,75204,33976140.0,3074.0,7,3072.0,14
rb1805,20170706,20170705,211336000,3072.0,1108,75204,33976140.0,3074.0,6,3072.0,14
rb1805,20170706,20170705,211337000,3072.0,1108,75204,33976140.0,3073.0,1,3072.0,8
rb1805,20170706,20170705,211338000,3072.0,1110,75206,34037580.0,3073.0,1,3072.0,7
rb1805,20170706,20170705,211339500,3072.0,1110,75206,34037580.0,3073.0,2,3072.0,7
rb1805,20170706,20170705,211342500,3072.0,1110,75206,34037580.0,3073.0,2,3072.0,7
rb1805,20170706,20170705,211343000,3072.0,1110,75206,34037580.0,3073.0,2,3072.0,7
rb1805,20170706,20170705,211343500,3073.0,1112,75208,34099040.0,3073.0,1,3072.0,7
rb1805,20170706,20170705,211345000,3073.0,1112,75208,34099040.0,3073.0,2,3072.0,7
rb1805,20170706,20170705,211346000,3073.0,1112,75208,34099040.0,3073.0,7,3072.0,7
rb1805,20170706,20170705,211347500,3073.0,1112,75208,34099040.0,3073.0,7,3072.0,7
rb1805,20170706,20170705,211348500,3073.0,1112,75208,34099040.0,3073.0,2,3072.0,7
rb1805,20170706,20170705,211349500,3073.0,1112,75208,34099040.0,3073.0,2,3072.0,7
rb1805,20170706,20170705,211350500,3073.0,1112,75208,34099040.0,3073.0,2,3072.0,7
rb1805,20170706,20170705,211351500,3073.0,1112,75208,34099040.0,3073.0,2,3072.0,63
rb1805,20170706,20170705,211352500,3072.0,1114,75208,34160480.0,3073.0,1,3072.0,62
rb1805,20170706,20170705,211355000,3072.0,1114,75208,34160480.0,3073.0,1,3072.0,62
rb1805,20170706,20170705,211357000,3072.0,1116,75208,34221920.0,3073.0,2,3072.0,61
rb1805,20170706,20170705,211357500,3072.0,1116,75208,34221920.0,3073.0,2,3072.0,61
rb1805,20170706,20170705,211359500,3072.0,1134,75218,34774880.0,3073.0,5,3072.0,52
rb1805,20170706,20170705,211400000,3072.0,1136,75216,34836320.0,3073.0,5,3072.0,51
rb1805,20170706,20170705,211400500,3072.0,1136,75216,34836320.0,3073.0,4,3072.0,51
rb1805,20170706,20170705,211401000,3072.0,1142,75212,35020680.0,3073.0,2,3072.0,50
rb1805,20170706,20170705,211401500,3072.0,1142,75212,35020680.0,3074.0,6,3072.0,50
rb1805,20170706,20170705,211402500,3072.0,1142,75212,35020680.0,3074.0,6,3072.0,50
rb1805,20170706,20170705,211404500,3074.0,1144,75210,35082160.0,3074.0,10,3072.0,50
rb1805,20170706,20170705,211405000,3072.0,1146,75210,35143600.0,3074.0,10,3072.0,49
rb1805,20170706,20170705,211405500,3072.0,1146,75210,35143600.0,3074.0,10,3072.0,49
rb1805,20170706,20170705,211406500,3072.0,1146,75210,35143600.0,3074.0,17,3072.0,49
rb1805,20170706,20170705,211407500,3072.0,1146,75210,35143600.0,3074.0,17,3072.0,49
rb1805,20170706,20170705,211408000,3072.0,1158,75204,35512240.0,3073.0,2,3072.0,43
rb1805,20170706,20170705,211409000,3072.0,1158,75204,35512240.0,3073.0,2,3072.0,43
rb1805,20170706,20170705,211409500,3072.0,1158,75204,35512240.0,3073.0,8,3072.0,43
rb1805,20170706,20170705,211410000,3072.0,1158,75204,35512240.0,3073.0,8,3072.0,43
rb1805,20170706,20170705,211414500,3072.0,1176,75204,36065200.0,3073.0,13,3072.0,34
rb1805,20170706,20170705,211415000,3072.0,1176,75204,36065200.0,3073.0,10,3072.0,34
rb1805,20170706,20170705,211415500,3072.0,1188,75204,36433840.0,3073.0,16,3072.0,28
rb1805,20170706,20170705,211416000,3072.0,1200,75204,36802480.0,3073.0,10,3072.0,22
rb1805,20170706,20170705,211416500,3072.0,1200,75204,36802480.0,3073.0,15,3071.0,1
rb1805,20170706,20170705,211417000,3072.0,1200,75204,36802480.0,3073.0,9,3071.0,1
rb1805,20170706,20170705,211419500,3072.0,1200,75204,36802480.0,3073.0,14,3071.0,1
rb1805,20170706,20170705,211420000,3072.0,1200,75204,36802480.0,3073.0,9,3071.0,1
rb1805,20170706,20170705,211420500,3072.0,1200,75204,36802480.0,3073.0,15,3071.0,1
rb1805,20170706,20170705,211421000,3072.0,1200,75204,36802480.0,3073.0,10,3071.0,1
rb1805,20170706,20170705,211421500,3072.0,1200,75204,36802480.0,3073.0,9,3071.0,1
rb1805,20170706,20170705,211422500,3072.0,1200,75204,36802480.0,3073.0,9,3071.0,1
rb1805,20170706,20170705,211424000,3072.0,1200,75204,36802480.0,3073.0,9,3071.0,1
rb1805,20170706,20170705,211427000,3072.0,1200,75204,36802480.0,3073.0,9,3071.0,1
rb1805,20170706,20170705,211428500,3072.0,1200,75204,36802480.0,3072.0,2,3071.0,1
rb1805,20170706,20170705,211429500,3072.0,1200,75204,36802480.0,3072.0,2,3071.0,1
rb1805,20170706,20170705,211430500,3072.0,1202,75202,36863920.0,3072.0,1,3071.0,1
rb1805,20170706,20170705,211431000,3072.0,1202,75202,36863920.0,3072.0,1,3071.0,1
rb1805,20170706,20170705,211431500,3072.0,1202,75202,36863920.0,3072.0,1,3071.0,1
rb1805,20170706,20170705,211432000,3072.0,1202,75202,36863920.0,3072.0,1,3071.0,1
rb1805,20170706,20170705,211432500,3072.0,1202,75202,36863920.0,3072.0,1,3071.0,1
rb1805,20170706,20170705,211433000,3072.0,1202,75202,36863920.0,3072.0,2,3071.0,1
rb1805,20170706,20170705,211437500,3072.0,1202,75202,36863920.0,3072.0,2,3071.0,1
rb1805,20170706,20170705,211439000,3072.0,1202,75202,36863920.0,3072.0,2,3071.0,1
rb1805,20170706,20170705,211442000,3072.0,1202,75202,36863920.0,3072.0,2,3071.0,4
rb1805,20170706,20170705,211443000,3072.0,1202,75202,36863920.0,3072.0,2,3071.0,4
rb1805,20170706,20170705,211444000,3072.0,1202,75202,36863920.0,3072.0,2,3071.0,4
rb1805,20170706,20170705,211444500,3072.0,1202,75202,36863920.0,3072.0,2,3071.0,4
rb1805,20170706,20170705,211445000,3072.0,1206,75200,36986800.0,3073.0,3,3072.0,1
rb1805,20170706,20170705,211445500,3072.0,1208,75200,37048240.0,3073.0,8,3071.0,4
rb1805,20170706,20170705,211447500,3073.0,1210,75200,37109700.0,3073.0,7,3071.0,4
rb1805,20170706,20170705,211448000,3073.0,1210,75200,37109700.0,3073.0,7,3072.0,1
rb1805,20170706,20170705,211449000,3073.0,1210,75200,37109700.0,3073.0,7,3072.0,1
rb1805,20170706,20170705,211451500,3073.0,1210,75200,37109700.0,3073.0,2,3072.0,1
rb1805,20170706,20170705,211454000,3073.0,1210,75200,37109700.0,3073.0,2,3072.0,1
rb1805,20170706,20170705,211455500,3073.0,1210,75200,37109700.0,3073.0,2,3072.0,6
rb1805,20170706,20170705,211456000,3073.0,1214,75202,37232620.0,3074.0,10,3072.0,6
rb1805,20170706,20170705,211456500,3073.0,1214,75202,37232620.0,3074.0,15,3072.0,6
rb1805,20170706,20170705,211458500,3073.0,1214,75202,37232620.0,3074.0,15,3072.0,16
rb1805,20170706,20170705,211459000,3073.0,1214,75202,37232620.0,3073.0,1,3072.0,16
rb1805,20170706,20170705,211501000,3073.0,1214,75202,37232620.0,3073.0,1,3072.0,16
rb1805,20170706,20170705,211502000,3073.0,1214,75202,37232620.0,3073.0,1,3072.0,16
rb1805,20170706,20170705,211504500,3073.0,1214,75202,37232620.0,3073.0,3,3072.0,16
rb1805,20170706,20170705,211505000,3073.0,1214,75202,37232620.0,3073.0,2,3072.0,16
rb1805,20170706,20170705,211506500,3073.0,1214,75202,37232620.0,3073.0,3,3072.0,16
rb1805,20170706,20170705,211509500,3073.0,1214,75202,37232620.0,3073.0,3,3072.0,16
rb1805,20170706,20170705,211510500,3073.0,1214,75202,37232620.0,3073.0,3,3072.0,11
rb1805,20170706,20170705,211511000,3073.0,1214,75202,37232620.0,3073.0,8,3072.0,12
rb1805,20170706,20170705,211513000,3073.0,1214,75202,37232620.0,3073.0,8,3072.0,12
rb1805,20170706,20170705,211515000,3072.0,1224,75212,37539820.0,3073.0,13,3072.0,7
rb1805,20170706,20170705,211515500,3072.0,1224,75212,37539820.0,3073.0,13,3072.0,6
rb1805,20170706,20170705,211516000,3072.0,1236,75222,37908460.0,3072.0,6,3071.0,1
rb1805,20170706,20170705,211516500,3073.0,1246,75212,38215760.0,3073.0,8,3071.0,1
rb1805,20170706,20170705,211517000,3073.0,1246,75212,38215760.0,3073.0,5,3071.0,1
rb1805,20170706,20170705,211517500,3073.0,1246,75212,38215760.0,3073.0,8,3071.0,1
rb1805,20170706,20170705,211518000,3071.0,1248,75210,38277180.0,3072.0,9,3070.0,5
rb1805,20170706,20170705,211520000,3071.0,1248,75210,38277180.0,3072.0,9,3070.0,5
rb1805,20170706,20170705,211520500,3071.0,1248,75210,38277180.0,3072.0,12,3070.0,5
rb1805,20170706,20170705,211521000,3071.0,1248,75210,38277180.0,3072.0,9,3070.0,5
rb1805,20170706,20170705,211521500,3071.0,1248,75210,38277180.0,3072.0,12,3070.0,5
rb1805,20170706,20170705,211522500,3071.0,1248,75210,38277180.0,3072.0,17,3070.0,5
rb1805,20170706,20170705,211523000,3071.0,1248,75210,38277180.0,3072.0,18,3070.0,5
rb1805,20170706,20170705,211524000,3071.0,1248,75210,38277180.0,3072.0,18,3070.0,5
rb1805,20170706,20170705,211525000,3071.0,1248,75210,38277180.0,3072.0,15,3070.0,6
rb1805,20170706,20170705,211525500,3071.0,1248,75210,38277180.0,3072.0,18,3070.0,5
rb1805,20170706,20170705,211527500,3071.0,1248,75210,38277180.0,3072.0,18,3070.0,4
rb1805,20170706,20170705,211528000,3071.0,1248,75210,38277180.0,3072.0,18,3070.0,7
rb1805,20170706,20170705,211528500,3071.0,1248,75210,38277180.0,3072.0,18,3070.0,8
rb1805,20170706,20170705,211530000,3071.0,1248,75210,38277180.0,3072.0,18,3070.0,8
rb1805,20170706,20170705,211530500,3070.0,1264,75212,38768380.0,3072.0,19,3071.0,1
rb1805,20170706,20170705,211531000,3070.0,1264,75212,38768380.0,3072.0,18,3071.0,1
rb1805,20170706,20170705,211532000,3071.0,1266,75212,38829800.0,3071.0,2,3069.0,4
rb1805,20170706,20170705,211532500,3071.0,1266,75212,38829800.0,3071.0,5,3069.0,1
rb1805,20170706,20170705,211533500,3071.0,1266,75212,38829800.0,3071.0,5,3069.0,1
rb1805,20170706,20170705,211534000,3071.0,1266,75212,38829800.0,3071.0,8,3069.0,1
rb1805,20170706,20170705,211534500,3071.0,1266,75212,38829800.0,3071.0,5,3069.0,1
rb1805,20170706,20170705,211535000,3071.0,1266,75212,38829800.0,3071.0,8,3069.0,1
rb1805,20170706,20170705,211535500,3071.0,1266,75212,38829800.0,3071.0,6,3069.0,1
rb1805,20170706,20170705,211536000,3071.0,1266,75212,38829800.0,3071.0,11,3069.0,1
rb1805,20170706,20170705,211536500,3071.0,1266,75212,38829800.0,3071.0,8,3069.0,1
rb1805,20170706,20170705,211537000,3071.0,1266,75212,38829800.0,3071.0,12,3069.0,1
rb1805,20170706,20170705,211537500,3071.0,1266,75212,38829800.0,3071.0,9,3069.0,1
rb1805,20170706,20170705,211538000,3071.0,1266,75212,38829800.0,3071.0,12,3069.0,1
rb1805,20170706,20170705,211538500,3071.0,1266,75212,38829800.0,3071.0,9,3069.0,1
rb1805,20170706,20170705,211539000,3071.0,1266,75212,38829800.0,3071.0,12,3069.0,1
rb1805,20170706,20170705,211539500,3071.0,1266,75212,38829800.0,3071.0,9,3069.0,1
rb1805,20170706,20170705,211540000,3071.0,1266,75212,38829800.0,3071.0,12,3069.0,1
rb1805,20170706,20170705,211540500,3071.0,1266,75212,38829800.0,3071.0,9,3069.0,1
rb1805,20170706,20170705,211541000,3071.0,1266,75212,38829800.0,3071.0,12,3069.0,1
rb1805,20170706,20170705,211541500,3071.0,1266,75212,38829800.0,3071.0,9,3069.0,1
rb1805,20170706,20170705,211542000,3071.0,1274,75220,39075480.0,3071.0,8,3069.0,1
rb1805,20170706,20170705,211542500,3071.0,1274,75220,39075480.0,3071.0,5,3069.0,1
rb1805,20170706,20170705,211543000,3071.0,1274,75220,39075480.0,3071.0,8,3069.0,1
rb1805,20170706,20170705,211543500,3071.0,1274,75220,39075480.0,3071.0,8,3069.0,1
rb1805,20170706,20170705,211546500,3071.0,1274,75220,39075480.0,3071.0,8,3069.0,1
rb1805,20170706,20170705,211547500,3071.0,1276,75222,39136900.0,3071.0,7,3069.0,1
rb1805,20170706,20170705,211548500,3071.0,1276,75222,39136900.0,3070.0,10,3069.0,1
rb1805,20170706,20170705,211549000,3071.0,1276,75222,39136900.0,3070.0,13,3069.0,1
rb1805,20170706,20170705,211549500,3070.0,1280,75222,39259700.0,3070.0,8,3069.0,1
rb1805,20170706,20170705,211550000,3070.0,1280,75222,39259700.0,3070.0,11,3069.0,1
rb1805,20170706,20170705,211550500,3070.0,1280,75222,39259700.0,3070.0,8,3069.0,1
rb1805,20170706,20170705,211551000,3070.0,1280,75222,39259700.0,3070.0,8,3069.0,1
rb1805,20170706,20170705,211551500,3070.0,1280,75222,39259700.0,3070.0,11,3069.0,1
rb1805,20170706,20170705,211552000,3069.0,1282,75224,39321080.0,3070.0,11,3068.0,5
rb1805,20170706,20170705,211552500,3069.0,1282,75224,39321080.0,3070.0,11,3068.0,2
rb1805,20170706,20170705,211553000,3069.0,1282,75224,39321080.0,3070.0,8,3068.0,8
rb1805,20170706,20170705,211553500,3069.0,1282,75224,39321080.0,3070.0,8,3068.0,9
rb1805,20170706,20170705,211554000,3069.0,1282,75224,39321080.0,3070.0,8,3068.0,8
rb1805,20170706,20170705,211554500,3069.0,1282,75224,39321080.0,3070.0,8,3068.0,8
rb1805,20170706,20170705,211555000,3070.0,1298,75238,39812280.0,3070.0,3,3068.0,8
rb1805,20170706,20170705,211555500,3070.0,1298,75238,39812280.0,3071.0,4,3068.0,8
rb1805,20170706,20170705,211556000,3070.0,1298,75238,39812280.0,3071.0,7,3068.0,8
rb1805,20170706,20170705,211556500,3070.0,1298,75238,39812280.0,3070.0,6,3068.0,8
rb1805,20170706,20170705,211557000,3070.0,1298,75238,39812280.0,3070.0,9,3068.0,8
rb1805,20170706,20170705,211558000,3070.0,1298,75238,39812280.0,3070.0,6,3068.0,8
rb1805,20170706,20170705,211558500,3070.0,1298,75238,39812280.0,3070.0,9,3068.0,8
rb1805,20170706,20170705,211559000,3070.0,1298,75238,39812280.0,3070.0,6,3068.0,8
rb1805,20170706,20170705,211559500,3070.0,1298,75238,39812280.0,3070.0,8,3068.0,8
rb1805,20170706,20170705,211600000,3070.0,1298,75238,39812280.0,3070.0,11,3068.0,8
rb1805,20170706,20170705,211601500,3068.0,1300,75240,39873640.0,3070.0,11,3068.0,7
rb1805,20170706,20170705,211602500,3068.0,1300,75240,39873640.0,3070.0,11,3068.0,7
rb1805,20170706,20170705,211603000,3068.0,1300,75240,39873640.0,3070.0,11,3068.0,7
rb1805,20170706,20170705,211606000,3070.0,1314,75254,40303440.0,3070.0,4,3068.0,7
rb1805,20170706,20170705,211606500,3068.0,1316,75254,40364800.0,3070.0,4,3068.0,6
rb1805,20170706,20170705,211608500,3068.0,1316,75254,40364800.0,3070.0,4,3068.0,1
rb1805,20170706,20170705,211611500,3068.0,1316,75254,40364800.0,3070.0,4,3068.0,1
rb1805,20170706,20170705,211612000,3068.0,1316,75254,40364800.0,3070.0,4,3068.0,1
rb1805,20170706,20170705,211613000,3068.0,1316,75254,40364800.0,3070.0,4,3068.0,6
rb1805,20170706,20170705,211619000,3068.0,1316,75254,40364800.0,3070.0,4,3068.0,6
rb1805,20170706,20170705,211620000,3068.0,1316,75254,40364800.0,3070.0,4,3068.0,7
rb1805,20170706,20170705,211621000,3070.0,1318,75254,40426200.0,3071.0,3,3068.0,7
rb1805,20170706,20170705,211621500,3070.0,1318,75254,40426200.0,3071.0,6,3069.0,4
rb1805,20170706,20170705,211622000,3070.0,1318,75254,40426200.0,3071.0,3,3069.0,10
rb1805,20170706,20170705,211622500,3071.0,1324,75250,40610460.0,3072.0,11,3071.0,1
rb1805,20170706,20170705,211623000,3071.0,1324,75250,40610460.0,3072.0,9,3070.0,1
rb1805,20170706,20170705,211623500,3071.0,1324,75250,40610460.0,3072.0,6,3070.0,1
rb1805,20170706,20170705,211624000,3071.0,1324,75250,40610460.0,3072.0,9,3070.0,1
rb1805,20170706,20170705,211624500,3071.0,1324,75250,40610460.0,3072.0,6,3070.0,1
rb1805,20170706,20170705,211625000,3071.0,1324,75250,40610460.0,3072.0,9,3070.0,1
rb1805,20170706,20170705,211625500,3071.0,1324,75250,40610460.0,3072.0,6,3070.0,1
rb1805,20170706,20170705,211626000,3071.0,1324,75250,40610460.0,3072.0,9,3070.0,1
rb1805,20170706,20170705,211626500,3071.0,1324,75250,40610460.0,3072.0,6,3070.0,1
rb1805,20170706,20170705,211627000,3071.0,1324,75250,40610460.0,3072.0,9,3070.0,1
rb1805,20170706,20170705,211627500,3071.0,1324,75250,40610460.0,3072.0,6,3070.0,1
rb1805,20170706,20170705,211628000,3071.0,1324,75250,40610460.0,3072.0,9,3070.0,1
rb1805,20170706,20170705,211628500,3071.0,1324,75250,40610460.0,3072.0,6,3070.0,1
rb1805,20170706,20170705,211629000,3071.0,1324,75250,40610460.0,3072.0,9,3070.0,1
rb1805,20170706,20170705,211629500,3071.0,1324,75250,40610460.0,3072.0,9,3070.0,1
rb1805,20170706,20170705,211630000,3071.0,1324,75250,40610460.0,3072.0,6,3070.0,1
rb1805,20170706,20170705,211630500,3071.0,1324,75250,40610460.0,3072.0,9,3070.0,1
rb1805,20170706,20170705,211631000,3071.0,1324,75250,40610460.0,3072.0,6,3070.0,1
rb1805,20170706,20170705,211631500,3071.0,1324,75250,40610460.0,3072.0,9,3070.0,2
rb1805,20170706,20170705,211632000,3071.0,1324,75250,40610460.0,3072.0,6,3070.0,2
rb1805,20170706,20170705,211633500,3071.0,1324,75250,40610460.0,3072.0,9,3070.0,2
rb1805,20170706,20170705,211634000,3071.0,1324,75250,40610460.0,3072.0,6,3070.0,2
rb1805,20170706,20170705,211634500,3072.0,1330,75256,40794780.0,3072.0,6,3070.0,2
rb1805,20170706,20170705,211635000,3072.0,1330,75256,40794780.0,3072.0,3,3070.0,2
rb1805,20170706,20170705,211635500,3072.0,1330,75256,40794780.0,3072.0,3,3070.0,22
rb1805,20170706,20170705,211637000,3072.0,1330,75256,40794780.0,3072.0,3,3070.0,22
rb1805,20170706,20170705,211637500,3072.0,1330,75256,40794780.0,3072.0,3,3070.0,22
rb1805,20170706,20170705,211640500,3072.0,1330,75256,40794780.0,3072.0,3,3070.0,22
rb1805,20170706,20170705,211642500,3072.0,1330,75256,40794780.0,3072.0,2,3070.0,22
rb1805,20170706,20170705,211646000,3072.0,1330,75256,40794780.0,3072.0,2,3070.0,28
rb1805,20170706,20170705,211646500,3072.0,1330,75256,40794780.0,3072.0,2,3070.0,28
rb1805,20170706,20170705,211647500,3072.0,1330,75256,40794780.0,3072.0,2,3070.0,28
rb1805,20170706,20170705,211649500,3072.0,1330,75256,40794780.0,3072.0,2,3070.0,28
rb1805,20170706,20170705,211650500,3072.0,1330,75256,40794780.0,3072.0,2,3070.0,28
rb1805,20170706,20170705,211651000,3072.0,1330,75256,40794780.0,3072.0,2,3070.0,28
rb1805,20170706,20170705,211653000,3072.0,1334,75258,40917660.0,3073.0,10,3072.0,2
rb1805,20170706,20170705,211653500,3072.0,1338,75262,41040540.0,3072.0,4,3070.0,27
rb1805,20170706,20170705,211654000,3072.0,1338,75262,41040540.0,3073.0,2,3072.0,1
rb1805,20170706,20170705,211654500,3072.0,1338,75262,41040540.0,3073.0,2,3072.0,1
rb1805,20170706,20170705,211655000,3072.0,1338,75262,41040540.0,3073.0,2,3072.0,1
rb1805,20170706,20170705,211655500,3072.0,1338,75262,41040540.0,3073.0,2,3072.0,1
rb1805,20170706,20170705,211656500,3072.0,1338,75262,41040540.0,3073.0,2,3072.0,1
rb1805,20170706,20170705,211657500,3072.0,1338,75262,41040540.0,3073.0,2,3072.0,1
rb1805,20170706,20170705,211658000,3072.0,1340,75260,41101980.0,3073.0,2,3071.0,2
rb1805,20170706,20170705,211658500,3072.0,1340,75260,41101980.0,3073.0,2,3071.0,7
rb1805,20170706,20170705,211659500,3072.0,1340,75260,41101980.0,3073.0,2,3071.0,8
rb1805,20170706,20170705,211700000,3072.0,1340,75260,41101980.0,3073.0,2,3071.0,8
rb1805,20170706,20170705,211700500,3072.0,1340,75260,41101980.0,3073.0,2,3071.0,9
rb1805,20170706,20170705,211701000,3072.0,1340,75260,41101980.0,3073.0,2,3071.0,9
rb1805,20170706,20170705,211701500,3073.0,1344,75260,41224900.0,3074.0,7,3073.0,3
rb1805,20170706,20170705,211702000,3073.0,1344,75260,41224900.0,3074.0,7,3071.0,8
rb1805,20170706,20170705,211702500,3073.0,1344,75260,41224900.0,3074.0,7,3071.0,9
rb1805,20170706,20170705,211703000,3073.0,1344,75260,41224900.0,3074.0,7,3071.0,9
rb1805,20170706,20170705,211706500,3073.0,1344,75260,41224900.0,3074.0,7,3071.0,10
rb1805,20170706,20170705,211709000,3073.0,1344,75260,41224900.0,3074.0,10,3071.0,9
rb1805,20170706,20170705,211709500,3073.0,1344,75260,41224900.0,3074.0,11,3071.0,9
rb1805,20170706,20170705,211710500,3073.0,1344,75260,41224900.0,3074.0,11,3072.0,1
rb1805,20170706,20170705,211711500,3073.0,1344,75260,41224900.0,3074.0,8,3072.0,1
rb1805,20170706,20170705,211712000,3073.0,1344,75260,41224900.0,3074.0,11,3072.0,1
rb1805,20170706,20170705,211712500,3073.0,1344,75260,41224900.0,3074.0,8,3072.0,1
rb1805,20170706,20170705,211713500,3073.0,1344,75260,41224900.0,3074.0,11,3072.0,1
rb1805,20170706,20170705,211714000,3073.0,1344,75260,41224900.0,3074.0,12,3072.0,1
rb1805,20170706,20170705,211714500,3073.0,1344,75260,41224900.0,3074.0,12,3072.0,1
rb1805,20170706,20170705,211715500,3073.0,1344,75260,41224900.0,3074.0,12,3072.0,1
rb1805,20170706,20170705,211716500,3073.0,1344,75260,41224900.0,3074.0,8,3072.0,6
rb1805,20170706,20170705,211717000,3073.0,1344,75260,41224900.0,3074.0,11,3072.0,7
rb1805,20170706,20170705,211717500,3073.0,1344,75260,41224900.0,3073.0,1,3072.0,7
rb1805,20170706,20170705,211718000,3073.0,1346,75262,41286360.0,3074.0,11,3073.0,2
rb1805,20170706,20170705,211718500,3074.0,1356,75254,41593760.0,3074.0,3,3073.0,5
rb1805,20170706,20170705,211719000,3074.0,1358,75256,41655240.0,3074.0,2,3073.0,5
rb1805,20170706,20170705,211719500,3074.0,1362,75256,41778200.0,3075.0,6,3074.0,5
rb1805,20170706,20170705,211720000,3074.0,1364,75258,41839680.0,3075.0,6,3074.0,4
rb1805,20170706,20170705,211720500,3074.0,1364,75258,41839680.0,3075.0,6,3074.0,4
rb1805,20170706,20170705,211721000,3074.0,1364,75258,41839680.0,3075.0,6,3074.0,4
rb1805,20170706,20170705,211722000,3074.0,1364,75258,41839680.0,3075.0,6,3074.0,4
rb1805,20170706,20170705,211725500,3074.0,1364,75258,41839680.0,3075.0,6,3074.0,5
rb1805,20170706,20170705,211728500,3074.0,1364,75258,41839680.0,3075.0,6,3074.0,1
rb1805,20170706,20170705,211730000,3074.0,1364,75258,41839680.0,3075.0,7,3074.0,1
rb1805,20170706,20170705,211730500,3074.0,1364,75258,41839680.0,3075.0,7,3074.0,1
rb1805,20170706,20170705,211733000,3074.0,1364,75258,41839680.0,3075.0,7,3074.0,1
rb1805,20170706,20170705,211734000,3074.0,1364,75258,41839680.0,3075.0,6,3074.0,1
rb1805,20170706,20170705,211735500,3074.0,1364,75258,41839680.0,3075.0,6,3074.0,1
rb1805,20170706,20170705,211739000,3074.0,1364,75258,41839680.0,3075.0,16,3074.0,1
rb1805,20170706,20170705,211739500,3074.0,1366,75258,41901160.0,3075.0,16,3074.0,1
rb1805,20170706,20170705,211740500,3074.0,1368,75258,41962640.0,3075.0,17,3074.0,1
rb1805,20170706,20170705,211741000,3074.0,1370,75258,42024120.0,3074.0,1,3073.0,5
rb1805,20170706,20170705,211741500,3074.0,1370,75258,42024120.0,3074.0,1,3073.0,5
rb1805,20170706,20170705,211742500,3074.0,1370,75258,42024120.0,3074.0,1,3072.0,12
rb1805,20170706,20170705,211743000,3074.0,1370,75258,42024120.0,3074.0,1,3072.0,9
rb1805,20170706,20170705,211743500,3074.0,1370,75258,42024120.0,3074.0,1,3072.0,9
rb1805,20170706,20170705,211745000,3074.0,1370,75258,42024120.0,3074.0,1,3072.0,11
rb1805,20170706,20170705,211746500,3074.0,1370,75258,42024120.0,3074.0,1,3072.0,11
rb1805,20170706,20170705,211748000,3074.0,1370,75258,42024120.0,3074.0,1,3072.0,12
rb1805,20170706,20170705,211748500,3074.0,1370,75258,42024120.0,3074.0,1,3072.0,11
rb1805,20170706,20170705,211749000,3074.0,1370,75258,42024120.0,3074.0,1,3072.0,13
rb1805,20170706,20170705,211749500,3074.0,1370,75258,42024120.0,3074.0,1,3072.0,13
rb1805,20170706,20170705,211750000,3074.0,1372,75256,42085600.0,3075.0,17,3073.0,2
rb1805,20170706,20170705,211750500,3074.0,1372,75256,42085600.0,3075.0,16,3073.0,6
rb1805,20170706,20170705,211752500,3074.0,1372,75256,42085600.0,3075.0,16,3073.0,6
rb1805,20170706,20170705,211754000,3074.0,1372,75256,42085600.0,3075.0,16,3073.0,6
rb1805,20170706,20170705,211758000,3074.0,1372,75256,42085600.0,3075.0,16,3073.0,6
rb1805,20170706,20170705,211800500,3074.0,1372,75256,42085600.0,3075.0,16,3073.0,7
rb1805,20170706,20170705,211801500,3074.0,1372,75256,42085600.0,3075.0,16,3073.0,7
rb1805,20170706,20170705,211802500,3074.0,1372,75256,42085600.0,3075.0,16,3074.0,1
rb1805,20170706,20170705,211803000,3074.0,1372,75256,42085600.0,3075.0,16,3074.0,5
rb1805,20170706,20170705,211804000,3074.0,1372,75256,42085600.0,3075.0,17,3074.0,1
rb1805,20170706,20170705,211804500,3074.0,1374,75256,42147080.0,3074.0,3,3073.0,4
rb1805,20170706,20170705,211805000,3074.0,1374,75256,42147080.0,3074.0,6,3072.0,12
rb1805,20170706,20170705,211805500,3074.0,1374,75256,42147080.0,3074.0,6,3072.0,7
rb1805,20170706,20170705,211806000,3074.0,1374,75256,42147080.0,3074.0,1,3072.0,12
rb1805,20170706,20170705,211806500,3074.0,1374,75256,42147080.0,3074.0,1,3072.0,11
rb1805,20170706,20170705,211807000,3074.0,1376,75254,42208560.0,3075.0,22,3074.0,2
rb1805,20170706,20170705,211807500,3074.0,1380,75254,42331520.0,3074.0,4,3073.0,1
rb1805,20170706,20170705,211808000,3074.0,1380,75254,42331520.0,3074.0,1,3072.0,12
rb1805,20170706,20170705,211808500,3074.0,1380,75254,42331520.0,3075.0,21,3072.0,12
rb1805,20170706,20170705,211809500,3074.0,1380,75254,42331520.0,3075.0,21,3072.0,13
rb1805,20170706,20170705,211810000,3074.0,1380,75254,42331520.0,3075.0,22,3073.0,2
rb1805,20170706,20170705,211810500,3074.0,1380,75254,42331520.0,3075.0,21,3073.0,2
rb1805,20170706,20170705,211811000,3074.0,1380,75254,42331520.0,3075.0,21,3073.0,2
rb1805,20170706,20170705,211813000,3074.0,1380,75254,42331520.0,3075.0,21,3073.0,2
rb1805,20170706,20170705,211814500,3074.0,1380,75254,42331520.0,3075.0,21,3073.0,2
rb1805,20170706,20170705,211815000,3074.0,1380,75254,42331520.0,3074.0,1,3073.0,2
rb1805,20170706,20170705,211817000,3074.0,1380,75254,42331520.0,3074.0,1,3073.0,2
rb1805,20170706,20170705,211818500,3074.0,1380,75254,42331520.0,3074.0,6,3073.0,2
rb1805,20170706,20170705,211819500,3074.0,1380,75254,42331520.0,3074.0,7,3073.0,2
rb1805,20170706,20170705,211820000,3074.0,1380,75254,42331520.0,3074.0,2,3073.0,2
rb1805,20170706,20170705,211820500,3074.0,1382,75254,42393000.0,3075.0,21,3074.0,19
rb1805,20170706,20170705,211821000,3074.0,1382,75254,42393000.0,3075.0,15,3074.0,19
rb1805,20170706,20170705,211823500,3074.0,1382,75254,42393000.0,3075.0,15,3074.0,19
rb1805,20170706,20170705,211824000,3074.0,1382,75254,42393000.0,3075.0,15,3074.0,19
rb1805,20170706,20170705,211824500,3074.0,1382,75254,42393000.0,3075.0,15,3074.0,19
rb1805,20170706,20170705,211826500,3074.0,1384,75256,42454480.0,3075.0,17,3074.0,18
rb1805,20170706,20170705,211828000,3074.0,1384,75256,42454480.0,3075.0,17,3074.0,18
rb1805,20170706,20170705,211829500,3074.0,1384,75256,42454480.0,3075.0,17,3074.0,18
rb1805,20170706,20170705,211831500,3074.0,1390,75256,42638920.0,3075.0,18,3074.0,15
rb1805,20170706,20170705,211832000,3074.0,1390,75256,42638920.0,3075.0,18,3074.0,15
rb1805,20170706,20170705,211832500,3074.0,1390,75256,42638920.0,3075.0,18,3074.0,15
rb1805,20170706,20170705,211833500,3074.0,1390,75256,42638920.0,3075.0,19,3074.0,15
rb1805,20170706,20170705,211834000,3074.0,1394,75258,42761900.0,3075.0,18,3074.0,14
rb1805,20170706,20170705,211834500,3074.0,1394,75258,42761900.0,3075.0,18,3074.0,14
rb1805,20170706,20170705,211835500,3074.0,1394,75258,42761900.0,3075.0,18,3074.0,14
rb1805,20170706,20170705,211837500,3074.0,1394,75258,42761900.0,3075.0,19,3074.0,14
rb1805,20170706,20170705,211838500,3074.0,1394,75258,42761900.0,3075.0,19,3074.0,14
rb1805,20170706,20170705,211839000,3074.0,1396,75260,42823380.0,3075.0,19,3074.0,13
rb1805,20170706,20170705,211841000,3074.0,1396,75260,42823380.0,3075.0,19,3074.0,13
rb1805,20170706,20170705,211841500,3074.0,1396,75260,42823380.0,3075.0,17,3074.0,13
rb1805,20170706,20170705,211842500,3074.0,1396,75260,42823380.0,3075.0,17,3074.0,13
rb1805,20170706,20170705,211843500,3074.0,1416,75280,43438180.0,3075.0,17,3074.0,3
rb1805,20170706,20170705,211844000,3074.0,1416,75280,43438180.0,3075.0,17,3074.0,3
rb1805,20170706,20170705,211846000,3075.0,1418,75280,43499680.0,3075.0,15,3074.0,3
rb1805,20170706,20170705,211847500,3075.0,1418,75280,43499680.0,3075.0,16,3074.0,3
rb1805,20170706,20170705,211848500,3075.0,1418,75280,43499680.0,3075.0,16,3074.0,3
rb1805,20170706,20170705,211849500,3075.0,1418,75280,43499680.0,3075.0,16,3074.0,3
rb1805,20170706,20170705,211852500,3075.0,1418,75280,43499680.0,3075.0,16,3074.0,3
rb1805,20170706,20170705,211853000,3075.0,1418,75280,43499680.0,3075.0,16,3074.0,3
rb1805,20170706,20170705,211853500,3075.0,1418,75280,43499680.0,3075.0,16,3074.0,3
rb1805,20170706,20170705,211854500,3074.0,1420,75282,43561160.0,3075.0,16,3074.0,2
rb1805,20170706,20170705,211856500,3074.0,1420,75282,43561160.0,3075.0,17,3074.0,2
rb1805,20170706,20170705,211857000,3074.0,1422,75284,43622640.0,3075.0,17,3074.0,1
rb1805,20170706,20170705,211857500,3074.0,1424,75286,43684120.0,3074.0,19,3073.0,2
rb1805,20170706,20170705,211858000,3074.0,1424,75286,43684120.0,3074.0,20,3073.0,2
rb1805,20170706,20170705,211859500,3074.0,1424,75286,43684120.0,3074.0,20,3073.0,2
rb1805,20170706,20170705,211900000,3074.0,1424,75286,43684120.0,3074.0,20,3073.0,7
rb1805,20170706,20170705,211900500,3073.0,1426,75286,43745580.0,3074.0,20,3073.0,6
rb1805,20170706,20170705,211902500,3073.0,1426,75286,43745580.0,3074.0,20,3073.0,6
rb1805,20170706,20170705,211903000,3073.0,1426,75286,43745580.0,3074.0,20,3073.0,6
rb1805,20170706,20170705,211905500,3073.0,1426,75286,43745580.0,3074.0,20,3073.0,6
rb1805,20170706,20170705,211906500,3073.0,1426,75286,43745580.0,3074.0,25,3073.0,6
rb1805,20170706,20170705,211907500,3073.0,1426,75286,43745580.0,3074.0,25,3073.0,6
rb1805,20170706,20170705,211909000,3073.0,1426,75286,43745580.0,3074.0,20,3073.0,6
rb1805,20170706,20170705,211911500,3073.0,1428,75284,43807040.0,3074.0,20,3073.0,5
rb1805,20170706,20170705,211915000,3073.0,1438,75284,44114340.0,3073.0,5,3072.0,12
rb1805,20170706,20170705,211915500,3073.0,1438,75284,44114340.0,3073.0,5,3072.0,8
rb1805,20170706,20170705,211916000,3073.0,1438,75284,44114340.0,3073.0,5,3072.0,8
rb1805,20170706,20170705,211918500,3073.0,1438,75284,44114340.0,3073.0,5,3072.0,8
rb1805,20170706,20170705,211921000,3073.0,1438,75284,44114340.0,3073.0,5,3072.0,8
rb1805,20170706,20170705,211923000,3073.0,1438,75284,44114340.0,3073.0,5,3072.0,8
rb1805,20170706,20170705,211925000,3073.0,1440,75282,44175800.0,3073.0,4,3072.0,8
rb1805,20170706,20170705,211925500,3073.0,1440,75282,44175800.0,3073.0,10,3072.0,9
rb1805,20170706,20170705,211926000,3073.0,1440,75282,44175800.0,3073.0,10,3072.0,9
rb1805,20170706,20170705,211927000,3072.0,1444,75284,44298680.0,3073.0,10,3072.0,7
rb1805,20170706,20170705,211927500,3072.0,1444,75284,44298680.0,3073.0,5,3072.0,7
rb1805,20170706,20170705,211928000,3072.0,1444,75284,44298680.0,3073.0,10,3072.0,7
rb1805,20170706,20170705,211929000,3072.0,1446,75286,44360120.0,3073.0,10,3072.0,6
rb1805,20170706,20170705,211931000,3072.0,1446,75286,44360120.0,3073.0,10,3072.0,6
rb1805,20170706,20170705,211934000,3072.0,1446,75286,44360120.0,3073.0,5,3072.0,6
rb1805,20170706,20170705,211935500,3072.0,1446,75286,44360120.0,3073.0,5,3072.0,6
rb1805,20170706,20170705,211936000,3072.0,1446,75286,44360120.0,3073.0,10,3072.0,6
rb1805,20170706,20170705,211937500,3072.0,1446,75286,44360120.0,3073.0,10,3072.0,6
rb1805,20170706,20170705,211939500,3072.0,1446,75286,44360120.0,3073.0,10,3072.0,6
rb1805,20170706,20170705,211943500,3072.0,1446,75286,44360120.0,3073.0,10,3072.0,6
rb1805,20170706,20170705,211944500,3072.0,1446,75286,44360120.0,3073.0,10,3072.0,6
rb1805,20170706,20170705,211945000,3072.0,1446,75286,44360120.0,3073.0,10,3072.0,6
rb1805,20170706,20170705,211946000,3072.0,1446,75286,44360120.0,3073.0,10,3072.0,6
rb1805,20170706,20170705,211953000,3072.0,1446,75286,44360120.0,3073.0,10,3072.0,6
rb1805,20170706,20170705,211954000,3072.0,1458,75290,44728760.0,3073.0,10,3071.0,2
rb1805,20170706,20170705,211955000,3072.0,1458,75290,44728760.0,3072.0,4,3071.0,2
rb1805,20170706,20170705,211955500,3072.0,1458,75290,44728760.0,3072.0,5,3071.0,2
rb1805,20170706,20170705,211957000,3072.0,1458,75290,44728760.0,3072.0,5,3071.0,2
rb1805,20170706,20170705,211958000,3072.0,1458,75290,44728760.0,3072.0,2,3071.0,2
rb1805,20170706,20170705,211959000,3072.0,1458,75290,44728760.0,3072.0,2,3071.0,2
rb1805,20170706,20170705,212000000,3072.0,1458,75290,44728760.0,3072.0,2,3071.0,7
rb1805,20170706,20170705,212000500,3072.0,1462,75290,44851640.0,3073.0,12,3072.0,3
rb1805,20170706,20170705,212001000,3072.0,1462,75290,44851640.0,3073.0,6,3071.0,9
rb1805,20170706,20170705,212002000,3072.0,1462,75290,44851640.0,3073.0,6,3071.0,9
rb1805,20170706,20170705,212003500,3073.0,1466,75286,44974560.0,3073.0,4,3071.0,9
rb1805,20170706,20170705,212005000,3073.0,1466,75286,44974560.0,3073.0,4,3071.0,9
