instrument,tradingday,calendarday,time,lastp,volume,openinterest,turnover,ask1,asksz1,bid1,bidsz1
rb1805,20171101,20171031,183422500,3652.0,0,1402514,0.0,0.0,0,0.0,0
rb1805,20171101,20171031,205900500,3656.0,2088,1403446,76337280.0,3656.0,109,3655.0,168
rb1805,20171101,20171031,210000500,3655.0,2620,1403632,95784840.0,3656.0,89,3655.0,58
rb1805,20171101,20171031,210001000,3655.0,3444,1403578,125900220.0,3655.0,273,3653.0,32
rb1805,20171101,20171031,210001500,3653.0,3714,1403482,135763000.0,3653.0,102,3652.0,443
rb1805,20171101,20171031,210002000,3655.0,4954,1403356,181050080.0,3655.0,434,3653.0,7
rb1805,20171101,20171031,210002500,3652.0,5466,1403750,199747460.0,3652.0,439,3651.0,70
rb1805,20171101,20171031,210003000,3651.0,5716,1403864,208874720.0,3651.0,257,3650.0,291
rb1805,20171101,20171031,210003500,3651.0,6406,1403646,234059700.0,3651.0,253,3649.0,11
rb1805,20171101,20171031,210004000,3649.0,6470,1403650,236395760.0,3650.0,3,3649.0,12
rb1805,20171101,20171031,210004500,3649.0,6596,1403706,240994720.0,3650.0,3,3649.0,112
rb1805,20171101,20171031,210005000,3650.0,6744,1403752,246397020.0,3650.0,472,3649.0,140
rb1805,20171101,20171031,210005500,3650.0,6880,1403786,251360120.0,3650.0,454,3649.0,233
rb1805,20171101,20171031,210006000,3649.0,7062,1403856,258002220.0,3650.0,422,3649.0,187
rb1805,20171101,20171031,210006500,3650.0,7456,1403860,272382440.0,3650.0,264,3649.0,162
rb1805,20171101,20171031,210007000,3649.0,8292,1403732,302892560.0,3649.0,32,3648.0,70
rb1805,20171101,20171031,210007500,3649.0,8434,1403692,308073860.0,3649.0,7,3648.0,67
rb1805,20171101,20171031,210008000,3649.0,8536,1403684,311796300.0,3650.0,19,3649.0,39
rb1805,20171101,20171031,210008500,3649.0,8606,1403734,314351160.0,3650.0,5,3649.0,53
rb1805,20171101,20171031,210009000,3650.0,8638,1403754,315518980.0,3650.0,7,3649.0,64
rb1805,20171101,20171031,210009500,3649.0,8732,1403804,318949300.0,3651.0,183,3650.0,10
rb1805,20171101,20171031,210010000,3651.0,8770,1403826,320336280.0,3651.0,180,3650.0,10
rb1805,20171101,20171031,210010500,3651.0,8826,1403866,322380520.0,3651.0,168,3650.0,64
rb1805,20171101,20171031,210011000,3650.0,9022,1403894,329535760.0,3651.0,506,3650.0,100
rb1805,20171101,20171031,210011500,3651.0,9068,1403906,331215020.0,3651.0,494,3650.0,131
rb1805,20171101,20171031,210012000,3650.0,9362,1403838,341945960.0,3650.0,39,3649.0,84
rb1805,20171101,20171031,210012500,3651.0,9456,1403842,345377100.0,3651.0,589,3650.0,18
rb1805,20171101,20171031,210013000,3650.0,9552,1403896,348881100.0,3650.0,9,3649.0,88
rb1805,20171101,20171031,210013500,3651.0,9732,1404032,355452220.0,3651.0,533,3650.0,55
rb1805,20171101,20171031,210014000,3651.0,10186,1403718,372027660.0,3651.0,310,3650.0,91
rb1805,20171101,20171031,210014500,3650.0,10844,1403518,396051120.0,3652.0,502,3651.0,1
rb1805,20171101,20171031,210015000,3651.0,10916,1403574,398679980.0,3652.0,503,3651.0,7
rb1805,20171101,20171031,210015500,3651.0,10984,1403598,401162440.0,3652.0,501,3651.0,48
rb1805,20171101,20171031,210016000,3650.0,11132,1403650,406565680.0,3651.0,90,3650.0,66
rb1805,20171101,20171031,210016500,3651.0,11160,1403654,407587860.0,3651.0,107,3650.0,61
rb1805,20171101,20171031,210017000,3649.0,11366,1403740,415107320.0,3651.0,139,3649.0,140
rb1805,20171101,20171031,210017500,3651.0,11590,1403748,423284080.0,3651.0,78,3649.0,122
rb1805,20171101,20171031,210018000,3651.0,11622,1403728,424452300.0,3651.0,79,3650.0,17
rb1805,20171101,20171031,210018500,3651.0,11684,1403748,426715480.0,3651.0,130,3650.0,5
rb1805,20171101,20171031,210019000,3650.0,11700,1403746,427299460.0,3650.0,50,3649.0,130
rb1805,20171101,20171031,210019500,3650.0,11974,1403652,437299780.0,3650.0,99,3649.0,80
rb1805,20171101,20171031,210020000,3649.0,12220,1403614,446277180.0,3650.0,103,3649.0,5
rb1805,20171101,20171031,210020500,3649.0,12256,1403636,447590820.0,3649.0,83,3648.0,190
rb1805,20171101,20171031,210021000,3648.0,12292,1403640,448904380.0,3649.0,85,3648.0,188
rb1805,20171101,20171031,210021500,3649.0,12382,1403624,452188080.0,3649.0,114,3648.0,162
rb1805,20171101,20171031,210022000,3648.0,12558,1403600,458609500.0,3649.0,64,3648.0,142
rb1805,20171101,20171031,210022500,3650.0,12838,1403520,468825940.0,3650.0,174,3648.0,132
rb1805,20171101,20171031,210023000,3648.0,12956,1403488,473131380.0,3650.0,176,3648.0,96
rb1805,20171101,20171031,210023500,3649.0,12976,1403476,473861040.0,3650.0,148,3649.0,6
rb1805,20171101,20171031,210024000,3649.0,13132,1403460,479554200.0,3649.0,36,3648.0,107
rb1805,20171101,20171031,210024500,3648.0,13252,1403386,483931940.0,3649.0,49,3648.0,57
rb1805,20171101,20171031,210025000,3649.0,13344,1403382,487288920.0,3649.0,42,3648.0,59
rb1805,20171101,20171031,210025500,3648.0,13448,1403308,491082880.0,3649.0,42,3648.0,15
rb1805,20171101,20171031,210026000,3648.0,13622,1403350,497431440.0,3648.0,156,3647.0,168
rb1805,20171101,20171031,210026500,3647.0,13714,1403344,500787500.0,3648.0,121,3647.0,164
rb1805,20171101,20171031,210027000,3649.0,14072,1403222,513847300.0,3650.0,138,3649.0,1
rb1805,20171101,20171031,210027500,3649.0,14124,1403270,515744780.0,3649.0,72,3648.0,4
rb1805,20171101,20171031,210028000,3649.0,14154,1403292,516839220.0,3649.0,123,3648.0,8
rb1805,20171101,20171031,210028500,3649.0,14168,1403290,517350060.0,3649.0,120,3648.0,89
rb1805,20171101,20171031,210029000,3648.0,14358,1403260,524281440.0,3649.0,69,3648.0,6
rb1805,20171101,20171031,210029500,3648.0,14378,1403260,525011040.0,3648.0,69,3647.0,170
rb1805,20171101,20171031,210030000,3648.0,14398,1403256,525740640.0,3648.0,47,3647.0,172
rb1805,20171101,20171031,210030500,3648.0,14432,1403248,526980900.0,3648.0,49,3647.0,176
rb1805,20171101,20171031,210031000,3648.0,14706,1403256,536978060.0,3649.0,104,3648.0,405
rb1805,20171101,20171031,210031500,3648.0,14898,1403090,543982280.0,3649.0,50,3648.0,314
rb1805,20171101,20171031,210032000,3648.0,14916,1403078,544638940.0,3649.0,58,3648.0,321
rb1805,20171101,20171031,210032500,3649.0,15192,1402954,554708560.0,3649.0,1,3648.0,347
rb1805,20171101,20171031,210033000,3649.0,15212,1402944,555438200.0,3649.0,1,3648.0,345
rb1805,20171101,20171031,210033500,3649.0,15370,1402828,561202120.0,3649.0,5,3648.0,299
rb1805,20171101,20171031,210034000,3648.0,15550,1402744,567768880.0,3650.0,150,3648.0,302
rb1805,20171101,20171031,210034500,3648.0,16166,1402968,590240600.0,3649.0,5,3647.0,196
rb1805,20171101,20171031,210035000,3649.0,16232,1402966,592648180.0,3649.0,31,3647.0,202
rb1805,20171101,20171031,210035500,3647.0,16660,1402848,608257580.0,3647.0,16,3646.0,285
rb1805,20171101,20171031,210036000,3648.0,17064,1402606,622988360.0,3648.0,10,3647.0,5
rb1805,20171101,20171031,210036500,3647.0,17292,1402592,631302440.0,3647.0,54,3646.0,92
rb1805,20171101,20171031,210037000,3646.0,17434,1402702,636481180.0,3648.0,21,3646.0,134
rb1805,20171101,20171031,210037500,3646.0,17584,1402740,641950340.0,3648.0,6,3647.0,1
rb1805,20171101,20171031,210038000,3647.0,17618,1402748,643190240.0,3647.0,12,3646.0,51
rb1805,20171101,20171031,210038500,3647.0,17656,1402758,644576000.0,3647.0,39,3646.0,47
rb1805,20171101,20171031,210039000,3647.0,17698,1402746,646107600.0,3647.0,53,3646.0,47
rb1805,20171101,20171031,210039500,3647.0,17766,1402782,648586940.0,3647.0,58,3646.0,16
rb1805,20171101,20171031,210040000,3646.0,17972,1402828,656096400.0,3646.0,58,3645.0,396
rb1805,20171101,20171031,210040500,3647.0,18372,1402810,670678420.0,3647.0,32,3645.0,341
rb1805,20171101,20171031,210041000,3645.0,18482,1402772,674689080.0,3647.0,29,3645.0,370
rb1805,20171101,20171031,210041500,3646.0,18754,1402676,684606220.0,3646.0,3,3645.0,321
rb1805,20171101,20171031,210042000,3646.0,18816,1402710,686866580.0,3647.0,6,3646.0,5
rb1805,20171101,20171031,210042500,3646.0,18896,1402690,689782940.0,3646.0,60,3645.0,296
rb1805,20171101,20171031,210043000,3645.0,19370,1402492,707060680.0,3646.0,31,3645.0,87
rb1805,20171101,20171031,210043500,3645.0,19582,1402552,714787960.0,3645.0,47,3644.0,55
rb1805,20171101,20171031,210044000,3644.0,19676,1402598,718214060.0,3645.0,15,3644.0,53
rb1805,20171101,20171031,210044500,3644.0,20184,1402540,736723460.0,3644.0,28,3643.0,25
rb1805,20171101,20171031,210045000,3645.0,20298,1402566,740877960.0,3645.0,6,3644.0,55
rb1805,20171101,20171031,210045500,3645.0,20410,1402592,744960500.0,3646.0,73,3645.0,3
rb1805,20171101,20171031,210046000,3646.0,20438,1402594,745981180.0,3646.0,65,3645.0,113
rb1805,20171101,20171031,210046500,3646.0,20620,1402614,752615280.0,3646.0,66,3645.0,57
rb1805,20171101,20171031,210047000,3645.0,20652,1402592,753781720.0,3646.0,72,3645.0,45
rb1805,20171101,20171031,210047500,3645.0,20674,1402580,754583740.0,3646.0,67,3645.0,51
rb1805,20171101,20171031,210048000,3646.0,20730,1402586,756625260.0,3646.0,51,3645.0,89
rb1805,20171101,20171031,210048500,3646.0,20864,1402566,761510860.0,3647.0,25,3646.0,248
rb1805,20171101,20171031,210049000,3646.0,21070,1402412,769021680.0,3647.0,54,3646.0,166
rb1805,20171101,20171031,210049500,3646.0,21096,1402414,769969700.0,3647.0,56,3646.0,164
rb1805,20171101,20171031,210050000,3646.0,21154,1402434,772084760.0,3647.0,31,3646.0,158
rb1805,20171101,20171031,210050500,3646.0,21212,1402412,774199500.0,3647.0,32,3646.0,132
rb1805,20171101,20171031,210051000,3646.0,21248,1402410,775512100.0,3647.0,30,3646.0,118
rb1805,20171101,20171031,210051500,3647.0,21286,1402396,776897800.0,3647.0,25,3646.0,111
rb1805,20171101,20171031,210052000,3646.0,21306,1402392,777627160.0,3647.0,57,3646.0,114
rb1805,20171101,20171031,210052500,3647.0,21450,1402382,782877660.0,3647.0,184,3646.0,55
rb1805,20171101,20171031,210053000,3646.0,21600,1402448,788346660.0,3646.0,202,3645.0,338
rb1805,20171101,20171031,210053500,3646.0,21830,1402646,796732380.0,3646.0,27,3645.0,338
rb1805,20171101,20171031,210054000,3647.0,22080,1402694,805849640.0,3647.0,130,3646.0,43
rb1805,20171101,20171031,210054500,3647.0,22518,1402706,821822040.0,3648.0,102,3647.0,1021
rb1805,20171101,20171031,210055000,3647.0,23090,1402698,842685540.0,3649.0,79,3648.0,1
rb1805,20171101,20171031,210055500,3649.0,23260,1402830,848886860.0,3649.0,82,3648.0,14
rb1805,20171101,20171031,210056000,3648.0,23394,1402924,853774320.0,3648.0,50,3647.0,864
rb1805,20171101,20171031,210056500,3649.0,23530,1402854,858735740.0,3649.0,77,3648.0,30
rb1805,20171101,20171031,210057000,3648.0,23574,1402850,860340860.0,3649.0,72,3648.0,73
rb1805,20171101,20171031,210057500,3649.0,23748,1402974,866688480.0,3649.0,72,3648.0,95
rb1805,20171101,20171031,210058000,3649.0,23822,1402966,869388240.0,3649.0,67,3648.0,83
rb1805,20171101,20171031,210058500,3649.0,23898,1402950,872161280.0,3649.0,34,3648.0,143
rb1805,20171101,20171031,210059000,3648.0,24026,1402910,876831900.0,3649.0,34,3648.0,114
rb1805,20171101,20171031,210059500,3649.0,24232,1402780,884347320.0,3649.0,19,3648.0,38
rb1805,20171101,20171031,210100000,3649.0,24404,1402732,890623360.0,3649.0,7,3648.0,34
rb1805,20171101,20171031,210100500,3649.0,24454,1402702,892447840.0,3650.0,217,3649.0,15
rb1805,20171101,20171031,210101000,3649.0,24680,1402826,900696600.0,3650.0,117,3649.0,22
rb1805,20171101,20171031,210101500,3649.0,24688,1402830,900988520.0,3650.0,118,3649.0,25
rb1805,20171101,20171031,210102000,3650.0,24760,1402874,903615860.0,3650.0,115,3649.0,55
rb1805,20171101,20171031,210102500,3650.0,25000,1402930,912375560.0,3650.0,10,3649.0,42
rb1805,20171101,20171031,210103000,3649.0,25294,1402818,923105200.0,3649.0,45,3648.0,110
rb1805,20171101,20171031,210103500,3650.0,25436,1402780,928286800.0,3651.0,414,3650.0,12
rb1805,20171101,20171031,210104000,3650.0,25504,1402780,930768380.0,3650.0,43,3649.0,16
rb1805,20171101,20171031,210104500,3650.0,25516,1402786,931206340.0,3650.0,16,3649.0,17
rb1805,20171101,20171031,210105000,3650.0,25560,1402788,932812120.0,3650.0,67,3649.0,35
rb1805,20171101,20171031,210105500,3649.0,25596,1402812,934126020.0,3650.0,67,3649.0,38
rb1805,20171101,20171031,210106000,3649.0,25686,1402878,937410340.0,3650.0,74,3649.0,37
rb1805,20171101,20171031,210106500,3650.0,25758,1402934,940037840.0,3650.0,66,3649.0,14
rb1805,20171101,20171031,210107000,3650.0,25878,1402970,944416700.0,3649.0,159,3648.0,114
rb1805,20171101,20171031,210107500,3649.0,26068,1403124,951349760.0,3649.0,88,3648.0,143
rb1805,20171101,20171031,210108000,3650.0,26310,1403124,960180980.0,3650.0,19,3649.0,5
rb1805,20171101,20171031,210108500,3650.0,26352,1403138,961713960.0,3651.0,585,3650.0,4
rb1805,20171101,20171031,210109000,3649.0,26384,1403156,962881720.0,3650.0,10,3649.0,100
rb1805,20171101,20171031,210109500,3649.0,26570,1403300,969669880.0,3650.0,56,3649.0,60
rb1805,20171101,20171031,210110000,3650.0,26754,1403318,976385400.0,3650.0,15,3649.0,111
rb1805,20171101,20171031,210110500,3650.0,26902,1403454,981787400.0,3651.0,582,3650.0,108
rb1805,20171101,20171031,210111000,3650.0,26938,1403454,983101400.0,3651.0,582,3650.0,116
rb1805,20171101,20171031,210111500,3650.0,27108,1403490,989306400.0,3651.0,582,3650.0,35
rb1805,20171101,20171031,210112000,3650.0,27304,1403654,996460420.0,3651.0,581,3650.0,8
rb1805,20171101,20171031,210112500,3649.0,27388,1403654,999526060.0,3651.0,591,3650.0,23
rb1805,20171101,20171031,210113000,3651.0,27450,1403668,1001789660.0,3651.0,562,3650.0,116
rb1805,20171101,20171031,210113500,3651.0,28822,1404064,1051883280.0,3652.0,25,3651.0,58
rb1805,20171101,20171031,210114000,3652.0,28900,1404096,1054731840.0,3653.0,63,3652.0,540
rb1805,20171101,20171031,210114500,3652.0,29008,1404068,1058676920.0,3653.0,18,3652.0,503
rb1805,20171101,20171031,210115000,3653.0,29060,1404062,1060576320.0,3654.0,165,3653.0,2
rb1805,20171101,20171031,210115500,3653.0,29298,1404166,1069270420.0,3653.0,13,3652.0,450
rb1805,20171101,20171031,210116000,3653.0,29436,1404282,1074310320.0,3653.0,41,3652.0,390
rb1805,20171101,20171031,210116500,3653.0,29478,1404280,1075844540.0,3653.0,58,3652.0,420
rb1805,20171101,20171031,210117000,3653.0,29532,1404300,1077817120.0,3653.0,45,3652.0,416
rb1805,20171101,20171031,210117500,3653.0,29614,1404302,1080812340.0,3653.0,98,3652.0,423
rb1805,20171101,20171031,210118000,3653.0,29784,1404308,1087021940.0,3653.0,38,3652.0,398
rb1805,20171101,20171031,210118500,3653.0,29818,1404310,1088263840.0,3653.0,41,3652.0,392
rb1805,20171101,20171031,210119000,3652.0,29848,1404320,1089359580.0,3653.0,39,3652.0,386
rb1805,20171101,20171031,210119500,3653.0,29924,1404326,1092135760.0,3653.0,29,3652.0,381
rb1805,20171101,20171031,210120000,3653.0,29974,1404336,1093962240.0,3653.0,143,3652.0,381
rb1805,20171101,20171031,210120500,3652.0,30164,1404220,1100902800.0,3653.0,60,3652.0,379
rb1805,20171101,20171031,210121000,3653.0,30312,1404086,1106309240.0,3654.0,172,3653.0,18
rb1805,20171101,20171031,210121500,3653.0,30396,1404042,1109377780.0,3654.0,171,3653.0,10
rb1805,20171101,20171031,210122000,3653.0,30418,1404032,1110181480.0,3654.0,171,3653.0,313
rb1805,20171101,20171031,210122500,3653.0,30428,1404034,1110546800.0,3654.0,187,3653.0,350
rb1805,20171101,20171031,210123000,3654.0,30482,1404026,1112519480.0,3654.0,185,3653.0,339
rb1805,20171101,20171031,210123500,3654.0,30568,1404040,1115661840.0,3654.0,147,3653.0,350
rb1805,20171101,20171031,210124000,3653.0,30684,1404062,1119900380.0,3654.0,95,3653.0,346
rb1805,20171101,20171031,210124500,3654.0,30772,1404020,1123115800.0,3654.0,61,3653.0,385
rb1805,20171101,20171031,210125000,3653.0,30816,1404030,1124723420.0,3654.0,52,3653.0,379
rb1805,20171101,20171031,210125500,3653.0,30950,1404080,1129619560.0,3654.0,7,3653.0,368
rb1805,20171101,20171031,210126000,3654.0,30966,1404094,1130204180.0,3654.0,3,3653.0,367
rb1805,20171101,20171031,210126500,3654.0,30976,1404102,1130569540.0,3654.0,2,3653.0,365
rb1805,20171101,20171031,210127000,3654.0,31000,1404110,1131446480.0,3655.0,393,3654.0,7
rb1805,20171101,20171031,210127500,3654.0,31058,1404102,1133565860.0,3655.0,389,3654.0,16
rb1805,20171101,20171031,210128000,3654.0,31110,1404074,1135465940.0,3654.0,15,3653.0,347
rb1805,20171101,20171031,210128500,3653.0,31126,1404066,1136050520.0,3654.0,13,3653.0,337
rb1805,20171101,20171031,210129000,3654.0,31174,1404072,1137804360.0,3654.0,104,3653.0,336
rb1805,20171101,20171031,210129500,3654.0,31194,1404066,1138535160.0,3654.0,202,3653.0,336
rb1805,20171101,20171031,210130000,3653.0,31232,1404058,1139923540.0,3654.0,195,3653.0,329
rb1805,20171101,20171031,210130500,3654.0,31294,1404062,1142188460.0,3654.0,196,3653.0,300
rb1805,20171101,20171031,210131000,3653.0,31326,1404066,1143357720.0,3654.0,183,3653.0,299
rb1805,20171101,20171031,210131500,3654.0,31400,1404096,1146061280.0,3654.0,177,3653.0,300
rb1805,20171101,20171031,210132000,3654.0,31424,1404094,1146938220.0,3654.0,189,3653.0,293
rb1805,20171101,20171031,210132500,3654.0,31458,1404074,1148180520.0,3654.0,182,3653.0,292
rb1805,20171101,20171031,210133000,3654.0,31488,1404074,1149276680.0,3654.0,167,3653.0,296
rb1805,20171101,20171031,210133500,3653.0,31532,1404078,1150884180.0,3654.0,163,3653.0,283
rb1805,20171101,20171031,210134000,3653.0,31540,1404084,1151176460.0,3654.0,162,3653.0,291
rb1805,20171101,20171031,210134500,3654.0,31736,1404152,1158337220.0,3654.0,122,3653.0,251
rb1805,20171101,20171031,210135000,3653.0,31798,1404194,1160602180.0,3654.0,117,3653.0,235
rb1805,20171101,20171031,210135500,3653.0,32042,1404282,1169515580.0,3654.0,129,3653.0,118
rb1805,20171101,20171031,210136000,3653.0,32284,1404388,1178355840.0,3653.0,204,3652.0,396
rb1805,20171101,20171031,210136500,3653.0,32292,1404384,1178648080.0,3653.0,175,3652.0,396
rb1805,20171101,20171031,210137000,3653.0,32312,1404382,1179378600.0,3653.0,170,3652.0,392
rb1805,20171101,20171031,210137500,3653.0,32342,1404376,1180474460.0,3653.0,166,3652.0,385
rb1805,20171101,20171031,210138000,3653.0,32384,1404368,1182008660.0,3653.0,159,3652.0,382
rb1805,20171101,20171031,210138500,3653.0,32398,1404382,1182520080.0,3653.0,150,3652.0,381
rb1805,20171101,20171031,210139000,3653.0,32406,1404388,1182812320.0,3653.0,147,3652.0,376
rb1805,20171101,20171031,210139500,3653.0,32436,1404400,1183908220.0,3653.0,132,3652.0,377
rb1805,20171101,20171031,210140000,3653.0,32652,1404408,1191798700.0,3653.0,24,3652.0,407
rb1805,20171101,20171031,210140500,3653.0,32732,1404370,1194721100.0,3654.0,254,3653.0,45
rb1805,20171101,20171031,210141000,3653.0,32756,1404350,1195597820.0,3654.0,267,3653.0,76
rb1805,20171101,20171031,210141500,3653.0,32760,1404350,1195743940.0,3654.0,270,3653.0,99
rb1805,20171101,20171031,210142000,3653.0,32902,1404334,1200931200.0,3654.0,270,3653.0,56
rb1805,20171101,20171031,210142500,3654.0,32926,1404352,1201807940.0,3654.0,274,3653.0,49
rb1805,20171101,20171031,210143000,3653.0,33068,1404476,1206995600.0,3653.0,52,3652.0,448
rb1805,20171101,20171031,210143500,3653.0,33120,1404508,1208894900.0,3653.0,90,3652.0,435
rb1805,20171101,20171031,210144000,3653.0,33128,1404514,1209187120.0,3653.0,92,3652.0,434
rb1805,20171101,20171031,210144500,3653.0,33152,1404538,1210063820.0,3653.0,132,3652.0,434
rb1805,20171101,20171031,210145000,3653.0,33162,1404542,1210429100.0,3653.0,134,3652.0,432
rb1805,20171101,20171031,210145500,3652.0,33516,1404884,1223357440.0,3653.0,122,3652.0,269
rb1805,20171101,20171031,210146000,3653.0,33554,1404916,1224745260.0,3653.0,119,3652.0,254
rb1805,20171101,20171031,210146500,3652.0,33614,1404910,1226936840.0,3653.0,102,3652.0,248
rb1805,20171101,20171031,210147000,3652.0,33614,1404910,1226936840.0,3653.0,108,3652.0,249
rb1805,20171101,20171031,210147500,3653.0,33626,1404908,1227375200.0,3653.0,153,3652.0,250
rb1805,20171101,20171031,210148000,3653.0,33628,1404906,1227448260.0,3653.0,153,3652.0,262
rb1805,20171101,20171031,210148500,3653.0,33628,1404906,1227448260.0,3653.0,155,3652.0,262
rb1805,20171101,20171031,210149000,3653.0,33638,1404906,1227813560.0,3653.0,152,3652.0,263
rb1805,20171101,20171031,210149500,3652.0,33668,1404896,1228909160.0,3653.0,158,3652.0,243
rb1805,20171101,20171031,210150000,3653.0,33688,1404896,1229639760.0,3653.0,147,3652.0,243
rb1805,20171101,20171031,210150500,3652.0,33692,1404896,1229785860.0,3653.0,152,3652.0,242
rb1805,20171101,20171031,210151000,3653.0,33714,1404896,1230589340.0,3653.0,150,3652.0,233
rb1805,20171101,20171031,210151500,3653.0,33732,1404898,1231246720.0,3653.0,263,3652.0,226
rb1805,20171101,20171031,210152000,3652.0,34188,1405230,1247899840.0,3652.0,128,3651.0,125
rb1805,20171101,20171031,210152500,3652.0,34234,1405274,1249579740.0,3652.0,100,3651.0,70
rb1805,20171101,20171031,210153000,3651.0,34276,1405266,1251113500.0,3652.0,83,3651.0,66
rb1805,20171101,20171031,210153500,3651.0,34282,1405262,1251332560.0,3652.0,6,3651.0,63
rb1805,20171101,20171031,210154000,3651.0,34310,1405270,1252354880.0,3652.0,9,3651.0,87
rb1805,20171101,20171031,210154500,3652.0,34314,1405266,1252500940.0,3652.0,22,3651.0,106
rb1805,20171101,20171031,210155000,3652.0,34318,1405264,1252647000.0,3652.0,29,3651.0,104
rb1805,20171101,20171031,210155500,3651.0,34568,1405118,1261774900.0,3651.0,81,3650.0,351
rb1805,20171101,20171031,210156000,3650.0,34574,1405112,1261993900.0,3651.0,81,3650.0,378
rb1805,20171101,20171031,210156500,3652.0,34590,1405102,1262578040.0,3652.0,125,3650.0,385
rb1805,20171101,20171031,210157000,3650.0,34604,1405100,1263089200.0,3651.0,2,3650.0,385
rb1805,20171101,20171031,210157500,3651.0,34610,1405106,1263308260.0,3652.0,133,3651.0,67
rb1805,20171101,20171031,210158000,3652.0,34616,1405106,1263527380.0,3652.0,80,3651.0,77
rb1805,20171101,20171031,210158500,3652.0,34766,1405038,1269005400.0,3653.0,290,3652.0,1
rb1805,20171101,20171031,210159000,3651.0,34828,1405034,1271269040.0,3653.0,284,3652.0,3
rb1805,20171101,20171031,210159500,3652.0,34838,1405034,1271634220.0,3652.0,13,3651.0,78
rb1805,20171101,20171031,210200000,3652.0,34844,1405030,1271853320.0,3652.0,15,3651.0,127
rb1805,20171101,20171031,210200500,3652.0,34854,1405030,1272218520.0,3652.0,214,3651.0,128
rb1805,20171101,20171031,210201000,3652.0,34864,1405030,1272583680.0,3652.0,215,3651.0,117
rb1805,20171101,20171031,210201500,3652.0,34870,1405032,1272802800.0,3652.0,217,3651.0,162
rb1805,20171101,20171031,210202000,3651.0,34886,1405042,1273387080.0,3652.0,222,3651.0,162
rb1805,20171101,20171031,210202500,3651.0,34888,1405042,1273460100.0,3652.0,224,3651.0,161
rb1805,20171101,20171031,210203000,3652.0,34890,1405044,1273533140.0,3652.0,224,3651.0,162
rb1805,20171101,20171031,210203500,3651.0,34898,1405044,1273825260.0,3652.0,225,3651.0,220
rb1805,20171101,20171031,210204000,3651.0,34908,1405042,1274190360.0,3652.0,296,3651.0,237
rb1805,20171101,20171031,210204500,3652.0,34916,1405040,1274482520.0,3652.0,307,3651.0,237
rb1805,20171101,20171031,210205000,3651.0,35368,1405348,1290985040.0,3652.0,307,3651.0,11
rb1805,20171101,20171031,210205500,3651.0,35434,1405346,1293394300.0,3651.0,166,3650.0,308
rb1805,20171101,20171031,210206000,3651.0,35500,1405358,1295803940.0,3651.0,216,3650.0,322
rb1805,20171101,20171031,210206500,3650.0,35956,1405602,1312447980.0,3651.0,185,3650.0,97
rb1805,20171101,20171031,210207000,3650.0,36126,1405688,1318654120.0,3651.0,130,3650.0,67
rb1805,20171101,20171031,210207500,3650.0,36250,1405724,1323180140.0,3650.0,146,3649.0,266
rb1805,20171101,20171031,210208000,3651.0,36708,1405804,1339898000.0,3651.0,62,3649.0,267
rb1805,20171101,20171031,210208500,3650.0,36738,1405784,1340993000.0,3651.0,67,3650.0,76
rb1805,20171101,20171031,210209000,3651.0,36770,1405770,1342161200.0,3651.0,60,3650.0,78
rb1805,20171101,20171031,210209500,3650.0,36804,1405780,1343402240.0,3651.0,64,3650.0,80
rb1805,20171101,20171031,210210000,3650.0,36890,1405858,1346541640.0,3651.0,44,3650.0,57
rb1805,20171101,20171031,210210500,3650.0,36936,1405902,1348220740.0,3651.0,40,3650.0,39
rb1805,20171101,20171031,210211000,3650.0,36970,1405930,1349461840.0,3651.0,34,3650.0,27
rb1805,20171101,20171031,210211500,3651.0,37004,1405934,1350703040.0,3651.0,34,3650.0,27
rb1805,20171101,20171031,210212000,3650.0,37074,1405974,1353258040.0,3650.0,37,3649.0,274
rb1805,20171101,20171031,210212500,3650.0,37076,1405976,1353331040.0,3650.0,43,3649.0,274
rb1805,20171101,20171031,210213000,3650.0,37082,1405982,1353550040.0,3650.0,106,3649.0,273
rb1805,20171101,20171031,210213500,3650.0,37104,1405974,1354352940.0,3650.0,118,3649.0,269
rb1805,20171101,20171031,210214000,3649.0,37322,1406050,1362307860.0,3650.0,105,3649.0,166
rb1805,20171101,20171031,210214500,3650.0,37402,1406084,1365227240.0,3650.0,104,3649.0,136
rb1805,20171101,20171031,210215000,3649.0,37452,1406086,1367051760.0,3650.0,104,3649.0,114
rb1805,20171101,20171031,210215500,3650.0,37476,1406098,1367927700.0,3650.0,97,3649.0,112
rb1805,20171101,20171031,210216000,3649.0,37586,1406064,1371941720.0,3650.0,93,3649.0,65
rb1805,20171101,20171031,210216500,3650.0,37642,1406024,1373985560.0,3650.0,125,3649.0,57
rb1805,20171101,20171031,210217000,3649.0,37774,1406044,1378802200.0,3649.0,21,3648.0,183
rb1805,20171101,20171031,210217500,3649.0,37778,1406044,1378948160.0,3649.0,5,3648.0,183
rb1805,20171101,20171031,210218000,3649.0,37790,1406052,1379386020.0,3649.0,3,3648.0,182
rb1805,20171101,20171031,210218500,3649.0,37796,1406056,1379604960.0,3649.0,4,3648.0,177
rb1805,20171101,20171031,210219000,3649.0,37818,1406072,1380407660.0,3649.0,6,3648.0,172
rb1805,20171101,20171031,210219500,3648.0,37828,1406074,1380772460.0,3649.0,7,3648.0,168
rb1805,20171101,20171031,210220000,3649.0,37862,1406086,1382013080.0,3650.0,165,3649.0,4
rb1805,20171101,20171031,210220500,3650.0,37882,1406088,1382742880.0,3650.0,164,3648.0,167
rb1805,20171101,20171031,210221000,3648.0,37922,1406048,1384202080.0,3650.0,166,3649.0,17
rb1805,20171101,20171031,210221500,3648.0,37926,1406046,1384348000.0,3650.0,200,3649.0,16
rb1805,20171101,20171031,210222000,3648.0,37928,1406048,1384420960.0,3650.0,200,3649.0,18
rb1805,20171101,20171031,210222500,3650.0,37930,1406046,1384493960.0,3650.0,202,3649.0,32
rb1805,20171101,20171031,210223000,3649.0,37938,1406048,1384785880.0,3650.0,210,3649.0,50
rb1805,20171101,20171031,210223500,3649.0,37940,1406048,1384858860.0,3650.0,210,3649.0,74
rb1805,20171101,20171031,210224000,3649.0,37948,1406052,1385150800.0,3650.0,185,3649.0,74
rb1805,20171101,20171031,210224500,3649.0,38066,1405992,1389456640.0,3650.0,183,3649.0,32
rb1805,20171101,20171031,210225000,3649.0,38076,1406002,1389821540.0,3650.0,195,3649.0,28
rb1805,20171101,20171031,210225500,3648.0,38174,1406040,1393397180.0,3649.0,3,3648.0,248
rb1805,20171101,20171031,210226000,3649.0,38202,1406034,1394419020.0,3650.0,198,3649.0,5
rb1805,20171101,20171031,210226500,3649.0,38216,1406034,1394929880.0,3649.0,14,3648.0,251
rb1805,20171101,20171031,210227000,3649.0,38224,1406032,1395221800.0,3650.0,323,3649.0,1
rb1805,20171101,20171031,210227500,3649.0,38238,1406032,1395732660.0,3649.0,65,3648.0,251
rb1805,20171101,20171031,210228000,3649.0,38300,1406046,1397994460.0,3649.0,68,3648.0,222
rb1805,20171101,20171031,210228500,3649.0,38400,1406114,1401642660.0,3649.0,153,3648.0,232
rb1805,20171101,20171031,210229000,3648.0,38576,1406206,1408063140.0,3649.0,161,3648.0,72
rb1805,20171101,20171031,210229500,3648.0,38620,1406240,1409668320.0,3649.0,175,3648.0,53
rb1805,20171101,20171031,210230000,3647.0,38750,1406312,1414410580.0,3648.0,2,3647.0,922
rb1805,20171101,20171031,210230500,3648.0,38862,1406402,1418496120.0,3649.0,307,3648.0,1
rb1805,20171101,20171031,210231000,3648.0,38870,1406402,1418787960.0,3648.0,4,3647.0,909
rb1805,20171101,20171031,210231500,3649.0,38898,1406408,1419809460.0,3649.0,293,3648.0,164
rb1805,20171101,20171031,210232000,3648.0,38988,1406358,1423093320.0,3649.0,253,3648.0,145
rb1805,20171101,20171031,210232500,3648.0,39116,1406316,1427763980.0,3649.0,193,3648.0,167
rb1805,20171101,20171031,210233000,3648.0,39360,1406360,1436667000.0,3649.0,99,3648.0,156
rb1805,20171101,20171031,210233500,3648.0,39628,1406378,1446444240.0,3649.0,71,3648.0,68
rb1805,20171101,20171031,210234000,3648.0,39698,1406380,1448997940.0,3649.0,67,3648.0,50
rb1805,20171101,20171031,210234500,3648.0,39824,1406392,1453594680.0,3649.0,54,3648.0,17
rb1805,20171101,20171031,210235000,3647.0,39940,1406450,1457826220.0,3648.0,1,3647.0,899
rb1805,20171101,20171031,210235500,3648.0,40030,1406510,1461110020.0,3649.0,18,3648.0,8
rb1805,20171101,20171031,210236000,3648.0,40102,1406488,1463736580.0,3649.0,25,3648.0,85
rb1805,20171101,20171031,210236500,3649.0,40172,1406528,1466290780.0,3650.0,317,3649.0,29
rb1805,20171101,20171031,210237000,3649.0,40434,1406536,1475850140.0,3650.0,333,3648.0,46
rb1805,20171101,20171031,210237500,3649.0,40454,1406532,1476579940.0,3650.0,338,3649.0,69
rb1805,20171101,20171031,210238000,3649.0,40592,1406422,1481615560.0,3649.0,56,3648.0,55
rb1805,20171101,20171031,210238500,3649.0,40698,1406422,1485483480.0,3649.0,14,3648.0,60
rb1805,20171101,20171031,210239000,3648.0,40734,1406418,1486797060.0,3649.0,43,3648.0,55
rb1805,20171101,20171031,210239500,3649.0,40746,1406418,1487234920.0,3649.0,44,3648.0,58
rb1805,20171101,20171031,210240000,3649.0,40758,1406416,1487672800.0,3649.0,57,3648.0,68
rb1805,20171101,20171031,210240500,3649.0,40762,1406416,1487818760.0,3649.0,60,3648.0,68
rb1805,20171101,20171031,210241000,3648.0,40808,1406426,1489496860.0,3649.0,70,3648.0,60
rb1805,20171101,20171031,210241500,3649.0,40830,1406436,1490299520.0,3649.0,128,3648.0,54
rb1805,20171101,20171031,210242000,3648.0,40832,1406436,1490372480.0,3649.0,133,3648.0,55
rb1805,20171101,20171031,210242500,3648.0,40942,1406476,1494385280.0,3648.0,15,3647.0,923
rb1805,20171101,20171031,210243000,3649.0,41026,1406428,1497450020.0,3649.0,109,3648.0,49
rb1805,20171101,20171031,210243500,3649.0,41030,1406428,1497595960.0,3649.0,108,3648.0,46
rb1805,20171101,20171031,210244000,3648.0,41036,1406426,1497814840.0,3649.0,51,3648.0,145
rb1805,20171101,20171031,210244500,3649.0,41076,1406450,1499274440.0,3649.0,31,3648.0,158
rb1805,20171101,20171031,210245000,3649.0,41144,1406490,1501755760.0,3650.0,333,3649.0,12
rb1805,20171101,20171031,210245500,3649.0,41190,1406478,1503434100.0,3650.0,319,3648.0,246
rb1805,20171101,20171031,210246000,3648.0,41702,1406738,1522112000.0,3648.0,648,3647.0,937
rb1805,20171101,20171031,210246500,3647.0,41742,1406760,1523571120.0,3648.0,683,3647.0,933
rb1805,20171101,20171031,210247000,3647.0,41748,1406766,1523789980.0,3648.0,681,3647.0,932
rb1805,20171101,20171031,210247500,3648.0,41774,1406790,1524738460.0,3648.0,668,3647.0,933
rb1805,20171101,20171031,210248000,3648.0,41986,1406992,1532470120.0,3648.0,668,3647.0,828
rb1805,20171101,20171031,210248500,3647.0,41994,1407000,1532761920.0,3648.0,667,3647.0,826
rb1805,20171101,20171031,210249000,3648.0,42000,1407004,1532980800.0,3648.0,664,3647.0,826
rb1805,20171101,20171031,210249500,3648.0,42066,1407036,1535388160.0,3648.0,647,3647.0,811
rb1805,20171101,20171031,210250000,3647.0,42072,1407040,1535607020.0,3648.0,655,3647.0,811
rb1805,20171101,20171031,210250500,3647.0,42158,1407044,1538743440.0,3648.0,655,3647.0,778
rb1805,20171101,20171031,210251000,3647.0,43260,1407932,1578934580.0,3648.0,597,3647.0,287
rb1805,20171101,20171031,210251500,3647.0,43884,1408182,1601691540.0,3647.0,270,3646.0,484
rb1805,20171101,20171031,210252000,3646.0,43988,1408158,1605483800.0,3647.0,300,3646.0,493
rb1805,20171101,20171031,210252500,3647.0,44130,1408104,1610661860.0,3647.0,246,3646.0,470
rb1805,20171101,20171031,210253000,3647.0,44140,1408094,1611026520.0,3647.0,263,3646.0,464
rb1805,20171101,20171031,210253500,3647.0,44472,1407898,1623132660.0,3647.0,199,3646.0,366
rb1805,20171101,20171031,210254000,3646.0,44546,1407942,1625830840.0,3647.0,203,3646.0,337
rb1805,20171101,20171031,210254500,3647.0,44566,1407956,1626560080.0,3647.0,200,3646.0,329
rb1805,20171101,20171031,210255000,3647.0,44584,1407948,1627216480.0,3647.0,203,3646.0,348
rb1805,20171101,20171031,210255500,3646.0,44838,1408010,1636477860.0,3647.0,174,3646.0,259
rb1805,20171101,20171031,210256000,3646.0,44914,1408010,1639248820.0,3647.0,176,3646.0,227
rb1805,20171101,20171031,210256500,3646.0,45150,1407958,1647853460.0,3647.0,185,3646.0,118
rb1805,20171101,20171031,210257000,3647.0,45172,1407964,1648655620.0,3647.0,184,3646.0,114
rb1805,20171101,20171031,210257500,3646.0,45250,1407960,1651499600.0,3647.0,184,3646.0,102
rb1805,20171101,20171031,210258000,3646.0,45492,1408112,1660322940.0,3646.0,106,3645.0,400
rb1805,20171101,20171031,210258500,3647.0,45732,1408112,1669073380.0,3647.0,189,3646.0,3
rb1805,20171101,20171031,210259000,3646.0,45752,1408110,1669802600.0,3647.0,204,3646.0,33
rb1805,20171101,20171031,210259500,3647.0,45792,1408126,1671261060.0,3647.0,200,3646.0,107
rb1805,20171101,20171031,210300000,3647.0,46006,1408114,1679065200.0,3647.0,119,3646.0,223
rb1805,20171101,20171031,210300500,3647.0,46064,1408090,1681180100.0,3647.0,104,3646.0,783
rb1805,20171101,20171031,210301000,3647.0,46284,1408142,1689203500.0,3648.0,602,3647.0,107
rb1805,20171101,20171031,210301500,3646.0,46894,1407890,1711445680.0,3647.0,5,3646.0,535
rb1805,20171101,20171031,210302000,3647.0,46926,1407880,1712612680.0,3647.0,137,3646.0,615
rb1805,20171101,20171031,210302500,3646.0,46980,1407928,1714581540.0,3647.0,335,3646.0,497
rb1805,20171101,20171031,210303000,3646.0,48104,1408764,1755562180.0,3646.0,14,3645.0,393
rb1805,20171101,20171031,210303500,3645.0,48192,1408766,1758769900.0,3646.0,339,3645.0,354
rb1805,20171101,20171031,210304000,3646.0,48806,1409064,1781150640.0,3646.0,482,3645.0,90
rb1805,20171101,20171031,210304500,3645.0,49168,1409120,1794343940.0,3645.0,560,3644.0,95
rb1805,20171101,20171031,210305000,3644.0,49426,1409078,1803745360.0,3644.0,118,3643.0,170
rb1805,20171101,20171031,210305500,3644.0,49512,1409104,1806878440.0,3644.0,187,3643.0,133
rb1805,20171101,20171031,210306000,3643.0,49698,1409014,1813654580.0,3644.0,185,3643.0,98
rb1805,20171101,20171031,210306500,3642.0,49988,1409042,1824219120.0,3643.0,10,3642.0,332
rb1805,20171101,20171031,210307000,3643.0,50554,1408888,1844835760.0,3644.0,155,3643.0,27
rb1805,20171101,20171031,210307500,3642.0,50876,1408856,1856565800.0,3644.0,182,3642.0,148
rb1805,20171101,20171031,210308000,3643.0,51002,1408788,1861155440.0,3644.0,179,3643.0,69
rb1805,20171101,20171031,210308500,3643.0,51106,1408726,1864944260.0,3644.0,193,3643.0,79
rb1805,20171101,20171031,210309000,3642.0,51376,1408754,1874779540.0,3643.0,66,3642.0,156
rb1805,20171101,20171031,210309500,3642.0,51512,1408820,1879733080.0,3643.0,57,3642.0,135
rb1805,20171101,20171031,210310000,3642.0,51638,1408842,1884322440.0,3643.0,30,3642.0,125
rb1805,20171101,20171031,210310500,3643.0,51746,1408896,1888256920.0,3644.0,211,3643.0,24
rb1805,20171101,20171031,210311000,3643.0,51856,1408968,1892264400.0,3643.0,73,3642.0,158
rb1805,20171101,20171031,210311500,3643.0,52102,1408986,1901225640.0,3644.0,192,3643.0,218
rb1805,20171101,20171031,210312000,3644.0,52500,1408814,1915728760.0,3645.0,75,3644.0,62
rb1805,20171101,20171031,210312500,3644.0,52804,1408646,1926809020.0,3646.0,65,3644.0,376
rb1805,20171101,20171031,210313000,3644.0,53210,1408684,1941609580.0,3645.0,14,3644.0,452
rb1805,20171101,20171031,210313500,3645.0,53316,1408590,1945473960.0,3646.0,69,3645.0,232
rb1805,20171101,20171031,210314000,3646.0,53422,1408614,1949338120.0,3646.0,46,3645.0,172
rb1805,20171101,20171031,210314500,3645.0,53524,1408610,1953056700.0,3647.0,158,3645.0,171
rb1805,20171101,20171031,210315000,3646.0,54204,1408246,1977840740.0,3647.0,160,3646.0,9
rb1805,20171101,20171031,210315500,3645.0,54268,1408252,1980174100.0,3645.0,18,3644.0,406
rb1805,20171101,20171031,210316000,3646.0,54322,1408284,1982142460.0,3646.0,109,3645.0,46
rb1805,20171101,20171031,210316500,3646.0,54350,1408288,1983163120.0,3646.0,111,3645.0,24
rb1805,20171101,20171031,210317000,3645.0,54378,1408304,1984183880.0,3646.0,112,3645.0,22
rb1805,20171101,20171031,210317500,3646.0,54394,1408312,1984767220.0,3646.0,106,3645.0,25
rb1805,20171101,20171031,210318000,3645.0,54418,1408318,1985642060.0,3646.0,106,3645.0,74
rb1805,20171101,20171031,210318500,3645.0,54570,1408340,1991182820.0,3646.0,79,3645.0,17
rb1805,20171101,20171031,210319000,3646.0,54772,1408482,1998547440.0,3647.0,177,3646.0,16
rb1805,20171101,20171031,210319500,3646.0,54830,1408526,2000662100.0,3647.0,175,3646.0,82
rb1805,20171101,20171031,210320000,3645.0,55136,1408822,2011818820.0,3647.0,173,3646.0,1
rb1805,20171101,20171031,210320500,3646.0,55158,1408826,2012620900.0,3647.0,137,3646.0,31
rb1805,20171101,20171031,210321000,3646.0,55204,1408842,2014298380.0,3647.0,122,3646.0,31
rb1805,20171101,20171031,210321500,3646.0,55226,1408842,2015100560.0,3647.0,117,3646.0,34
rb1805,20171101,20171031,210322000,3646.0,55268,1408868,2016632080.0,3647.0,154,3646.0,19
rb1805,20171101,20171031,210322500,3646.0,55328,1408872,2018819760.0,3646.0,9,3645.0,196
rb1805,20171101,20171031,210323000,3646.0,55498,1408896,2025018680.0,3646.0,87,3645.0,223
rb1805,20171101,20171031,210323500,3646.0,55554,1408916,2027060240.0,3646.0,82,3645.0,213
rb1805,20171101,20171031,210324000,3646.0,55578,1408938,2027935280.0,3646.0,78,3645.0,226
rb1805,20171101,20171031,210324500,3647.0,55894,1408900,2039458140.0,3647.0,114,3646.0,113
rb1805,20171101,20171031,210325000,3647.0,55938,1408870,2041062480.0,3647.0,34,3646.0,101
rb1805,20171101,20171031,210325500,3646.0,56014,1408866,2043833500.0,3647.0,31,3646.0,78
rb1805,20171101,20171031,210326000,3646.0,56036,1408856,2044635620.0,3647.0,40,3646.0,90
rb1805,20171101,20171031,210326500,3647.0,56056,1408852,2045364880.0,3647.0,43,3646.0,86
rb1805,20171101,20171031,210327000,3647.0,56102,1408850,2047042140.0,3647.0,40,3646.0,68
rb1805,20171101,20171031,210327500,3647.0,56152,1408844,2048865200.0,3647.0,35,3646.0,63
rb1805,20171101,20171031,210328000,3646.0,56202,1408876,2050688240.0,3647.0,49,3646.0,41
rb1805,20171101,20171031,210328500,3646.0,56222,1408888,2051417480.0,3647.0,55,3646.0,34
rb1805,20171101,20171031,210329000,3646.0,56240,1408888,2052073860.0,3647.0,50,3646.0,31
rb1805,20171101,20171031,210329500,3647.0,56288,1408890,2053824400.0,3647.0,34,3646.0,30
rb1805,20171101,20171031,210330000,3647.0,56296,1408896,2054116100.0,3647.0,31,3646.0,32
rb1805,20171101,20171031,210330500,3647.0,56308,1408902,2054553680.0,3647.0,65,3646.0,36
rb1805,20171101,20171031,210331000,3647.0,56320,1408896,2054991260.0,3647.0,59,3646.0,71
rb1805,20171101,20171031,210331500,3647.0,56386,1408910,2057398280.0,3647.0,32,3646.0,73
rb1805,20171101,20171031,210332000,3647.0,56412,1408898,2058346380.0,3647.0,32,3646.0,78
rb1805,20171101,20171031,210332500,3646.0,56482,1408920,2060899040.0,3647.0,9,3646.0,66
rb1805,20171101,20171031,210333000,3647.0,56682,1409018,2068191100.0,3647.0,52,3645.0,283
rb1805,20171101,20171031,210333500,3647.0,56742,1409014,2070378140.0,3647.0,67,3645.0,254
rb1805,20171101,20171031,210334000,3647.0,56780,1409020,2071763440.0,3647.0,64,3646.0,5
rb1805,20171101,20171031,210334500,3647.0,56826,1409018,2073440360.0,3647.0,69,3646.0,1
rb1805,20171101,20171031,210335000,3647.0,56836,1409018,2073804960.0,3647.0,65,3646.0,29
rb1805,20171101,20171031,210335500,3647.0,56900,1409032,2076138480.0,3647.0,73,3646.0,6
rb1805,20171101,20171031,210336000,3647.0,56908,1409032,2076430200.0,3647.0,71,3646.0,7
rb1805,20171101,20171031,210336500,3647.0,56956,1409036,2078180700.0,3647.0,52,3646.0,4
rb1805,20171101,20171031,210337000,3647.0,56960,1409036,2078326580.0,3647.0,52,3646.0,17
rb1805,20171101,20171031,210337500,3646.0,56996,1409026,2079639160.0,3647.0,62,3646.0,17
rb1805,20171101,20171031,210338000,3645.0,57052,1409042,2081680760.0,3647.0,63,3646.0,7
rb1805,20171101,20171031,210338500,3647.0,57060,1409038,2081972480.0,3647.0,64,3646.0,16
rb1805,20171101,20171031,210339000,3647.0,57068,1409042,2082264180.0,3647.0,82,3646.0,16
rb1805,20171101,20171031,210339500,3647.0,57076,1409036,2082555920.0,3647.0,96,3646.0,17
rb1805,20171101,20171031,210340000,3646.0,57116,1409046,2084014320.0,3647.0,96,3646.0,33
rb1805,20171101,20171031,210340500,3646.0,57118,1409044,2084087240.0,3647.0,87,3646.0,140
rb1805,20171101,20171031,210341000,3646.0,57132,1409042,2084597700.0,3647.0,90,3646.0,137
rb1805,20171101,20171031,210341500,3646.0,57178,1409060,2086274880.0,3647.0,90,3646.0,122
rb1805,20171101,20171031,210342000,3647.0,57190,1409062,2086712520.0,3647.0,104,3646.0,137
rb1805,20171101,20171031,210342500,3646.0,57202,1409062,2087150060.0,3647.0,109,3646.0,129
rb1805,20171101,20171031,210343000,3646.0,57276,1409058,2089848120.0,3647.0,109,3646.0,95
rb1805,20171101,20171031,210343500,3647.0,57318,1409060,2091379760.0,3647.0,94,3646.0,92
rb1805,20171101,20171031,210344000,3647.0,57328,1409056,2091744460.0,3647.0,89,3646.0,94
rb1805,20171101,20171031,210344500,3647.0,57336,1409056,2092036200.0,3647.0,98,3646.0,93
rb1805,20171101,20171031,210345000,3647.0,57342,1409060,2092255000.0,3647.0,97,3646.0,99
rb1805,20171101,20171031,210345500,3647.0,57384,1409026,2093786740.0,3647.0,78,3646.0,102
rb1805,20171101,20171031,210346000,3647.0,57436,1409024,2095682680.0,3647.0,74,3646.0,80
rb1805,20171101,20171031,210346500,3647.0,57452,1409024,2096266100.0,3647.0,71,3646.0,76
rb1805,20171101,20171031,210347000,3646.0,57620,1409070,2102391480.0,3646.0,21,3645.0,238
rb1805,20171101,20171031,210347500,3646.0,57650,1409100,2103485280.0,3646.0,12,3645.0,233
rb1805,20171101,20171031,210348000,3645.0,57774,1409012,2108005320.0,3646.0,21,3645.0,183
rb1805,20171101,20171031,210348500,3645.0,57818,1409042,2109609540.0,3646.0,69,3645.0,184
rb1805,20171101,20171031,210349000,3646.0,57834,1409028,2110192900.0,3646.0,112,3645.0,185
rb1805,20171101,20171031,210349500,3645.0,57838,1409028,2110338720.0,3646.0,111,3645.0,184
rb1805,20171101,20171031,210350000,3645.0,57842,1409026,2110484540.0,3646.0,80,3645.0,284
rb1805,20171101,20171031,210350500,3645.0,57906,1409020,2112817880.0,3646.0,53,3645.0,290
rb1805,20171101,20171031,210351000,3646.0,58054,1408974,2118213960.0,3647.0,67,3646.0,191
rb1805,20171101,20171031,210351500,3646.0,58204,1409020,2123683260.0,3647.0,50,3646.0,136
rb1805,20171101,20171031,210352000,3647.0,58228,1409040,2124558340.0,3647.0,72,3646.0,131
rb1805,20171101,20171031,210352500,3646.0,58234,1409046,2124777100.0,3647.0,74,3646.0,130
rb1805,20171101,20171031,210353000,3646.0,58234,1409046,2124777100.0,3647.0,75,3646.0,161
rb1805,20171101,20171031,210353500,3647.0,58248,1409054,2125287600.0,3647.0,72,3646.0,159
rb1805,20171101,20171031,210354000,3647.0,58250,1409054,2125360540.0,3647.0,101,3646.0,160
rb1805,20171101,20171031,210354500,3646.0,58258,1409060,2125652240.0,3647.0,100,3646.0,161
rb1805,20171101,20171031,210355000,3646.0,58278,1409070,2126381520.0,3647.0,96,3646.0,166
rb1805,20171101,20171031,210355500,3647.0,58472,1409000,2133456700.0,3648.0,770,3647.0,183
rb1805,20171101,20171031,210356000,3647.0,58490,1409002,2134113200.0,3648.0,768,3647.0,176
rb1805,20171101,20171031,210356500,3648.0,58654,1409088,2140095240.0,3648.0,731,3647.0,162
rb1805,20171101,20171031,210357000,3648.0,58740,1409040,2143231740.0,3648.0,727,3647.0,125
rb1805,20171101,20171031,210357500,3648.0,58742,1409042,2143304700.0,3648.0,727,3647.0,179
rb1805,20171101,20171031,210358000,3647.0,58748,1409040,2143523560.0,3648.0,736,3647.0,200
rb1805,20171101,20171031,210358500,3648.0,58770,1409044,2144326040.0,3648.0,736,3647.0,204
rb1805,20171101,20171031,210359000,3648.0,58774,1409048,2144471960.0,3648.0,739,3647.0,204
rb1805,20171101,20171031,210359500,3648.0,58794,1409052,2145201540.0,3648.0,725,3647.0,204
rb1805,20171101,20171031,210400000,3647.0,58800,1409052,2145420380.0,3648.0,724,3647.0,203
rb1805,20171101,20171031,210400500,3647.0,58948,1409172,2150819300.0,3648.0,657,3647.0,199
rb1805,20171101,20171031,210401000,3648.0,58958,1409176,2151184100.0,3648.0,652,3647.0,212
rb1805,20171101,20171031,210401500,3648.0,59030,1409214,2153810660.0,3648.0,616,3647.0,217
rb1805,20171101,20171031,210402000,3648.0,59084,1409258,2155780560.0,3648.0,668,3647.0,217
rb1805,20171101,20171031,210402500,3648.0,59126,1409280,2157312720.0,3648.0,647,3647.0,217
rb1805,20171101,20171031,210403000,3648.0,59210,1409356,2160376960.0,3648.0,610,3647.0,214
rb1805,20171101,20171031,210403500,3647.0,59264,1409314,2162346400.0,3648.0,607,3647.0,198
rb1805,20171101,20171031,210404000,3648.0,59494,1409426,2170736800.0,3648.0,485,3647.0,237
rb1805,20171101,20171031,210404500,3648.0,59504,1409432,2171101600.0,3648.0,481,3647.0,242
rb1805,20171101,20171031,210405000,3648.0,59740,1409574,2179710860.0,3648.0,385,3647.0,252
rb1805,20171101,20171031,210405500,3648.0,60308,1409600,2200431400.0,3648.0,106,3647.0,250
rb1805,20171101,20171031,210406000,3648.0,60628,1409686,2212106080.0,3650.0,501,3648.0,629
rb1805,20171101,20171031,210406500,3650.0,60686,1409724,2214223060.0,3650.0,473,3649.0,13
rb1805,20171101,20171031,210407000,3649.0,60762,1409754,2216996540.0,3650.0,474,3649.0,7
rb1805,20171101,20171031,210407500,3650.0,60886,1409780,2221521400.0,3650.0,459,3649.0,4
rb1805,20171101,20171031,210408000,3648.0,60920,1409792,2222761940.0,3649.0,17,3648.0,535
rb1805,20171101,20171031,210408500,3649.0,61372,1410208,2239257460.0,3650.0,340,3649.0,2
rb1805,20171101,20171031,210409000,3649.0,61412,1410224,2240717020.0,3649.0,58,3648.0,463
rb1805,20171101,20171031,210409500,3649.0,61418,1410226,2240935940.0,3649.0,45,3648.0,371
rb1805,20171101,20171031,210410000,3649.0,61430,1410228,2241373820.0,3649.0,45,3648.0,352
rb1805,20171101,20171031,210410500,3649.0,61556,1410352,2245970500.0,3649.0,119,3648.0,300
rb1805,20171101,20171031,210411000,3649.0,61658,1410374,2249691640.0,3649.0,214,3648.0,255
rb1805,20171101,20171031,210411500,3649.0,61830,1410428,2255966440.0,3649.0,287,3648.0,182
rb1805,20171101,20171031,210412000,3649.0,61970,1410436,2261073720.0,3649.0,338,3648.0,115
rb1805,20171101,20171031,210412500,3649.0,62002,1410436,2262241400.0,3649.0,343,3648.0,125
rb1805,20171101,20171031,210413000,3648.0,62040,1410460,2263627760.0,3649.0,331,3648.0,99
rb1805,20171101,20171031,210413500,3649.0,62134,1410458,2267057800.0,3649.0,291,3648.0,105
rb1805,20171101,20171031,210414000,3649.0,62246,1410500,2271144680.0,3649.0,227,3648.0,108
rb1805,20171101,20171031,210414500,3649.0,62258,1410490,2271582560.0,3649.0,206,3648.0,120
rb1805,20171101,20171031,210415000,3648.0,62510,1410346,2280775520.0,3648.0,74,3647.0,472
rb1805,20171101,20171031,210415500,3649.0,62664,1410284,2286393500.0,3649.0,150,3648.0,108
rb1805,20171101,20171031,210416000,3649.0,62678,1410280,2286904360.0,3649.0,144,3648.0,143
rb1805,20171101,20171031,210416500,3649.0,62796,1410324,2291210040.0,3649.0,92,3648.0,147
rb1805,20171101,20171031,210417000,3649.0,62812,1410340,2291793880.0,3649.0,85,3648.0,171
rb1805,20171101,20171031,210417500,3649.0,62830,1410356,2292450580.0,3649.0,82,3648.0,151
rb1805,20171101,20171031,210418000,3649.0,62846,1410372,2293034420.0,3649.0,75,3648.0,154
rb1805,20171101,20171031,210418500,3649.0,62870,1410390,2293910180.0,3649.0,79,3648.0,164
rb1805,20171101,20171031,210419000,3649.0,63018,1410404,2299309380.0,3649.0,112,3648.0,118
rb1805,20171101,20171031,210419500,3649.0,63066,1410450,2301060880.0,3649.0,106,3648.0,131
rb1805,20171101,20171031,210420000,3649.0,63110,1410468,2302666340.0,3649.0,89,3648.0,127
rb1805,20171101,20171031,210420500,3649.0,63168,1410478,2304782660.0,3649.0,73,3648.0,137
rb1805,20171101,20171031,210421000,3649.0,63194,1410470,2305731240.0,3649.0,68,3648.0,129
rb1805,20171101,20171031,210421500,3649.0,63216,1410462,2306534020.0,3649.0,59,3648.0,129
rb1805,20171101,20171031,210422000,3649.0,63240,1410452,2307409760.0,3649.0,56,3648.0,124
rb1805,20171101,20171031,210422500,3649.0,63250,1410448,2307774620.0,3649.0,48,3648.0,136
rb1805,20171101,20171031,210423000,3649.0,63392,1410334,2312956200.0,3650.0,431,3649.0,1
rb1805,20171101,20171031,210423500,3649.0,63464,1410312,2315583480.0,3649.0,19,3648.0,146
rb1805,20171101,20171031,210424000,3649.0,63508,1410314,2317188940.0,3649.0,1,3648.0,147
rb1805,20171101,20171031,210424500,3649.0,63534,1410292,2318137680.0,3650.0,428,3649.0,31
rb1805,20171101,20171031,210425000,3649.0,63750,1410314,2326019520.0,3649.0,3,3648.0,150
rb1805,20171101,20171031,210425500,3649.0,63750,1410314,2326019520.0,3649.0,7,3648.0,144
rb1805,20171101,20171031,210426000,3649.0,63754,1410310,2326165480.0,3649.0,26,3648.0,143
rb1805,20171101,20171031,210426500,3649.0,63764,1410318,2326530380.0,3649.0,46,3648.0,144
rb1805,20171101,20171031,210427000,3649.0,63802,1410318,2327916840.0,3649.0,46,3648.0,138
rb1805,20171101,20171031,210427500,3649.0,63822,1410314,2328646620.0,3649.0,40,3648.0,137
rb1805,20171101,20171031,210428000,3649.0,63830,1410322,2328938540.0,3649.0,31,3648.0,138
rb1805,20171101,20171031,210428500,3649.0,63938,1410340,2332879460.0,3650.0,445,3649.0,66
rb1805,20171101,20171031,210429000,3649.0,64016,1410418,2335725680.0,3650.0,448,3649.0,108
rb1805,20171101,20171031,210429500,3650.0,64074,1410414,2337842160.0,3650.0,437,3649.0,83
rb1805,20171101,20171031,210430000,3650.0,64090,1410418,2338426140.0,3650.0,430,3649.0,97
rb1805,20171101,20171031,210430500,3650.0,64104,1410418,2338937140.0,3650.0,423,3649.0,110
rb1805,20171101,20171031,210431000,3650.0,64110,1410414,2339156120.0,3650.0,422,3649.0,110
rb1805,20171101,20171031,210431500,3650.0,64238,1410294,2343828040.0,3650.0,375,3649.0,107
rb1805,20171101,20171031,210432000,3649.0,64244,1410292,2344047000.0,3650.0,374,3649.0,105
rb1805,20171101,20171031,210432500,3650.0,64416,1410160,2350324620.0,3650.0,309,3649.0,90
rb1805,20171101,20171031,210433000,3650.0,64602,1410166,2357113180.0,3650.0,288,3649.0,92
rb1805,20171101,20171031,210433500,3650.0,64614,1410162,2357551160.0,3650.0,283,3649.0,91
rb1805,20171101,20171031,210434000,3650.0,64620,1410162,2357770160.0,3650.0,280,3649.0,98
rb1805,20171101,20171031,210434500,3650.0,64644,1410156,2358646120.0,3650.0,268,3649.0,96
rb1805,20171101,20171031,210435000,3650.0,64664,1410160,2359376080.0,3650.0,261,3649.0,95
rb1805,20171101,20171031,210435500,3649.0,64748,1410232,2362441240.0,3650.0,261,3649.0,54
rb1805,20171101,20171031,210436000,3650.0,64852,1410172,2366236280.0,3650.0,260,3649.0,40
rb1805,20171101,20171031,210436500,3649.0,64886,1410162,2367477160.0,3650.0,261,3649.0,36
rb1805,20171101,20171031,210437000,3649.0,65026,1410166,2372585900.0,3650.0,254,3649.0,4
rb1805,20171101,20171031,210437500,3649.0,65220,1410068,2379664960.0,3650.0,255,3649.0,5
rb1805,20171101,20171031,210438000,3649.0,65266,1410032,2381343520.0,3650.0,259,3649.0,21
rb1805,20171101,20171031,210438500,3650.0,65448,1409986,2387984540.0,3650.0,237,3649.0,4
rb1805,20171101,20171031,210439000,3649.0,65548,1410008,2391633560.0,3649.0,12,3648.0,125
rb1805,20171101,20171031,210439500,3648.0,65566,1410016,2392290340.0,3649.0,60,3648.0,153
rb1805,20171101,20171031,210440000,3649.0,65574,1410024,2392582260.0,3649.0,109,3648.0,155
rb1805,20171101,20171031,210440500,3649.0,65586,1410022,2393020080.0,3649.0,113,3648.0,152
rb1805,20171101,20171031,210441000,3649.0,65614,1410032,2394041800.0,3649.0,108,3648.0,150
rb1805,20171101,20171031,210441500,3649.0,65618,1410030,2394187760.0,3649.0,113,3648.0,151
rb1805,20171101,20171031,210442000,3649.0,65718,1410030,2397836760.0,3649.0,65,3648.0,158
rb1805,20171101,20171031,210442500,3649.0,65726,1410024,2398128640.0,3649.0,56,3648.0,156
rb1805,20171101,20171031,210443000,3648.0,65930,1409958,2405570600.0,3649.0,63,3648.0,184
rb1805,20171101,20171031,210443500,3648.0,65964,1409952,2406811220.0,3649.0,55,3648.0,183
rb1805,20171101,20171031,210444000,3648.0,65964,1409952,2406811220.0,3649.0,82,3648.0,186
rb1805,20171101,20171031,210444500,3649.0,66012,1409954,2408562740.0,3649.0,76,3648.0,188
rb1805,20171101,20171031,210445000,3649.0,66024,1409964,2409000520.0,3649.0,84,3648.0,183
rb1805,20171101,20171031,210445500,3648.0,66026,1409964,2409073480.0,3649.0,93,3648.0,183
rb1805,20171101,20171031,210446000,3648.0,66046,1409966,2409803100.0,3649.0,91,3648.0,174
rb1805,20171101,20171031,210446500,3648.0,66318,1409996,2419726920.0,3649.0,29,3648.0,104
rb1805,20171101,20171031,210447000,3648.0,66482,1410126,2425709660.0,3649.0,27,3648.0,54
rb1805,20171101,20171031,210447500,3649.0,66512,1410126,2426804260.0,3649.0,116,3648.0,51
rb1805,20171101,20171031,210448000,3648.0,66550,1410154,2428190520.0,3649.0,234,3648.0,34
rb1805,20171101,20171031,210448500,3648.0,66608,1410206,2430306420.0,3649.0,242,3648.0,15
rb1805,20171101,20171031,210449000,3649.0,66672,1410210,2432641440.0,3649.0,232,3648.0,1
rb1805,20171101,20171031,210449500,3648.0,66686,1410206,2433152160.0,3648.0,12,3647.0,417
rb1805,20171101,20171031,210450000,3649.0,66718,1410180,2434319600.0,3649.0,247,3647.0,432
rb1805,20171101,20171031,210450500,3649.0,66722,1410180,2434465560.0,3649.0,248,3648.0,2
rb1805,20171101,20171031,210451000,3647.0,66824,1410230,2438185660.0,3649.0,252,3647.0,369
rb1805,20171101,20171031,210451500,3647.0,66834,1410230,2438550360.0,3648.0,31,3647.0,367
rb1805,20171101,20171031,210452000,3648.0,66938,1410168,2442344480.0,3649.0,241,3648.0,42
rb1805,20171101,20171031,210452500,3649.0,67168,1410332,2450736920.0,3649.0,161,3648.0,29
rb1805,20171101,20171031,210453000,3647.0,67388,1410246,2458762500.0,3648.0,60,3647.0,324
rb1805,20171101,20171031,210453500,3645.0,68326,1410220,2492969820.0,3647.0,24,3645.0,529
rb1805,20171101,20171031,210454000,3647.0,68568,1410412,2501795400.0,3648.0,236,3647.0,98
rb1805,20171101,20171031,210454500,3647.0,68790,1410426,2509891740.0,3647.0,72,3646.0,1
rb1805,20171101,20171031,210455000,3648.0,68808,1410414,2510548220.0,3647.0,2,3645.0,521
rb1805,20171101,20171031,210455500,3646.0,68816,1410414,2510839900.0,3647.0,63,3646.0,26
rb1805,20171101,20171031,210456000,3647.0,68828,1410412,2511277520.0,3647.0,72,3646.0,135
rb1805,20171101,20171031,210456500,3646.0,68840,1410416,2511715080.0,3647.0,110,3646.0,138
rb1805,20171101,20171031,210457000,3647.0,68864,1410428,2512590340.0,3647.0,88,3646.0,187
rb1805,20171101,20171031,210457500,3646.0,69194,1410214,2524622140.0,3647.0,159,3646.0,22
rb1805,20171101,20171031,210458000,3646.0,69298,1410250,2528413980.0,3646.0,205,3645.0,530
rb1805,20171101,20171031,210458500,3646.0,69304,1410252,2528632720.0,3646.0,205,3645.0,529
rb1805,20171101,20171031,210459000,3646.0,69324,1410242,2529361920.0,3646.0,196,3645.0,528
rb1805,20171101,20171031,210459500,3645.0,69434,1410260,2533372420.0,3646.0,152,3645.0,538
rb1805,20171101,20171031,210500000,3646.0,69594,1410296,2539205760.0,3646.0,85,3645.0,526
rb1805,20171101,20171031,210500500,3646.0,69642,1410260,2540955460.0,3646.0,86,3645.0,512
rb1805,20171101,20171031,210501000,3646.0,69662,1410266,2541684520.0,3646.0,127,3645.0,503
rb1805,20171101,20171031,210501500,3646.0,69812,1410400,2547153460.0,3646.0,109,3645.0,496
rb1805,20171101,20171031,210502000,3645.0,69828,1410408,2547736720.0,3646.0,185,3645.0,502
rb1805,20171101,20171031,210502500,3645.0,69990,1410382,2553641640.0,3646.0,185,3645.0,427
rb1805,20171101,20171031,210503000,3645.0,70858,1410400,2585280360.0,3645.0,15,3644.0,252
rb1805,20171101,20171031,210503500,3644.0,70920,1410378,2587540180.0,3645.0,315,3644.0,253
rb1805,20171101,20171031,210504000,3645.0,70930,1410372,2587904620.0,3645.0,445,3644.0,247
rb1805,20171101,20171031,210504500,3645.0,71272,1410314,2600367200.0,3645.0,428,3644.0,81
rb1805,20171101,20171031,210505000,3644.0,71458,1410304,2607145280.0,3644.0,7,3643.0,243
rb1805,20171101,20171031,210505500,3643.0,71512,1410272,2609112960.0,3644.0,41,3643.0,244
rb1805,20171101,20171031,210506000,3643.0,71776,1410212,2618730860.0,3644.0,26,3643.0,137
rb1805,20171101,20171031,210506500,3643.0,71854,1410232,2621572640.0,3644.0,19,3643.0,112
rb1805,20171101,20171031,210507000,3644.0,71984,1410318,2626308620.0,3644.0,16,3643.0,51
rb1805,20171101,20171031,210507500,3643.0,72046,1410298,2628567460.0,3644.0,12,3643.0,28
rb1805,20171101,20171031,210508000,3643.0,72076,1410284,2629660380.0,3644.0,20,3643.0,24
rb1805,20171101,20171031,210508500,3644.0,72128,1410290,2631554920.0,3644.0,12,3643.0,70
rb1805,20171101,20171031,210509000,3643.0,72178,1410278,2633376460.0,3644.0,18,3643.0,47
rb1805,20171101,20171031,210509500,3643.0,72274,1410242,2636873820.0,3644.0,16,3643.0,15
rb1805,20171101,20171031,210510000,3645.0,72352,1410264,2639715940.0,3645.0,353,3644.0,28
rb1805,20171101,20171031,210510500,3643.0,72474,1410298,2644161380.0,3644.0,217,3643.0,18
rb1805,20171101,20171031,210511000,3644.0,72706,1410234,2652612080.0,3643.0,1,3642.0,324
rb1805,20171101,20171031,210511500,3643.0,72764,1410262,2654724660.0,3644.0,202,3643.0,12
rb1805,20171101,20171031,210512000,3643.0,72846,1410272,2657711960.0,3643.0,19,3642.0,316
rb1805,20171101,20171031,210512500,3643.0,72874,1410276,2658731940.0,3643.0,28,3642.0,399
rb1805,20171101,20171031,210513000,3643.0,73052,1410386,2665217000.0,3644.0,147,3643.0,64
rb1805,20171101,20171031,210513500,3642.0,73224,1410464,2671482560.0,3643.0,66,3642.0,390
rb1805,20171101,20171031,210514000,3642.0,73304,1410442,2674396640.0,3643.0,47,3642.0,388
rb1805,20171101,20171031,210514500,3642.0,73374,1410438,2676946300.0,3643.0,72,3642.0,368
rb1805,20171101,20171031,210515000,3644.0,73536,1410342,2682847920.0,3644.0,165,3643.0,32
rb1805,20171101,20171031,210515500,3643.0,73672,1410348,2687802240.0,3643.0,86,3642.0,283
rb1805,20171101,20171031,210516000,3642.0,73782,1410440,2691808460.0,3643.0,92,3642.0,241
rb1805,20171101,20171031,210516500,3642.0,73860,1410490,2694649500.0,3643.0,79,3642.0,217
rb1805,20171101,20171031,210517000,3643.0,73944,1410516,2697709140.0,3643.0,68,3642.0,198
rb1805,20171101,20171031,210517500,3642.0,73976,1410520,2698874760.0,3643.0,62,3642.0,191
rb1805,20171101,20171031,210518000,3643.0,74222,1410632,2707835440.0,3644.0,185,3643.0,341
rb1805,20171101,20171031,210518500,3643.0,74404,1410696,2714465720.0,3644.0,164,3643.0,265
rb1805,20171101,20171031,210519000,3643.0,74772,1410944,2727873040.0,3644.0,115,3643.0,163
rb1805,20171101,20171031,210519500,3643.0,75182,1411110,2742809360.0,3644.0,114,3643.0,2
rb1805,20171101,20171031,210520000,3643.0,75384,1411082,2750167820.0,3644.0,115,3643.0,10
rb1805,20171101,20171031,210520500,3643.0,75432,1411090,2751916460.0,3643.0,128,3642.0,639
rb1805,20171101,20171031,210521000,3642.0,75620,1411024,2758763740.0,3643.0,161,3642.0,562
rb1805,20171101,20171031,210521500,3642.0,76076,1411070,2775371620.0,3643.0,309,3642.0,354
rb1805,20171101,20171031,210522000,3642.0,76858,1411714,2803851980.0,3642.0,298,3641.0,481
rb1805,20171101,20171031,210522500,3641.0,77262,1411618,2818561740.0,3642.0,97,3641.0,285
rb1805,20171101,20171031,210523000,3642.0,77642,1411558,2832398280.0,3642.0,81,3641.0,135
rb1805,20171101,20171031,210523500,3641.0,77924,1411324,2842665920.0,3641.0,8,3640.0,910
rb1805,20171101,20171031,210524000,3641.0,77998,1411328,2845360260.0,3642.0,90,3641.0,3
rb1805,20171101,20171031,210524500,3641.0,78076,1411376,2848200780.0,3642.0,72,3641.0,120
rb1805,20171101,20171031,210525000,3641.0,78302,1411464,2856431280.0,3642.0,35,3641.0,166
rb1805,20171101,20171031,210525500,3641.0,78500,1411508,2863641560.0,3642.0,157,3641.0,136
rb1805,20171101,20171031,210526000,3641.0,78560,1411516,2865826640.0,3642.0,134,3641.0,155
rb1805,20171101,20171031,210526500,3641.0,78954,1411726,2880172340.0,3641.0,432,3640.0,957
rb1805,20171101,20171031,210527000,3641.0,78964,1411730,2880536420.0,3641.0,436,3640.0,949
rb1805,20171101,20171031,210527500,3640.0,79116,1411664,2886069520.0,3641.0,453,3640.0,908
rb1805,20171101,20171031,210528000,3640.0,79776,1411410,2910094480.0,3641.0,428,3640.0,630
rb1805,20171101,20171031,210528500,3641.0,79912,1411408,2915045300.0,3641.0,422,3640.0,587
rb1805,20171101,20171031,210529000,3640.0,80196,1411424,2925384100.0,3641.0,378,3640.0,507
rb1805,20171101,20171031,210529500,3640.0,80294,1411458,2928951580.0,3641.0,436,3640.0,474
rb1805,20171101,20171031,210530000,3640.0,81262,1411890,2964186860.0,3640.0,156,3639.0,126
rb1805,20171101,20171031,210530500,3639.0,81616,1412056,2977069380.0,3639.0,168,3638.0,622
rb1805,20171101,20171031,210531000,3639.0,82040,1412034,2992496080.0,3639.0,142,3638.0,494
rb1805,20171101,20171031,210531500,3638.0,82376,1411994,3004721200.0,3639.0,73,3638.0,419
rb1805,20171101,20171031,210532000,3638.0,83906,1412014,3060374460.0,3637.0,1,3636.0,554
rb1805,20171101,20171031,210532500,3637.0,84246,1411850,3072741140.0,3638.0,29,3637.0,9
rb1805,20171101,20171031,210533000,3636.0,84606,1411668,3085837060.0,3639.0,37,3638.0,1
rb1805,20171101,20171031,210533500,3637.0,84866,1411582,3095294720.0,3638.0,46,3636.0,523
rb1805,20171101,20171031,210534000,3636.0,85412,1411568,3115153120.0,3637.0,2,3636.0,471
rb1805,20171101,20171031,210534500,3637.0,85460,1411550,3116898860.0,3637.0,12,3636.0,478
rb1805,20171101,20171031,210535000,3637.0,85674,1411492,3124681200.0,3637.0,7,3636.0,442
rb1805,20171101,20171031,210535500,3638.0,85776,1411420,3128390900.0,3638.0,126,3637.0,82
rb1805,20171101,20171031,210536000,3637.0,86114,1411466,3140684360.0,3638.0,135,3637.0,10
rb1805,20171101,20171031,210536500,3637.0,86260,1411508,3145994500.0,3637.0,9,3636.0,460
rb1805,20171101,20171031,210537000,3637.0,86490,1411458,3154358620.0,3638.0,123,3637.0,25
rb1805,20171101,20171031,210537500,3638.0,86592,1411474,3158068640.0,3638.0,109,3637.0,1
rb1805,20171101,20171031,210538000,3637.0,86698,1411476,3161924280.0,3637.0,1,3636.0,451
rb1805,20171101,20171031,210538500,3637.0,86748,1411456,3163743000.0,3638.0,86,3637.0,107
rb1805,20171101,20171031,210539000,3637.0,86884,1411486,3168689460.0,3638.0,83,3637.0,67
rb1805,20171101,20171031,210539500,3637.0,86954,1411526,3171235560.0,3638.0,78,3637.0,49
rb1805,20171101,20171031,210540000,3638.0,86998,1411532,3172836020.0,3638.0,69,3637.0,131
rb1805,20171101,20171031,210540500,3637.0,87144,1411488,3178146920.0,3638.0,30,3637.0,148
rb1805,20171101,20171031,210541000,3637.0,87198,1411482,3180111080.0,3638.0,28,3637.0,152
rb1805,20171101,20171031,210541500,3638.0,87268,1411476,3182657620.0,3639.0,220,3638.0,27
rb1805,20171101,20171031,210542000,3638.0,87402,1411426,3187532160.0,3638.0,51,3637.0,159
rb1805,20171101,20171031,210542500,3637.0,87972,1411692,3208262320.0,3637.0,365,3636.0,481
rb1805,20171101,20171031,210543000,3637.0,88040,1411698,3210735460.0,3637.0,336,3636.0,486
rb1805,20171101,20171031,210543500,3638.0,88838,1411796,3239759940.0,3638.0,215,3637.0,186
rb1805,20171101,20171031,210544000,3637.0,89548,1412188,3265579760.0,3637.0,137,3636.0,332
rb1805,20171101,20171031,210544500,3636.0,89674,1412232,3270162040.0,3637.0,94,3636.0,312
rb1805,20171101,20171031,210545000,3637.0,89862,1412384,3276999020.0,3637.0,66,3636.0,287
rb1805,20171101,20171031,210545500,3637.0,89972,1412468,3280999020.0,3637.0,92,3636.0,261
rb1805,20171101,20171031,210546000,3637.0,90034,1412498,3283253900.0,3637.0,411,3636.0,281
rb1805,20171101,20171031,210546500,3637.0,90086,1412510,3285144760.0,3637.0,424,3636.0,272
rb1805,20171101,20171031,210547000,3637.0,90166,1412534,3288054000.0,3637.0,383,3636.0,297
rb1805,20171101,20171031,210547500,3637.0,90380,1412492,3295836520.0,3637.0,311,3636.0,272
rb1805,20171101,20171031,210548000,3636.0,90948,1412326,3316489580.0,3637.0,282,3636.0,58
rb1805,20171101,20171031,210548500,3637.0,91064,1412266,3320708360.0,3637.0,251,3636.0,59
rb1805,20171101,20171031,210549000,3637.0,91230,1412148,3326745140.0,3637.0,206,3636.0,82
rb1805,20171101,20171031,210549500,3636.0,91246,1412146,3327326960.0,3637.0,205,3636.0,85
rb1805,20171101,20171031,210550000,3636.0,91366,1412146,3331691200.0,3637.0,255,3636.0,84
rb1805,20171101,20171031,210550500,3637.0,91548,1412238,3338309000.0,3637.0,241,3636.0,20
rb1805,20171101,20171031,210551000,3636.0,91646,1412276,3341872240.0,3636.0,172,3635.0,557
rb1805,20171101,20171031,210551500,3636.0,92012,1412286,3355180020.0,3637.0,250,3635.0,615
rb1805,20171101,20171031,210552000,3637.0,92228,1412398,3363031920.0,3637.0,243,3636.0,44
rb1805,20171101,20171031,210552500,3636.0,92250,1412410,3363831900.0,3637.0,240,3636.0,95
rb1805,20171101,20171031,210553000,3636.0,92360,1412424,3367831600.0,3637.0,275,3636.0,204
rb1805,20171101,20171031,210553500,3636.0,92456,1412366,3371322360.0,3637.0,277,3636.0,175
rb1805,20171101,20171031,210554000,3636.0,92504,1412340,3373068020.0,3637.0,250,3636.0,176
rb1805,20171101,20171031,210554500,3636.0,92528,1412350,3373940720.0,3637.0,248,3636.0,176
rb1805,20171101,20171031,210555000,3636.0,92598,1412390,3376485920.0,3637.0,255,3636.0,162
rb1805,20171101,20171031,210555500,3636.0,92652,1412352,3378449780.0,3637.0,234,3636.0,167
rb1805,20171101,20171031,210556000,3637.0,93554,1412410,3411251880.0,3638.0,110,3637.0,6
rb1805,20171101,20171031,210556500,3636.0,93652,1412400,3414816400.0,3637.0,1,3636.0,31
rb1805,20171101,20171031,210557000,3637.0,93764,1412394,3418890480.0,3638.0,59,3637.0,46
rb1805,20171101,20171031,210557500,3637.0,93770,1412396,3419108700.0,3638.0,60,3637.0,82
rb1805,20171101,20171031,210558000,3639.0,93942,1412298,3425366500.0,3639.0,165,3638.0,23
rb1805,20171101,20171031,210558500,3639.0,94328,1412316,3439411720.0,3639.0,38,3638.0,52
rb1805,20171101,20171031,210559000,3639.0,94380,1412318,3441303840.0,3639.0,20,3638.0,9
rb1805,20171101,20171031,210559500,3639.0,94498,1412220,3445597880.0,3639.0,71,3638.0,10
rb1805,20171101,20171031,210600000,3638.0,94590,1412202,3448945100.0,3638.0,29,3637.0,118
rb1805,20171101,20171031,210600500,3637.0,94958,1412046,3462330680.0,3637.0,37,3636.0,239
rb1805,20171101,20171031,210601000,3637.0,95058,1412054,3465967860.0,3639.0,68,3637.0,139
rb1805,20171101,20171031,210601500,3638.0,95100,1412074,3467495780.0,3638.0,23,3637.0,134
rb1805,20171101,20171031,210602000,3638.0,95174,1412066,3470187580.0,3638.0,51,3637.0,59
rb1805,20171101,20171031,210602500,3638.0,95178,1412070,3470333100.0,3638.0,73,3637.0,62
rb1805,20171101,20171031,210603000,3638.0,95238,1412062,3472515640.0,3638.0,60,3637.0,83
rb1805,20171101,20171031,210603500,3638.0,95272,1412058,3473752440.0,3638.0,64,3637.0,80
rb1805,20171101,20171031,210604000,3637.0,95324,1412056,3475643960.0,3638.0,53,3637.0,70
rb1805,20171101,20171031,210604500,3638.0,95402,1412066,3478481140.0,3638.0,40,3637.0,78
rb1805,20171101,20171031,210605000,3638.0,95426,1412046,3479354260.0,3638.0,30,3637.0,83
rb1805,20171101,20171031,210605500,3638.0,95498,1412054,3481973620.0,3639.0,109,3638.0,36
rb1805,20171101,20171031,210606000,3638.0,95656,1412108,3487721660.0,3638.0,170,3637.0,169
rb1805,20171101,20171031,210606500,3637.0,96076,1412104,3502997060.0,3637.0,74,3636.0,240
rb1805,20171101,20171031,210607000,3637.0,96452,1412166,3516670960.0,3637.0,1,3636.0,167
rb1805,20171101,20171031,210607500,3638.0,96550,1412120,3520235240.0,3638.0,168,3637.0,1
rb1805,20171101,20171031,210608000,3637.0,96612,1412094,3522490420.0,3638.0,156,3637.0,4
rb1805,20171101,20171031,210608500,3636.0,96690,1412108,3525327260.0,3637.0,44,3636.0,162
rb1805,20171101,20171031,210609000,3637.0,96810,1412144,3529691660.0,3638.0,142,3637.0,79
rb1805,20171101,20171031,210609500,3637.0,96820,1412142,3530055400.0,3638.0,140,3637.0,90
rb1805,20171101,20171031,210610000,3637.0,96880,1412098,3532237720.0,3638.0,104,3637.0,94
rb1805,20171101,20171031,210610500,3638.0,96994,1412054,3536384360.0,3638.0,94,3637.0,54
rb1805,20171101,20171031,210611000,3637.0,97070,1412018,3539148700.0,3638.0,83,3637.0,41
rb1805,20171101,20171031,210611500,3637.0,97080,1412014,3539512440.0,3638.0,140,3637.0,79
rb1805,20171101,20171031,210612000,3637.0,97088,1412018,3539803400.0,3638.0,115,3637.0,85
rb1805,20171101,20171031,210612500,3638.0,97120,1411996,3540967540.0,3638.0,101,3637.0,88
rb1805,20171101,20171031,210613000,3638.0,97162,1411994,3542495320.0,3638.0,89,3637.0,183
rb1805,20171101,20171031,210613500,3638.0,97216,1411998,3544459560.0,3638.0,81,3637.0,174
rb1805,20171101,20171031,210614000,3638.0,97252,1412004,3545769140.0,3638.0,75,3637.0,185
rb1805,20171101,20171031,210614500,3638.0,97292,1412012,3547224320.0,3638.0,57,3637.0,216
rb1805,20171101,20171031,210615000,3638.0,97328,1412016,3548534000.0,3638.0,49,3637.0,231
rb1805,20171101,20171031,210615500,3638.0,97414,1412026,3551662280.0,3638.0,16,3637.0,256
rb1805,20171101,20171031,210616000,3638.0,97460,1412010,3553335780.0,3639.0,125,3638.0,28
rb1805,20171101,20171031,210616500,3638.0,97518,1412040,3555445820.0,3639.0,138,3638.0,50
rb1805,20171101,20171031,210617000,3638.0,97556,1412010,3556828280.0,3639.0,141,3638.0,45
rb1805,20171101,20171031,210617500,3639.0,97742,1412014,3563596020.0,3639.0,75,3638.0,13
rb1805,20171101,20171031,210618000,3639.0,97794,1412030,3565487840.0,3639.0,72,3638.0,84
rb1805,20171101,20171031,210618500,3639.0,97846,1412032,3567379620.0,3639.0,117,3638.0,73
rb1805,20171101,20171031,210619000,3638.0,98182,1412060,3579603540.0,3638.0,96,3637.0,311
rb1805,20171101,20171031,210619500,3638.0,98192,1412064,3579967300.0,3638.0,109,3637.0,313
rb1805,20171101,20171031,210620000,3638.0,98222,1412086,3581058700.0,3638.0,212,3637.0,334
rb1805,20171101,20171031,210620500,3637.0,98368,1412158,3586369160.0,3638.0,145,3637.0,285
rb1805,20171101,20171031,210621000,3638.0,98422,1412140,3588333380.0,3638.0,136,3637.0,275
rb1805,20171101,20171031,210621500,3638.0,98436,1412148,3588842700.0,3638.0,134,3637.0,286
rb1805,20171101,20171031,210622000,3637.0,98608,1412184,3595099340.0,3638.0,96,3637.0,244
rb1805,20171101,20171031,210622500,3637.0,98652,1412156,3596700020.0,3638.0,100,3637.0,253
rb1805,20171101,20171031,210623000,3638.0,98662,1412152,3597063820.0,3638.0,97,3637.0,261
rb1805,20171101,20171031,210623500,3638.0,98726,1412102,3599392140.0,3638.0,170,3637.0,258
rb1805,20171101,20171031,210624000,3637.0,98960,1412236,3607904900.0,3638.0,86,3637.0,241
rb1805,20171101,20171031,210624500,3638.0,99044,1412266,3610960160.0,3638.0,81,3637.0,208
rb1805,20171101,20171031,210625000,3638.0,99136,1412334,3614306920.0,3638.0,88,3637.0,200
rb1805,20171101,20171031,210625500,3637.0,99174,1412360,3615689200.0,3638.0,137,3637.0,192
rb1805,20171101,20171031,210626000,3638.0,99310,1412324,3620635620.0,3638.0,179,3637.0,132
rb1805,20171101,20171031,210626500,3637.0,99806,1412650,3638676440.0,3637.0,121,3636.0,853
rb1805,20171101,20171031,210627000,3636.0,99888,1412668,3641658660.0,3637.0,90,3636.0,867
rb1805,20171101,20171031,210627500,3637.0,100250,1412748,3654824740.0,3638.0,100,3637.0,258
rb1805,20171101,20171031,210628000,3637.0,100270,1412766,3655552140.0,3638.0,101,3637.0,227
rb1805,20171101,20171031,210628500,3637.0,100356,1412806,3658680740.0,3638.0,67,3637.0,146
rb1805,20171101,20171031,210629000,3638.0,100692,1412910,3670904420.0,3639.0,264,3638.0,33
rb1805,20171101,20171031,210629500,3638.0,100848,1412820,3676579760.0,3639.0,282,3638.0,64
rb1805,20171101,20171031,210630000,3638.0,101040,1412878,3683564740.0,3638.0,109,3637.0,154
rb1805,20171101,20171031,210630500,3638.0,101216,1413004,3689967620.0,3638.0,27,3637.0,150
rb1805,20171101,20171031,210631000,3638.0,101488,1413172,3699861200.0,3638.0,1,3637.0,63
rb1805,20171101,20171031,210631500,3638.0,101492,1413174,3700006720.0,3638.0,23,3637.0,91
rb1805,20171101,20171031,210632000,3638.0,101500,1413170,3700297760.0,3638.0,55,3637.0,93
rb1805,20171101,20171031,210632500,3638.0,101512,1413176,3700734260.0,3638.0,130,3637.0,98
rb1805,20171101,20171031,210633000,3638.0,101518,1413182,3700952520.0,3638.0,148,3637.0,156
rb1805,20171101,20171031,210633500,3638.0,101824,1413428,3712084800.0,3639.0,175,3638.0,57
rb1805,20171101,20171031,210634000,3638.0,102200,1413396,3725763620.0,3638.0,130,3637.0,173
rb1805,20171101,20171031,210634500,3638.0,102220,1413398,3726491120.0,3638.0,121,3637.0,197
rb1805,20171101,20171031,210635000,3637.0,102652,1413584,3742205740.0,3638.0,10,3637.0,130
rb1805,20171101,20171031,210635500,3638.0,102894,1413464,3751008460.0,3638.0,8,3637.0,69
rb1805,20171101,20171031,210636000,3638.0,102940,1413476,3752681900.0,3638.0,7,3637.0,135
rb1805,20171101,20171031,210636500,3638.0,102960,1413470,3753409500.0,3639.0,175,3638.0,119
rb1805,20171101,20171031,210637000,3639.0,102972,1413460,3753846080.0,3639.0,170,3638.0,98
rb1805,20171101,20171031,210637500,3638.0,102976,1413456,3753991600.0,3639.0,180,3638.0,114
rb1805,20171101,20171031,210638000,3639.0,103348,1413704,3767528580.0,3640.0,336,3639.0,20
rb1805,20171101,20171031,210638500,3639.0,103434,1413700,3770658120.0,3640.0,346,3639.0,13
rb1805,20171101,20171031,210639000,3639.0,103824,1413784,3784852080.0,3640.0,434,3639.0,21
rb1805,20171101,20171031,210639500,3640.0,103892,1413762,3787326600.0,3640.0,428,3639.0,10
rb1805,20171101,20171031,210640000,3639.0,104334,1413502,3803405580.0,3638.0,1,3637.0,57
rb1805,20171101,20171031,210640500,3639.0,104342,1413502,3803696660.0,3639.0,114,3638.0,11
rb1805,20171101,20171031,210641000,3639.0,104390,1413478,3805443260.0,3639.0,72,3638.0,58
rb1805,20171101,20171031,210641500,3639.0,104416,1413498,3806389400.0,3639.0,123,3638.0,71
rb1805,20171101,20171031,210642000,3639.0,104430,1413488,3806898860.0,3639.0,120,3638.0,79
rb1805,20171101,20171031,210642500,3638.0,104474,1413478,3808499960.0,3639.0,111,3638.0,66
rb1805,20171101,20171031,210643000,3639.0,104482,1413484,3808791080.0,3639.0,133,3638.0,66
rb1805,20171101,20171031,210643500,3639.0,104494,1413494,3809227740.0,3639.0,131,3638.0,67
rb1805,20171101,20171031,210644000,3638.0,104526,1413508,3810392020.0,3639.0,130,3638.0,62
rb1805,20171101,20171031,210644500,3638.0,104536,1413518,3810755840.0,3639.0,129,3638.0,59
rb1805,20171101,20171031,210645000,3638.0,104664,1413512,3815412500.0,3638.0,32,3637.0,105
rb1805,20171101,20171031,210645500,3638.0,104694,1413506,3816503900.0,3638.0,29,3637.0,104
rb1805,20171101,20171031,210646000,3637.0,104700,1413510,3816722140.0,3638.0,17,3637.0,104
rb1805,20171101,20171031,210646500,3638.0,104706,1413512,3816940420.0,3638.0,14,3637.0,128
rb1805,20171101,20171031,210647000,3638.0,104754,1413528,3818686460.0,3639.0,257,3638.0,7
rb1805,20171101,20171031,210647500,3638.0,104776,1413546,3819486840.0,3639.0,278,3638.0,2
rb1805,20171101,20171031,210648000,3636.0,105836,1414008,3858032060.0,3638.0,95,3636.0,628
rb1805,20171101,20171031,210648500,3638.0,106126,1414074,3868582140.0,3639.0,311,3638.0,93
rb1805,20171101,20171031,210649000,3638.0,106346,1414232,3876585540.0,3638.0,67,3636.0,643
rb1805,20171101,20171031,210649500,3638.0,106362,1414222,3877167620.0,3638.0,641,3637.0,34
rb1805,20171101,20171031,210650000,3637.0,106438,1414252,3879931740.0,3637.0,110,3636.0,628
rb1805,20171101,20171031,210650500,3636.0,106448,1414256,3880295420.0,3637.0,55,3636.0,634
rb1805,20171101,20171031,210651000,3636.0,106628,1414430,3886840380.0,3637.0,56,3636.0,552
rb1805,20171101,20171031,210651500,3637.0,106694,1414486,3889240300.0,3637.0,64,3636.0,527
rb1805,20171101,20171031,210652000,3637.0,106742,1414524,3890985900.0,3637.0,66,3636.0,518
rb1805,20171101,20171031,210652500,3637.0,106864,1414604,3895422920.0,3637.0,16,3636.0,515
rb1805,20171101,20171031,210653000,3637.0,106910,1414602,3897095900.0,3638.0,726,3637.0,12
rb1805,20171101,20171031,210653500,3637.0,106938,1414576,3898114260.0,3637.0,1,3636.0,504
rb1805,20171101,20171031,210654000,3636.0,106968,1414580,3899205320.0,3637.0,54,3636.0,515
rb1805,20171101,20171031,210654500,3637.0,106980,1414586,3899641760.0,3637.0,48,3636.0,516
rb1805,20171101,20171031,210655000,3637.0,107036,1414598,3901678160.0,3637.0,68,3636.0,513
rb1805,20171101,20171031,210655500,3636.0,107080,1414602,3903278400.0,3637.0,49,3636.0,514
rb1805,20171101,20171031,210656000,3636.0,107186,1414640,3907132820.0,3637.0,47,3636.0,487
rb1805,20171101,20171031,210656500,3637.0,107208,1414652,3907932840.0,3637.0,42,3636.0,492
rb1805,20171101,20171031,210657000,3637.0,107252,1414644,3909533100.0,3637.0,25,3636.0,493
rb1805,20171101,20171031,210657500,3637.0,107286,1414632,3910769580.0,3637.0,10,3636.0,498
rb1805,20171101,20171031,210658000,3637.0,107332,1414622,3912442600.0,3638.0,724,3637.0,7
rb1805,20171101,20171031,210658500,3637.0,107346,1414622,3912951800.0,3638.0,743,3637.0,36
rb1805,20171101,20171031,210659000,3637.0,107358,1414624,3913388240.0,3638.0,804,3637.0,41
rb1805,20171101,20171031,210659500,3636.0,107542,1414548,3920080280.0,3637.0,525,3636.0,528
rb1805,20171101,20171031,210700000,3637.0,107574,1414550,3921244040.0,3637.0,514,3636.0,524
rb1805,20171101,20171031,210700500,3637.0,107714,1414594,3926335300.0,3637.0,488,3636.0,495
rb1805,20171101,20171031,210701000,3637.0,107742,1414596,3927353620.0,3637.0,488,3636.0,493
rb1805,20171101,20171031,210701500,3636.0,107962,1414636,3935353400.0,3637.0,466,3636.0,395
rb1805,20171101,20171031,210702000,3637.0,108074,1414632,3939425760.0,3637.0,475,3636.0,341
rb1805,20171101,20171031,210702500,3637.0,108106,1414638,3940589440.0,3637.0,468,3636.0,339
rb1805,20171101,20171031,210703000,3637.0,108198,1414694,3943934800.0,3637.0,573,3636.0,317
rb1805,20171101,20171031,210703500,3637.0,108822,1415190,3966623520.0,3637.0,576,3636.0,22
rb1805,20171101,20171031,210704000,3635.0,109050,1415224,3974913700.0,3636.0,6,3635.0,581
rb1805,20171101,20171031,210704500,3636.0,109398,1415154,3987565180.0,3636.0,22,3635.0,483
rb1805,20171101,20171031,210705000,3636.0,109424,1415154,3988510460.0,3636.0,69,3635.0,477
rb1805,20171101,20171031,210705500,3635.0,110094,1415630,4012865000.0,3636.0,572,3635.0,144
rb1805,20171101,20171031,210706000,3636.0,110254,1415680,4018681100.0,3636.0,573,3635.0,61
rb1805,20171101,20171031,210706500,3635.0,110390,1415784,4023624680.0,3635.0,29,3634.0,507
rb1805,20171101,20171031,210707000,3635.0,110536,1415786,4028932220.0,3636.0,550,3635.0,7
rb1805,20171101,20171031,210707500,3635.0,110608,1415796,4031549640.0,3635.0,35,3634.0,506
rb1805,20171101,20171031,210708000,3636.0,110758,1415728,4037002640.0,3636.0,515,3635.0,12
rb1805,20171101,20171031,210708500,3636.0,110894,1415770,4041946460.0,3636.0,503,3635.0,9
rb1805,20171101,20171031,210709000,3635.0,110906,1415776,4042382680.0,3636.0,507,3635.0,158
rb1805,20171101,20171031,210709500,3635.0,111046,1415658,4047471680.0,3636.0,507,3635.0,165
rb1805,20171101,20171031,210710000,3636.0,111148,1415656,4051180000.0,3636.0,477,3635.0,174
rb1805,20171101,20171031,210710500,3635.0,111174,1415652,4052125300.0,3636.0,465,3635.0,181
rb1805,20171101,20171031,210711000,3635.0,111192,1415654,4052779740.0,3636.0,461,3635.0,207
rb1805,20171101,20171031,210711500,3636.0,111212,1415646,4053506800.0,3636.0,458,3635.0,195
rb1805,20171101,20171031,210712000,3636.0,111296,1415722,4056560540.0,3636.0,447,3635.0,203
rb1805,20171101,20171031,210712500,3635.0,111328,1415704,4057723800.0,3636.0,448,3635.0,198
rb1805,20171101,20171031,210713000,3635.0,111504,1415696,4064122060.0,3636.0,414,3635.0,167
rb1805,20171101,20171031,210713500,3635.0,111548,1415740,4065721480.0,3636.0,414,3635.0,145
rb1805,20171101,20171031,210714000,3635.0,111578,1415752,4066812080.0,3636.0,435,3635.0,137
rb1805,20171101,20171031,210714500,3636.0,111598,1415750,4067539120.0,3636.0,433,3635.0,133
rb1805,20171101,20171031,210715000,3636.0,111728,1415852,4072265880.0,3636.0,370,3635.0,139
rb1805,20171101,20171031,210715500,3636.0,111878,1415862,4077719820.0,3636.0,293,3635.0,138
rb1805,20171101,20171031,210716000,3636.0,111928,1415876,4079537820.0,3636.0,270,3635.0,165
rb1805,20171101,20171031,210716500,3636.0,112462,1416242,4098954040.0,3636.0,4,3635.0,176
rb1805,20171101,20171031,210717000,3636.0,112484,1416234,4099753960.0,3637.0,576,3636.0,318
rb1805,20171101,20171031,210717500,3636.0,112590,1416236,4103609160.0,3637.0,486,3636.0,364
rb1805,20171101,20171031,210718000,3636.0,112994,1416464,4118302600.0,3637.0,279,3636.0,401
rb1805,20171101,20171031,210718500,3637.0,113564,1416902,4139033500.0,3638.0,81,3637.0,134
rb1805,20171101,20171031,210719000,3637.0,113724,1416962,4144853320.0,3638.0,50,3637.0,131
rb1805,20171101,20171031,210719500,3638.0,113756,1416984,4146017180.0,3638.0,54,3637.0,136
rb1805,20171101,20171031,210720000,3638.0,113984,1417050,4154309820.0,3638.0,46,3637.0,46
rb1805,20171101,20171031,210720500,3637.0,114104,1417000,4158674200.0,3637.0,21,3636.0,314
rb1805,20171101,20171031,210721000,3637.0,114130,1416988,4159619820.0,3637.0,7,3636.0,295
rb1805,20171101,20171031,210721500,3637.0,114148,1417002,4160274480.0,3638.0,79,3637.0,1
rb1805,20171101,20171031,210722000,3637.0,114174,1416996,4161220100.0,3637.0,192,3636.0,294
rb1805,20171101,20171031,210722500,3637.0,114184,1416992,4161583800.0,3637.0,179,3636.0,291
rb1805,20171101,20171031,210723000,3637.0,114248,1416960,4163911380.0,3637.0,151,3636.0,288
rb1805,20171101,20171031,210723500,3637.0,114256,1416956,4164202340.0,3637.0,149,3636.0,289
rb1805,20171101,20171031,210724000,3637.0,114310,1416940,4166166300.0,3637.0,123,3636.0,300
rb1805,20171101,20171031,210724500,3636.0,114320,1416938,4166529920.0,3637.0,147,3636.0,292
rb1805,20171101,20171031,210725000,3637.0,114328,1416938,4166820860.0,3637.0,145,3636.0,292
rb1805,20171101,20171031,210725500,3637.0,114424,1416860,4170312360.0,3637.0,100,3636.0,297
rb1805,20171101,20171031,210726000,3637.0,114510,1416810,4173440180.0,3637.0,57,3636.0,300
rb1805,20171101,20171031,210726500,3637.0,114684,1416848,4179768560.0,3638.0,82,3637.0,321
rb1805,20171101,20171031,210727000,3637.0,114696,1416856,4180205020.0,3638.0,79,3637.0,259
rb1805,20171101,20171031,210727500,3638.0,114714,1416858,4180859760.0,3638.0,81,3637.0,240
rb1805,20171101,20171031,210728000,3638.0,114732,1416860,4181514460.0,3638.0,87,3637.0,238
rb1805,20171101,20171031,210728500,3638.0,114766,1416876,4182751140.0,3638.0,93,3637.0,235
rb1805,20171101,20171031,210729000,3638.0,114910,1416900,4187988580.0,3638.0,95,3637.0,174
rb1805,20171101,20171031,210729500,3638.0,114936,1416902,4188934340.0,3638.0,77,3637.0,168
rb1805,20171101,20171031,210730000,3638.0,115096,1416876,4194754620.0,3638.0,25,3637.0,144
rb1805,20171101,20171031,210730500,3638.0,115158,1416854,4197010180.0,3639.0,244,3638.0,48
rb1805,20171101,20171031,210731000,3639.0,115188,1416854,4198101600.0,3639.0,263,3638.0,27
rb1805,20171101,20171031,210731500,3638.0,115310,1416896,4202539880.0,3639.0,264,3638.0,6
rb1805,20171101,20171031,210732000,3638.0,115506,1416848,4209670360.0,3638.0,94,3637.0,131
rb1805,20171101,20171031,210732500,3637.0,115532,1416860,4210616100.0,3638.0,73,3637.0,128
rb1805,20171101,20171031,210733000,3637.0,115558,1416856,4211561960.0,3638.0,63,3637.0,128
rb1805,20171101,20171031,210733500,3638.0,115582,1416846,4212435040.0,3638.0,69,3637.0,129
rb1805,20171101,20171031,210734000,3638.0,115590,1416846,4212726080.0,3638.0,68,3637.0,135
rb1805,20171101,20171031,210734500,3638.0,115600,1416848,4213089880.0,3638.0,63,3637.0,135
rb1805,20171101,20171031,210735000,3638.0,115608,1416852,4213380920.0,3638.0,60,3637.0,135
rb1805,20171101,20171031,210735500,3638.0,115740,1416924,4218183160.0,3639.0,251,3638.0,49
rb1805,20171101,20171031,210736000,3639.0,115952,1416868,4225896140.0,3639.0,246,3637.0,143
rb1805,20171101,20171031,210736500,3638.0,116060,1416774,4229825160.0,3638.0,13,3637.0,146
rb1805,20171101,20171031,210737000,3638.0,116074,1416780,4230334500.0,3638.0,22,3637.0,149
rb1805,20171101,20171031,210737500,3639.0,116154,1416710,4233245060.0,3639.0,222,3637.0,171
rb1805,20171101,20171031,210738000,3639.0,116206,1416700,4235137340.0,3639.0,196,3638.0,4
rb1805,20171101,20171031,210738500,3639.0,116636,1417038,4250784920.0,3640.0,464,3639.0,391
rb1805,20171101,20171031,210739000,3639.0,116648,1417040,4251221600.0,3640.0,464,3639.0,386
rb1805,20171101,20171031,210739500,3639.0,116774,1417046,4255806740.0,3640.0,464,3639.0,345
rb1805,20171101,20171031,210740000,3639.0,116778,1417048,4255952320.0,3640.0,462,3639.0,345
rb1805,20171101,20171031,210740500,3640.0,116784,1417048,4256170720.0,3640.0,459,3639.0,346
rb1805,20171101,20171031,210741000,3640.0,116798,1417052,4256680300.0,3640.0,457,3639.0,525
rb1805,20171101,20171031,210741500,3640.0,117134,1416968,4268910640.0,3640.0,352,3639.0,545
rb1805,20171101,20171031,210742000,3640.0,117286,1417086,4274442900.0,3640.0,317,3639.0,525
rb1805,20171101,20171031,210742500,3640.0,117440,1417156,4280048480.0,3640.0,301,3639.0,509
rb1805,20171101,20171031,210743000,3639.0,117538,1417246,4283615240.0,3640.0,288,3639.0,486
rb1805,20171101,20171031,210743500,3640.0,117578,1417228,4285071220.0,3640.0,271,3639.0,486
rb1805,20171101,20171031,210744000,3640.0,117608,1417222,4286163220.0,3640.0,264,3639.0,486
rb1805,20171101,20171031,210744500,3640.0,117770,1417234,4292060020.0,3640.0,183,3639.0,489
rb1805,20171101,20171031,210745000,3640.0,117786,1417234,4292642380.0,3640.0,202,3639.0,487
rb1805,20171101,20171031,210745500,3640.0,117920,1417184,4297519760.0,3640.0,208,3639.0,477
rb1805,20171101,20171031,210746000,3640.0,118046,1417206,4302105820.0,3640.0,164,3639.0,461
rb1805,20171101,20171031,210746500,3640.0,118094,1417192,4303853020.0,3640.0,142,3639.0,461
rb1805,20171101,20171031,210747000,3640.0,118126,1417178,4305017800.0,3640.0,157,3639.0,474
rb1805,20171101,20171031,210747500,3640.0,118210,1417188,4308075380.0,3640.0,118,3639.0,497
rb1805,20171101,20171031,210748000,3640.0,118232,1417172,4308876180.0,3640.0,117,3639.0,501
rb1805,20171101,20171031,210748500,3640.0,118328,1417224,4312370540.0,3640.0,76,3639.0,499
rb1805,20171101,20171031,210749000,3640.0,118350,1417244,4313171340.0,3640.0,96,3639.0,499
rb1805,20171101,20171031,210749500,3639.0,118386,1417262,4314481720.0,3640.0,85,3639.0,499
rb1805,20171101,20171031,210750000,3640.0,118404,1417270,4315136900.0,3640.0,128,3639.0,499
rb1805,20171101,20171031,210750500,3640.0,118432,1417284,4316156100.0,3640.0,116,3639.0,503
rb1805,20171101,20171031,210751000,3640.0,118550,1417292,4320451260.0,3640.0,78,3639.0,511
rb1805,20171101,20171031,210751500,3640.0,118572,1417302,4321252040.0,3640.0,124,3639.0,515
rb1805,20171101,20171031,210752000,3640.0,118628,1417296,4323290420.0,3640.0,113,3639.0,515
rb1805,20171101,20171031,210752500,3639.0,118706,1417352,4326129060.0,3640.0,133,3639.0,487
rb1805,20171101,20171031,210753000,3640.0,118814,1417424,4330060260.0,3640.0,80,3639.0,488
rb1805,20171101,20171031,210753500,3639.0,118876,1417406,4332316860.0,3640.0,64,3639.0,478
rb1805,20171101,20171031,210754000,3640.0,118990,1417322,4336466380.0,3640.0,13,3639.0,475
rb1805,20171101,20171031,210754500,3640.0,119220,1417340,4344836380.0,3640.0,83,3639.0,375
rb1805,20171101,20171031,210755000,3640.0,119236,1417352,4345418780.0,3640.0,76,3639.0,375
rb1805,20171101,20171031,210755500,3640.0,119242,1417354,4345637160.0,3640.0,150,3639.0,375
rb1805,20171101,20171031,210756000,3640.0,119284,1417384,4347165960.0,3640.0,251,3639.0,384
rb1805,20171101,20171031,210756500,3640.0,119332,1417390,4348913160.0,3640.0,233,3639.0,384
rb1805,20171101,20171031,210757000,3640.0,119458,1417510,4353498760.0,3640.0,216,3639.0,345
rb1805,20171101,20171031,210757500,3640.0,119464,1417510,4353717120.0,3640.0,227,3639.0,343
rb1805,20171101,20171031,210758000,3639.0,119472,1417518,4354008280.0,3640.0,240,3639.0,345
rb1805,20171101,20171031,210758500,3639.0,119480,1417518,4354299400.0,3640.0,251,3639.0,357
rb1805,20171101,20171031,210759000,3640.0,120026,1417788,4374173780.0,3640.0,1,3639.0,376
rb1805,20171101,20171031,210759500,3640.0,120072,1417778,4375848180.0,3641.0,437,3640.0,114
rb1805,20171101,20171031,210800000,3640.0,120088,1417778,4376430580.0,3641.0,437,3640.0,36
rb1805,20171101,20171031,210800500,3640.0,120126,1417788,4377813780.0,3641.0,437,3640.0,19
rb1805,20171101,20171031,210801000,3640.0,120232,1417836,4381672180.0,3640.0,36,3639.0,379
rb1805,20171101,20171031,210801500,3640.0,120356,1417868,4386185780.0,3641.0,437,3640.0,98
rb1805,20171101,20171031,210802000,3640.0,120372,1417870,4386768280.0,3641.0,474,3640.0,59
rb1805,20171101,20171031,210802500,3640.0,120508,1417790,4391718680.0,3640.0,182,3639.0,382
rb1805,20171101,20171031,210803000,3640.0,120582,1417728,4394412260.0,3640.0,149,3639.0,378
rb1805,20171101,20171031,210803500,3639.0,120786,1417686,4401836220.0,3640.0,153,3639.0,281
rb1805,20171101,20171031,210804000,3640.0,121368,1417886,4423015320.0,3639.0,83,3638.0,138
rb1805,20171101,20171031,210804500,3638.0,121534,1417816,4429054620.0,3639.0,152,3638.0,66
rb1805,20171101,20171031,210805000,3639.0,121556,1417800,4429855180.0,3639.0,171,3638.0,79
rb1805,20171101,20171031,210805500,3638.0,121748,1417776,4436840120.0,3638.0,14,3637.0,142
rb1805,20171101,20171031,210806000,3638.0,121812,1417780,4439168400.0,3638.0,2,3637.0,149
rb1805,20171101,20171031,210806500,3639.0,121834,1417776,4439968840.0,3639.0,80,3638.0,10
rb1805,20171101,20171031,210807000,3639.0,121854,1417774,4440696540.0,3639.0,86,3638.0,34
rb1805,20171101,20171031,210807500,3639.0,121854,1417774,4440696540.0,3639.0,72,3638.0,62
rb1805,20171101,20171031,210808000,3639.0,121902,1417742,4442442860.0,3639.0,42,3638.0,52
rb1805,20171101,20171031,210808500,3638.0,121940,1417740,4443825640.0,3639.0,20,3638.0,60
rb1805,20171101,20171031,210809000,3638.0,122064,1417768,4448336800.0,3638.0,138,3637.0,243
rb1805,20171101,20171031,210809500,3638.0,122190,1417722,4452919520.0,3638.0,134,3637.0,190
rb1805,20171101,20171031,210810000,3638.0,122206,1417728,4453501580.0,3638.0,137,3637.0,184
rb1805,20171101,20171031,210810500,3637.0,122590,1417622,4467467760.0,3637.0,313,3636.0,255
rb1805,20171101,20171031,210811000,3638.0,123350,1417290,4495109420.0,3638.0,105,3637.0,5
rb1805,20171101,20171031,210811500,3638.0,123588,1417296,4503767960.0,3639.0,23,3637.0,127
rb1805,20171101,20171031,210812000,3638.0,123656,1417308,4506242320.0,3639.0,44,3638.0,27
rb1805,20171101,20171031,210812500,3638.0,123690,1417312,4507479400.0,3639.0,64,3638.0,22
rb1805,20171101,20171031,210813000,3637.0,123758,1417320,4509952800.0,3638.0,31,3637.0,82
rb1805,20171101,20171031,210813500,3637.0,123828,1417308,4512499340.0,3638.0,9,3637.0,86
rb1805,20171101,20171031,210814000,3638.0,123862,1417316,4513736260.0,3639.0,71,3638.0,10
rb1805,20171101,20171031,210814500,3638.0,123894,1417336,4514900440.0,3638.0,69,3637.0,99
rb1805,20171101,20171031,210815000,3637.0,123926,1417326,4516064440.0,3638.0,73,3637.0,94
rb1805,20171101,20171031,210815500,3637.0,123978,1417300,4517956100.0,3638.0,54,3637.0,96
rb1805,20171101,20171031,210816000,3638.0,124012,1417266,4519192800.0,3638.0,55,3637.0,81
rb1805,20171101,20171031,210816500,3637.0,124060,1417238,4520938560.0,3638.0,61,3637.0,51
rb1805,20171101,20171031,210817000,3638.0,124144,1417262,4523993920.0,3638.0,44,3637.0,30
rb1805,20171101,20171031,210817500,3638.0,124174,1417256,4525085180.0,3638.0,37,3637.0,21
rb1805,20171101,20171031,210818000,3638.0,124258,1417242,4528140600.0,3638.0,22,3636.0,368
rb1805,20171101,20171031,210818500,3638.0,124308,1417236,4529959580.0,3638.0,2,3637.0,14
rb1805,20171101,20171031,210819000,3638.0,124312,1417234,4530105100.0,3639.0,98,3638.0,16
rb1805,20171101,20171031,210819500,3638.0,124364,1417198,4531996820.0,3638.0,25,3637.0,27
rb1805,20171101,20171031,210820000,3637.0,124564,1417026,4539270820.0,3637.0,200,3636.0,320
rb1805,20171101,20171031,210820500,3637.0,124692,1417020,4543926160.0,3637.0,139,3636.0,376
rb1805,20171101,20171031,210821000,3638.0,125012,1417018,4555564980.0,3638.0,47,3637.0,42
rb1805,20171101,20171031,210821500,3637.0,125084,1417072,4558183620.0,3638.0,102,3637.0,88
rb1805,20171101,20171031,210822000,3638.0,125104,1417064,4558911220.0,3638.0,93,3637.0,97
rb1805,20171101,20171031,210822500,3637.0,125436,1417088,4570986300.0,3637.0,167,3636.0,321
rb1805,20171101,20171031,210823000,3637.0,125536,1416994,4574623280.0,3637.0,148,3636.0,334
rb1805,20171101,20171031,210823500,3636.0,125552,1416990,4575205120.0,3637.0,146,3636.0,311
rb1805,20171101,20171031,210824000,3637.0,125562,1416984,4575568820.0,3637.0,141,3636.0,321
rb1805,20171101,20171031,210824500,3636.0,125764,1417084,4582913740.0,3637.0,137,3636.0,233
rb1805,20171101,20171031,210825000,3637.0,125816,1417052,4584804900.0,3637.0,108,3636.0,239
rb1805,20171101,20171031,210825500,3637.0,126032,1416896,4592660820.0,3638.0,103,3637.0,82
rb1805,20171101,20171031,210826000,3637.0,126064,1416924,4593824860.0,3638.0,97,3637.0,29
rb1805,20171101,20171031,210826500,3637.0,126114,1416926,4595643380.0,3638.0,48,3637.0,42
rb1805,20171101,20171031,210827000,3637.0,126156,1416928,4597171160.0,3638.0,35,3637.0,39
rb1805,20171101,20171031,210827500,3637.0,126402,1416962,4606119180.0,3637.0,112,3636.0,765
rb1805,20171101,20171031,210828000,3637.0,126436,1416956,4607355720.0,3637.0,104,3636.0,757
rb1805,20171101,20171031,210828500,3637.0,126644,1416770,4614920680.0,3638.0,41,3636.0,763
rb1805,20171101,20171031,210829000,3637.0,126650,1416774,4615138900.0,3637.0,8,3636.0,758
rb1805,20171101,20171031,210829500,3637.0,126672,1416772,4615939080.0,3638.0,56,3637.0,73
rb1805,20171101,20171031,210830000,3637.0,126748,1416700,4618703220.0,3638.0,64,3637.0,62
rb1805,20171101,20171031,210830500,3637.0,126748,1416700,4618703220.0,3638.0,52,3637.0,80
rb1805,20171101,20171031,210831000,3638.0,126774,1416682,4619648860.0,3638.0,32,3637.0,83
rb1805,20171101,20171031,210831500,3638.0,126780,1416682,4619867120.0,3638.0,32,3637.0,144
rb1805,20171101,20171031,210832000,3638.0,126782,1416682,4619939880.0,3638.0,23,3637.0,208
rb1805,20171101,20171031,210832500,3638.0,126906,1416688,4624449860.0,3638.0,19,3637.0,153
rb1805,20171101,20171031,210833000,3637.0,127084,1416782,4630923740.0,3638.0,25,3637.0,68
rb1805,20171101,20171031,210833500,3637.0,127090,1416782,4631141980.0,3638.0,81,3637.0,67
rb1805,20171101,20171031,210834000,3637.0,127106,1416782,4631723900.0,3638.0,88,3637.0,109
rb1805,20171101,20171031,210834500,3637.0,127182,1416754,4634488020.0,3638.0,99,3637.0,87
rb1805,20171101,20171031,210835000,3637.0,127364,1416750,4641107360.0,3637.0,121,3636.0,715
rb1805,20171101,20171031,210835500,3638.0,127476,1416764,4645181000.0,3638.0,92,3636.0,719
rb1805,20171101,20171031,210836000,3637.0,127494,1416750,4645835660.0,3637.0,1,3636.0,719
rb1805,20171101,20171031,210836500,3636.0,127658,1416712,4651799700.0,3638.0,92,3636.0,698
rb1805,20171101,20171031,210837000,3637.0,127666,1416714,4652090660.0,3638.0,143,3636.0,707
rb1805,20171101,20171031,210837500,3636.0,127818,1416756,4657619500.0,3638.0,92,3636.0,686
rb1805,20171101,20171031,210838000,3637.0,127822,1416758,4657764980.0,3638.0,92,3637.0,48
rb1805,20171101,20171031,210838500,3637.0,127832,1416766,4658128700.0,3638.0,90,3637.0,46
rb1805,20171101,20171031,210839000,3637.0,127970,1416874,4663147760.0,3637.0,431,3636.0,691
rb1805,20171101,20171031,210839500,3637.0,128004,1416900,4664384340.0,3637.0,416,3636.0,698
rb1805,20171101,20171031,210840000,3636.0,128206,1416922,4671730080.0,3637.0,365,3636.0,648
rb1805,20171101,20171031,210840500,3637.0,128530,1417114,4683513800.0,3637.0,216,3636.0,641
rb1805,20171101,20171031,210841000,3637.0,128924,1417238,4697842900.0,3637.0,53,3636.0,611
rb1805,20171101,20171031,210841500,3637.0,129038,1417338,4701988940.0,3637.0,38,3636.0,608
rb1805,20171101,20171031,210842000,3637.0,129170,1417438,4706788540.0,3637.0,35,3636.0,547
rb1805,20171101,20171031,210842500,3637.0,129250,1417506,4709698100.0,3638.0,39,3637.0,20
rb1805,20171101,20171031,210843000,3637.0,129436,1417468,4716462880.0,3637.0,75,3636.0,531
rb1805,20171101,20171031,210843500,3637.0,129482,1417468,4718135900.0,3637.0,53,3636.0,533
rb1805,20171101,20171031,210844000,3637.0,129508,1417490,4719081300.0,3637.0,51,3636.0,523
rb1805,20171101,20171031,210844500,3636.0,129698,1417544,4725990200.0,3637.0,149,3636.0,454
rb1805,20171101,20171031,210845000,3636.0,129734,1417536,4727299440.0,3637.0,146,3636.0,500
rb1805,20171101,20171031,210845500,3637.0,129748,1417546,4727808520.0,3637.0,144,3636.0,497
rb1805,20171101,20171031,210846000,3636.0,129762,1417546,4728317600.0,3637.0,144,3636.0,492
rb1805,20171101,20171031,210846500,3637.0,129876,1417594,4732463740.0,3637.0,92,3636.0,491
rb1805,20171101,20171031,210847000,3637.0,129886,1417600,4732827420.0,3637.0,102,3636.0,541
rb1805,20171101,20171031,210847500,3636.0,129924,1417602,4734209100.0,3637.0,102,3636.0,528
rb1805,20171101,20171031,210848000,3636.0,129982,1417608,4736317980.0,3637.0,102,3636.0,501
rb1805,20171101,20171031,210848500,3637.0,129998,1417612,4736899760.0,3637.0,101,3636.0,497
rb1805,20171101,20171031,210849000,3636.0,130368,1417718,4750353980.0,3637.0,52,3636.0,363
rb1805,20171101,20171031,210849500,3636.0,130656,1417786,4760825720.0,3637.0,76,3636.0,229
rb1805,20171101,20171031,210850000,3637.0,131060,1417870,4775515680.0,3637.0,61,3636.0,55
rb1805,20171101,20171031,210850500,3636.0,131192,1417898,4780315200.0,3636.0,12,3635.0,474
rb1805,20171101,20171031,210851000,3635.0,131274,1417856,4783296680.0,3636.0,8,3635.0,463
rb1805,20171101,20171031,210851500,3637.0,131318,1417836,4784896600.0,3636.0,5,3635.0,450
rb1805,20171101,20171031,210852000,3635.0,131338,1417830,4785623660.0,3636.0,6,3635.0,442
rb1805,20171101,20171031,210852500,3637.0,131388,1417834,4787441560.0,3637.0,80,3636.0,7
rb1805,20171101,20171031,210853000,3635.0,131406,1417840,4788096000.0,3636.0,13,3635.0,434
rb1805,20171101,20171031,210853500,3636.0,131432,1417840,4789041360.0,3637.0,76,3635.0,509
rb1805,20171101,20171031,210854000,3636.0,131520,1417844,4792241060.0,3637.0,90,3636.0,11
rb1805,20171101,20171031,210854500,3636.0,131544,1417842,4793113700.0,3637.0,90,3636.0,52
rb1805,20171101,20171031,210855000,3637.0,131548,1417842,4793259160.0,3637.0,89,3636.0,235
rb1805,20171101,20171031,210855500,3637.0,131754,1418030,4800751360.0,3637.0,14,3636.0,270
rb1805,20171101,20171031,210856000,3636.0,131766,1418036,4801187720.0,3637.0,16,3636.0,275
rb1805,20171101,20171031,210856500,3636.0,131784,1418046,4801842240.0,3637.0,15,3636.0,270
rb1805,20171101,20171031,210857000,3636.0,131832,1418054,4803587540.0,3637.0,23,3636.0,257
rb1805,20171101,20171031,210857500,3636.0,131858,1418080,4804532900.0,3637.0,21,3636.0,244
rb1805,20171101,20171031,210858000,3637.0,131868,1418088,4804896540.0,3637.0,19,3636.0,252
rb1805,20171101,20171031,210858500,3636.0,131876,1418088,4805187440.0,3637.0,18,3636.0,262
rb1805,20171101,20171031,210859000,3637.0,131902,1418088,4806133020.0,3637.0,11,3636.0,271
rb1805,20171101,20171031,210859500,3636.0,131916,1418090,4806642180.0,3637.0,5,3636.0,260
rb1805,20171101,20171031,210900000,3637.0,131926,1418090,4807005860.0,3637.0,17,3636.0,253
rb1805,20171101,20171031,210900500,3637.0,131956,1418088,4808096800.0,3637.0,77,3636.0,245
rb1805,20171101,20171031,210901000,3636.0,132024,1418108,4810569300.0,3637.0,137,3636.0,213
rb1805,20171101,20171031,210901500,3636.0,132132,1418188,4814496440.0,3637.0,148,3636.0,173
rb1805,20171101,20171031,210902000,3636.0,132484,1418324,4827295160.0,3636.0,190,3635.0,590
rb1805,20171101,20171031,210902500,3636.0,132520,1418292,4828604120.0,3636.0,94,3635.0,590
rb1805,20171101,20171031,210903000,3637.0,132730,1418220,4836239900.0,3637.0,82,3636.0,48
rb1805,20171101,20171031,210903500,3636.0,132784,1418190,4838203360.0,3637.0,81,3636.0,25
rb1805,20171101,20171031,210904000,3637.0,132794,1418186,4838566980.0,3637.0,81,3636.0,52
rb1805,20171101,20171031,210904500,3636.0,132878,1418182,4841621220.0,3637.0,82,3636.0,10
rb1805,20171101,20171031,210905000,3636.0,132878,1418182,4841621220.0,3637.0,85,3636.0,49
rb1805,20171101,20171031,210905500,3636.0,132898,1418180,4842348600.0,3637.0,80,3636.0,64
rb1805,20171101,20171031,210906000,3636.0,132974,1418192,4845111980.0,3637.0,80,3636.0,48
rb1805,20171101,20171031,210906500,3637.0,133138,1418336,4851076620.0,3638.0,88,3637.0,120
rb1805,20171101,20171031,210907000,3638.0,133490,1418330,4863880520.0,3638.0,5,3637.0,34
rb1805,20171101,20171031,210907500,3637.0,133562,1418380,4866499180.0,3638.0,9,3637.0,28
rb1805,20171101,20171031,210908000,3638.0,133584,1418380,4867299440.0,3638.0,3,3637.0,24
rb1805,20171101,20171031,210908500,3638.0,133648,1418380,4869627820.0,3639.0,178,3638.0,188
rb1805,20171101,20171031,210909000,3639.0,133668,1418392,4870355460.0,3639.0,178,3638.0,180
rb1805,20171101,20171031,210909500,3638.0,133760,1418446,4873702540.0,3639.0,174,3638.0,141
rb1805,20171101,20171031,210910000,3637.0,134210,1418362,4890072700.0,3638.0,1,3637.0,56
rb1805,20171101,20171031,210910500,3638.0,134228,1418376,4890727380.0,3638.0,4,3637.0,49
rb1805,20171101,20171031,210911000,3638.0,134296,1418382,4893200700.0,3638.0,19,3637.0,40
rb1805,20171101,20171031,210911500,3637.0,134308,1418390,4893637160.0,3638.0,20,3637.0,35
rb1805,20171101,20171031,210912000,3637.0,134318,1418398,4894000880.0,3638.0,34,3637.0,25
rb1805,20171101,20171031,210912500,3637.0,134346,1418378,4895019460.0,3638.0,48,3637.0,45
rb1805,20171101,20171031,210913000,3638.0,134392,1418378,4896692900.0,3638.0,32,3637.0,111
