instrument,tradingday,calendarday,time,lastp,volume,openinterest,turnover,ask1,asksz1,bid1,bidsz1
rb1805,20171122,20171121,183329500,3763.0,0,2190902,0.0,0.0,0,0.0,0
rb1805,20171122,20171121,205900500,3769.0,1610,2190494,60680900.0,3769.0,106,3768.0,71
rb1805,20171122,20171121,210000500,3769.0,2862,2190810,107870720.0,3770.0,1,3769.0,789
rb1805,20171122,20171121,210001000,3770.0,4704,2190972,177320540.0,3772.0,107,3769.0,837
rb1805,20171122,20171121,210001500,3770.0,5958,2190800,224607040.0,3771.0,16,3770.0,156
rb1805,20171122,20171121,210002000,3771.0,6428,2190740,242330660.0,3771.0,119,3770.0,155
rb1805,20171122,20171121,210002500,3769.0,7112,2190568,268121080.0,3770.0,1,3769.0,919
rb1805,20171122,20171121,210003000,3769.0,7562,2190714,285085360.0,3770.0,7,3769.0,1067
rb1805,20171122,20171121,210003500,3770.0,8002,2190702,301673640.0,3772.0,104,3770.0,25
rb1805,20171122,20171121,210004000,3769.0,8392,2190884,316376520.0,3770.0,3,3769.0,977
rb1805,20171122,20171121,210004500,3770.0,8758,2191130,330174940.0,3771.0,105,3770.0,90
rb1805,20171122,20171121,210005000,3771.0,9166,2191026,345559380.0,3772.0,116,3770.0,51
rb1805,20171122,20171121,210005500,3772.0,9464,2191048,356795000.0,3772.0,125,3770.0,128
rb1805,20171122,20171121,210006000,3772.0,10626,2191136,400629220.0,3773.0,195,3772.0,212
rb1805,20171122,20171121,210006500,3772.0,11104,2191294,418659440.0,3773.0,148,3772.0,132
rb1805,20171122,20171121,210007000,3772.0,11872,2191358,447627560.0,3772.0,93,3771.0,27
rb1805,20171122,20171121,210007500,3771.0,12032,2191442,453661340.0,3771.0,2,3770.0,158
rb1805,20171122,20171121,210008000,3771.0,12256,2191610,462108300.0,3771.0,48,3770.0,146
rb1805,20171122,20171121,210008500,3770.0,12442,2191718,469120860.0,3771.0,210,3770.0,71
rb1805,20171122,20171121,210009000,3771.0,12894,2192006,486163360.0,3771.0,231,3769.0,920
rb1805,20171122,20171121,210009500,3770.0,12942,2192008,487973020.0,3770.0,62,3769.0,913
rb1805,20171122,20171121,210010000,3770.0,13962,2192828,526417000.0,3770.0,82,3769.0,412
rb1805,20171122,20171121,210010500,3769.0,15092,2193446,569006480.0,3769.0,209,3768.0,53
rb1805,20171122,20171121,210011000,3768.0,15268,2193506,575638260.0,3768.0,324,3767.0,34
rb1805,20171122,20171121,210011500,3767.0,15466,2193448,583096900.0,3767.0,383,3766.0,596
rb1805,20171122,20171121,210012000,3766.0,16980,2193374,640115280.0,3766.0,161,3765.0,984
rb1805,20171122,20171121,210012500,3767.0,17470,2193176,658567460.0,3767.0,76,3765.0,925
rb1805,20171122,20171121,210013000,3766.0,17814,2193396,671523620.0,3766.0,11,3765.0,884
rb1805,20171122,20171121,210013500,3766.0,17918,2193428,675440340.0,3766.0,1,3765.0,1012
rb1805,20171122,20171121,210014000,3766.0,18078,2193480,681465600.0,3766.0,58,3765.0,998
rb1805,20171122,20171121,210014500,3766.0,18420,2193638,694344560.0,3767.0,167,3766.0,86
rb1805,20171122,20171121,210015000,3767.0,18778,2193640,707830340.0,3768.0,211,3767.0,135
rb1805,20171122,20171121,210015500,3767.0,18932,2193774,713631560.0,3768.0,215,3767.0,212
rb1805,20171122,20171121,210016000,3767.0,19018,2193812,716871220.0,3768.0,213,3767.0,173
rb1805,20171122,20171121,210016500,3768.0,19294,2193840,727268320.0,3768.0,205,3767.0,49
rb1805,20171122,20171121,210017000,3767.0,19408,2193830,731562920.0,3768.0,194,3767.0,13
rb1805,20171122,20171121,210017500,3767.0,19938,2194202,751531820.0,3768.0,40,3767.0,7
rb1805,20171122,20171121,210018000,3768.0,20070,2194260,756505440.0,3769.0,699,3768.0,449
rb1805,20171122,20171121,210018500,3768.0,20386,2194304,768412520.0,3769.0,735,3768.0,597
rb1805,20171122,20171121,210019000,3769.0,20506,2194356,772934580.0,3769.0,747,3768.0,570
rb1805,20171122,20171121,210019500,3768.0,20524,2194366,773612860.0,3769.0,730,3768.0,577
rb1805,20171122,20171121,210020000,3768.0,20856,2194444,786125540.0,3769.0,582,3768.0,642
rb1805,20171122,20171121,210020500,3768.0,21728,2195026,818985360.0,3769.0,337,3768.0,350
rb1805,20171122,20171121,210021000,3768.0,21788,2195024,821246520.0,3769.0,350,3768.0,345
rb1805,20171122,20171121,210021500,3769.0,21854,2195030,823733600.0,3769.0,342,3768.0,330
rb1805,20171122,20171121,210022000,3768.0,22024,2195060,830140300.0,3769.0,288,3768.0,300
rb1805,20171122,20171121,210022500,3768.0,22474,2195364,847099020.0,3769.0,157,3768.0,211
rb1805,20171122,20171121,210023000,3769.0,22504,2195380,848229520.0,3769.0,169,3768.0,204
rb1805,20171122,20171121,210023500,3768.0,23128,2195352,871743960.0,3768.0,397,3767.0,250
rb1805,20171122,20171121,210024000,3768.0,23366,2195434,880710760.0,3768.0,336,3767.0,202
rb1805,20171122,20171121,210024500,3768.0,24062,2195656,906935940.0,3769.0,152,3768.0,165
rb1805,20171122,20171121,210025000,3768.0,24110,2195674,908744620.0,3769.0,187,3768.0,159
rb1805,20171122,20171121,210025500,3768.0,24154,2195698,910402760.0,3769.0,184,3768.0,160
rb1805,20171122,20171121,210026000,3769.0,24656,2195936,929322760.0,3770.0,219,3769.0,24
rb1805,20171122,20171121,210026500,3770.0,24794,2196006,934523720.0,3770.0,219,3769.0,91
rb1805,20171122,20171121,210027000,3769.0,24926,2195886,939498800.0,3770.0,220,3769.0,47
rb1805,20171122,20171121,210027500,3770.0,25520,2196210,961891640.0,3771.0,99,3770.0,277
rb1805,20171122,20171121,210028000,3770.0,25598,2196280,964832240.0,3771.0,100,3770.0,243
rb1805,20171122,20171121,210028500,3771.0,25804,2196442,972598780.0,3771.0,108,3770.0,158
rb1805,20171122,20171121,210029000,3770.0,25902,2196486,976293620.0,3771.0,113,3770.0,126
rb1805,20171122,20171121,210029500,3770.0,25918,2196498,976896840.0,3771.0,101,3770.0,123
rb1805,20171122,20171121,210030000,3771.0,26150,2196450,985645480.0,3772.0,457,3771.0,299
rb1805,20171122,20171121,210030500,3772.0,26240,2196396,989039580.0,3772.0,450,3771.0,374
rb1805,20171122,20171121,210031000,3771.0,26352,2196370,993263440.0,3772.0,444,3771.0,351
rb1805,20171122,20171121,210031500,3772.0,27332,2196244,1030226380.0,3772.0,146,3771.0,320
rb1805,20171122,20171121,210032000,3771.0,27594,2196406,1040108400.0,3772.0,76,3771.0,293
rb1805,20171122,20171121,210032500,3771.0,27680,2196390,1043351980.0,3772.0,42,3771.0,279
rb1805,20171122,20171121,210033000,3772.0,27806,2196424,1048104520.0,3773.0,175,3772.0,190
rb1805,20171122,20171121,210033500,3772.0,27840,2196452,1049387000.0,3773.0,186,3772.0,201
rb1805,20171122,20171121,210034000,3772.0,28226,2196820,1063947020.0,3773.0,209,3772.0,19
rb1805,20171122,20171121,210034500,3772.0,28336,2196840,1068096120.0,3772.0,69,3771.0,293
rb1805,20171122,20171121,210035000,3772.0,28412,2196800,1070962520.0,3772.0,195,3771.0,282
rb1805,20171122,20171121,210035500,3771.0,28424,2196798,1071415120.0,3772.0,232,3771.0,280
rb1805,20171122,20171121,210036000,3772.0,28686,2196776,1081295680.0,3772.0,263,3771.0,176
rb1805,20171122,20171121,210036500,3771.0,29096,2196898,1096759680.0,3772.0,145,3771.0,100
rb1805,20171122,20171121,210037000,3771.0,29402,2196884,1108299960.0,3771.0,38,3770.0,164
rb1805,20171122,20171121,210037500,3772.0,29650,2196750,1117653060.0,3772.0,105,3771.0,3
rb1805,20171122,20171121,210038000,3771.0,29678,2196778,1118708940.0,3771.0,50,3770.0,155
rb1805,20171122,20171121,210038500,3770.0,29790,2196810,1122931640.0,3771.0,35,3770.0,214
rb1805,20171122,20171121,210039000,3771.0,30032,2196814,1132055620.0,3771.0,86,3770.0,136
rb1805,20171122,20171121,210039500,3771.0,30298,2196978,1142086100.0,3772.0,300,3771.0,23
rb1805,20171122,20171121,210040000,3771.0,30418,2196988,1146611280.0,3771.0,131,3770.0,121
rb1805,20171122,20171121,210040500,3772.0,31270,2197146,1178746120.0,3772.0,19,3770.0,121
rb1805,20171122,20171121,210041000,3772.0,31386,2197234,1183121880.0,3773.0,241,3772.0,463
rb1805,20171122,20171121,210041500,3772.0,31400,2197244,1183649980.0,3773.0,246,3772.0,460
rb1805,20171122,20171121,210042000,3772.0,31548,2197370,1189232860.0,3773.0,250,3772.0,405
rb1805,20171122,20171121,210042500,3773.0,31628,2197422,1192250560.0,3773.0,246,3772.0,382
rb1805,20171122,20171121,210043000,3772.0,31696,2197452,1194815780.0,3773.0,235,3772.0,361
rb1805,20171122,20171121,210043500,3772.0,31720,2197468,1195721140.0,3773.0,288,3772.0,358
rb1805,20171122,20171121,210044000,3773.0,32450,2197788,1223263660.0,3774.0,275,3773.0,79
rb1805,20171122,20171121,210044500,3773.0,32692,2197930,1232393560.0,3773.0,13,3772.0,315
rb1805,20171122,20171121,210045000,3773.0,32720,2197954,1233449860.0,3773.0,36,3772.0,311
rb1805,20171122,20171121,210045500,3773.0,32862,2197990,1238807160.0,3774.0,297,3773.0,137
rb1805,20171122,20171121,210046000,3773.0,32888,2198002,1239788200.0,3774.0,298,3773.0,130
rb1805,20171122,20171121,210046500,3774.0,33122,2198054,1248617960.0,3774.0,254,3773.0,77
rb1805,20171122,20171121,210047000,3773.0,33336,2198136,1256692660.0,3773.0,63,3772.0,497
rb1805,20171122,20171121,210047500,3773.0,33446,2198154,1260842860.0,3773.0,32,3772.0,498
rb1805,20171122,20171121,210048000,3772.0,33518,2198156,1263558940.0,3773.0,69,3772.0,476
rb1805,20171122,20171121,210048500,3772.0,33644,2198190,1268312580.0,3773.0,187,3772.0,461
rb1805,20171122,20171121,210049000,3772.0,33740,2198168,1271934600.0,3773.0,165,3772.0,458
rb1805,20171122,20171121,210049500,3772.0,33866,2198214,1276688440.0,3773.0,211,3772.0,449
rb1805,20171122,20171121,210050000,3772.0,33926,2198216,1278951960.0,3773.0,203,3772.0,444
rb1805,20171122,20171121,210050500,3773.0,34476,2198378,1299703100.0,3774.0,334,3773.0,89
rb1805,20171122,20171121,210051000,3773.0,34520,2198350,1301363480.0,3774.0,352,3773.0,86
rb1805,20171122,20171121,210051500,3773.0,34714,2198246,1308683100.0,3774.0,357,3773.0,3
rb1805,20171122,20171121,210052000,3773.0,34902,2198166,1315776460.0,3774.0,353,3773.0,34
rb1805,20171122,20171121,210052500,3774.0,35066,2198186,1321964780.0,3774.0,343,3773.0,11
rb1805,20171122,20171121,210053000,3774.0,35924,2198210,1354335440.0,3774.0,305,3773.0,120
rb1805,20171122,20171121,210053500,3773.0,36188,2198464,1364296140.0,3773.0,535,3772.0,207
rb1805,20171122,20171121,210054000,3773.0,36254,2198484,1366785860.0,3773.0,604,3772.0,190
rb1805,20171122,20171121,210054500,3772.0,36338,2198522,1369954740.0,3773.0,634,3772.0,174
rb1805,20171122,20171121,210055000,3772.0,36816,2198366,1387986180.0,3772.0,191,3771.0,81
rb1805,20171122,20171121,210055500,3772.0,36868,2198350,1389947600.0,3772.0,179,3771.0,92
rb1805,20171122,20171121,210056000,3772.0,37376,2198462,1409109560.0,3773.0,655,3772.0,256
rb1805,20171122,20171121,210056500,3772.0,37494,2198522,1413560940.0,3773.0,636,3772.0,236
rb1805,20171122,20171121,210057000,3773.0,37740,2198744,1422842160.0,3773.0,533,3772.0,269
rb1805,20171122,20171121,210057500,3772.0,37756,2198760,1423445680.0,3773.0,535,3772.0,316
rb1805,20171122,20171121,210058000,3772.0,38340,2198592,1445479220.0,3773.0,285,3772.0,297
rb1805,20171122,20171121,210058500,3772.0,39150,2198656,1476034520.0,3772.0,227,3771.0,134
rb1805,20171122,20171121,210059000,3772.0,39288,2198528,1481239880.0,3772.0,161,3771.0,133
rb1805,20171122,20171121,210059500,3772.0,39868,2198556,1503117480.0,3773.0,224,3772.0,12
rb1805,20171122,20171121,210100000,3772.0,39958,2198590,1506512380.0,3773.0,223,3772.0,63
rb1805,20171122,20171121,210100500,3771.0,40392,2198482,1522880180.0,3773.0,243,3771.0,3
rb1805,20171122,20171121,210101000,3771.0,40520,2198450,1527707120.0,3771.0,2,3770.0,176
rb1805,20171122,20171121,210101500,3771.0,40704,2198390,1534646020.0,3772.0,80,3771.0,241
rb1805,20171122,20171121,210102000,3772.0,40748,2198380,1536305660.0,3772.0,543,3771.0,230
rb1805,20171122,20171121,210102500,3771.0,40780,2198402,1537512420.0,3772.0,679,3771.0,161
rb1805,20171122,20171121,210103000,3770.0,41304,2198378,1557272780.0,3771.0,55,3770.0,172
rb1805,20171122,20171121,210103500,3771.0,41394,2198362,1560666380.0,3771.0,53,3770.0,157
rb1805,20171122,20171121,210104000,3771.0,41510,2198420,1565040660.0,3771.0,349,3770.0,155
rb1805,20171122,20171121,210104500,3771.0,42748,2199218,1611723560.0,3772.0,713,3771.0,6
rb1805,20171122,20171121,210105000,3772.0,43102,2199276,1625074980.0,3772.0,606,3771.0,5
rb1805,20171122,20171121,210105500,3771.0,43166,2199290,1627488620.0,3772.0,622,3771.0,130
rb1805,20171122,20171121,210106000,3771.0,43238,2199318,1630203760.0,3772.0,648,3771.0,403
rb1805,20171122,20171121,210106500,3771.0,43430,2199308,1637445740.0,3772.0,572,3771.0,421
rb1805,20171122,20171121,210107000,3771.0,43530,2199364,1641216760.0,3772.0,467,3771.0,382
rb1805,20171122,20171121,210107500,3771.0,43564,2199370,1642498960.0,3772.0,468,3771.0,370
rb1805,20171122,20171121,210108000,3771.0,43626,2199382,1644837220.0,3772.0,474,3771.0,368
rb1805,20171122,20171121,210108500,3771.0,43736,2199404,1648986160.0,3772.0,441,3771.0,357
rb1805,20171122,20171121,210109000,3771.0,44254,2199156,1668522860.0,3772.0,297,3771.0,248
rb1805,20171122,20171121,210109500,3771.0,44300,2199160,1670257760.0,3772.0,291,3771.0,237
rb1805,20171122,20171121,210110000,3771.0,44406,2199238,1674255100.0,3772.0,293,3771.0,190
rb1805,20171122,20171121,210110500,3771.0,44444,2199246,1675688140.0,3772.0,291,3771.0,178
rb1805,20171122,20171121,210111000,3771.0,44706,2199204,1685569380.0,3772.0,244,3771.0,111
rb1805,20171122,20171121,210111500,3771.0,44748,2199234,1687153220.0,3772.0,247,3771.0,91
rb1805,20171122,20171121,210112000,3771.0,45172,2199004,1703146260.0,3772.0,48,3771.0,84
rb1805,20171122,20171121,210112500,3771.0,45396,2199020,1711593580.0,3772.0,47,3771.0,11
rb1805,20171122,20171121,210113000,3772.0,45460,2198984,1714007020.0,3772.0,164,3770.0,179
rb1805,20171122,20171121,210113500,3772.0,45522,2199030,1716345380.0,3771.0,13,3770.0,173
rb1805,20171122,20171121,210114000,3770.0,45736,2199008,1724413220.0,3771.0,29,3770.0,69
rb1805,20171122,20171121,210114500,3770.0,45766,2198992,1725544360.0,3771.0,155,3770.0,64
rb1805,20171122,20171121,210115000,3770.0,45908,2199024,1730897860.0,3771.0,165,3770.0,1
rb1805,20171122,20171121,210115500,3771.0,46162,2199148,1740475300.0,3770.0,1,3769.0,399
rb1805,20171122,20171121,210116000,3771.0,46334,2199210,1746959780.0,3771.0,89,3770.0,29
rb1805,20171122,20171121,210116500,3770.0,46366,2199208,1748166180.0,3771.0,103,3770.0,5
rb1805,20171122,20171121,210117000,3771.0,46672,2199478,1759705080.0,3772.0,347,3771.0,143
rb1805,20171122,20171121,210117500,3771.0,46726,2199520,1761741420.0,3772.0,345,3771.0,119
rb1805,20171122,20171121,210118000,3771.0,46874,2199632,1767322500.0,3772.0,349,3771.0,69
rb1805,20171122,20171121,210118500,3772.0,47806,2199930,1802477540.0,3773.0,425,3772.0,64
rb1805,20171122,20171121,210119000,3771.0,48012,2200034,1810247260.0,3773.0,437,3771.0,102
rb1805,20171122,20171121,210119500,3771.0,48184,2199934,1816733400.0,3771.0,71,3770.0,555
rb1805,20171122,20171121,210120000,3771.0,48386,2199902,1824351100.0,3772.0,128,3771.0,8
rb1805,20171122,20171121,210120500,3772.0,48440,2199906,1826387900.0,3772.0,108,3771.0,104
rb1805,20171122,20171121,210121000,3772.0,48484,2199922,1828047380.0,3772.0,69,3771.0,127
rb1805,20171122,20171121,210121500,3772.0,48540,2199944,1830159640.0,3773.0,406,3772.0,29
rb1805,20171122,20171121,210122000,3771.0,48634,2200034,1833705080.0,3773.0,403,3772.0,20
rb1805,20171122,20171121,210122500,3772.0,48760,2200128,1838458860.0,3773.0,351,3772.0,56
rb1805,20171122,20171121,210123000,3772.0,48832,2200152,1841174700.0,3773.0,353,3772.0,134
rb1805,20171122,20171121,210123500,3773.0,49138,2200160,1852717220.0,3773.0,368,3772.0,35
rb1805,20171122,20171121,210124000,3772.0,49186,2200194,1854527920.0,3773.0,393,3772.0,48
rb1805,20171122,20171121,210124500,3772.0,49854,2199930,1879731100.0,3773.0,84,3772.0,30
rb1805,20171122,20171121,210125000,3772.0,49940,2199944,1882975280.0,3772.0,2,3771.0,210
rb1805,20171122,20171121,210125500,3772.0,50012,2199940,1885691140.0,3773.0,90,3772.0,9
rb1805,20171122,20171121,210126000,3772.0,50026,2199946,1886219300.0,3773.0,94,3772.0,140
rb1805,20171122,20171121,210126500,3772.0,50098,2199998,1888935260.0,3773.0,117,3772.0,257
rb1805,20171122,20171121,210127000,3772.0,50156,2200014,1891123240.0,3773.0,123,3772.0,259
rb1805,20171122,20171121,210127500,3773.0,50238,2200060,1894217000.0,3773.0,93,3772.0,255
rb1805,20171122,20171121,210128000,3772.0,50326,2200078,1897536460.0,3773.0,122,3772.0,230
rb1805,20171122,20171121,210128500,3772.0,50358,2200090,1898743520.0,3773.0,131,3772.0,219
rb1805,20171122,20171121,210129000,3773.0,50390,2200110,1899950740.0,3773.0,139,3772.0,212
rb1805,20171122,20171121,210129500,3773.0,50480,2200120,1903345900.0,3773.0,177,3772.0,235
rb1805,20171122,20171121,210130000,3772.0,50524,2200100,1905005640.0,3773.0,179,3772.0,216
rb1805,20171122,20171121,210130500,3773.0,50638,2200052,1909306820.0,3773.0,127,3772.0,216
rb1805,20171122,20171121,210131000,3772.0,50658,2200048,1910061360.0,3773.0,126,3772.0,214
rb1805,20171122,20171121,210131500,3773.0,51060,2200308,1925228720.0,3774.0,482,3773.0,306
rb1805,20171122,20171121,210132000,3773.0,51420,2200646,1938811520.0,3774.0,526,3773.0,157
rb1805,20171122,20171121,210132500,3774.0,51462,2200680,1940396220.0,3774.0,532,3773.0,150
rb1805,20171122,20171121,210133000,3773.0,51504,2200706,1941980900.0,3774.0,532,3773.0,153
rb1805,20171122,20171121,210133500,3773.0,51710,2200806,1949754420.0,3774.0,474,3773.0,108
rb1805,20171122,20171121,210134000,3773.0,51774,2200820,1952169580.0,3774.0,433,3773.0,112
rb1805,20171122,20171121,210134500,3773.0,51948,2200818,1958736020.0,3774.0,367,3773.0,214
rb1805,20171122,20171121,210135000,3773.0,52038,2200784,1962132240.0,3774.0,343,3773.0,195
rb1805,20171122,20171121,210135500,3773.0,52228,2200746,1969302580.0,3774.0,262,3773.0,165
rb1805,20171122,20171121,210136000,3773.0,52376,2200844,1974887840.0,3774.0,256,3773.0,153
rb1805,20171122,20171121,210136500,3773.0,52498,2200882,1979492060.0,3774.0,207,3773.0,152
rb1805,20171122,20171121,210137000,3773.0,52622,2200924,1984171700.0,3774.0,197,3773.0,198
rb1805,20171122,20171121,210137500,3774.0,53068,2201076,2001003460.0,3775.0,547,3774.0,399
rb1805,20171122,20171121,210138000,3774.0,53364,2201186,2012175540.0,3775.0,533,3774.0,305
rb1805,20171122,20171121,210138500,3774.0,53616,2201182,2021687580.0,3775.0,457,3774.0,260
rb1805,20171122,20171121,210139000,3775.0,53672,2201212,2023801160.0,3775.0,431,3774.0,256
rb1805,20171122,20171121,210139500,3774.0,53922,2201264,2033238280.0,3775.0,337,3774.0,246
rb1805,20171122,20171121,210140000,3774.0,54032,2201300,2037390080.0,3775.0,406,3774.0,214
rb1805,20171122,20171121,210140500,3775.0,54244,2201278,2045392540.0,3775.0,340,3774.0,187
rb1805,20171122,20171121,210141000,3775.0,54422,2201300,2052111700.0,3775.0,297,3774.0,170
rb1805,20171122,20171121,210141500,3774.0,54474,2201322,2054074600.0,3775.0,304,3774.0,169
rb1805,20171122,20171121,210142000,3774.0,54814,2201494,2066907340.0,3775.0,280,3774.0,57
rb1805,20171122,20171121,210142500,3774.0,54962,2201484,2072492860.0,3774.0,144,3773.0,186
rb1805,20171122,20171121,210143000,3773.0,55034,2201466,2075210040.0,3774.0,154,3773.0,180
rb1805,20171122,20171121,210143500,3774.0,55066,2201462,2076417520.0,3774.0,159,3773.0,173
rb1805,20171122,20171121,210144000,3774.0,55148,2201440,2079512200.0,3774.0,153,3773.0,174
rb1805,20171122,20171121,210144500,3774.0,55160,2201438,2079965040.0,3774.0,176,3773.0,172
rb1805,20171122,20171121,210145000,3773.0,55288,2201350,2084794740.0,3774.0,176,3773.0,114
rb1805,20171122,20171121,210145500,3772.0,55592,2201416,2096264640.0,3773.0,66,3772.0,532
rb1805,20171122,20171121,210146000,3773.0,55778,2201532,2103281980.0,3773.0,85,3772.0,511
rb1805,20171122,20171121,210146500,3773.0,55824,2201578,2105017560.0,3773.0,78,3772.0,511
rb1805,20171122,20171121,210147000,3773.0,55868,2201600,2106677660.0,3773.0,60,3772.0,510
rb1805,20171122,20171121,210147500,3773.0,55972,2201584,2110601140.0,3773.0,43,3772.0,486
rb1805,20171122,20171121,210148000,3773.0,55984,2201590,2111053820.0,3773.0,80,3772.0,482
rb1805,20171122,20171121,210148500,3773.0,56052,2201602,2113619420.0,3773.0,114,3772.0,480
rb1805,20171122,20171121,210149000,3772.0,56090,2201622,2115052880.0,3773.0,142,3772.0,470
rb1805,20171122,20171121,210149500,3772.0,56138,2201636,2116863860.0,3773.0,134,3772.0,455
rb1805,20171122,20171121,210150000,3772.0,56160,2201652,2117693760.0,3773.0,149,3772.0,453
rb1805,20171122,20171121,210150500,3772.0,56310,2201802,2123351840.0,3773.0,151,3772.0,486
rb1805,20171122,20171121,210151000,3773.0,56324,2201806,2123880000.0,3773.0,157,3772.0,568
rb1805,20171122,20171121,210151500,3772.0,56628,2201812,2135346900.0,3773.0,186,3772.0,421
rb1805,20171122,20171121,210152000,3773.0,56874,2201968,2144628260.0,3773.0,89,3772.0,410
rb1805,20171122,20171121,210152500,3772.0,56946,2201956,2147344320.0,3773.0,80,3772.0,380
rb1805,20171122,20171121,210153000,3772.0,57024,2201968,2150287140.0,3773.0,124,3772.0,394
rb1805,20171122,20171121,210153500,3773.0,57286,2202036,2160172040.0,3773.0,20,3772.0,378
rb1805,20171122,20171121,210154000,3773.0,57452,2202082,2166435020.0,3774.0,284,3773.0,17
rb1805,20171122,20171121,210154500,3773.0,57602,2202108,2172095620.0,3774.0,233,3772.0,386
rb1805,20171122,20171121,210155000,3773.0,57668,2202166,2174585380.0,3774.0,315,3773.0,11
rb1805,20171122,20171121,210155500,3773.0,57824,2202270,2180472260.0,3774.0,202,3773.0,10
rb1805,20171122,20171121,210156000,3773.0,57864,2202302,2181981340.0,3773.0,145,3772.0,317
rb1805,20171122,20171121,210156500,3773.0,58088,2202312,2190432840.0,3773.0,79,3772.0,317
rb1805,20171122,20171121,210157000,3772.0,58518,2202504,2206658840.0,3774.0,63,3772.0,311
rb1805,20171122,20171121,210157500,3774.0,58650,2202558,2211640240.0,3774.0,139,3773.0,37
rb1805,20171122,20171121,210158000,3773.0,58712,2202586,2213979680.0,3774.0,164,3773.0,35
rb1805,20171122,20171121,210158500,3774.0,58912,2202750,2221527540.0,3774.0,80,3773.0,47
rb1805,20171122,20171121,210159000,3773.0,58990,2202768,2224471140.0,3774.0,51,3773.0,56
rb1805,20171122,20171121,210159500,3773.0,59022,2202800,2225678560.0,3774.0,62,3773.0,61
rb1805,20171122,20171121,210200000,3774.0,59062,2202836,2227188020.0,3774.0,62,3773.0,46
rb1805,20171122,20171121,210200500,3773.0,59210,2202910,2232773060.0,3774.0,21,3773.0,23
rb1805,20171122,20171121,210201000,3774.0,59248,2202920,2234206920.0,3774.0,33,3773.0,14
rb1805,20171122,20171121,210201500,3773.0,59288,2202928,2235716240.0,3773.0,25,3772.0,306
rb1805,20171122,20171121,210202000,3773.0,59374,2202974,2238961020.0,3773.0,7,3772.0,308
rb1805,20171122,20171121,210202500,3773.0,59834,2203058,2256319400.0,3774.0,27,3773.0,414
rb1805,20171122,20171121,210203000,3773.0,59864,2203084,2257451540.0,3774.0,21,3773.0,517
rb1805,20171122,20171121,210203500,3774.0,60166,2202974,2268848180.0,3774.0,27,3773.0,599
rb1805,20171122,20171121,210204000,3773.0,60284,2202970,2273300800.0,3774.0,71,3773.0,566
rb1805,20171122,20171121,210204500,3773.0,60292,2202974,2273602640.0,3774.0,137,3773.0,578
rb1805,20171122,20171121,210205000,3773.0,60434,2203086,2278960480.0,3774.0,131,3773.0,493
rb1805,20171122,20171121,210205500,3773.0,60578,2203090,2284394540.0,3774.0,144,3773.0,475
rb1805,20171122,20171121,210206000,3773.0,60604,2203110,2285375520.0,3774.0,213,3773.0,474
rb1805,20171122,20171121,210206500,3774.0,60682,2203142,2288318860.0,3774.0,212,3773.0,466
rb1805,20171122,20171121,210207000,3774.0,61054,2203410,2302356440.0,3774.0,148,3773.0,382
rb1805,20171122,20171121,210207500,3773.0,61184,2203468,2307261800.0,3774.0,151,3773.0,347
rb1805,20171122,20171121,210208000,3773.0,61880,2203942,2333523840.0,3774.0,64,3773.0,247
rb1805,20171122,20171121,210208500,3773.0,61940,2203970,2335787880.0,3774.0,71,3773.0,80
rb1805,20171122,20171121,210209000,3774.0,62088,2203994,2341372000.0,3774.0,208,3773.0,10
rb1805,20171122,20171121,210209500,3773.0,62176,2204026,2344692080.0,3773.0,118,3772.0,320
rb1805,20171122,20171121,210210000,3773.0,62184,2204030,2344993880.0,3773.0,158,3772.0,468
rb1805,20171122,20171121,210210500,3773.0,62642,2204168,2362274740.0,3773.0,24,3772.0,299
rb1805,20171122,20171121,210211000,3772.0,62732,2204240,2365669860.0,3773.0,27,3772.0,272
rb1805,20171122,20171121,210211500,3772.0,62850,2204300,2370121320.0,3773.0,12,3772.0,240
rb1805,20171122,20171121,210212000,3772.0,62902,2204332,2372083180.0,3773.0,64,3772.0,237
rb1805,20171122,20171121,210212500,3773.0,63100,2204404,2379553720.0,3774.0,240,3773.0,22
rb1805,20171122,20171121,210213000,3773.0,63390,2204516,2390497420.0,3773.0,129,3772.0,249
rb1805,20171122,20171121,210213500,3773.0,63428,2204532,2391931100.0,3773.0,114,3772.0,258
rb1805,20171122,20171121,210214000,3773.0,63678,2204774,2401363620.0,3774.0,226,3773.0,461
rb1805,20171122,20171121,210214500,3773.0,63928,2204964,2410796320.0,3774.0,230,3773.0,361
rb1805,20171122,20171121,210215000,3773.0,63968,2205000,2412305520.0,3774.0,185,3773.0,371
rb1805,20171122,20171121,210215500,3773.0,64004,2205034,2413663800.0,3774.0,188,3773.0,360
rb1805,20171122,20171121,210216000,3773.0,64054,2205050,2415550380.0,3774.0,197,3773.0,339
rb1805,20171122,20171121,210216500,3773.0,64132,2205062,2418493440.0,3774.0,175,3773.0,311
rb1805,20171122,20171121,210217000,3773.0,64404,2205152,2428758060.0,3774.0,91,3773.0,285
rb1805,20171122,20171121,210217500,3773.0,64438,2205182,2430040900.0,3774.0,92,3773.0,271
rb1805,20171122,20171121,210218000,3773.0,64490,2205224,2432002960.0,3774.0,107,3773.0,251
rb1805,20171122,20171121,210218500,3774.0,64584,2205234,2435549740.0,3774.0,229,3773.0,235
rb1805,20171122,20171121,210219000,3773.0,64770,2205368,2442567860.0,3774.0,220,3773.0,163
rb1805,20171122,20171121,210219500,3774.0,64802,2205388,2443775280.0,3774.0,265,3773.0,149
rb1805,20171122,20171121,210220000,3773.0,64848,2205430,2445510880.0,3774.0,282,3773.0,151
rb1805,20171122,20171121,210220500,3773.0,64888,2205454,2447020160.0,3774.0,284,3773.0,151
rb1805,20171122,20171121,210221000,3773.0,65008,2205516,2451548040.0,3774.0,278,3773.0,106
rb1805,20171122,20171121,210221500,3772.0,65234,2205448,2460075040.0,3773.0,95,3772.0,292
rb1805,20171122,20171121,210222000,3773.0,65290,2205400,2462187920.0,3773.0,72,3772.0,293
rb1805,20171122,20171121,210222500,3774.0,65496,2205428,2469960340.0,3774.0,320,3773.0,417
rb1805,20171122,20171121,210223000,3773.0,65510,2205442,2470488560.0,3774.0,390,3773.0,439
rb1805,20171122,20171121,210223500,3773.0,65562,2205494,2472450520.0,3774.0,409,3773.0,414
rb1805,20171122,20171121,210224000,3773.0,65902,2205574,2485278740.0,3774.0,413,3773.0,280
rb1805,20171122,20171121,210224500,3773.0,66130,2205692,2493881180.0,3774.0,427,3773.0,183
rb1805,20171122,20171121,210225000,3773.0,66150,2205706,2494635860.0,3774.0,488,3773.0,180
rb1805,20171122,20171121,210225500,3773.0,66168,2205722,2495315020.0,3774.0,499,3773.0,181
rb1805,20171122,20171121,210226000,3773.0,66254,2205760,2498559840.0,3774.0,508,3773.0,141
rb1805,20171122,20171121,210226500,3773.0,66302,2205802,2500371040.0,3774.0,511,3773.0,126
rb1805,20171122,20171121,210227000,3773.0,66338,2205826,2501729340.0,3774.0,510,3773.0,109
rb1805,20171122,20171121,210227500,3773.0,66380,2205840,2503314260.0,3774.0,652,3773.0,132
rb1805,20171122,20171121,210228000,3773.0,66426,2205826,2505049860.0,3774.0,669,3773.0,117
rb1805,20171122,20171121,210228500,3774.0,66446,2205826,2505804580.0,3774.0,666,3773.0,122
rb1805,20171122,20171121,210229000,3772.0,66764,2205654,2517802120.0,3773.0,80,3772.0,264
rb1805,20171122,20171121,210229500,3773.0,66856,2205658,2521272580.0,3773.0,139,3772.0,229
rb1805,20171122,20171121,210230000,3773.0,66964,2205558,2525347400.0,3773.0,227,3772.0,228
rb1805,20171122,20171121,210230500,3772.0,67018,2205564,2527384660.0,3773.0,211,3772.0,221
rb1805,20171122,20171121,210231000,3772.0,67034,2205562,2527988240.0,3773.0,227,3772.0,213
rb1805,20171122,20171121,210231500,3772.0,67042,2205564,2528290020.0,3773.0,246,3772.0,207
rb1805,20171122,20171121,210232000,3772.0,67128,2205504,2531533960.0,3773.0,303,3772.0,167
rb1805,20171122,20171121,210232500,3773.0,67210,2205532,2534627180.0,3773.0,295,3772.0,133
rb1805,20171122,20171121,210233000,3773.0,67226,2205542,2535230820.0,3773.0,309,3772.0,633
rb1805,20171122,20171121,210233500,3773.0,67462,2205618,2544134960.0,3773.0,199,3772.0,657
rb1805,20171122,20171121,210234000,3773.0,67840,2205690,2558396800.0,3773.0,40,3772.0,653
rb1805,20171122,20171121,210234500,3773.0,67972,2205656,2563377160.0,3774.0,754,3773.0,443
rb1805,20171122,20171121,210235000,3773.0,68014,2205650,2564961840.0,3774.0,774,3773.0,472
rb1805,20171122,20171121,210235500,3773.0,68030,2205650,2565565520.0,3774.0,775,3773.0,489
rb1805,20171122,20171121,210236000,3773.0,68042,2205644,2566018280.0,3774.0,768,3773.0,489
rb1805,20171122,20171121,210236500,3773.0,68104,2205628,2568357640.0,3774.0,774,3773.0,472
rb1805,20171122,20171121,210237000,3773.0,68108,2205630,2568508560.0,3774.0,774,3773.0,470
rb1805,20171122,20171121,210237500,3773.0,68122,2205632,2569036780.0,3774.0,784,3773.0,483
rb1805,20171122,20171121,210238000,3773.0,68156,2205660,2570319620.0,3774.0,784,3773.0,472
rb1805,20171122,20171121,210238500,3773.0,68188,2205674,2571527040.0,3774.0,785,3773.0,460
rb1805,20171122,20171121,210239000,3773.0,68306,2205644,2575979240.0,3774.0,786,3773.0,394
rb1805,20171122,20171121,210239500,3774.0,68360,2205676,2578016740.0,3774.0,782,3773.0,371
rb1805,20171122,20171121,210240000,3773.0,68442,2205684,2581110840.0,3774.0,766,3773.0,352
rb1805,20171122,20171121,210240500,3773.0,68464,2205692,2581940900.0,3774.0,772,3773.0,362
rb1805,20171122,20171121,210241000,3774.0,68480,2205692,2582544600.0,3774.0,769,3773.0,355
rb1805,20171122,20171121,210241500,3773.0,68516,2205670,2583903080.0,3774.0,765,3773.0,351
rb1805,20171122,20171121,210242000,3773.0,68534,2205666,2584582240.0,3774.0,753,3773.0,344
rb1805,20171122,20171121,210242500,3773.0,68740,2205582,2592356620.0,3774.0,725,3773.0,355
rb1805,20171122,20171121,210243000,3773.0,68762,2205560,2593186680.0,3774.0,735,3773.0,360
rb1805,20171122,20171121,210243500,3773.0,68858,2205562,2596808980.0,3774.0,726,3773.0,325
rb1805,20171122,20171121,210244000,3773.0,69058,2205630,2604356880.0,3774.0,672,3773.0,278
rb1805,20171122,20171121,210244500,3773.0,69072,2205630,2604885100.0,3774.0,683,3773.0,289
rb1805,20171122,20171121,210245000,3774.0,69604,2205396,2624958520.0,3774.0,636,3773.0,75
rb1805,20171122,20171121,210245500,3773.0,69772,2205420,2631298220.0,3774.0,622,3773.0,59
rb1805,20171122,20171121,210246000,3774.0,69876,2205434,2635222560.0,3774.0,645,3773.0,83
rb1805,20171122,20171121,210246500,3774.0,69934,2205442,2637411020.0,3774.0,642,3773.0,275
rb1805,20171122,20171121,210247000,3774.0,69946,2205444,2637863820.0,3774.0,647,3773.0,314
rb1805,20171122,20171121,210247500,3774.0,70854,2205348,2672130260.0,3774.0,269,3773.0,240
rb1805,20171122,20171121,210248000,3774.0,71550,2205446,2698397300.0,3775.0,669,3774.0,483
rb1805,20171122,20171121,210248500,3774.0,71612,2205412,2700737500.0,3775.0,673,3774.0,544
rb1805,20171122,20171121,210249000,3774.0,72676,2204988,2740901500.0,3775.0,241,3774.0,184
rb1805,20171122,20171121,210249500,3775.0,73134,2205030,2758190900.0,3776.0,598,3775.0,792
rb1805,20171122,20171121,210250000,3776.0,74642,2205180,2815122500.0,3776.0,383,3775.0,325
rb1805,20171122,20171121,210250500,3775.0,75008,2205288,2828941260.0,3776.0,248,3775.0,280
rb1805,20171122,20171121,210251000,3776.0,75108,2205332,2832717160.0,3776.0,225,3775.0,302
rb1805,20171122,20171121,210251500,3776.0,75640,2205706,2852805380.0,3776.0,66,3775.0,301
rb1805,20171122,20171121,210252000,3776.0,75864,2205712,2861264340.0,3777.0,546,3776.0,281
rb1805,20171122,20171121,210252500,3777.0,75926,2205708,2863605640.0,3777.0,546,3776.0,454
rb1805,20171122,20171121,210253000,3777.0,77116,2205892,2908551380.0,3778.0,780,3777.0,40
rb1805,20171122,20171121,210253500,3777.0,78132,2206082,2946935260.0,3778.0,301,3777.0,562
rb1805,20171122,20171121,210254000,3778.0,79436,2206320,2996201140.0,3779.0,942,3778.0,206
rb1805,20171122,20171121,210254500,3779.0,81874,2206256,3088332540.0,3780.0,1355,3779.0,246
rb1805,20171122,20171121,210255000,3779.0,84784,2205036,3198326820.0,3780.0,74,3779.0,292
rb1805,20171122,20171121,210255500,3778.0,86600,2204144,3266961420.0,3778.0,30,3777.0,675
rb1805,20171122,20171121,210256000,3778.0,87834,2204030,3313583300.0,3779.0,40,3778.0,273
rb1805,20171122,20171121,210256500,3778.0,88952,2203902,3355821020.0,3778.0,268,3777.0,565
rb1805,20171122,20171121,210257000,3777.0,89352,2204032,3370930740.0,3778.0,213,3777.0,456
rb1805,20171122,20171121,210257500,3778.0,89526,2204020,3377504220.0,3778.0,166,3777.0,474
rb1805,20171122,20171121,210258000,3778.0,89906,2204060,3391859580.0,3778.0,52,3777.0,429
rb1805,20171122,20171121,210258500,3777.0,90054,2204122,3397450400.0,3778.0,137,3777.0,395
rb1805,20171122,20171121,210259000,3779.0,90562,2204520,3416643040.0,3779.0,432,3778.0,323
rb1805,20171122,20171121,210259500,3778.0,90950,2204560,3431301880.0,3779.0,429,3778.0,282
rb1805,20171122,20171121,210300000,3779.0,91280,2204736,3443770440.0,3779.0,328,3778.0,223
rb1805,20171122,20171121,210300500,3779.0,91734,2204900,3460926660.0,3779.0,103,3778.0,217
rb1805,20171122,20171121,210301000,3779.0,92124,2205108,3475663220.0,3780.0,106,3779.0,75
rb1805,20171122,20171121,210301500,3779.0,92698,2205432,3497356800.0,3779.0,106,3778.0,136
rb1805,20171122,20171121,210302000,3779.0,93246,2205634,3518065400.0,3779.0,12,3778.0,140
rb1805,20171122,20171121,210302500,3778.0,93374,2205662,3522902080.0,3779.0,12,3778.0,111
rb1805,20171122,20171121,210303000,3778.0,93502,2205722,3527739000.0,3779.0,20,3778.0,115
rb1805,20171122,20171121,210303500,3778.0,93680,2205766,3534464980.0,3779.0,118,3778.0,101
rb1805,20171122,20171121,210304000,3778.0,93932,2205976,3543985720.0,3778.0,5,3777.0,431
rb1805,20171122,20171121,210304500,3778.0,94226,2206016,3555093700.0,3778.0,10,3777.0,401
rb1805,20171122,20171121,210305000,3778.0,94302,2205984,3557965120.0,3778.0,15,3777.0,400
rb1805,20171122,20171121,210305500,3779.0,94526,2206084,3566429120.0,3779.0,184,3778.0,481
rb1805,20171122,20171121,210306000,3778.0,94942,2206338,3582146680.0,3779.0,140,3778.0,333
rb1805,20171122,20171121,210306500,3778.0,95030,2206426,3585471520.0,3779.0,121,3778.0,332
rb1805,20171122,20171121,210307000,3778.0,95090,2206476,3587738520.0,3779.0,118,3778.0,319
rb1805,20171122,20171121,210307500,3779.0,95214,2206588,3592423400.0,3779.0,125,3778.0,292
rb1805,20171122,20171121,210308000,3778.0,95642,2206752,3608593980.0,3779.0,90,3778.0,129
rb1805,20171122,20171121,210308500,3779.0,95728,2206780,3611843240.0,3779.0,100,3778.0,119
rb1805,20171122,20171121,210309000,3779.0,95844,2206806,3616225880.0,3779.0,109,3778.0,74
rb1805,20171122,20171121,210309500,3779.0,96208,2207034,3629981160.0,3779.0,27,3778.0,76
rb1805,20171122,20171121,210310000,3778.0,96382,2207064,3636555800.0,3779.0,28,3778.0,52
rb1805,20171122,20171121,210310500,3778.0,96482,2207062,3640334160.0,3779.0,21,3778.0,24
rb1805,20171122,20171121,210311000,3779.0,96630,2207028,3645927000.0,3779.0,52,3778.0,18
rb1805,20171122,20171121,210311500,3778.0,96780,2207144,3651594940.0,3778.0,36,3777.0,186
rb1805,20171122,20171121,210312000,3778.0,96988,2207224,3659453180.0,3779.0,40,3778.0,307
rb1805,20171122,20171121,210312500,3778.0,97078,2207282,3662853680.0,3779.0,111,3778.0,289
rb1805,20171122,20171121,210313000,3779.0,97190,2207374,3667085320.0,3779.0,187,3778.0,259
rb1805,20171122,20171121,210313500,3778.0,97356,2207520,3673357660.0,3779.0,150,3778.0,222
rb1805,20171122,20171121,210314000,3779.0,98210,2208078,3705629380.0,3779.0,7,3778.0,182
rb1805,20171122,20171121,210314500,3779.0,98884,2208272,3731095380.0,3780.0,290,3779.0,29
rb1805,20171122,20171121,210315000,3778.0,99278,2208150,3745982900.0,3778.0,126,3777.0,194
rb1805,20171122,20171121,210315500,3778.0,99470,2208154,3753236500.0,3778.0,41,3777.0,231
rb1805,20171122,20171121,210316000,3778.0,99642,2208096,3759734560.0,3779.0,199,3778.0,57
rb1805,20171122,20171121,210316500,3779.0,99768,2208134,3764495940.0,3779.0,118,3778.0,174
rb1805,20171122,20171121,210317000,3778.0,99908,2208244,3769786340.0,3779.0,17,3778.0,286
rb1805,20171122,20171121,210317500,3779.0,99976,2208246,3772356060.0,3780.0,454,3779.0,43
rb1805,20171122,20171121,210318000,3779.0,100278,2208420,3783770520.0,3780.0,307,3779.0,4
rb1805,20171122,20171121,210318500,3779.0,100380,2208430,3787625040.0,3779.0,56,3778.0,342
rb1805,20171122,20171121,210319000,3779.0,101144,2208272,3816490160.0,3779.0,81,3778.0,22
rb1805,20171122,20171121,210319500,3778.0,101294,2208414,3822157160.0,3778.0,150,3777.0,215
rb1805,20171122,20171121,210320000,3778.0,101330,2208424,3823517200.0,3778.0,144,3777.0,214
rb1805,20171122,20171121,210320500,3778.0,101554,2208494,3831979480.0,3778.0,76,3777.0,193
rb1805,20171122,20171121,210321000,3778.0,101756,2208330,3839611040.0,3779.0,305,3778.0,159
rb1805,20171122,20171121,210321500,3779.0,102518,2208752,3868406920.0,3780.0,352,3779.0,144
rb1805,20171122,20171121,210322000,3779.0,102768,2208982,3877854420.0,3780.0,371,3779.0,38
rb1805,20171122,20171121,210322500,3778.0,102888,2209002,3882389340.0,3779.0,1,3778.0,199
rb1805,20171122,20171121,210323000,3779.0,102944,2209006,3884505580.0,3779.0,2,3778.0,204
rb1805,20171122,20171121,210323500,3779.0,102980,2209030,3885865860.0,3779.0,43,3778.0,206
rb1805,20171122,20171121,210324000,3778.0,103068,2209028,3889190620.0,3779.0,82,3778.0,180
rb1805,20171122,20171121,210324500,3779.0,103100,2209036,3890399720.0,3779.0,138,3778.0,182
rb1805,20171122,20171121,210325000,3778.0,103332,2209244,3899164780.0,3779.0,215,3778.0,81
rb1805,20171122,20171121,210325500,3778.0,103624,2209186,3910196560.0,3778.0,398,3777.0,278
rb1805,20171122,20171121,210326000,3779.0,104562,2209714,3945634900.0,3779.0,199,3778.0,98
rb1805,20171122,20171121,210326500,3778.0,104656,2209742,3949186780.0,3779.0,219,3778.0,87
rb1805,20171122,20171121,210327000,3778.0,104678,2209760,3950017960.0,3779.0,231,3778.0,139
rb1805,20171122,20171121,210327500,3778.0,104898,2209852,3958331580.0,3779.0,140,3778.0,134
rb1805,20171122,20171121,210328000,3778.0,105034,2209976,3963470920.0,3779.0,82,3778.0,170
rb1805,20171122,20171121,210328500,3779.0,105086,2209990,3965435600.0,3779.0,95,3778.0,150
rb1805,20171122,20171121,210329000,3778.0,105162,2210034,3968307460.0,3779.0,93,3778.0,166
rb1805,20171122,20171121,210329500,3779.0,105310,2210060,3973899160.0,3779.0,122,3778.0,106
rb1805,20171122,20171121,210330000,3778.0,105332,2210080,3974730320.0,3779.0,231,3778.0,95
rb1805,20171122,20171121,210330500,3778.0,105536,2210160,3982439000.0,3779.0,173,3778.0,94
rb1805,20171122,20171121,210331000,3778.0,105810,2210326,3992791440.0,3778.0,178,3777.0,407
rb1805,20171122,20171121,210331500,3778.0,105986,2210490,3999440560.0,3778.0,222,3777.0,405
rb1805,20171122,20171121,210332000,3778.0,106138,2210642,4005183120.0,3778.0,168,3777.0,411
rb1805,20171122,20171121,210332500,3777.0,106716,2210454,4027018780.0,3778.0,13,3777.0,356
rb1805,20171122,20171121,210333000,3778.0,106868,2210426,4032761160.0,3778.0,18,3777.0,351
rb1805,20171122,20171121,210333500,3778.0,106962,2210428,4036311980.0,3778.0,145,3777.0,326
rb1805,20171122,20171121,210334000,3778.0,107084,2210506,4040920260.0,3778.0,130,3777.0,280
rb1805,20171122,20171121,210334500,3778.0,107492,2210588,4056334480.0,3779.0,609,3778.0,302
rb1805,20171122,20171121,210335000,3778.0,108204,2211222,4083233720.0,3778.0,10,3777.0,285
rb1805,20171122,20171121,210335500,3777.0,108358,2211318,4089051520.0,3778.0,6,3777.0,285
rb1805,20171122,20171121,210336000,3778.0,108382,2211328,4089958140.0,3779.0,677,3778.0,7
rb1805,20171122,20171121,210336500,3778.0,108444,2211328,4092300440.0,3778.0,204,3777.0,282
rb1805,20171122,20171121,210337000,3777.0,108638,2211454,4099628860.0,3778.0,85,3777.0,238
rb1805,20171122,20171121,210337500,3778.0,108794,2211528,4105522520.0,3778.0,326,3777.0,237
rb1805,20171122,20171121,210338000,3778.0,108912,2211574,4109979920.0,3778.0,326,3777.0,208
rb1805,20171122,20171121,210338500,3778.0,109134,2211742,4118366620.0,3778.0,374,3777.0,189
rb1805,20171122,20171121,210339000,3778.0,109414,2212022,4128943820.0,3778.0,367,3777.0,130
rb1805,20171122,20171121,210339500,3778.0,109748,2212012,4141559340.0,3778.0,435,3776.0,345
rb1805,20171122,20171121,210340000,3776.0,109778,2212022,4142692160.0,3777.0,34,3776.0,331
rb1805,20171122,20171121,210340500,3776.0,109916,2212100,4147904300.0,3777.0,12,3776.0,334
rb1805,20171122,20171121,210341000,3776.0,111240,2212870,4197898020.0,3778.0,676,3776.0,21
rb1805,20171122,20171121,210341500,3775.0,111314,2212830,4200692140.0,3776.0,134,3775.0,78
rb1805,20171122,20171121,210342000,3776.0,111432,2212834,4205147740.0,3776.0,121,3775.0,94
rb1805,20171122,20171121,210342500,3776.0,111886,2212884,4222287200.0,3776.0,171,3775.0,36
rb1805,20171122,20171121,210343000,3775.0,111950,2212878,4224703280.0,3776.0,187,3775.0,296
rb1805,20171122,20171121,210343500,3775.0,112238,2212814,4235575400.0,3776.0,182,3775.0,203
rb1805,20171122,20171121,210344000,3776.0,112410,2212674,4242068480.0,3776.0,182,3775.0,214
rb1805,20171122,20171121,210344500,3776.0,112532,2212734,4246674780.0,3776.0,147,3775.0,195
rb1805,20171122,20171121,210345000,3775.0,112600,2212694,4249241900.0,3776.0,141,3775.0,191
rb1805,20171122,20171121,210345500,3776.0,112720,2212698,4253771920.0,3776.0,142,3775.0,134
rb1805,20171122,20171121,210346000,3775.0,112748,2212688,4254828940.0,3776.0,146,3775.0,134
rb1805,20171122,20171121,210346500,3775.0,112780,2212716,4256037000.0,3776.0,146,3775.0,120
rb1805,20171122,20171121,210347000,3775.0,113016,2212720,4264946160.0,3776.0,149,3775.0,117
rb1805,20171122,20171121,210347500,3776.0,113134,2212622,4269400800.0,3776.0,144,3775.0,88
rb1805,20171122,20171121,210348000,3775.0,113162,2212618,4270457840.0,3776.0,142,3775.0,93
rb1805,20171122,20171121,210348500,3775.0,113204,2212588,4272043680.0,3776.0,128,3775.0,101
rb1805,20171122,20171121,210349000,3775.0,113302,2212584,4275743220.0,3776.0,152,3775.0,71
rb1805,20171122,20171121,210349500,3775.0,113366,2212616,4278159660.0,3776.0,172,3775.0,76
rb1805,20171122,20171121,210350000,3775.0,113396,2212610,4279292160.0,3776.0,174,3775.0,68
rb1805,20171122,20171121,210350500,3775.0,113558,2212578,4285407700.0,3775.0,59,3774.0,246
rb1805,20171122,20171121,210351000,3775.0,113568,2212586,4285785180.0,3775.0,134,3774.0,251
rb1805,20171122,20171121,210351500,3775.0,113600,2212586,4286993120.0,3775.0,127,3774.0,251
rb1805,20171122,20171121,210352000,3774.0,114140,2212238,4307372740.0,3774.0,73,3773.0,260
rb1805,20171122,20171121,210352500,3774.0,114230,2212178,4310769300.0,3774.0,33,3773.0,258
rb1805,20171122,20171121,210353000,3774.0,114640,2212046,4326242920.0,3774.0,204,3773.0,265
rb1805,20171122,20171121,210353500,3773.0,114774,2212060,4331298960.0,3774.0,197,3773.0,227
rb1805,20171122,20171121,210354000,3773.0,114804,2212064,4332430960.0,3774.0,232,3773.0,263
rb1805,20171122,20171121,210354500,3773.0,114836,2212052,4333638560.0,3774.0,240,3773.0,271
rb1805,20171122,20171121,210355000,3774.0,114906,2212042,4336280060.0,3774.0,220,3773.0,288
rb1805,20171122,20171121,210355500,3773.0,114972,2212074,4338770400.0,3774.0,219,3773.0,315
rb1805,20171122,20171121,210356000,3773.0,114992,2212092,4339525000.0,3774.0,221,3773.0,306
rb1805,20171122,20171121,210356500,3774.0,115782,2212448,4369330700.0,3773.0,2,3772.0,315
rb1805,20171122,20171121,210357000,3774.0,115852,2212486,4371972120.0,3774.0,246,3772.0,326
rb1805,20171122,20171121,210357500,3773.0,115898,2212468,4373707720.0,3773.0,14,3772.0,376
rb1805,20171122,20171121,210358000,3773.0,116060,2212486,4379820280.0,3774.0,275,3773.0,33
rb1805,20171122,20171121,210358500,3774.0,116202,2212536,4385178020.0,3774.0,280,3773.0,61
rb1805,20171122,20171121,210359000,3773.0,116328,2212532,4389932020.0,3774.0,280,3773.0,101
rb1805,20171122,20171121,210359500,3773.0,116362,2212544,4391214960.0,3774.0,283,3773.0,377
rb1805,20171122,20171121,210400000,3773.0,116464,2212602,4395064240.0,3774.0,248,3773.0,391
rb1805,20171122,20171121,210400500,3773.0,116548,2212622,4398233900.0,3774.0,218,3773.0,396
rb1805,20171122,20171121,210401000,3773.0,117006,2212946,4415517900.0,3774.0,39,3773.0,355
rb1805,20171122,20171121,210401500,3774.0,117112,2212992,4419518340.0,3775.0,322,3774.0,86
rb1805,20171122,20171121,210402000,3774.0,117300,2212976,4426613620.0,3775.0,324,3774.0,1
rb1805,20171122,20171121,210402500,3773.0,117408,2213062,4430688540.0,3774.0,219,3773.0,42
rb1805,20171122,20171121,210403000,3773.0,117462,2213072,4432726160.0,3774.0,318,3773.0,50
rb1805,20171122,20171121,210403500,3774.0,117488,2213066,4433707380.0,3774.0,392,3773.0,53
rb1805,20171122,20171121,210404000,3773.0,117550,2213076,4436046700.0,3774.0,394,3773.0,30
rb1805,20171122,20171121,210404500,3774.0,117592,2213080,4437631740.0,3774.0,389,3773.0,35
rb1805,20171122,20171121,210405000,3774.0,117642,2213126,4439518320.0,3774.0,347,3773.0,82
rb1805,20171122,20171121,210405500,3773.0,117742,2213178,4443291900.0,3774.0,503,3773.0,107
rb1805,20171122,20171121,210406000,3773.0,117768,2213168,4444272900.0,3774.0,356,3773.0,117
rb1805,20171122,20171121,210406500,3773.0,117782,2213172,4444801200.0,3774.0,353,3773.0,161
rb1805,20171122,20171121,210407000,3773.0,117896,2213248,4449102600.0,3774.0,498,3773.0,188
rb1805,20171122,20171121,210407500,3773.0,117944,2213232,4450913700.0,3774.0,345,3773.0,197
rb1805,20171122,20171121,210408000,3774.0,117970,2213250,4451894840.0,3774.0,337,3773.0,187
rb1805,20171122,20171121,210408500,3774.0,118132,2213210,4458007920.0,3774.0,295,3773.0,138
rb1805,20171122,20171121,210409000,3774.0,118262,2213178,4462913400.0,3774.0,272,3773.0,114
rb1805,20171122,20171121,210409500,3774.0,118328,2213226,4465403600.0,3774.0,315,3773.0,122
rb1805,20171122,20171121,210410000,3773.0,118466,2213310,4470610360.0,3774.0,348,3773.0,65
rb1805,20171122,20171121,210410500,3773.0,118584,2213406,4475062600.0,3774.0,348,3773.0,29
rb1805,20171122,20171121,210411000,3773.0,118712,2213322,4479892240.0,3773.0,152,3772.0,679
rb1805,20171122,20171121,210411500,3773.0,118818,2213322,4483891520.0,3773.0,121,3772.0,674
rb1805,20171122,20171121,210412000,3773.0,118944,2213202,4488645500.0,3773.0,136,3772.0,675
rb1805,20171122,20171121,210412500,3773.0,118996,2213200,4490607420.0,3773.0,145,3772.0,672
rb1805,20171122,20171121,210413000,3773.0,119022,2213214,4491588200.0,3773.0,143,3772.0,663
rb1805,20171122,20171121,210413500,3773.0,119060,2213204,4493021820.0,3773.0,134,3772.0,661
rb1805,20171122,20171121,210414000,3773.0,119142,2213192,4496115640.0,3773.0,111,3772.0,661
rb1805,20171122,20171121,210414500,3773.0,119194,2213218,4498077360.0,3773.0,108,3772.0,650
rb1805,20171122,20171121,210415000,3773.0,119248,2213228,4500114660.0,3773.0,153,3772.0,642
rb1805,20171122,20171121,210415500,3773.0,119318,2213220,4502755500.0,3773.0,134,3772.0,693
rb1805,20171122,20171121,210416000,3772.0,119330,2213230,4503208240.0,3773.0,149,3772.0,693
rb1805,20171122,20171121,210416500,3773.0,119398,2213248,4505773480.0,3773.0,207,3772.0,674
rb1805,20171122,20171121,210417000,3773.0,119428,2213252,4506905360.0,3773.0,312,3772.0,678
rb1805,20171122,20171121,210417500,3772.0,119478,2213264,4508791460.0,3773.0,318,3772.0,640
rb1805,20171122,20171121,210418000,3773.0,120192,2213662,4535730340.0,3774.0,291,3773.0,171
rb1805,20171122,20171121,210418500,3773.0,120428,2213892,4544634620.0,3774.0,299,3773.0,58
rb1805,20171122,20171121,210419000,3773.0,120578,2214036,4550294120.0,3773.0,277,3772.0,635
rb1805,20171122,20171121,210419500,3772.0,120662,2214042,4553462840.0,3773.0,282,3772.0,612
rb1805,20171122,20171121,210420000,3772.0,120756,2213958,4557008560.0,3773.0,333,3772.0,567
rb1805,20171122,20171121,210420500,3772.0,120792,2213960,4558366600.0,3773.0,391,3772.0,607
rb1805,20171122,20171121,210421000,3772.0,120848,2214002,4560479360.0,3773.0,427,3772.0,618
rb1805,20171122,20171121,210421500,3772.0,120876,2214004,4561535600.0,3773.0,468,3772.0,611
rb1805,20171122,20171121,210422000,3773.0,120892,2214014,4562139260.0,3773.0,468,3772.0,611
rb1805,20171122,20171121,210422500,3772.0,120942,2214022,4564025500.0,3773.0,475,3772.0,606
rb1805,20171122,20171121,210423000,3772.0,121008,2213990,4566515020.0,3773.0,481,3772.0,586
rb1805,20171122,20171121,210423500,3772.0,121120,2213992,4570740660.0,3773.0,432,3772.0,590
rb1805,20171122,20171121,210424000,3773.0,121250,2213996,4575645300.0,3773.0,381,3772.0,585
rb1805,20171122,20171121,210424500,3772.0,121264,2214004,4576173440.0,3773.0,387,3772.0,584
rb1805,20171122,20171121,210425000,3772.0,121274,2214008,4576550720.0,3773.0,393,3772.0,596
rb1805,20171122,20171121,210425500,3772.0,121452,2214030,4583266160.0,3773.0,330,3772.0,576
rb1805,20171122,20171121,210426000,3773.0,121634,2214050,4590132340.0,3773.0,275,3772.0,548
rb1805,20171122,20171121,210426500,3772.0,121886,2214028,4599637980.0,3773.0,267,3772.0,434
rb1805,20171122,20171121,210427000,3772.0,121982,2214090,4603259440.0,3773.0,262,3772.0,406
rb1805,20171122,20171121,210427500,3773.0,122044,2214114,4605598180.0,3773.0,259,3772.0,482
rb1805,20171122,20171121,210428000,3772.0,122058,2214122,4606126260.0,3773.0,263,3772.0,481
rb1805,20171122,20171121,210428500,3772.0,122096,2214150,4607559920.0,3773.0,259,3772.0,477
rb1805,20171122,20171121,210429000,3772.0,122112,2214156,4608163440.0,3773.0,259,3772.0,474
rb1805,20171122,20171121,210429500,3772.0,122236,2214220,4612841320.0,3773.0,237,3772.0,456
rb1805,20171122,20171121,210430000,3772.0,122266,2214220,4613972960.0,3773.0,236,3772.0,444
rb1805,20171122,20171121,210430500,3772.0,122512,2214346,4623252460.0,3773.0,253,3772.0,351
rb1805,20171122,20171121,210431000,3772.0,122606,2214318,4626798380.0,3773.0,264,3772.0,319
rb1805,20171122,20171121,210431500,3772.0,122802,2214336,4634191520.0,3773.0,296,3772.0,222
rb1805,20171122,20171121,210432000,3772.0,123264,2214434,4651618180.0,3772.0,47,3771.0,400
rb1805,20171122,20171121,210432500,3772.0,123434,2214522,4658030580.0,3772.0,29,3771.0,401
rb1805,20171122,20171121,210433000,3772.0,123664,2214538,4666706180.0,3772.0,535,3771.0,418
rb1805,20171122,20171121,210433500,3772.0,123702,2214548,4668139500.0,3772.0,531,3771.0,357
rb1805,20171122,20171121,210434000,3771.0,123746,2214572,4669799160.0,3772.0,515,3771.0,356
rb1805,20171122,20171121,210434500,3771.0,123816,2214568,4672439020.0,3772.0,512,3771.0,334
rb1805,20171122,20171121,210435000,3772.0,123894,2214614,4675380520.0,3772.0,532,3771.0,362
rb1805,20171122,20171121,210435500,3771.0,124364,2214396,4693104240.0,3772.0,532,3771.0,128
rb1805,20171122,20171121,210436000,3771.0,124652,2214354,4703965360.0,3772.0,508,3771.0,42
rb1805,20171122,20171121,210436500,3771.0,124792,2214256,4709244740.0,3771.0,52,3770.0,1081
rb1805,20171122,20171121,210437000,3771.0,124970,2214298,4715957120.0,3772.0,540,3771.0,274
rb1805,20171122,20171121,210437500,3771.0,125054,2214310,4719125000.0,3772.0,532,3771.0,244
rb1805,20171122,20171121,210438000,3771.0,125132,2214378,4722066580.0,3772.0,524,3771.0,232
rb1805,20171122,20171121,210438500,3772.0,125180,2214404,4723876700.0,3772.0,531,3771.0,215
rb1805,20171122,20171121,210439000,3772.0,125564,2214608,4738357740.0,3772.0,511,3771.0,82
rb1805,20171122,20171121,210439500,3771.0,125784,2214676,4746654180.0,3771.0,9,3770.0,1112
rb1805,20171122,20171121,210440000,3771.0,125852,2214734,4749218760.0,3771.0,10,3770.0,1111
rb1805,20171122,20171121,210440500,3770.0,125920,2214740,4751783000.0,3771.0,30,3770.0,1109
rb1805,20171122,20171121,210441000,3771.0,126176,2214550,4761435480.0,3771.0,9,3770.0,1046
rb1805,20171122,20171121,210441500,3770.0,126242,2214528,4763924160.0,3771.0,46,3770.0,1039
rb1805,20171122,20171121,210442000,3770.0,126288,2214514,4765658620.0,3771.0,46,3770.0,1031
rb1805,20171122,20171121,210442500,3771.0,126844,2214754,4786620080.0,3771.0,37,3770.0,767
rb1805,20171122,20171121,210443000,3771.0,126890,2214768,4788354460.0,3771.0,93,3770.0,753
rb1805,20171122,20171121,210443500,3771.0,126956,2214766,4790843100.0,3771.0,99,3770.0,812
rb1805,20171122,20171121,210444000,3770.0,127042,2214764,4794085760.0,3771.0,220,3770.0,797
rb1805,20171122,20171121,210444500,3771.0,127190,2214868,4799665680.0,3771.0,212,3770.0,748
rb1805,20171122,20171121,210445000,3770.0,127304,2214890,4803963600.0,3771.0,228,3770.0,697
rb1805,20171122,20171121,210445500,3770.0,127328,2214896,4804868480.0,3771.0,244,3770.0,712
rb1805,20171122,20171121,210446000,3770.0,127408,2214970,4807884540.0,3771.0,308,3770.0,676
rb1805,20171122,20171121,210446500,3770.0,127426,2214980,4808563160.0,3771.0,319,3770.0,677
rb1805,20171122,20171121,210447000,3770.0,127434,2214986,4808864780.0,3771.0,328,3770.0,675
rb1805,20171122,20171121,210447500,3770.0,127482,2215024,4810674420.0,3771.0,328,3770.0,687
rb1805,20171122,20171121,210448000,3770.0,127582,2215034,4814445220.0,3771.0,292,3770.0,693
rb1805,20171122,20171121,210448500,3770.0,127626,2215064,4816104320.0,3771.0,284,3770.0,701
rb1805,20171122,20171121,210449000,3771.0,127978,2215302,4829377340.0,3771.0,166,3770.0,699
rb1805,20171122,20171121,210449500,3771.0,128550,2215282,4850945140.0,3772.0,507,3771.0,60
rb1805,20171122,20171121,210450000,3771.0,128830,2215278,4861506600.0,3772.0,384,3771.0,82
rb1805,20171122,20171121,210450500,3771.0,128844,2215276,4862034580.0,3772.0,377,3771.0,226
rb1805,20171122,20171121,210451000,3771.0,128920,2215236,4864900580.0,3772.0,376,3771.0,197
rb1805,20171122,20171121,210451500,3771.0,128942,2215222,4865730200.0,3772.0,376,3771.0,200
rb1805,20171122,20171121,210452000,3771.0,128974,2215246,4866937140.0,3772.0,364,3771.0,209
rb1805,20171122,20171121,210452500,3772.0,129054,2215256,4869954380.0,3772.0,332,3771.0,184
rb1805,20171122,20171121,210453000,3771.0,129412,2215358,4883454940.0,3772.0,314,3771.0,38
rb1805,20171122,20171121,210453500,3770.0,129528,2215358,4887829520.0,3771.0,5,3770.0,622
rb1805,20171122,20171121,210454000,3771.0,129558,2215372,4888960820.0,3772.0,297,3771.0,2
rb1805,20171122,20171121,210454500,3771.0,129672,2215362,4893259760.0,3771.0,47,3770.0,634
rb1805,20171122,20171121,210455000,3771.0,129724,2215342,4895220680.0,3772.0,288,3771.0,18
rb1805,20171122,20171121,210455500,3771.0,129746,2215330,4896050340.0,3772.0,297,3771.0,13
rb1805,20171122,20171121,210456000,3771.0,129822,2215286,4898916300.0,3772.0,297,3771.0,3
rb1805,20171122,20171121,210456500,3770.0,129936,2215264,4903215100.0,3771.0,6,3770.0,656
rb1805,20171122,20171121,210457000,3770.0,129942,2215268,4903441300.0,3771.0,9,3770.0,656
rb1805,20171122,20171121,210457500,3771.0,129948,2215266,4903667540.0,3771.0,9,3770.0,674
rb1805,20171122,20171121,210458000,3771.0,130036,2215292,4906985800.0,3772.0,308,3771.0,52
rb1805,20171122,20171121,210458500,3772.0,130112,2215296,4909851780.0,3772.0,324,3771.0,22
rb1805,20171122,20171121,210459000,3771.0,130168,2215294,4911963620.0,3772.0,322,3771.0,7
rb1805,20171122,20171121,210459500,3771.0,130194,2215286,4912944080.0,3771.0,173,3770.0,671
rb1805,20171122,20171121,210500000,3771.0,130336,2215348,4918298900.0,3771.0,109,3770.0,686
rb1805,20171122,20171121,210500500,3770.0,130354,2215348,4918977620.0,3771.0,149,3770.0,682
rb1805,20171122,20171121,210501000,3771.0,130430,2215390,4921843540.0,3771.0,137,3770.0,685
rb1805,20171122,20171121,210501500,3771.0,130478,2215396,4923653380.0,3771.0,141,3770.0,673
rb1805,20171122,20171121,210502000,3770.0,130802,2215274,4935871180.0,3771.0,81,3770.0,668
rb1805,20171122,20171121,210502500,3771.0,130832,2215254,4937002460.0,3771.0,80,3770.0,668
rb1805,20171122,20171121,210503000,3771.0,131008,2215254,4943639200.0,3771.0,40,3770.0,662
rb1805,20171122,20171121,210503500,3771.0,131038,2215270,4944770500.0,3771.0,66,3770.0,666
rb1805,20171122,20171121,210504000,3771.0,131074,2215306,4946128060.0,3771.0,62,3770.0,665
rb1805,20171122,20171121,210504500,3771.0,131116,2215312,4947711820.0,3771.0,55,3770.0,674
rb1805,20171122,20171121,210505000,3771.0,131186,2215254,4950351440.0,3771.0,38,3770.0,677
rb1805,20171122,20171121,210505500,3771.0,131232,2215272,4952085860.0,3771.0,37,3770.0,670
rb1805,20171122,20171121,210506000,3771.0,131274,2215304,4953669640.0,3771.0,47,3770.0,672
rb1805,20171122,20171121,210506500,3771.0,131322,2215304,4955479660.0,3771.0,31,3770.0,671
rb1805,20171122,20171121,210507000,3771.0,131342,2215306,4956233800.0,3771.0,35,3770.0,680
rb1805,20171122,20171121,210507500,3771.0,131472,2215234,4961134880.0,3771.0,34,3770.0,628
rb1805,20171122,20171121,210508000,3770.0,131600,2215230,4965960620.0,3771.0,48,3770.0,577
rb1805,20171122,20171121,210508500,3770.0,131724,2215216,4970635600.0,3771.0,41,3770.0,526
rb1805,20171122,20171121,210509000,3771.0,131770,2215224,4972370040.0,3771.0,28,3770.0,537
rb1805,20171122,20171121,210509500,3771.0,131800,2215224,4973501340.0,3771.0,47,3770.0,537
rb1805,20171122,20171121,210510000,3771.0,131862,2215256,4975839280.0,3771.0,26,3770.0,535
rb1805,20171122,20171121,210510500,3770.0,131888,2215266,4976819620.0,3771.0,31,3770.0,535
rb1805,20171122,20171121,210511000,3771.0,132506,2215370,5000119400.0,3771.0,59,3770.0,285
rb1805,20171122,20171121,210511500,3771.0,133036,2215424,5020101780.0,3771.0,126,3770.0,99
rb1805,20171122,20171121,210512000,3770.0,133384,2215396,5033221180.0,3770.0,1209,3769.0,810
rb1805,20171122,20171121,210512500,3770.0,134142,2215792,5061791400.0,3770.0,1327,3769.0,491
rb1805,20171122,20171121,210513000,3769.0,135378,2216742,5108377740.0,3769.0,442,3768.0,630
rb1805,20171122,20171121,210513500,3768.0,135574,2216858,5115764260.0,3769.0,409,3768.0,601
rb1805,20171122,20171121,210514000,3769.0,135784,2216964,5123678220.0,3769.0,383,3768.0,560
rb1805,20171122,20171121,210514500,3768.0,136004,2217094,5131969240.0,3769.0,151,3768.0,572
rb1805,20171122,20171121,210515000,3768.0,136150,2217166,5137471220.0,3769.0,122,3768.0,536
rb1805,20171122,20171121,210515500,3769.0,136388,2217320,5146440220.0,3769.0,64,3768.0,489
rb1805,20171122,20171121,210516000,3770.0,136564,2217288,5153073600.0,3770.0,1182,3769.0,247
rb1805,20171122,20171121,210516500,3769.0,136684,2217194,5157596440.0,3770.0,1189,3769.0,203
rb1805,20171122,20171121,210517000,3769.0,136832,2217226,5163175620.0,3770.0,1148,3769.0,194
rb1805,20171122,20171121,210517500,3770.0,137164,2217020,5175688820.0,3770.0,1143,3769.0,58
rb1805,20171122,20171121,210518000,3769.0,137370,2217154,5183454000.0,3770.0,1094,3769.0,111
rb1805,20171122,20171121,210518500,3769.0,137420,2217148,5185338860.0,3770.0,1078,3769.0,112
rb1805,20171122,20171121,210519000,3769.0,137572,2217178,5191067880.0,3770.0,1072,3769.0,64
rb1805,20171122,20171121,210519500,3770.0,137712,2217182,5196344740.0,3770.0,1080,3769.0,17
rb1805,20171122,20171121,210520000,3769.0,137850,2217128,5201545520.0,3769.0,40,3768.0,461
rb1805,20171122,20171121,210520500,3769.0,137974,2217068,5206219080.0,3770.0,1284,3769.0,1
rb1805,20171122,20171121,210521000,3768.0,138142,2217142,5212549940.0,3769.0,17,3768.0,426
rb1805,20171122,20171121,210521500,3769.0,138154,2217150,5213002180.0,3769.0,27,3768.0,426
rb1805,20171122,20171121,210522000,3768.0,138436,2217150,5223628020.0,3769.0,36,3768.0,291
rb1805,20171122,20171121,210522500,3769.0,138574,2217148,5228829600.0,3770.0,825,3769.0,411
rb1805,20171122,20171121,210523000,3769.0,138666,2217198,5232297100.0,3770.0,829,3769.0,373
rb1805,20171122,20171121,210523500,3769.0,138848,2217370,5239156700.0,3770.0,837,3769.0,295
rb1805,20171122,20171121,210524000,3769.0,138856,2217374,5239458220.0,3770.0,837,3769.0,309
rb1805,20171122,20171121,210524500,3769.0,138878,2217380,5240287420.0,3770.0,903,3769.0,42
rb1805,20171122,20171121,210525000,3769.0,139024,2217314,5245790140.0,3769.0,298,3768.0,349
rb1805,20171122,20171121,210525500,3769.0,139072,2217358,5247598800.0,3769.0,304,3768.0,386
rb1805,20171122,20171121,210526000,3769.0,139116,2217352,5249256920.0,3769.0,359,3768.0,380
rb1805,20171122,20171121,210526500,3769.0,139140,2217342,5250161480.0,3769.0,381,3768.0,387
rb1805,20171122,20171121,210527000,3768.0,139282,2217448,5255512120.0,3769.0,411,3768.0,324
rb1805,20171122,20171121,210527500,3769.0,139314,2217468,5256718000.0,3769.0,432,3768.0,320
rb1805,20171122,20171121,210528000,3769.0,139542,2217398,5265310700.0,3769.0,357,3768.0,291
rb1805,20171122,20171121,210528500,3768.0,139576,2217398,5266591900.0,3769.0,385,3768.0,306
rb1805,20171122,20171121,210529000,3769.0,139652,2217366,5269455920.0,3769.0,370,3768.0,286
rb1805,20171122,20171121,210529500,3768.0,139798,2217322,5274957420.0,3769.0,370,3768.0,233
rb1805,20171122,20171121,210530000,3768.0,140252,2217310,5292064340.0,3769.0,371,3768.0,18
rb1805,20171122,20171121,210530500,3768.0,140348,2217268,5295681820.0,3768.0,227,3767.0,294
rb1805,20171122,20171121,210531000,3768.0,140592,2217252,5304875200.0,3768.0,142,3767.0,267
rb1805,20171122,20171121,210531500,3768.0,140908,2216986,5316782080.0,3768.0,8,3767.0,267
rb1805,20171122,20171121,210532000,3768.0,141212,2217044,5328234540.0,3768.0,17,3767.0,166
rb1805,20171122,20171121,210532500,3767.0,141286,2217006,5331022880.0,3769.0,366,3767.0,166
rb1805,20171122,20171121,210533000,3768.0,141312,2216996,5332002440.0,3769.0,503,3768.0,3
rb1805,20171122,20171121,210533500,3767.0,141444,2216944,5336975460.0,3769.0,349,3768.0,5
rb1805,20171122,20171121,210534000,3767.0,141538,2216956,5340517000.0,3768.0,2,3767.0,203
rb1805,20171122,20171121,210534500,3768.0,141584,2216944,5342250080.0,3768.0,26,3767.0,197
rb1805,20171122,20171121,210535000,3767.0,141682,2216900,5345942760.0,3768.0,136,3767.0,182
rb1805,20171122,20171121,210535500,3768.0,141752,2216940,5348580040.0,3768.0,134,3767.0,185
rb1805,20171122,20171121,210536000,3767.0,141798,2216968,5350313180.0,3768.0,129,3767.0,181
rb1805,20171122,20171121,210536500,3767.0,141850,2216990,5352272220.0,3768.0,126,3767.0,170
rb1805,20171122,20171121,210537000,3767.0,141996,2217050,5357772260.0,3768.0,133,3767.0,109
rb1805,20171122,20171121,210537500,3768.0,142026,2217054,5358902460.0,3768.0,72,3767.0,130
rb1805,20171122,20171121,210538000,3767.0,142266,2216956,5367945340.0,3768.0,5,3767.0,145
rb1805,20171122,20171121,210538500,3768.0,142412,2216916,5373445900.0,3768.0,9,3767.0,123
rb1805,20171122,20171121,210539000,3767.0,142480,2216888,5376007520.0,3768.0,159,3767.0,101
rb1805,20171122,20171121,210539500,3767.0,142560,2216850,5379021200.0,3768.0,167,3767.0,72
rb1805,20171122,20171121,210540000,3767.0,142734,2216764,5385576040.0,3768.0,36,3767.0,28
rb1805,20171122,20171121,210540500,3768.0,142780,2216788,5387309200.0,3768.0,155,3767.0,45
rb1805,20171122,20171121,210541000,3767.0,142822,2216820,5388891360.0,3768.0,184,3767.0,189
rb1805,20171122,20171121,210541500,3768.0,142858,2216820,5390247740.0,3768.0,166,3767.0,208
rb1805,20171122,20171121,210542000,3768.0,142954,2216778,5393864600.0,3768.0,144,3767.0,198
rb1805,20171122,20171121,210542500,3767.0,142980,2216790,5394844080.0,3768.0,131,3767.0,210
rb1805,20171122,20171121,210543000,3767.0,143010,2216794,5395974220.0,3768.0,147,3767.0,212
rb1805,20171122,20171121,210543500,3767.0,143090,2216816,5398988320.0,3768.0,128,3767.0,202
rb1805,20171122,20171121,210544000,3767.0,143174,2216822,5402152900.0,3768.0,120,3767.0,232
rb1805,20171122,20171121,210544500,3767.0,143212,2216854,5403584520.0,3768.0,126,3767.0,248
rb1805,20171122,20171121,210545000,3767.0,143450,2216826,5412550260.0,3768.0,114,3767.0,147
rb1805,20171122,20171121,210545500,3768.0,143486,2216834,5413906580.0,3768.0,102,3767.0,166
rb1805,20171122,20171121,210546000,3768.0,143532,2216820,5415639440.0,3768.0,104,3767.0,147
rb1805,20171122,20171121,210546500,3768.0,143558,2216832,5416619040.0,3768.0,105,3767.0,153
rb1805,20171122,20171121,210547000,3768.0,143562,2216836,5416769740.0,3768.0,111,3767.0,209
rb1805,20171122,20171121,210547500,3768.0,143736,2216840,5423325920.0,3768.0,29,3767.0,208
rb1805,20171122,20171121,210548000,3768.0,143836,2216882,5427093920.0,3769.0,337,3768.0,237
rb1805,20171122,20171121,210548500,3769.0,143898,2216856,5429430280.0,3769.0,310,3768.0,214
rb1805,20171122,20171121,210549000,3769.0,143912,2216850,5429957880.0,3769.0,317,3768.0,312
rb1805,20171122,20171121,210549500,3769.0,144558,2216610,5454305500.0,3770.0,604,3769.0,46
rb1805,20171122,20171121,210550000,3769.0,144574,2216608,5454908540.0,3770.0,605,3769.0,124
rb1805,20171122,20171121,210550500,3769.0,144606,2216606,5456114680.0,3770.0,604,3769.0,194
rb1805,20171122,20171121,210551000,3769.0,144722,2216570,5460486880.0,3770.0,592,3769.0,726
rb1805,20171122,20171121,210551500,3771.0,145922,2217296,5505726920.0,3771.0,208,3770.0,8
rb1805,20171122,20171121,210552000,3771.0,146286,2217212,5519453360.0,3772.0,349,3771.0,14
rb1805,20171122,20171121,210552500,3772.0,146330,2217196,5521112800.0,3772.0,344,3771.0,158
rb1805,20171122,20171121,210553000,3771.0,146370,2217200,5522621280.0,3772.0,386,3771.0,245
rb1805,20171122,20171121,210553500,3772.0,146586,2217400,5530768700.0,3772.0,284,3771.0,246
rb1805,20171122,20171121,210554000,3771.0,147258,2217166,5556111080.0,3771.0,133,3770.0,297
rb1805,20171122,20171121,210554500,3771.0,147272,2217162,5556639000.0,3771.0,128,3770.0,299
rb1805,20171122,20171121,210555000,3771.0,147374,2217160,5560485420.0,3771.0,131,3770.0,302
rb1805,20171122,20171121,210555500,3771.0,147404,2217156,5561616700.0,3771.0,116,3770.0,304
rb1805,20171122,20171121,210556000,3771.0,147458,2217136,5563653040.0,3771.0,136,3770.0,304
rb1805,20171122,20171121,210556500,3771.0,147468,2217138,5564030080.0,3771.0,139,3770.0,307
rb1805,20171122,20171121,210557000,3771.0,147508,2217144,5565538480.0,3771.0,119,3770.0,310
rb1805,20171122,20171121,210557500,3771.0,147524,2217156,5566141780.0,3771.0,140,3770.0,308
rb1805,20171122,20171121,210558000,3771.0,147544,2217158,5566895960.0,3771.0,182,3770.0,323
rb1805,20171122,20171121,210558500,3770.0,147664,2217170,5571420140.0,3771.0,188,3770.0,273
rb1805,20171122,20171121,210559000,3771.0,147678,2217170,5571948080.0,3771.0,194,3770.0,279
rb1805,20171122,20171121,210559500,3771.0,147708,2217182,5573079300.0,3771.0,192,3770.0,295
rb1805,20171122,20171121,210600000,3771.0,147770,2217196,5575416880.0,3771.0,187,3770.0,290
rb1805,20171122,20171121,210600500,3771.0,147810,2217212,5576925260.0,3771.0,174,3770.0,290
rb1805,20171122,20171121,210601000,3770.0,147848,2217210,5578358100.0,3771.0,149,3770.0,293
rb1805,20171122,20171121,210601500,3770.0,147896,2217182,5580168060.0,3771.0,132,3770.0,287
rb1805,20171122,20171121,210602000,3770.0,147922,2217172,5581148480.0,3771.0,138,3770.0,287
rb1805,20171122,20171121,210602500,3770.0,147940,2217168,5581827140.0,3771.0,146,3770.0,283
rb1805,20171122,20171121,210603000,3770.0,147972,2217184,5583033760.0,3771.0,211,3770.0,278
rb1805,20171122,20171121,210603500,3771.0,147988,2217196,5583637100.0,3771.0,206,3770.0,279
rb1805,20171122,20171121,210604000,3770.0,148036,2217196,5585446860.0,3771.0,199,3770.0,272
rb1805,20171122,20171121,210604500,3770.0,148050,2217202,5585974700.0,3771.0,219,3770.0,272
rb1805,20171122,20171121,210605000,3770.0,148064,2217202,5586502520.0,3771.0,219,3770.0,276
rb1805,20171122,20171121,210605500,3770.0,148084,2217212,5587256660.0,3771.0,222,3770.0,328
rb1805,20171122,20171121,210606000,3770.0,148120,2217198,5588613940.0,3771.0,221,3770.0,315
rb1805,20171122,20171121,210606500,3771.0,148136,2217202,5589217200.0,3771.0,224,3770.0,316
rb1805,20171122,20171121,210607000,3771.0,148200,2217166,5591630040.0,3771.0,243,3770.0,302
rb1805,20171122,20171121,210607500,3770.0,148210,2217166,5592007040.0,3771.0,245,3770.0,534
rb1805,20171122,20171121,210608000,3770.0,148224,2217156,5592534840.0,3771.0,248,3770.0,530
rb1805,20171122,20171121,210608500,3770.0,148264,2217164,5594043020.0,3771.0,241,3770.0,526
rb1805,20171122,20171121,210609000,3770.0,148328,2217192,5596456240.0,3771.0,222,3770.0,533
rb1805,20171122,20171121,210609500,3770.0,148366,2217168,5597888960.0,3771.0,221,3770.0,521
rb1805,20171122,20171121,210610000,3770.0,148390,2217152,5598793980.0,3771.0,218,3770.0,521
rb1805,20171122,20171121,210610500,3771.0,148850,2217034,5616140360.0,3772.0,326,3771.0,101
rb1805,20171122,20171121,210611000,3771.0,149690,2217238,5647821100.0,3772.0,69,3771.0,2
rb1805,20171122,20171121,210611500,3771.0,149828,2217296,5653025100.0,3772.0,82,3771.0,94
rb1805,20171122,20171121,210612000,3771.0,149896,2217296,5655589980.0,3772.0,40,3771.0,168
rb1805,20171122,20171121,210612500,3772.0,149998,2217242,5659437420.0,3773.0,255,3772.0,187
rb1805,20171122,20171121,210613000,3772.0,150122,2217296,5664115740.0,3773.0,233,3772.0,180
rb1805,20171122,20171121,210613500,3772.0,150148,2217296,5665096620.0,3773.0,220,3772.0,176
rb1805,20171122,20171121,210614000,3772.0,150162,2217292,5665624720.0,3773.0,209,3772.0,172
rb1805,20171122,20171121,210614500,3773.0,150230,2217298,5668190080.0,3773.0,203,3772.0,167
rb1805,20171122,20171121,210615000,3772.0,150252,2217286,5669020020.0,3773.0,213,3772.0,205
rb1805,20171122,20171121,210615500,3773.0,150280,2217284,5670076240.0,3773.0,214,3772.0,191
rb1805,20171122,20171121,210616000,3773.0,150302,2217290,5670906160.0,3773.0,242,3772.0,188
rb1805,20171122,20171121,210616500,3773.0,150302,2217290,5670906160.0,3773.0,247,3772.0,208
rb1805,20171122,20171121,210617000,3773.0,150358,2217322,5673019000.0,3773.0,271,3772.0,207
rb1805,20171122,20171121,210617500,3772.0,150368,2217318,5673396260.0,3773.0,283,3772.0,211
rb1805,20171122,20171121,210618000,3773.0,150418,2217274,5675282720.0,3773.0,265,3772.0,211
rb1805,20171122,20171121,210618500,3773.0,150440,2217272,5676112680.0,3773.0,289,3772.0,206
rb1805,20171122,20171121,210619000,3773.0,150450,2217268,5676489960.0,3773.0,289,3772.0,209
rb1805,20171122,20171121,210619500,3772.0,150486,2217254,5677848080.0,3773.0,281,3772.0,203
rb1805,20171122,20171121,210620000,3773.0,150494,2217248,5678149900.0,3773.0,290,3772.0,206
rb1805,20171122,20171121,210620500,3772.0,150506,2217248,5678602600.0,3773.0,269,3772.0,224
rb1805,20171122,20171121,210621000,3772.0,150538,2217246,5679809680.0,3773.0,268,3772.0,218
rb1805,20171122,20171121,210621500,3773.0,150552,2217246,5680337820.0,3773.0,266,3772.0,226
rb1805,20171122,20171121,210622000,3773.0,150596,2217236,5681997600.0,3773.0,263,3772.0,213
rb1805,20171122,20171121,210622500,3772.0,150688,2217230,5685468700.0,3773.0,220,3772.0,212
rb1805,20171122,20171121,210623000,3773.0,150734,2217244,5687204200.0,3773.0,334,3772.0,210
rb1805,20171122,20171121,210623500,3772.0,150882,2217254,5692787900.0,3773.0,563,3772.0,172
rb1805,20171122,20171121,210624000,3773.0,151198,2217086,5704707560.0,3773.0,561,3772.0,43
rb1805,20171122,20171121,210624500,3772.0,151306,2217056,5708781320.0,3772.0,118,3771.0,92
rb1805,20171122,20171121,210625000,3772.0,151456,2217038,5714439240.0,3772.0,190,3771.0,96
rb1805,20171122,20171121,210625500,3772.0,151696,2217110,5723490540.0,3772.0,229,3771.0,17
rb1805,20171122,20171121,210626000,3772.0,151702,2217116,5723716860.0,3772.0,247,3771.0,39
rb1805,20171122,20171121,210626500,3772.0,151706,2217120,5723867740.0,3772.0,246,3771.0,119
rb1805,20171122,20171121,210627000,3772.0,151724,2217136,5724546640.0,3772.0,243,3771.0,121
rb1805,20171122,20171121,210627500,3772.0,151820,2217174,5728167100.0,3772.0,233,3771.0,90
rb1805,20171122,20171121,210628000,3772.0,151828,2217176,5728468800.0,3772.0,232,3771.0,89
rb1805,20171122,20171121,210628500,3772.0,151854,2217188,5729449520.0,3772.0,220,3771.0,91
rb1805,20171122,20171121,210629000,3772.0,151868,2217186,5729977580.0,3772.0,219,3771.0,91
rb1805,20171122,20171121,210629500,3772.0,151978,2217194,5734125760.0,3772.0,265,3771.0,40
rb1805,20171122,20171121,210630000,3771.0,151986,2217196,5734427460.0,3772.0,281,3771.0,68
rb1805,20171122,20171121,210630500,3772.0,152008,2217196,5735257240.0,3772.0,274,3771.0,72
rb1805,20171122,20171121,210631000,3772.0,152036,2217212,5736313300.0,3772.0,266,3771.0,77
rb1805,20171122,20171121,210631500,3772.0,152058,2217224,5737143080.0,3772.0,558,3771.0,96
rb1805,20171122,20171121,210632000,3772.0,152080,2217220,5737972780.0,3772.0,559,3771.0,86
rb1805,20171122,20171121,210632500,3772.0,152100,2217236,5738727140.0,3772.0,585,3771.0,89
rb1805,20171122,20171121,210633000,3771.0,152132,2217252,5739934000.0,3772.0,579,3771.0,94
rb1805,20171122,20171121,210633500,3772.0,152134,2217254,5740009440.0,3772.0,586,3771.0,104
rb1805,20171122,20171121,210634000,3771.0,152148,2217264,5740537380.0,3772.0,586,3771.0,99
rb1805,20171122,20171121,210634500,3772.0,152958,2217880,5771090560.0,3772.0,182,3771.0,103
rb1805,20171122,20171121,210635000,3772.0,153262,2218022,5782557440.0,3772.0,65,3771.0,129
rb1805,20171122,20171121,210635500,3771.0,153284,2218010,5783387260.0,3772.0,58,3771.0,172
rb1805,20171122,20171121,210636000,3771.0,153324,2218006,5784896000.0,3772.0,44,3771.0,177
rb1805,20171122,20171121,210636500,3772.0,153404,2217992,5787913560.0,3772.0,12,3771.0,182
rb1805,20171122,20171121,210637000,3772.0,153498,2218032,5791458500.0,3772.0,18,3771.0,153
rb1805,20171122,20171121,210637500,3771.0,153512,2218040,5791986520.0,3772.0,20,3771.0,147
rb1805,20171122,20171121,210638000,3772.0,153566,2218080,5794022980.0,3772.0,102,3771.0,124
rb1805,20171122,20171121,210638500,3772.0,153864,2218112,5805263520.0,3772.0,37,3771.0,138
rb1805,20171122,20171121,210639000,3772.0,153868,2218114,5805414380.0,3772.0,59,3771.0,138
rb1805,20171122,20171121,210639500,3772.0,154012,2218154,5810845640.0,3772.0,9,3771.0,151
rb1805,20171122,20171121,210640000,3772.0,154034,2218168,5811675480.0,3773.0,742,3772.0,18
rb1805,20171122,20171121,210640500,3772.0,154074,2218204,5813184300.0,3773.0,740,3772.0,288
rb1805,20171122,20171121,210641000,3772.0,154100,2218210,5814165060.0,3773.0,738,3772.0,278
rb1805,20171122,20171121,210641500,3773.0,154126,2218228,5815145940.0,3773.0,731,3772.0,277
rb1805,20171122,20171121,210642000,3772.0,154150,2218248,5816051260.0,3773.0,730,3772.0,272
rb1805,20171122,20171121,210642500,3772.0,154154,2218252,5816202160.0,3773.0,729,3772.0,272
rb1805,20171122,20171121,210643000,3772.0,154166,2218264,5816654900.0,3773.0,723,3772.0,276
rb1805,20171122,20171121,210643500,3773.0,154172,2218268,5816881280.0,3773.0,731,3772.0,306
rb1805,20171122,20171121,210644000,3772.0,154186,2218280,5817409380.0,3773.0,732,3772.0,302
rb1805,20171122,20171121,210644500,3772.0,154214,2218308,5818465580.0,3773.0,734,3772.0,291
rb1805,20171122,20171121,210645000,3773.0,154224,2218318,5818842880.0,3773.0,724,3772.0,290
rb1805,20171122,20171121,210645500,3773.0,154256,2218326,5820049980.0,3773.0,722,3772.0,282
rb1805,20171122,20171121,210646000,3773.0,154314,2218310,5822237780.0,3773.0,720,3772.0,257
rb1805,20171122,20171121,210646500,3772.0,154330,2218310,5822841320.0,3773.0,742,3772.0,251
rb1805,20171122,20171121,210647000,3773.0,154348,2218326,5823520440.0,3773.0,735,3772.0,255
rb1805,20171122,20171121,210647500,3773.0,154356,2218332,5823822260.0,3773.0,737,3772.0,256
rb1805,20171122,20171121,210648000,3772.0,154358,2218332,5823897700.0,3773.0,737,3772.0,265
rb1805,20171122,20171121,210648500,3773.0,154396,2218334,5825331340.0,3773.0,722,3772.0,262
rb1805,20171122,20171121,210649000,3772.0,154452,2218336,5827443980.0,3773.0,708,3772.0,270
rb1805,20171122,20171121,210649500,3772.0,154566,2218420,5831745140.0,3773.0,663,3772.0,273
rb1805,20171122,20171121,210650000,3773.0,154576,2218430,5832122440.0,3773.0,662,3772.0,283
rb1805,20171122,20171121,210650500,3773.0,154624,2218478,5833933480.0,3773.0,638,3772.0,282
rb1805,20171122,20171121,210651000,3773.0,154648,2218500,5834839000.0,3773.0,633,3772.0,291
rb1805,20171122,20171121,210651500,3773.0,154658,2218508,5835216280.0,3773.0,629,3772.0,293
rb1805,20171122,20171121,210652000,3773.0,154732,2218486,5838007680.0,3773.0,623,3772.0,259
rb1805,20171122,20171121,210652500,3772.0,154916,2218660,5844949920.0,3773.0,538,3772.0,255
rb1805,20171122,20171121,210653000,3773.0,154930,2218662,5845478060.0,3773.0,535,3772.0,253
rb1805,20171122,20171121,210653500,3773.0,154940,2218664,5845855300.0,3773.0,545,3772.0,251
rb1805,20171122,20171121,210654000,3773.0,154952,2218666,5846308000.0,3773.0,542,3772.0,253
rb1805,20171122,20171121,210654500,3773.0,154968,2218656,5846911560.0,3773.0,541,3772.0,249
rb1805,20171122,20171121,210655000,3773.0,155086,2218760,5851363620.0,3773.0,502,3772.0,245
rb1805,20171122,20171121,210655500,3773.0,155178,2218728,5854834340.0,3773.0,481,3772.0,238
rb1805,20171122,20171121,210656000,3772.0,155208,2218754,5855966220.0,3773.0,497,3772.0,247
rb1805,20171122,20171121,210656500,3773.0,155218,2218754,5856343480.0,3773.0,494,3772.0,246
rb1805,20171122,20171121,210657000,3773.0,155266,2218800,5858154500.0,3773.0,474,3772.0,246
rb1805,20171122,20171121,210657500,3772.0,155276,2218802,5858531760.0,3773.0,473,3772.0,244
rb1805,20171122,20171121,210658000,3773.0,155306,2218824,5859663580.0,3773.0,462,3772.0,246
rb1805,20171122,20171121,210658500,3773.0,155324,2218836,5860342700.0,3773.0,1043,3772.0,247
rb1805,20171122,20171121,210659000,3773.0,155978,2218730,5885012980.0,3773.0,976,3772.0,3
rb1805,20171122,20171121,210659500,3772.0,156006,2218752,5886069140.0,3772.0,200,3771.0,205
rb1805,20171122,20171121,210700000,3772.0,156242,2218956,5894971040.0,3772.0,95,3771.0,205
rb1805,20171122,20171121,210700500,3772.0,156364,2219042,5899572880.0,3772.0,39,3771.0,190
rb1805,20171122,20171121,210701000,3772.0,156488,2219006,5904250180.0,3773.0,383,3772.0,253
rb1805,20171122,20171121,210701500,3772.0,156532,2218974,5905909900.0,3773.0,391,3772.0,241
rb1805,20171122,20171121,210702000,3772.0,156536,2218972,5906060780.0,3773.0,392,3772.0,290
rb1805,20171122,20171121,210702500,3772.0,156536,2218972,5906060780.0,3773.0,394,3772.0,296
rb1805,20171122,20171121,210703000,3772.0,156552,2218964,5906664440.0,3773.0,390,3772.0,298
rb1805,20171122,20171121,210703500,3772.0,156570,2218968,5907343560.0,3773.0,394,3772.0,305
rb1805,20171122,20171121,210704000,3772.0,157382,2219550,5937980140.0,3773.0,1,3772.0,299
rb1805,20171122,20171121,210704500,3773.0,157428,2219574,5939715720.0,3774.0,408,3773.0,309
rb1805,20171122,20171121,210705000,3773.0,157476,2219620,5941526760.0,3774.0,408,3773.0,373
rb1805,20171122,20171121,210705500,3773.0,157626,2219768,5947186320.0,3774.0,405,3773.0,304
rb1805,20171122,20171121,210706000,3774.0,157658,2219792,5948393780.0,3774.0,403,3773.0,267
rb1805,20171122,20171121,210706500,3774.0,157680,2219790,5949223960.0,3774.0,359,3773.0,270
rb1805,20171122,20171121,210707000,3774.0,157708,2219802,5950280540.0,3774.0,352,3773.0,263
rb1805,20171122,20171121,210707500,3774.0,157716,2219800,5950582440.0,3774.0,352,3773.0,262
rb1805,20171122,20171121,210708000,3774.0,158090,2219842,5964696960.0,3774.0,189,3773.0,251
rb1805,20171122,20171121,210708500,3773.0,158104,2219848,5965225220.0,3774.0,188,3773.0,247
rb1805,20171122,20171121,210709000,3773.0,158180,2219872,5968093140.0,3774.0,173,3773.0,258
rb1805,20171122,20171121,210709500,3773.0,158202,2219860,5968923320.0,3774.0,168,3773.0,255
rb1805,20171122,20171121,210710000,3774.0,158224,2219862,5969753520.0,3774.0,161,3773.0,252
rb1805,20171122,20171121,210710500,3774.0,158250,2219850,5970734740.0,3774.0,152,3773.0,265
rb1805,20171122,20171121,210711000,3774.0,158392,2219946,5976093820.0,3774.0,83,3773.0,269
rb1805,20171122,20171121,210711500,3774.0,158596,2220076,5983792980.0,3775.0,348,3774.0,367
rb1805,20171122,20171121,210712000,3774.0,158914,2220134,5995796220.0,3775.0,253,3774.0,343
rb1805,20171122,20171121,210712500,3775.0,159224,2220124,6007498620.0,3775.0,160,3774.0,398
rb1805,20171122,20171121,210713000,3775.0,159688,2220136,6025013740.0,3776.0,346,3775.0,435
rb1805,20171122,20171121,210713500,3775.0,159748,2220162,6027279020.0,3776.0,422,3775.0,498
rb1805,20171122,20171121,210714000,3776.0,159816,2220224,6029846500.0,3776.0,396,3775.0,517
rb1805,20171122,20171121,210714500,3776.0,159942,2220180,6034604240.0,3776.0,338,3775.0,468
rb1805,20171122,20171121,210715000,3776.0,160428,2220326,6052955040.0,3776.0,130,3775.0,452
rb1805,20171122,20171121,210715500,3775.0,160512,2220404,6056126360.0,3776.0,118,3775.0,429
rb1805,20171122,20171121,210716000,3775.0,160704,2220448,6063376100.0,3776.0,86,3775.0,368
rb1805,20171122,20171121,210716500,3776.0,160750,2220488,6065112980.0,3776.0,136,3775.0,365
rb1805,20171122,20171121,210717000,3775.0,160926,2220428,6071758580.0,3776.0,91,3775.0,306
rb1805,20171122,20171121,210717500,3775.0,160964,2220444,6073193220.0,3776.0,93,3775.0,261
rb1805,20171122,20171121,210718000,3776.0,161004,2220426,6074703520.0,3776.0,125,3775.0,258
rb1805,20171122,20171121,210718500,3776.0,161302,2220552,6085955780.0,3777.0,267,3776.0,77
rb1805,20171122,20171121,210719000,3775.0,161482,2220696,6092752440.0,3776.0,23,3775.0,242
rb1805,20171122,20171121,210719500,3775.0,161570,2220662,6096075200.0,3776.0,26,3775.0,237
rb1805,20171122,20171121,210720000,3776.0,161774,2220732,6103777640.0,3777.0,271,3776.0,44
rb1805,20171122,20171121,210720500,3775.0,161874,2220736,6107553580.0,3776.0,34,3775.0,207
rb1805,20171122,20171121,210721000,3775.0,161932,2220744,6109743500.0,3776.0,38,3775.0,199
rb1805,20171122,20171121,210721500,3776.0,161954,2220748,6110574180.0,3776.0,35,3775.0,233
rb1805,20171122,20171121,210722000,3776.0,161996,2220772,6112159960.0,3776.0,37,3775.0,243
rb1805,20171122,20171121,210722500,3776.0,162062,2220798,6114652060.0,3776.0,28,3775.0,259
rb1805,20171122,20171121,210723000,3776.0,162096,2220822,6115935820.0,3776.0,29,3775.0,258
rb1805,20171122,20171121,210723500,3776.0,162158,2220864,6118276760.0,3776.0,45,3775.0,250
rb1805,20171122,20171121,210724000,3776.0,162172,2220874,6118805360.0,3776.0,59,3775.0,250
rb1805,20171122,20171121,210724500,3776.0,162212,2220880,6120315500.0,3776.0,69,3775.0,238
rb1805,20171122,20171121,210725000,3776.0,162286,2220896,6123109520.0,3776.0,65,3775.0,234
rb1805,20171122,20171121,210725500,3775.0,162324,2220910,6124544360.0,3776.0,49,3775.0,232
rb1805,20171122,20171121,210726000,3776.0,162456,2221000,6129528600.0,3777.0,308,3776.0,7
rb1805,20171122,20171121,210726500,3775.0,162562,2221078,6133530700.0,3776.0,12,3775.0,207
rb1805,20171122,20171121,210727000,3776.0,162628,2221140,6136022580.0,3777.0,315,3776.0,87
rb1805,20171122,20171121,210727500,3776.0,162806,2221316,6142743900.0,3777.0,313,3776.0,33
rb1805,20171122,20171121,210728000,3776.0,162838,2221308,6143952240.0,3777.0,310,3776.0,179
rb1805,20171122,20171121,210728500,3776.0,162870,2221288,6145160560.0,3777.0,319,3776.0,230
rb1805,20171122,20171121,210729000,3776.0,163662,2221716,6175070520.0,3777.0,110,3776.0,42
rb1805,20171122,20171121,210729500,3776.0,163872,2221830,6183001620.0,3777.0,42,3776.0,249
rb1805,20171122,20171121,210730000,3777.0,164008,2221882,6188138340.0,3778.0,508,3777.0,96
rb1805,20171122,20171121,210730500,3777.0,164242,2221934,6196976380.0,3777.0,19,3776.0,246
rb1805,20171122,20171121,210731000,3777.0,164298,2221972,6199091220.0,3777.0,14,3776.0,248
rb1805,20171122,20171121,210731500,3777.0,164322,2221976,6199997600.0,3777.0,9,3776.0,247
rb1805,20171122,20171121,210732000,3777.0,164434,2222048,6204228020.0,3778.0,535,3777.0,109
rb1805,20171122,20171121,210732500,3778.0,165090,2222120,6229008980.0,3778.0,349,3776.0,245
rb1805,20171122,20171121,210733000,3778.0,165128,2222126,6230444340.0,3778.0,349,3777.0,207
rb1805,20171122,20171121,210733500,3777.0,165408,2221932,6241022520.0,3778.0,223,3777.0,218
rb1805,20171122,20171121,210734000,3778.0,166502,2222488,6282345600.0,3779.0,396,3778.0,422
rb1805,20171122,20171121,210734500,3779.0,167748,2223508,6329423720.0,3779.0,184,3778.0,19
rb1805,20171122,20171121,210735000,3778.0,168662,2223544,6363954400.0,3778.0,34,3777.0,280
rb1805,20171122,20171121,210735500,3779.0,169614,2223852,6399917460.0,3779.0,224,3778.0,25
rb1805,20171122,20171121,210736000,3779.0,170342,2223796,6427426400.0,3780.0,1097,3779.0,27
rb1805,20171122,20171121,210736500,3779.0,170670,2223734,6439820700.0,3779.0,107,3778.0,115
rb1805,20171122,20171121,210737000,3779.0,170860,2223814,6447000480.0,3779.0,40,3778.0,197
rb1805,20171122,20171121,210737500,3779.0,171032,2223838,6453500600.0,3780.0,1077,3779.0,2
rb1805,20171122,20171121,210738000,3780.0,171152,2223924,6458035700.0,3780.0,1057,3779.0,43
rb1805,20171122,20171121,210738500,3779.0,174160,2223212,6571732620.0,3781.0,386,3780.0,1
rb1805,20171122,20171121,210739000,3781.0,175664,2222886,6628568640.0,3781.0,593,3780.0,20
rb1805,20171122,20171121,210739500,3780.0,176652,2222780,6665914780.0,3780.0,399,3779.0,57
rb1805,20171122,20171121,210740000,3780.0,177046,2222770,6680805760.0,3780.0,345,3779.0,6
rb1805,20171122,20171121,210740500,3775.0,177914,2223102,6713595240.0,3776.0,85,3775.0,100
rb1805,20171122,20171121,210741000,3778.0,178238,2223314,6725831040.0,3778.0,10,3776.0,596
rb1805,20171122,20171121,210741500,3779.0,178438,2223422,6733387300.0,3779.0,61,3777.0,36
rb1805,20171122,20171121,210742000,3778.0,178554,2223456,6737769180.0,3778.0,188,3777.0,37
rb1805,20171122,20171121,210742500,3777.0,179082,2223136,6757712540.0,3777.0,181,3776.0,492
rb1805,20171122,20171121,210743000,3777.0,179462,2222914,6772064840.0,3777.0,26,3776.0,487
rb1805,20171122,20171121,210743500,3777.0,180042,2222900,6793972220.0,3778.0,153,3777.0,77
rb1805,20171122,20171121,210744000,3778.0,180120,2222938,6796918600.0,3778.0,174,3777.0,241
rb1805,20171122,20171121,210744500,3778.0,180146,2222940,6797900740.0,3778.0,168,3777.0,244
rb1805,20171122,20171121,210745000,3777.0,180922,2222736,6827210220.0,3777.0,120,3776.0,532
rb1805,20171122,20171121,210745500,3777.0,181452,2222834,6847230420.0,3778.0,267,3777.0,85
rb1805,20171122,20171121,210746000,3778.0,181536,2222846,6850403800.0,3778.0,236,3777.0,97
rb1805,20171122,20171121,210746500,3777.0,181774,2222818,6859393060.0,3777.0,194,3776.0,544
rb1805,20171122,20171121,210747000,3776.0,182854,2222618,6900173980.0,3777.0,215,3776.0,32
rb1805,20171122,20171121,210747500,3776.0,182920,2222586,6902666120.0,3776.0,176,3775.0,125
rb1805,20171122,20171121,210748000,3776.0,182968,2222598,6904478520.0,3776.0,166,3775.0,127
rb1805,20171122,20171121,210748500,3775.0,183048,2222652,6907499160.0,3776.0,174,3775.0,129
rb1805,20171122,20171121,210749000,3775.0,183176,2222688,6912331620.0,3776.0,96,3775.0,161
rb1805,20171122,20171121,210749500,3776.0,183308,2222764,6917315840.0,3776.0,33,3775.0,312
rb1805,20171122,20171121,210750000,3776.0,183454,2222844,6922828800.0,3777.0,300,3776.0,165
rb1805,20171122,20171121,210750500,3776.0,183488,2222868,6924112700.0,3777.0,298,3776.0,167
rb1805,20171122,20171121,210751000,3776.0,183600,2222898,6928341860.0,3777.0,296,3776.0,138
rb1805,20171122,20171121,210751500,3776.0,183678,2222910,6931287780.0,3777.0,266,3776.0,141
rb1805,20171122,20171121,210752000,3777.0,183696,2222918,6931967520.0,3777.0,263,3776.0,142
rb1805,20171122,20171121,210752500,3777.0,183700,2222918,6932118600.0,3777.0,265,3776.0,154
rb1805,20171122,20171121,210753000,3776.0,183756,2222950,6934233340.0,3777.0,258,3776.0,228
rb1805,20171122,20171121,210753500,3776.0,183768,2222950,6934686540.0,3777.0,356,3776.0,265
rb1805,20171122,20171121,210754000,3776.0,183800,2222944,6935895080.0,3777.0,347,3776.0,282
rb1805,20171122,20171121,210754500,3776.0,183924,2222930,6940578120.0,3777.0,318,3776.0,262
rb1805,20171122,20171121,210755000,3777.0,183946,2222934,6941408980.0,3777.0,314,3776.0,313
rb1805,20171122,20171121,210755500,3777.0,183984,2222928,6942844160.0,3777.0,300,3776.0,317
rb1805,20171122,20171121,210756000,3777.0,184014,2222928,6943976980.0,3777.0,302,3776.0,296
rb1805,20171122,20171121,210756500,3777.0,184048,2222916,6945261120.0,3777.0,297,3776.0,309
rb1805,20171122,20171121,210757000,3776.0,184056,2222912,6945563200.0,3777.0,298,3776.0,318
rb1805,20171122,20171121,210757500,3777.0,184112,2222876,6947678200.0,3777.0,284,3776.0,316
rb1805,20171122,20171121,210758000,3776.0,184144,2222882,6948886520.0,3777.0,308,3776.0,309
rb1805,20171122,20171121,210758500,3776.0,184182,2222894,6950321740.0,3777.0,291,3776.0,320
rb1805,20171122,20171121,210759000,3777.0,184212,2222914,6951454780.0,3777.0,288,3776.0,313
rb1805,20171122,20171121,210759500,3776.0,184222,2222920,6951832420.0,3777.0,290,3776.0,299
rb1805,20171122,20171121,210800000,3776.0,184234,2222930,6952285640.0,3777.0,287,3776.0,287
rb1805,20171122,20171121,210800500,3776.0,184360,2222944,6957043700.0,3777.0,285,3776.0,255
rb1805,20171122,20171121,210801000,3776.0,184912,2223342,6977887160.0,3776.0,36,3775.0,442
rb1805,20171122,20171121,210801500,3776.0,184932,2223360,6978642360.0,3776.0,168,3775.0,450
rb1805,20171122,20171121,210802000,3776.0,184938,2223364,6978868900.0,3776.0,183,3775.0,443
rb1805,20171122,20171121,210802500,3776.0,185006,2223354,6981436560.0,3776.0,402,3775.0,454
rb1805,20171122,20171121,210803000,3776.0,185080,2223304,6984230780.0,3776.0,387,3775.0,330
rb1805,20171122,20171121,210803500,3776.0,185232,2223210,6989969440.0,3776.0,353,3775.0,295
rb1805,20171122,20171121,210804000,3776.0,185352,2223142,6994500480.0,3776.0,303,3775.0,287
rb1805,20171122,20171121,210804500,3776.0,185852,2223486,7013380420.0,3776.0,58,3775.0,288
rb1805,20171122,20171121,210805000,3776.0,186196,2223786,7026369860.0,3777.0,606,3776.0,128
rb1805,20171122,20171121,210805500,3775.0,186518,2223546,7038528440.0,3777.0,607,3775.0,290
rb1805,20171122,20171121,210806000,3775.0,186534,2223558,7039132460.0,3776.0,20,3775.0,288
rb1805,20171122,20171121,210806500,3776.0,186542,2223558,7039434520.0,3776.0,38,3775.0,290
rb1805,20171122,20171121,210807000,3776.0,186556,2223568,7039963060.0,3776.0,74,3775.0,307
rb1805,20171122,20171121,210807500,3776.0,186616,2223596,7042228400.0,3776.0,89,3775.0,305
rb1805,20171122,20171121,210808000,3775.0,186762,2223576,7047741240.0,3776.0,27,3775.0,300
rb1805,20171122,20171121,210808500,3776.0,186788,2223574,7048722880.0,3776.0,39,3775.0,296
rb1805,20171122,20171121,210809000,3775.0,186800,2223578,7049175900.0,3776.0,40,3775.0,293
rb1805,20171122,20171121,210809500,3776.0,186866,2223556,7051668040.0,3776.0,53,3775.0,298
rb1805,20171122,20171121,210810000,3776.0,186906,2223550,7053178380.0,3776.0,38,3775.0,312
rb1805,20171122,20171121,210810500,3776.0,186938,2223564,7054386580.0,3776.0,28,3775.0,322
rb1805,20171122,20171121,210811000,3776.0,187088,2223582,7060049300.0,3776.0,67,3775.0,267
rb1805,20171122,20171121,210811500,3776.0,187134,2223606,7061786200.0,3776.0,56,3775.0,260
rb1805,20171122,20171121,210812000,3776.0,187140,2223610,7062012740.0,3776.0,70,3775.0,262
rb1805,20171122,20171121,210812500,3775.0,187166,2223630,7062994360.0,3776.0,68,3775.0,262
rb1805,20171122,20171121,210813000,3775.0,187314,2223710,7068581660.0,3776.0,64,3775.0,209
rb1805,20171122,20171121,210813500,3775.0,187424,2223778,7072734240.0,3776.0,83,3775.0,162
rb1805,20171122,20171121,210814000,3776.0,187458,2223776,7074017780.0,3776.0,88,3775.0,150
rb1805,20171122,20171121,210814500,3776.0,187492,2223794,7075301320.0,3776.0,108,3775.0,136
rb1805,20171122,20171121,210815000,3775.0,187714,2223772,7083683080.0,3776.0,46,3775.0,89
rb1805,20171122,20171121,210815500,3775.0,187924,2223696,7091610700.0,3775.0,236,3774.0,127
rb1805,20171122,20171121,210816000,3774.0,188060,2223724,7096744420.0,3775.0,190,3774.0,121
rb1805,20171122,20171121,210816500,3775.0,188194,2223706,7101802900.0,3775.0,151,3774.0,130
rb1805,20171122,20171121,210817000,3775.0,188362,2223588,7108144680.0,3775.0,82,3774.0,118
rb1805,20171122,20171121,210817500,3774.0,188502,2223614,7113428320.0,3775.0,84,3774.0,57
rb1805,20171122,20171121,210818000,3774.0,188560,2223560,7115617760.0,3775.0,73,3774.0,206
rb1805,20171122,20171121,210818500,3774.0,188618,2223544,7117806780.0,3775.0,58,3774.0,194
rb1805,20171122,20171121,210819000,3774.0,188646,2223540,7118863600.0,3775.0,54,3774.0,185
rb1805,20171122,20171121,210819500,3774.0,188662,2223534,7119467500.0,3775.0,51,3774.0,182
rb1805,20171122,20171121,210820000,3774.0,188682,2223530,7120222340.0,3775.0,61,3774.0,174
rb1805,20171122,20171121,210820500,3774.0,188932,2223586,7129658200.0,3775.0,33,3774.0,92
rb1805,20171122,20171121,210821000,3774.0,188984,2223594,7131620700.0,3775.0,34,3774.0,69
rb1805,20171122,20171121,210821500,3774.0,188996,2223602,7132073600.0,3775.0,43,3774.0,118
rb1805,20171122,20171121,210822000,3774.0,189004,2223610,7132375520.0,3775.0,49,3774.0,167
rb1805,20171122,20171121,210822500,3775.0,189076,2223574,7135093440.0,3775.0,8,3774.0,167
rb1805,20171122,20171121,210823000,3774.0,189108,2223578,7136301320.0,3775.0,13,3774.0,168
rb1805,20171122,20171121,210823500,3774.0,189134,2223598,7137282740.0,3775.0,4,3774.0,165
rb1805,20171122,20171121,210824000,3774.0,189182,2223606,7139094260.0,3775.0,87,3774.0,143
rb1805,20171122,20171121,210824500,3775.0,189246,2223570,7141509660.0,3775.0,92,3774.0,116
rb1805,20171122,20171121,210825000,3774.0,189268,2223570,7142339940.0,3775.0,108,3774.0,109
rb1805,20171122,20171121,210825500,3774.0,189668,2223378,7157435980.0,3775.0,258,3774.0,12
rb1805,20171122,20171121,210826000,3774.0,189702,2223354,7158719140.0,3774.0,493,3773.0,184
rb1805,20171122,20171121,210826500,3774.0,190096,2223456,7173584980.0,3774.0,497,3773.0,3
rb1805,20171122,20171121,210827000,3773.0,190184,2223444,7176904480.0,3773.0,267,3772.0,549
rb1805,20171122,20171121,210827500,3773.0,190200,2223442,7177508060.0,3773.0,257,3772.0,545
rb1805,20171122,20171121,210828000,3772.0,190398,2223382,7184978480.0,3773.0,165,3772.0,539
rb1805,20171122,20171121,210828500,3772.0,190880,2223270,7203162220.0,3773.0,43,3772.0,437
rb1805,20171122,20171121,210829000,3773.0,191036,2223148,7209048700.0,3774.0,371,3773.0,136
rb1805,20171122,20171121,210829500,3773.0,191286,2223022,7218482800.0,3774.0,259,3773.0,163
rb1805,20171122,20171121,210830000,3773.0,191820,2222804,7238635660.0,3774.0,8,3773.0,151
rb1805,20171122,20171121,210830500,3774.0,191880,2222752,7240900060.0,3775.0,289,3774.0,282
rb1805,20171122,20171121,210831000,3774.0,192088,2222754,7248751740.0,3775.0,194,3774.0,253
rb1805,20171122,20171121,210831500,3774.0,192232,2222826,7254186900.0,3775.0,164,3774.0,213
rb1805,20171122,20171121,210832000,3774.0,192268,2222804,7255545640.0,3775.0,159,3774.0,189
rb1805,20171122,20171121,210832500,3774.0,192272,2222808,7255696600.0,3775.0,173,3774.0,179
rb1805,20171122,20171121,210833000,3774.0,192298,2222820,7256677840.0,3775.0,181,3774.0,366
rb1805,20171122,20171121,210833500,3774.0,192442,2222808,7262112780.0,3775.0,157,3774.0,314
rb1805,20171122,20171121,210834000,3774.0,192498,2222768,7264226620.0,3775.0,139,3774.0,309
rb1805,20171122,20171121,210834500,3774.0,192514,2222758,7264830520.0,3775.0,146,3774.0,304
rb1805,20171122,20171121,210835000,3775.0,192554,2222734,7266340240.0,3775.0,147,3774.0,292
rb1805,20171122,20171121,210835500,3774.0,192618,2222748,7268755620.0,3775.0,141,3774.0,260
rb1805,20171122,20171121,210836000,3775.0,192624,2222742,7268982120.0,3775.0,146,3774.0,260
rb1805,20171122,20171121,210836500,3774.0,192682,2222750,7271171060.0,3775.0,163,3774.0,286
rb1805,20171122,20171121,210837000,3774.0,192722,2222752,7272680680.0,3775.0,164,3774.0,267
rb1805,20171122,20171121,210837500,3775.0,192740,2222756,7273360140.0,3775.0,159,3774.0,267
rb1805,20171122,20171121,210838000,3775.0,192750,2222752,7273737620.0,3775.0,162,3774.0,276
rb1805,20171122,20171121,210838500,3775.0,192766,2222760,7274341500.0,3775.0,161,3774.0,270
rb1805,20171122,20171121,210839000,3775.0,192840,2222730,7277135000.0,3775.0,128,3774.0,279
rb1805,20171122,20171121,210839500,3774.0,192844,2222732,7277285980.0,3775.0,132,3774.0,280
rb1805,20171122,20171121,210840000,3775.0,192892,2222696,7279097960.0,3775.0,189,3774.0,280
rb1805,20171122,20171121,210840500,3775.0,192936,2222738,7280758760.0,3775.0,178,3774.0,274
rb1805,20171122,20171121,210841000,3775.0,192962,2222752,7281740080.0,3775.0,176,3774.0,267
rb1805,20171122,20171121,210841500,3774.0,192968,2222754,7281966560.0,3775.0,181,3774.0,266
rb1805,20171122,20171121,210842000,3774.0,193502,2223262,7302119740.0,3774.0,47,3773.0,352
rb1805,20171122,20171121,210842500,3774.0,193654,2223260,7307855120.0,3774.0,42,3773.0,297
rb1805,20171122,20171121,210843000,3774.0,193738,2223280,7311025280.0,3775.0,123,3774.0,286
rb1805,20171122,20171121,210843500,3774.0,194312,2223282,7332688060.0,3774.0,36,3773.0,297
rb1805,20171122,20171121,210844000,3774.0,194318,2223288,7332914500.0,3774.0,47,3773.0,299
rb1805,20171122,20171121,210844500,3774.0,194334,2223302,7333518320.0,3774.0,40,3773.0,299
rb1805,20171122,20171121,210845000,3775.0,194408,2223316,7336311100.0,3775.0,181,3774.0,146
rb1805,20171122,20171121,210845500,3775.0,194440,2223318,7337519000.0,3775.0,170,3774.0,146
rb1805,20171122,20171121,210846000,3775.0,194488,2223330,7339330800.0,3775.0,158,3774.0,163
rb1805,20171122,20171121,210846500,3774.0,194494,2223330,7339557280.0,3775.0,166,3774.0,182
rb1805,20171122,20171121,210847000,3774.0,194680,2223330,7346576920.0,3775.0,165,3774.0,92
rb1805,20171122,20171121,210847500,3774.0,194684,2223328,7346727900.0,3775.0,178,3774.0,101
rb1805,20171122,20171121,210848000,3774.0,194692,2223322,7347029820.0,3775.0,182,3774.0,98
rb1805,20171122,20171121,210848500,3774.0,194712,2223320,7347784620.0,3775.0,189,3774.0,89
rb1805,20171122,20171121,210849000,3774.0,194752,2223320,7349294440.0,3775.0,182,3774.0,111
rb1805,20171122,20171121,210849500,3774.0,194790,2223312,7350728680.0,3775.0,169,3774.0,106
rb1805,20171122,20171121,210850000,3774.0,194798,2223310,7351030600.0,3775.0,190,3774.0,104
rb1805,20171122,20171121,210850500,3775.0,194814,2223310,7351634480.0,3775.0,220,3774.0,102
rb1805,20171122,20171121,210851000,3775.0,194822,2223308,7351936420.0,3775.0,234,3774.0,109
rb1805,20171122,20171121,210851500,3774.0,194884,2223300,7354276320.0,3775.0,233,3774.0,80
rb1805,20171122,20171121,210852000,3774.0,194902,2223300,7354955640.0,3775.0,233,3774.0,76
rb1805,20171122,20171121,210852500,3775.0,194946,2223316,7356616560.0,3775.0,220,3774.0,73
rb1805,20171122,20171121,210853000,3774.0,195040,2223324,7360164820.0,3775.0,183,3774.0,63
rb1805,20171122,20171121,210853500,3775.0,195048,2223324,7360466780.0,3775.0,182,3774.0,197
rb1805,20171122,20171121,210854000,3775.0,195162,2223410,7364770180.0,3775.0,157,3774.0,255
rb1805,20171122,20171121,210854500,3774.0,195188,2223394,7365751460.0,3775.0,155,3774.0,245
rb1805,20171122,20171121,210855000,3775.0,195204,2223394,7366355360.0,3775.0,155,3774.0,241
rb1805,20171122,20171121,210855500,3775.0,195216,2223392,7366808300.0,3775.0,153,3774.0,283
rb1805,20171122,20171121,210856000,3774.0,195280,2223420,7369224080.0,3775.0,132,3774.0,273
rb1805,20171122,20171121,210856500,3774.0,195312,2223416,7370431920.0,3775.0,127,3774.0,266
rb1805,20171122,20171121,210857000,3775.0,195316,2223420,7370582900.0,3775.0,129,3774.0,266
rb1805,20171122,20171121,210857500,3775.0,195412,2223410,7374206840.0,3775.0,86,3774.0,264
rb1805,20171122,20171121,210858000,3774.0,195428,2223418,7374810700.0,3775.0,85,3774.0,309
rb1805,20171122,20171121,210858500,3774.0,195476,2223428,7376622640.0,3775.0,70,3774.0,317
rb1805,20171122,20171121,210859000,3774.0,195510,2223426,7377905840.0,3775.0,71,3774.0,303
rb1805,20171122,20171121,210859500,3775.0,195518,2223432,7378207820.0,3775.0,85,3774.0,327
rb1805,20171122,20171121,210900000,3775.0,195540,2223424,7379038240.0,3775.0,82,3774.0,331
rb1805,20171122,20171121,210900500,3775.0,195670,2223472,7383945720.0,3775.0,21,3774.0,336
rb1805,20171122,20171121,210901000,3775.0,195724,2223502,7385984220.0,3776.0,397,3775.0,64
rb1805,20171122,20171121,210901500,3776.0,195934,2223504,7393913800.0,3776.0,294,3775.0,176
rb1805,20171122,20171121,210902000,3776.0,195976,2223534,7395499660.0,3776.0,277,3775.0,186
rb1805,20171122,20171121,210902500,3775.0,195984,2223538,7395801700.0,3776.0,275,3775.0,189
rb1805,20171122,20171121,210903000,3776.0,195994,2223544,7396179280.0,3776.0,272,3775.0,189
rb1805,20171122,20171121,210903500,3776.0,196054,2223544,7398444780.0,3776.0,248,3775.0,187
rb1805,20171122,20171121,210904000,3774.0,196854,2224130,7428646040.0,3775.0,2,3774.0,289
rb1805,20171122,20171121,210904500,3775.0,196886,2224150,7429854100.0,3776.0,188,3775.0,236
rb1805,20171122,20171121,210905000,3776.0,197268,2224190,7444278500.0,3777.0,591,3776.0,82
rb1805,20171122,20171121,210905500,3776.0,197332,2224192,7446695680.0,3777.0,564,3776.0,92
rb1805,20171122,20171121,210906000,3776.0,197628,2224394,7457872820.0,3776.0,177,3775.0,235
rb1805,20171122,20171121,210906500,3775.0,197648,2224414,7458627920.0,3776.0,172,3775.0,285
rb1805,20171122,20171121,210907000,3776.0,198046,2224794,7473656240.0,3777.0,561,3776.0,54
