instrument,tradingday,calendarday,time,lastp,volume,openinterest,turnover,ask1,asksz1,bid1,bidsz1
rb1805,20170905,20170904,183353500,3935.0,0,311712,0.0,0.0,0,0.0,0
rb1805,20170905,20170904,205900500,3934.0,282,311904,11093880.0,3934.0,8,3931.0,1
rb1805,20170905,20170904,210000500,3930.0,352,311884,13844500.0,3930.0,19,3928.0,47
rb1805,20170905,20170904,210001000,3929.0,550,311860,21623100.0,3930.0,3,3929.0,2
rb1805,20170905,20170904,210001500,3931.0,642,311900,25238760.0,3931.0,6,3929.0,37
rb1805,20170905,20170904,210002000,3931.0,726,311862,28539600.0,3932.0,11,3930.0,8
rb1805,20170905,20170904,210002500,3930.0,752,311860,29561380.0,3932.0,23,3931.0,4
rb1805,20170905,20170904,210003000,3931.0,782,311862,30740600.0,3931.0,22,3930.0,15
rb1805,20170905,20170904,210003500,3930.0,812,311878,31919820.0,3931.0,22,3930.0,2
rb1805,20170905,20170904,210004000,3931.0,850,311864,33413520.0,3931.0,4,3930.0,2
rb1805,20170905,20170904,210004500,3931.0,850,311864,33413520.0,3932.0,8,3931.0,15
rb1805,20170905,20170904,210005000,3932.0,996,311796,39156420.0,3934.0,1,3932.0,45
rb1805,20170905,20170904,210005500,3933.0,1004,311804,39471000.0,3934.0,8,3933.0,9
rb1805,20170905,20170904,210006000,3934.0,1026,311796,40336480.0,3935.0,9,3934.0,6
rb1805,20170905,20170904,210006500,3935.0,1104,311762,43406100.0,3937.0,13,3935.0,1
rb1805,20170905,20170904,210007000,3936.0,1122,311758,44114420.0,3936.0,1,3934.0,30
rb1805,20170905,20170904,210007500,3936.0,1300,311702,51118280.0,3934.0,1,3933.0,22
rb1805,20170905,20170904,210008000,3936.0,1318,311696,51826720.0,3936.0,3,3935.0,1
rb1805,20170905,20170904,210008500,3936.0,1368,311728,53794200.0,3936.0,3,3934.0,28
rb1805,20170905,20170904,210009000,3937.0,1384,311728,54423840.0,3937.0,13,3936.0,33
rb1805,20170905,20170904,210009500,3937.0,1474,311724,57967360.0,3938.0,8,3937.0,22
rb1805,20170905,20170904,210010000,3938.0,1494,311732,58754980.0,3939.0,8,3938.0,1
rb1805,20170905,20170904,210010500,3939.0,1532,311726,60252000.0,3940.0,13,3939.0,40
rb1805,20170905,20170904,210011000,3940.0,1580,311740,62142860.0,3940.0,6,3939.0,30
rb1805,20170905,20170904,210011500,3939.0,1658,311776,65216460.0,3942.0,14,3939.0,26
rb1805,20170905,20170904,210012000,3941.0,1720,311774,67659420.0,3941.0,5,3940.0,101
rb1805,20170905,20170904,210012500,3940.0,1892,311760,74438680.0,3941.0,18,3940.0,99
rb1805,20170905,20170904,210013000,3940.0,2002,311788,78774340.0,3943.0,1,3940.0,90
rb1805,20170905,20170904,210013500,3941.0,2034,311782,80035960.0,3943.0,7,3941.0,7
rb1805,20170905,20170904,210014000,3940.0,2070,311782,81454660.0,3941.0,2,3940.0,81
rb1805,20170905,20170904,210014500,3940.0,2236,311824,87995080.0,3940.0,5,3939.0,15
rb1805,20170905,20170904,210015000,3940.0,2254,311822,88704280.0,3940.0,12,3939.0,15
rb1805,20170905,20170904,210015500,3939.0,2290,311816,90122320.0,3939.0,6,3938.0,34
rb1805,20170905,20170904,210016000,3938.0,2298,311820,90437440.0,3940.0,21,3938.0,34
rb1805,20170905,20170904,210016500,3938.0,2312,311812,90989000.0,3940.0,18,3938.0,31
rb1805,20170905,20170904,210017000,3939.0,2388,311764,93982000.0,3939.0,2,3937.0,16
rb1805,20170905,20170904,210017500,3939.0,2430,311786,95636400.0,3939.0,8,3937.0,13
rb1805,20170905,20170904,210018000,3939.0,2536,311860,99810520.0,3940.0,49,3939.0,13
rb1805,20170905,20170904,210018500,3937.0,2702,311948,106344980.0,3937.0,3,3934.0,38
rb1805,20170905,20170904,210019000,3937.0,2756,311988,108470440.0,3937.0,11,3935.0,10
rb1805,20170905,20170904,210019500,3936.0,2772,311998,109100100.0,3935.0,20,3934.0,40
rb1805,20170905,20170904,210020000,3935.0,2780,312004,109414920.0,3935.0,24,3934.0,40
rb1805,20170905,20170904,210020500,3934.0,2930,312038,115316580.0,3936.0,6,3933.0,33
rb1805,20170905,20170904,210021000,3934.0,2948,312020,116024700.0,3934.0,1,3933.0,33
rb1805,20170905,20170904,210021500,3933.0,2966,312026,116732820.0,3935.0,11,3933.0,32
rb1805,20170905,20170904,210022000,3933.0,2970,312030,116890140.0,3934.0,2,3933.0,30
rb1805,20170905,20170904,210022500,3933.0,2978,312036,117204820.0,3934.0,2,3933.0,28
rb1805,20170905,20170904,210023000,3933.0,2984,312038,117440800.0,3934.0,4,3933.0,25
rb1805,20170905,20170904,210023500,3933.0,2994,312042,117834140.0,3934.0,2,3933.0,22
rb1805,20170905,20170904,210024000,3934.0,3008,312038,118384900.0,3935.0,12,3934.0,13
rb1805,20170905,20170904,210024500,3932.0,3090,312040,121610280.0,3933.0,102,3932.0,24
rb1805,20170905,20170904,210025000,3933.0,3122,312066,122868540.0,3933.0,102,3932.0,5
rb1805,20170905,20170904,210025500,3932.0,3150,312062,123969480.0,3932.0,25,3931.0,65
rb1805,20170905,20170904,210026000,3933.0,3236,312116,127350980.0,3933.0,100,3931.0,62
rb1805,20170905,20170904,210026500,3933.0,3280,312114,129080720.0,3933.0,99,3932.0,1
rb1805,20170905,20170904,210027000,3932.0,3302,312118,129945660.0,3933.0,99,3932.0,2
rb1805,20170905,20170904,210027500,3932.0,3322,312100,130732060.0,3932.0,16,3931.0,51
rb1805,20170905,20170904,210028000,3932.0,3332,312098,131125220.0,3932.0,19,3931.0,59
rb1805,20170905,20170904,210028500,3932.0,3378,312094,132933940.0,3933.0,99,3932.0,26
rb1805,20170905,20170904,210029000,3933.0,3384,312098,133169880.0,3933.0,98,3932.0,25
rb1805,20170905,20170904,210029500,3932.0,3452,312150,135843660.0,3933.0,97,3932.0,43
rb1805,20170905,20170904,210030000,3932.0,3452,312150,135843660.0,3933.0,97,3932.0,44
rb1805,20170905,20170904,210030500,3932.0,3542,312064,139382460.0,3932.0,108,3931.0,63
rb1805,20170905,20170904,210031000,3931.0,3594,312116,141426580.0,3932.0,91,3931.0,37
rb1805,20170905,20170904,210031500,3932.0,3616,312116,142291620.0,3932.0,25,3931.0,37
rb1805,20170905,20170904,210032000,3931.0,3632,312116,142920600.0,3932.0,32,3931.0,30
rb1805,20170905,20170904,210032500,3931.0,3696,312074,145436660.0,3931.0,4,3930.0,18
rb1805,20170905,20170904,210033000,3931.0,3696,312074,145436660.0,3931.0,12,3930.0,18
rb1805,20170905,20170904,210033500,3930.0,3780,312044,148737760.0,3930.0,2,3929.0,5
rb1805,20170905,20170904,210034000,3929.0,3870,312040,152272120.0,3928.0,1,3927.0,1
rb1805,20170905,20170904,210034500,3925.0,3882,312042,152743300.0,3928.0,11,3925.0,12
rb1805,20170905,20170904,210035000,3923.0,4162,311966,163725340.0,3924.0,2,3922.0,1
rb1805,20170905,20170904,210035500,3924.0,4330,311950,170315720.0,3923.0,1,3922.0,1
rb1805,20170905,20170904,210036000,3922.0,4414,311986,173609680.0,3921.0,1,3920.0,1
rb1805,20170905,20170904,210036500,3921.0,4524,312000,177923000.0,3922.0,21,3921.0,11
rb1805,20170905,20170904,210037000,3921.0,4606,311954,181137960.0,3921.0,10,3920.0,8
rb1805,20170905,20170904,210037500,3918.0,4676,311936,183881840.0,3919.0,8,3918.0,8
rb1805,20170905,20170904,210038000,3918.0,4872,311850,191562320.0,3920.0,5,3919.0,9
rb1805,20170905,20170904,210038500,3918.0,4924,311822,193600360.0,3918.0,10,3917.0,1
rb1805,20170905,20170904,210039000,3918.0,5004,311842,196735180.0,3919.0,2,3918.0,11
rb1805,20170905,20170904,210039500,3920.0,5052,311842,198615960.0,3920.0,14,3918.0,5
rb1805,20170905,20170904,210040000,3920.0,5220,311818,205202860.0,3923.0,1,3920.0,3
rb1805,20170905,20170904,210040500,3921.0,5266,311818,207006680.0,3923.0,9,3920.0,9
rb1805,20170905,20170904,210041000,3923.0,5340,311790,209910180.0,3925.0,37,3923.0,6
rb1805,20170905,20170904,210041500,3923.0,5354,311790,210459480.0,3924.0,14,3923.0,21
rb1805,20170905,20170904,210042000,3924.0,5452,311770,214304400.0,3925.0,59,3924.0,15
rb1805,20170905,20170904,210042500,3924.0,5488,311788,215717160.0,3925.0,52,3924.0,9
rb1805,20170905,20170904,210043000,3925.0,5502,311790,216266560.0,3925.0,50,3924.0,55
rb1805,20170905,20170904,210043500,3925.0,5526,311770,217208480.0,3925.0,42,3924.0,59
rb1805,20170905,20170904,210044000,3925.0,5594,311830,219876860.0,3925.0,40,3924.0,29
rb1805,20170905,20170904,210044500,3925.0,5662,311878,222545820.0,3925.0,34,3924.0,64
rb1805,20170905,20170904,210045000,3924.0,5776,311932,227020000.0,3927.0,12,3924.0,46
rb1805,20170905,20170904,210045500,3926.0,5790,311930,227569460.0,3926.0,2,3925.0,16
rb1805,20170905,20170904,210046000,3926.0,5818,311926,228668740.0,3926.0,10,3925.0,31
rb1805,20170905,20170904,210046500,3925.0,5842,311910,229610940.0,3927.0,11,3925.0,45
rb1805,20170905,20170904,210047000,3925.0,5866,311904,230552940.0,3927.0,21,3925.0,41
rb1805,20170905,20170904,210047500,3925.0,5882,311900,231180940.0,3927.0,21,3926.0,8
rb1805,20170905,20170904,210048000,3926.0,5886,311898,231337960.0,3927.0,22,3926.0,6
rb1805,20170905,20170904,210048500,3926.0,5890,311896,231495020.0,3927.0,73,3926.0,27
rb1805,20170905,20170904,210049000,3926.0,5922,311894,232751520.0,3927.0,64,3926.0,22
rb1805,20170905,20170904,210049500,3927.0,6076,311906,238799220.0,3929.0,3,3927.0,91
rb1805,20170905,20170904,210050000,3928.0,6080,311906,238956320.0,3929.0,3,3928.0,11
rb1805,20170905,20170904,210050500,3929.0,6122,311898,240606820.0,3930.0,8,3929.0,86
rb1805,20170905,20170904,210051000,3929.0,6204,311954,243828600.0,3930.0,8,3929.0,39
rb1805,20170905,20170904,210051500,3930.0,6230,311964,244850160.0,3930.0,7,3929.0,29
rb1805,20170905,20170904,210052000,3929.0,6330,311942,248782000.0,3930.0,1,3929.0,28
rb1805,20170905,20170904,210052500,3930.0,6340,311938,249175000.0,3932.0,1,3930.0,16
rb1805,20170905,20170904,210053000,3932.0,6348,311946,249489440.0,3932.0,6,3930.0,20
rb1805,20170905,20170904,210053500,3930.0,6356,311950,249803940.0,3933.0,82,3930.0,34
rb1805,20170905,20170904,210054000,3930.0,6366,311958,250196940.0,3933.0,83,3931.0,1
rb1805,20170905,20170904,210054500,3932.0,6370,311960,250354180.0,3932.0,15,3931.0,14
rb1805,20170905,20170904,210055000,3932.0,6400,311980,251533680.0,3932.0,10,3931.0,17
rb1805,20170905,20170904,210055500,3932.0,6432,311990,252791640.0,3931.0,1,3930.0,41
rb1805,20170905,20170904,210056000,3932.0,6440,311996,253106200.0,3932.0,18,3930.0,42
rb1805,20170905,20170904,210056500,3930.0,6496,311984,255307000.0,3932.0,17,3930.0,14
rb1805,20170905,20170904,210057000,3930.0,6496,311984,255307000.0,3931.0,2,3930.0,14
rb1805,20170905,20170904,210057500,3931.0,6498,311986,255385620.0,3931.0,1,3930.0,14
rb1805,20170905,20170904,210058000,3930.0,6530,311978,256643260.0,3930.0,8,3929.0,17
rb1805,20170905,20170904,210058500,3930.0,6554,311980,257586520.0,3931.0,10,3929.0,17
rb1805,20170905,20170904,210059000,3929.0,6602,311956,259472700.0,3929.0,3,3928.0,16
rb1805,20170905,20170904,210059500,3930.0,6644,311978,261123360.0,3931.0,11,3930.0,8
rb1805,20170905,20170904,210100000,3931.0,6682,311974,262616980.0,3932.0,34,3931.0,8
rb1805,20170905,20170904,210100500,3931.0,6698,311964,263245940.0,3930.0,2,3929.0,26
rb1805,20170905,20170904,210101000,3930.0,6708,311972,263638940.0,3931.0,1,3930.0,33
rb1805,20170905,20170904,210101500,3930.0,6712,311972,263796160.0,3932.0,34,3930.0,18
rb1805,20170905,20170904,210102000,3931.0,6720,311970,264110620.0,3931.0,52,3930.0,16
rb1805,20170905,20170904,210102500,3930.0,6770,311988,266075660.0,3930.0,16,3929.0,38
rb1805,20170905,20170904,210103000,3931.0,6822,311942,268119380.0,3931.0,51,3930.0,24
rb1805,20170905,20170904,210103500,3930.0,6950,311958,273150320.0,3931.0,44,3930.0,66
rb1805,20170905,20170904,210104000,3931.0,6968,311952,273857900.0,3931.0,35,3930.0,69
rb1805,20170905,20170904,210104500,3931.0,6988,311948,274644100.0,3931.0,47,3930.0,70
rb1805,20170905,20170904,210105000,3931.0,7284,312052,286277140.0,3932.0,21,3931.0,49
rb1805,20170905,20170904,210105500,3931.0,7308,312056,287220600.0,3932.0,20,3931.0,42
rb1805,20170905,20170904,210106000,3932.0,7356,312046,289107960.0,3933.0,85,3932.0,10
rb1805,20170905,20170904,210106500,3933.0,7376,312066,289894480.0,3933.0,79,3932.0,41
rb1805,20170905,20170904,210107000,3932.0,7398,312068,290759520.0,3933.0,73,3932.0,42
rb1805,20170905,20170904,210107500,3932.0,7408,312074,291152740.0,3933.0,72,3932.0,35
rb1805,20170905,20170904,210108000,3932.0,7464,312122,293355200.0,3933.0,46,3932.0,37
rb1805,20170905,20170904,210108500,3932.0,7574,312126,297681320.0,3934.0,24,3933.0,16
rb1805,20170905,20170904,210109000,3933.0,7646,312112,300513560.0,3935.0,31,3933.0,36
rb1805,20170905,20170904,210109500,3935.0,7662,312114,301142960.0,3935.0,30,3934.0,2
rb1805,20170905,20170904,210110000,3935.0,7678,312106,301772560.0,3935.0,22,3934.0,19
rb1805,20170905,20170904,210110500,3935.0,7704,312102,302795540.0,3935.0,15,3934.0,11
rb1805,20170905,20170904,210111000,3934.0,7712,312102,303110320.0,3935.0,12,3934.0,26
rb1805,20170905,20170904,210111500,3934.0,7740,312084,304212100.0,3935.0,13,3934.0,45
rb1805,20170905,20170904,210112000,3936.0,7796,312060,306415980.0,3937.0,28,3936.0,6
rb1805,20170905,20170904,210112500,3936.0,7854,312018,308698920.0,3937.0,25,3935.0,24
rb1805,20170905,20170904,210113000,3935.0,7912,312068,310981220.0,3935.0,3,3934.0,66
rb1805,20170905,20170904,210113500,3937.0,7922,312068,311374800.0,3937.0,44,3935.0,8
rb1805,20170905,20170904,210114000,3937.0,7954,312070,312634640.0,3937.0,43,3935.0,14
rb1805,20170905,20170904,210114500,3937.0,8008,312070,314760620.0,3937.0,17,3935.0,15
rb1805,20170905,20170904,210115000,3937.0,8014,312064,314996840.0,3937.0,21,3935.0,15
rb1805,20170905,20170904,210115500,3935.0,8030,312072,315626640.0,3937.0,36,3935.0,16
rb1805,20170905,20170904,210116000,3935.0,8142,312102,320034640.0,3935.0,22,3934.0,144
rb1805,20170905,20170904,210116500,3937.0,8214,312148,322868400.0,3935.0,2,3934.0,144
rb1805,20170905,20170904,210117000,3935.0,8224,312148,323261940.0,3937.0,12,3935.0,14
rb1805,20170905,20170904,210117500,3937.0,8230,312148,323498160.0,3936.0,1,3935.0,19
rb1805,20170905,20170904,210118000,3936.0,8238,312154,323813020.0,3937.0,18,3935.0,19
rb1805,20170905,20170904,210118500,3935.0,8258,312162,324600020.0,3937.0,18,3935.0,10
rb1805,20170905,20170904,210119000,3935.0,8258,312162,324600020.0,3936.0,1,3935.0,24
rb1805,20170905,20170904,210119500,3935.0,8262,312164,324757440.0,3937.0,18,3935.0,23
rb1805,20170905,20170904,210120000,3935.0,8268,312166,324993540.0,3937.0,18,3935.0,21
rb1805,20170905,20170904,210120500,3937.0,8276,312164,325308380.0,3937.0,19,3936.0,19
rb1805,20170905,20170904,210121000,3936.0,8354,312188,328378420.0,3936.0,17,3935.0,25
rb1805,20170905,20170904,210121500,3937.0,8386,312204,329638240.0,3937.0,13,3936.0,10
rb1805,20170905,20170904,210122000,3936.0,8408,312204,330504160.0,3936.0,46,3935.0,33
rb1805,20170905,20170904,210122500,3936.0,8408,312204,330504160.0,3937.0,52,3936.0,2
rb1805,20170905,20170904,210123000,3936.0,8422,312214,331055200.0,3936.0,27,3935.0,33
rb1805,20170905,20170904,210123500,3936.0,8422,312214,331055200.0,3936.0,12,3935.0,35
rb1805,20170905,20170904,210124000,3935.0,8506,312198,334360600.0,3935.0,15,3934.0,118
rb1805,20170905,20170904,210124500,3935.0,8676,312272,341048540.0,3935.0,13,3934.0,40
rb1805,20170905,20170904,210125000,3934.0,8760,312318,344353100.0,3934.0,28,3933.0,18
rb1805,20170905,20170904,210125500,3932.0,8808,312322,346240820.0,3933.0,41,3932.0,15
rb1805,20170905,20170904,210126000,3932.0,8842,312322,347577700.0,3932.0,40,3931.0,45
rb1805,20170905,20170904,210126500,3932.0,8880,312320,349071540.0,3932.0,13,3931.0,29
rb1805,20170905,20170904,210127000,3931.0,8886,312326,349307400.0,3932.0,13,3931.0,26
rb1805,20170905,20170904,210127500,3932.0,8924,312330,350801200.0,3932.0,12,3931.0,8
rb1805,20170905,20170904,210128000,3932.0,8928,312330,350958480.0,3931.0,22,3930.0,47
rb1805,20170905,20170904,210128500,3932.0,8928,312330,350958480.0,3931.0,20,3930.0,63
rb1805,20170905,20170904,210129000,3930.0,8982,312306,353080780.0,3931.0,15,3930.0,41
rb1805,20170905,20170904,210129500,3930.0,9022,312306,354652780.0,3931.0,15,3930.0,21
rb1805,20170905,20170904,210130000,3931.0,9090,312278,357325460.0,3931.0,2,3930.0,4
rb1805,20170905,20170904,210130500,3931.0,9094,312280,357482700.0,3932.0,48,3931.0,13
rb1805,20170905,20170904,210131000,3931.0,9112,312298,358190280.0,3932.0,21,3931.0,6
rb1805,20170905,20170904,210131500,3931.0,9118,312300,358426160.0,3932.0,20,3931.0,6
rb1805,20170905,20170904,210132000,3931.0,9118,312300,358426160.0,3932.0,14,3931.0,13
rb1805,20170905,20170904,210132500,3931.0,9118,312300,358426160.0,3932.0,14,3931.0,5
rb1805,20170905,20170904,210133000,3932.0,9120,312302,358504800.0,3932.0,13,3931.0,8
rb1805,20170905,20170904,210133500,3932.0,9120,312302,358504800.0,3932.0,49,3931.0,8
rb1805,20170905,20170904,210134000,3932.0,9160,312326,360077600.0,3932.0,29,3931.0,25
rb1805,20170905,20170904,210134500,3932.0,9242,312338,363301840.0,3933.0,19,3932.0,22
rb1805,20170905,20170904,210135000,3933.0,9246,312342,363459160.0,3933.0,11,3932.0,28
rb1805,20170905,20170904,210135500,3933.0,9642,312554,379028840.0,3933.0,24,3930.0,12
rb1805,20170905,20170904,210136000,3933.0,9642,312554,379028840.0,3932.0,35,3931.0,1
rb1805,20170905,20170904,210136500,3931.0,9668,312564,380050760.0,3931.0,2,3930.0,9
rb1805,20170905,20170904,210137000,3931.0,9674,312564,380286620.0,3931.0,5,3930.0,18
rb1805,20170905,20170904,210137500,3930.0,9730,312596,382487460.0,3930.0,25,3929.0,25
rb1805,20170905,20170904,210138000,3931.0,9782,312634,384531080.0,3932.0,31,3931.0,8
rb1805,20170905,20170904,210138500,3932.0,9800,312632,385238840.0,3933.0,27,3932.0,1
rb1805,20170905,20170904,210139000,3932.0,9814,312628,385789440.0,3933.0,19,3932.0,7
rb1805,20170905,20170904,210139500,3931.0,9816,312628,385868060.0,3932.0,20,3931.0,28
rb1805,20170905,20170904,210140000,3932.0,9864,312602,387755420.0,3933.0,2,3932.0,20
rb1805,20170905,20170904,210140500,3933.0,9870,312604,387991400.0,3934.0,22,3933.0,4
rb1805,20170905,20170904,210141000,3933.0,9872,312604,388070060.0,3934.0,22,3933.0,6
rb1805,20170905,20170904,210141500,3932.0,9886,312598,388620660.0,3933.0,10,3932.0,4
rb1805,20170905,20170904,210142000,3932.0,9890,312598,388777960.0,3933.0,17,3932.0,3
rb1805,20170905,20170904,210142500,3933.0,9892,312596,388856620.0,3933.0,16,3932.0,8
rb1805,20170905,20170904,210143000,3933.0,9906,312594,389407240.0,3933.0,4,3932.0,21
rb1805,20170905,20170904,210143500,3933.0,9914,312596,389721880.0,3934.0,24,3933.0,22
rb1805,20170905,20170904,210144000,3933.0,9916,312598,389800540.0,3934.0,4,3933.0,17
rb1805,20170905,20170904,210144500,3933.0,9916,312598,389800540.0,3934.0,4,3933.0,34
rb1805,20170905,20170904,210145000,3934.0,9924,312606,390115220.0,3935.0,54,3934.0,18
rb1805,20170905,20170904,210145500,3934.0,9926,312608,390193900.0,3935.0,51,3934.0,37
rb1805,20170905,20170904,210146000,3934.0,9938,312610,390665980.0,3935.0,53,3934.0,31
rb1805,20170905,20170904,210146500,3935.0,10040,312644,394679680.0,3936.0,129,3935.0,52
rb1805,20170905,20170904,210147000,3935.0,10066,312630,395702940.0,3936.0,117,3935.0,32
rb1805,20170905,20170904,210147500,3935.0,10136,312592,398457340.0,3935.0,41,3934.0,32
rb1805,20170905,20170904,210148000,3934.0,10206,312582,401211120.0,3934.0,2,3933.0,31
rb1805,20170905,20170904,210148500,3934.0,10270,312624,403728260.0,3934.0,27,3933.0,2
rb1805,20170905,20170904,210149000,3934.0,10288,312616,404436380.0,3934.0,18,3933.0,24
rb1805,20170905,20170904,210149500,3934.0,10288,312616,404436380.0,3934.0,19,3933.0,24
rb1805,20170905,20170904,210150000,3934.0,10326,312616,405931300.0,3935.0,55,3934.0,1
rb1805,20170905,20170904,210150500,3934.0,10328,312616,406009980.0,3934.0,8,3933.0,24
rb1805,20170905,20170904,210151000,3933.0,10332,312616,406167300.0,3934.0,9,3933.0,23
rb1805,20170905,20170904,210151500,3933.0,10332,312616,406167300.0,3934.0,8,3933.0,25
rb1805,20170905,20170904,210152000,3934.0,10334,312616,406245980.0,3934.0,47,3933.0,35
rb1805,20170905,20170904,210152500,3934.0,10346,312612,406718060.0,3934.0,42,3933.0,35
rb1805,20170905,20170904,210153000,3934.0,10348,312612,406796740.0,3934.0,41,3933.0,40
rb1805,20170905,20170904,210153500,3933.0,10400,312634,408842260.0,3934.0,23,3933.0,33
rb1805,20170905,20170904,210154000,3934.0,10446,312638,410651900.0,3935.0,91,3934.0,20
rb1805,20170905,20170904,210154500,3935.0,10486,312674,412225900.0,3935.0,73,3934.0,20
rb1805,20170905,20170904,210155000,3934.0,10518,312654,413484780.0,3935.0,74,3934.0,6
rb1805,20170905,20170904,210155500,3934.0,10518,312654,413484780.0,3935.0,74,3934.0,4
rb1805,20170905,20170904,210156000,3934.0,10518,312654,413484780.0,3935.0,77,3934.0,9
rb1805,20170905,20170904,210156500,3934.0,10522,312654,413642140.0,3935.0,78,3934.0,23
rb1805,20170905,20170904,210157000,3934.0,10522,312654,413642140.0,3935.0,78,3934.0,23
rb1805,20170905,20170904,210157500,3935.0,10530,312654,413956920.0,3935.0,75,3934.0,24
rb1805,20170905,20170904,210158000,3935.0,10572,312622,415609620.0,3935.0,54,3934.0,13
rb1805,20170905,20170904,210158500,3935.0,10578,312624,415845720.0,3935.0,51,3934.0,18
rb1805,20170905,20170904,210159000,3934.0,10580,312624,415924400.0,3935.0,51,3934.0,16
rb1805,20170905,20170904,210159500,3934.0,10580,312624,415924400.0,3935.0,52,3934.0,14
rb1805,20170905,20170904,210200000,3934.0,10580,312624,415924400.0,3935.0,52,3934.0,18
rb1805,20170905,20170904,210200500,3934.0,10582,312622,416003080.0,3935.0,11,3934.0,18
rb1805,20170905,20170904,210201000,3935.0,10592,312618,416396580.0,3935.0,6,3934.0,24
rb1805,20170905,20170904,210201500,3935.0,10606,312616,416947480.0,3936.0,104,3935.0,1
rb1805,20170905,20170904,210202000,3935.0,10634,312612,418049340.0,3936.0,101,3935.0,1
rb1805,20170905,20170904,210202500,3936.0,10636,312614,418128060.0,3936.0,100,3935.0,9
rb1805,20170905,20170904,210203000,3935.0,10640,312616,418285480.0,3936.0,102,3935.0,8
rb1805,20170905,20170904,210203500,3935.0,10640,312616,418285480.0,3936.0,102,3935.0,9
rb1805,20170905,20170904,210204000,3936.0,10642,312618,418364200.0,3936.0,107,3935.0,21
rb1805,20170905,20170904,210204500,3936.0,10650,312624,418679040.0,3936.0,105,3935.0,21
rb1805,20170905,20170904,210205000,3936.0,10654,312624,418836460.0,3936.0,104,3935.0,22
rb1805,20170905,20170904,210205500,3936.0,10672,312632,419544780.0,3936.0,103,3935.0,3
rb1805,20170905,20170904,210206000,3936.0,10872,312674,427415060.0,3936.0,54,3935.0,6
rb1805,20170905,20170904,210206500,3935.0,10896,312660,428359600.0,3936.0,47,3935.0,4
rb1805,20170905,20170904,210207000,3936.0,10900,312660,428517040.0,3936.0,46,3935.0,8
rb1805,20170905,20170904,210207500,3936.0,10904,312660,428674460.0,3936.0,45,3935.0,19
rb1805,20170905,20170904,210208000,3935.0,10914,312658,429068000.0,3936.0,44,3935.0,21
rb1805,20170905,20170904,210208500,3936.0,11002,312678,432531680.0,3937.0,47,3936.0,40
rb1805,20170905,20170904,210209000,3936.0,11012,312686,432925300.0,3937.0,46,3936.0,37
rb1805,20170905,20170904,210209500,3936.0,11012,312686,432925300.0,3937.0,47,3936.0,47
rb1805,20170905,20170904,210210000,3936.0,11064,312714,434972220.0,3937.0,37,3936.0,33
rb1805,20170905,20170904,210210500,3937.0,11160,312720,438750840.0,3936.0,23,3935.0,24
rb1805,20170905,20170904,210211000,3936.0,11190,312730,439931640.0,3936.0,34,3935.0,14
rb1805,20170905,20170904,210211500,3936.0,11192,312732,440010360.0,3936.0,34,3935.0,9
rb1805,20170905,20170904,210212000,3936.0,11298,312750,444182000.0,3936.0,7,3934.0,3
rb1805,20170905,20170904,210212500,3934.0,11300,312748,444260680.0,3936.0,24,3935.0,3
rb1805,20170905,20170904,210213000,3935.0,11324,312742,445205080.0,3936.0,21,3935.0,1
rb1805,20170905,20170904,210213500,3935.0,11330,312746,445441180.0,3935.0,5,3934.0,7
rb1805,20170905,20170904,210214000,3935.0,11334,312746,445598580.0,3935.0,11,3934.0,9
rb1805,20170905,20170904,210214500,3935.0,11342,312750,445913360.0,3935.0,17,3934.0,2
rb1805,20170905,20170904,210215000,3934.0,11348,312754,446149420.0,3935.0,18,3934.0,1
rb1805,20170905,20170904,210215500,3934.0,11348,312754,446149420.0,3935.0,21,3934.0,1
rb1805,20170905,20170904,210216000,3934.0,11350,312754,446228100.0,3934.0,4,3933.0,44
rb1805,20170905,20170904,210216500,3935.0,11364,312754,446778920.0,3935.0,21,3934.0,1
rb1805,20170905,20170904,210217000,3934.0,11384,312756,447565680.0,3935.0,46,3934.0,1
rb1805,20170905,20170904,210217500,3934.0,11424,312740,449138960.0,3934.0,52,3932.0,10
rb1805,20170905,20170904,210218000,3934.0,11428,312744,449296320.0,3933.0,4,3932.0,10
rb1805,20170905,20170904,210218500,3932.0,11458,312728,450475920.0,3932.0,85,3931.0,24
rb1805,20170905,20170904,210219000,3931.0,11466,312732,450790400.0,3932.0,91,3931.0,20
rb1805,20170905,20170904,210219500,3931.0,11506,312762,452362800.0,3931.0,55,3930.0,60
rb1805,20170905,20170904,210220000,3931.0,11538,312752,453620460.0,3931.0,3,3930.0,29
rb1805,20170905,20170904,210220500,3931.0,11550,312744,454092160.0,3932.0,85,3930.0,28
rb1805,20170905,20170904,210221000,3930.0,11560,312746,454485180.0,3931.0,15,3930.0,24
rb1805,20170905,20170904,210221500,3930.0,11610,312790,456450180.0,3930.0,3,3929.0,16
rb1805,20170905,20170904,210222000,3929.0,11624,312786,457000320.0,3930.0,8,3929.0,19
rb1805,20170905,20170904,210222500,3930.0,11656,312798,458257820.0,3930.0,7,3929.0,14
rb1805,20170905,20170904,210223000,3930.0,11656,312798,458257820.0,3930.0,10,3929.0,14
rb1805,20170905,20170904,210223500,3929.0,11670,312812,458807900.0,3930.0,29,3929.0,8
rb1805,20170905,20170904,210224000,3930.0,11704,312820,460144080.0,3930.0,69,3929.0,11
rb1805,20170905,20170904,210224500,3930.0,11720,312822,460772840.0,3930.0,78,3929.0,13
rb1805,20170905,20170904,210225000,3929.0,11730,312826,461165780.0,3930.0,76,3929.0,6
rb1805,20170905,20170904,210225500,3929.0,11730,312826,461165780.0,3930.0,76,3929.0,15
rb1805,20170905,20170904,210226000,3929.0,11758,312832,462265920.0,3930.0,75,3929.0,7
rb1805,20170905,20170904,210226500,3929.0,11778,312846,463051720.0,3929.0,20,3928.0,45
rb1805,20170905,20170904,210227000,3929.0,11816,312854,464544660.0,3929.0,17,3928.0,36
rb1805,20170905,20170904,210227500,3929.0,11846,312874,465723360.0,3929.0,4,3928.0,36
rb1805,20170905,20170904,210228000,3929.0,11850,312876,465880500.0,3929.0,3,3928.0,35
rb1805,20170905,20170904,210228500,3928.0,11858,312882,466194760.0,3929.0,10,3928.0,16
rb1805,20170905,20170904,210229000,3928.0,11894,312874,467608860.0,3928.0,3,3927.0,55
rb1805,20170905,20170904,210229500,3927.0,11910,312872,468237300.0,3928.0,12,3927.0,54
rb1805,20170905,20170904,210230000,3927.0,11926,312876,468865720.0,3928.0,16,3927.0,50
rb1805,20170905,20170904,210230500,3929.0,12110,312900,476093040.0,3930.0,125,3929.0,51
rb1805,20170905,20170904,210231000,3929.0,12232,312910,480886360.0,3929.0,238,3928.0,9
rb1805,20170905,20170904,210231500,3928.0,12252,312912,481671960.0,3928.0,11,3926.0,33
rb1805,20170905,20170904,210232000,3927.0,12276,312912,482614320.0,3927.0,2,3926.0,25
rb1805,20170905,20170904,210232500,3927.0,12296,312912,483399740.0,3928.0,13,3927.0,5
rb1805,20170905,20170904,210233000,3927.0,12308,312916,483871020.0,3928.0,7,3927.0,68
rb1805,20170905,20170904,210233500,3927.0,12328,312916,484656600.0,3929.0,166,3927.0,62
rb1805,20170905,20170904,210234000,3927.0,12336,312916,484970800.0,3929.0,151,3927.0,60
rb1805,20170905,20170904,210234500,3927.0,12338,312918,485049340.0,3929.0,151,3927.0,61
rb1805,20170905,20170904,210235000,3927.0,12338,312918,485049340.0,3928.0,10,3927.0,71
rb1805,20170905,20170904,210235500,3928.0,12362,312938,485992060.0,3929.0,81,3928.0,19
rb1805,20170905,20170904,210236000,3928.0,12372,312938,486384860.0,3929.0,62,3928.0,12
rb1805,20170905,20170904,210236500,3928.0,12390,312934,487092020.0,3929.0,56,3928.0,11
rb1805,20170905,20170904,210237000,3928.0,12400,312936,487484820.0,3929.0,56,3928.0,21
rb1805,20170905,20170904,210237500,3930.0,12516,312892,492042480.0,3930.0,129,3929.0,157
rb1805,20170905,20170904,210238000,3929.0,12520,312892,492199640.0,3930.0,130,3929.0,156
rb1805,20170905,20170904,210238500,3929.0,12544,312868,493142600.0,3930.0,130,3929.0,91
rb1805,20170905,20170904,210239000,3930.0,12738,312856,500764960.0,3930.0,125,3929.0,38
rb1805,20170905,20170904,210239500,3928.0,12818,312876,503908120.0,3929.0,46,3928.0,12
rb1805,20170905,20170904,210240000,3929.0,12848,312876,505086820.0,3929.0,31,3928.0,2
rb1805,20170905,20170904,210240500,3929.0,12852,312880,505243980.0,3929.0,49,3928.0,3
rb1805,20170905,20170904,210241000,3928.0,12860,312886,505558220.0,3929.0,48,3927.0,97
rb1805,20170905,20170904,210241500,3928.0,12862,312888,505636780.0,3928.0,51,3927.0,50
rb1805,20170905,20170904,210242000,3928.0,12950,312926,509092620.0,3928.0,48,3926.0,61
rb1805,20170905,20170904,210242500,3928.0,12964,312924,509642540.0,3928.0,41,3927.0,6
rb1805,20170905,20170904,210243000,3927.0,13012,312928,511527480.0,3928.0,41,3926.0,60
rb1805,20170905,20170904,210243500,3926.0,13052,312888,513097880.0,3927.0,7,3926.0,26
rb1805,20170905,20170904,210244000,3926.0,13086,312908,514432760.0,3927.0,8,3926.0,11
rb1805,20170905,20170904,210244500,3927.0,13120,312908,515767720.0,3927.0,61,3926.0,11
rb1805,20170905,20170904,210245000,3926.0,13300,312996,522833380.0,3926.0,68,3925.0,3
rb1805,20170905,20170904,210245500,3924.0,13432,313010,528013220.0,3924.0,12,3922.0,19
rb1805,20170905,20170904,210246000,3922.0,13614,313010,535152620.0,3922.0,69,3921.0,31
rb1805,20170905,20170904,210246500,3922.0,13880,312842,545585460.0,3924.0,2,3922.0,24
rb1805,20170905,20170904,210247000,3922.0,13894,312834,546134560.0,3923.0,12,3922.0,25
rb1805,20170905,20170904,210247500,3922.0,13946,312802,548174060.0,3923.0,13,3922.0,4
rb1805,20170905,20170904,210248000,3923.0,13996,312802,550135060.0,3923.0,22,3921.0,88
rb1805,20170905,20170904,210248500,3923.0,14056,312818,552488580.0,3923.0,6,3922.0,1
rb1805,20170905,20170904,210249000,3923.0,14100,312812,554214480.0,3923.0,1,3922.0,2
rb1805,20170905,20170904,210249500,3923.0,14106,312818,554449840.0,3924.0,15,3923.0,4
rb1805,20170905,20170904,210250000,3922.0,14148,312812,556097260.0,3923.0,3,3922.0,19
rb1805,20170905,20170904,210250500,3923.0,14170,312816,556960220.0,3924.0,15,3923.0,59
rb1805,20170905,20170904,210251000,3923.0,14214,312816,558686340.0,3924.0,8,3923.0,35
rb1805,20170905,20170904,210251500,3924.0,14230,312804,559314040.0,3924.0,18,3923.0,32
rb1805,20170905,20170904,210252000,3924.0,14240,312794,559706360.0,3924.0,17,3923.0,30
rb1805,20170905,20170904,210252500,3924.0,14252,312794,560177240.0,3924.0,4,3923.0,31
rb1805,20170905,20170904,210253000,3923.0,14304,312766,562217540.0,3925.0,51,3923.0,30
rb1805,20170905,20170904,210253500,3923.0,14308,312766,562374460.0,3925.0,61,3923.0,30
rb1805,20170905,20170904,210254000,3923.0,14308,312766,562374460.0,3925.0,61,3923.0,42
rb1805,20170905,20170904,210254500,3925.0,14340,312788,563630420.0,3925.0,24,3924.0,18
rb1805,20170905,20170904,210255000,3924.0,14400,312772,565985280.0,3925.0,2,3924.0,33
rb1805,20170905,20170904,210255500,3925.0,14406,312770,566220780.0,3926.0,50,3925.0,19
rb1805,20170905,20170904,210256000,3925.0,14424,312776,566927380.0,3926.0,45,3925.0,11
rb1805,20170905,20170904,210256500,3925.0,14478,312794,569047320.0,3926.0,7,3925.0,14
rb1805,20170905,20170904,210257000,3925.0,14494,312794,569675400.0,3926.0,3,3925.0,11
rb1805,20170905,20170904,210257500,3925.0,14494,312794,569675400.0,3926.0,3,3925.0,14
rb1805,20170905,20170904,210258000,3926.0,14506,312786,570146420.0,3926.0,4,3925.0,2
rb1805,20170905,20170904,210258500,3925.0,14514,312794,570460460.0,3925.0,19,3924.0,38
rb1805,20170905,20170904,210259000,3925.0,14534,312808,571245460.0,3925.0,9,3924.0,33
rb1805,20170905,20170904,210259500,3926.0,14664,312870,576347140.0,3926.0,1,3924.0,11
rb1805,20170905,20170904,210300000,3924.0,14682,312888,577053460.0,3925.0,10,3924.0,13
rb1805,20170905,20170904,210300500,3925.0,14728,312894,578858740.0,3926.0,3,3924.0,2
rb1805,20170905,20170904,210301000,3924.0,14736,312894,579172640.0,3924.0,2,3923.0,43
rb1805,20170905,20170904,210301500,3923.0,14752,312894,579800360.0,3924.0,5,3923.0,32
rb1805,20170905,20170904,210302000,3923.0,14786,312906,581134200.0,3924.0,5,3923.0,18
rb1805,20170905,20170904,210302500,3923.0,14796,312912,581526500.0,3924.0,6,3923.0,13
rb1805,20170905,20170904,210303000,3924.0,14816,312916,582311120.0,3924.0,5,3923.0,4
rb1805,20170905,20170904,210303500,3923.0,14852,312926,583723360.0,3924.0,5,3923.0,1
rb1805,20170905,20170904,210304000,3923.0,14890,312918,585214100.0,3924.0,4,3923.0,10
rb1805,20170905,20170904,210304500,3923.0,14908,312936,585920240.0,3924.0,4,3923.0,4
rb1805,20170905,20170904,210305000,3923.0,14936,312918,587018700.0,3923.0,8,3922.0,31
rb1805,20170905,20170904,210305500,3923.0,14940,312918,587175620.0,3923.0,7,3922.0,31
rb1805,20170905,20170904,210306000,3923.0,14942,312916,587254080.0,3923.0,7,3922.0,81
rb1805,20170905,20170904,210306500,3924.0,14960,312908,587960260.0,3924.0,15,3923.0,32
rb1805,20170905,20170904,210307000,3923.0,14988,312898,589058700.0,3924.0,15,3923.0,42
rb1805,20170905,20170904,210307500,3923.0,14998,312892,589451080.0,3924.0,1,3923.0,44
rb1805,20170905,20170904,210308000,3923.0,15040,312914,591099180.0,3925.0,18,3924.0,2
rb1805,20170905,20170904,210308500,3924.0,15052,312908,591570000.0,3924.0,24,3923.0,34
rb1805,20170905,20170904,210309000,3924.0,15080,312886,592668720.0,3924.0,51,3923.0,35
rb1805,20170905,20170904,210309500,3924.0,15084,312882,592825680.0,3924.0,49,3923.0,35
rb1805,20170905,20170904,210310000,3924.0,15086,312880,592904160.0,3924.0,48,3923.0,35
rb1805,20170905,20170904,210310500,3924.0,15088,312880,592982640.0,3924.0,48,3923.0,36
rb1805,20170905,20170904,210311000,3923.0,15132,312906,594708800.0,3924.0,46,3923.0,17
rb1805,20170905,20170904,210311500,3924.0,15148,312900,595336620.0,3924.0,39,3923.0,17
rb1805,20170905,20170904,210312000,3924.0,15150,312898,595415100.0,3924.0,38,3923.0,19
rb1805,20170905,20170904,210312500,3924.0,15154,312896,595572040.0,3924.0,39,3923.0,19
rb1805,20170905,20170904,210313000,3924.0,15184,312898,596749160.0,3924.0,29,3923.0,16
rb1805,20170905,20170904,210313500,3923.0,15192,312898,597063020.0,3924.0,28,3923.0,15
rb1805,20170905,20170904,210314000,3924.0,15256,312862,599574380.0,3925.0,20,3923.0,18
rb1805,20170905,20170904,210314500,3923.0,15260,312864,599731300.0,3925.0,40,3924.0,2
rb1805,20170905,20170904,210315000,3924.0,15268,312862,600045220.0,3924.0,8,3923.0,18
rb1805,20170905,20170904,210315500,3924.0,15288,312860,600829920.0,3924.0,7,3923.0,14
rb1805,20170905,20170904,210316000,3924.0,15288,312860,600829920.0,3924.0,22,3923.0,15
rb1805,20170905,20170904,210316500,3923.0,15290,312858,600908380.0,3924.0,22,3923.0,18
rb1805,20170905,20170904,210317000,3924.0,15304,312860,601457620.0,3924.0,11,3923.0,12
rb1805,20170905,20170904,210317500,3923.0,15316,312858,601928480.0,3924.0,6,3923.0,18
rb1805,20170905,20170904,210318000,3924.0,15336,312846,602713260.0,3924.0,7,3923.0,67
rb1805,20170905,20170904,210318500,3924.0,15350,312838,603262620.0,3925.0,41,3924.0,74
rb1805,20170905,20170904,210319000,3924.0,15354,312840,603419580.0,3925.0,39,3924.0,70
rb1805,20170905,20170904,210319500,3924.0,15496,312768,608992860.0,3926.0,30,3924.0,60
rb1805,20170905,20170904,210320000,3926.0,15506,312774,609385420.0,3926.0,4,3925.0,7
rb1805,20170905,20170904,210320500,3926.0,15530,312772,610327660.0,3927.0,33,3926.0,42
rb1805,20170905,20170904,210321000,3927.0,15556,312774,611348680.0,3928.0,286,3927.0,75
rb1805,20170905,20170904,210321500,3928.0,15816,312700,621561380.0,3928.0,162,3927.0,37
rb1805,20170905,20170904,210322000,3928.0,16146,312800,634523820.0,3929.0,104,3928.0,1
rb1805,20170905,20170904,210322500,3928.0,16146,312800,634523820.0,3929.0,107,3928.0,56
rb1805,20170905,20170904,210323000,3928.0,16314,312886,641123320.0,3929.0,84,3927.0,39
rb1805,20170905,20170904,210323500,3929.0,16366,312878,643165920.0,3929.0,89,3927.0,33
rb1805,20170905,20170904,210324000,3929.0,16374,312882,643480240.0,3929.0,85,3928.0,10
rb1805,20170905,20170904,210324500,3929.0,16378,312884,643637400.0,3929.0,77,3928.0,10
rb1805,20170905,20170904,210325000,3928.0,16382,312888,643794520.0,3929.0,84,3928.0,8
rb1805,20170905,20170904,210325500,3928.0,16386,312888,643951660.0,3929.0,89,3928.0,5
rb1805,20170905,20170904,210326000,3928.0,16402,312902,644580220.0,3928.0,17,3927.0,35
rb1805,20170905,20170904,210326500,3928.0,16422,312912,645365820.0,3928.0,11,3927.0,36
rb1805,20170905,20170904,210327000,3928.0,16428,312912,645601500.0,3928.0,10,3927.0,36
rb1805,20170905,20170904,210327500,3928.0,16432,312912,645758620.0,3928.0,10,3927.0,37
rb1805,20170905,20170904,210328000,3928.0,16452,312922,646544220.0,3929.0,84,3928.0,36
rb1805,20170905,20170904,210328500,3928.0,16472,312924,647329820.0,3929.0,84,3928.0,26
rb1805,20170905,20170904,210329000,3928.0,16472,312924,647329820.0,3929.0,84,3928.0,26
rb1805,20170905,20170904,210329500,3927.0,16538,312980,649922200.0,3928.0,113,3927.0,33
rb1805,20170905,20170904,210330000,3928.0,16546,312982,650236400.0,3928.0,107,3927.0,30
rb1805,20170905,20170904,210330500,3927.0,16550,312984,650393500.0,3928.0,87,3927.0,29
rb1805,20170905,20170904,210331000,3928.0,16562,312994,650864860.0,3928.0,87,3927.0,29
rb1805,20170905,20170904,210331500,3928.0,16562,312994,650864860.0,3928.0,88,3927.0,29
rb1805,20170905,20170904,210332000,3928.0,16588,313020,651886120.0,3928.0,76,3927.0,28
rb1805,20170905,20170904,210332500,3928.0,16606,313038,652593160.0,3928.0,67,3927.0,44
rb1805,20170905,20170904,210333000,3928.0,16648,313012,654242920.0,3928.0,33,3927.0,44
rb1805,20170905,20170904,210333500,3928.0,16714,313022,656835400.0,3929.0,105,3928.0,4
rb1805,20170905,20170904,210334000,3928.0,16736,313024,657699560.0,3929.0,101,3928.0,1
rb1805,20170905,20170904,210334500,3928.0,16746,313026,658092400.0,3928.0,12,3927.0,46
rb1805,20170905,20170904,210335000,3928.0,16764,313028,658799440.0,3929.0,99,3927.0,45
rb1805,20170905,20170904,210335500,3928.0,16764,313028,658799440.0,3929.0,99,3928.0,2
rb1805,20170905,20170904,210336000,3928.0,16774,313028,659192240.0,3928.0,4,3927.0,34
rb1805,20170905,20170904,210336500,3928.0,16774,313028,659192240.0,3928.0,14,3927.0,34
rb1805,20170905,20170904,210337000,3927.0,16780,313028,659427860.0,3928.0,14,3927.0,32
rb1805,20170905,20170904,210337500,3928.0,16782,313028,659506420.0,3928.0,14,3927.0,32
rb1805,20170905,20170904,210338000,3927.0,16786,313032,659663500.0,3928.0,14,3927.0,30
rb1805,20170905,20170904,210338500,3927.0,16788,313032,659742040.0,3928.0,14,3927.0,28
rb1805,20170905,20170904,210339000,3927.0,16792,313034,659899140.0,3928.0,13,3927.0,27
rb1805,20170905,20170904,210339500,3927.0,16792,313034,659899140.0,3928.0,13,3927.0,27
rb1805,20170905,20170904,210340000,3928.0,16796,313036,660056240.0,3928.0,16,3927.0,26
rb1805,20170905,20170904,210340500,3927.0,16798,313038,660134780.0,3928.0,16,3927.0,28
rb1805,20170905,20170904,210341000,3928.0,16800,313040,660213340.0,3928.0,16,3927.0,28
rb1805,20170905,20170904,210341500,3928.0,16802,313038,660291900.0,3928.0,15,3927.0,28
rb1805,20170905,20170904,210342000,3928.0,16812,313032,660684700.0,3928.0,10,3927.0,28
rb1805,20170905,20170904,210342500,3928.0,16826,313040,661234620.0,3928.0,6,3927.0,27
rb1805,20170905,20170904,210343000,3928.0,16826,313040,661234620.0,3928.0,6,3927.0,27
rb1805,20170905,20170904,210343500,3928.0,16828,313042,661313180.0,3928.0,5,3927.0,27
rb1805,20170905,20170904,210344000,3928.0,16838,313044,661705980.0,3929.0,110,3928.0,26
rb1805,20170905,20170904,210344500,3928.0,16850,313036,662177340.0,3929.0,110,3928.0,20
rb1805,20170905,20170904,210345000,3928.0,16850,313036,662177340.0,3929.0,105,3928.0,20
rb1805,20170905,20170904,210345500,3928.0,16852,313034,662255900.0,3929.0,105,3928.0,23
rb1805,20170905,20170904,210346000,3928.0,16880,313008,663355740.0,3929.0,100,3928.0,9
rb1805,20170905,20170904,210346500,3929.0,16884,313012,663512900.0,3929.0,98,3928.0,9
rb1805,20170905,20170904,210347000,3928.0,16888,313012,663670040.0,3929.0,97,3928.0,8
rb1805,20170905,20170904,210347500,3929.0,16890,313012,663748620.0,3929.0,97,3928.0,8
rb1805,20170905,20170904,210348000,3928.0,16892,313010,663827180.0,3929.0,97,3928.0,20
rb1805,20170905,20170904,210348500,3928.0,16892,313010,663827180.0,3929.0,97,3928.0,14
rb1805,20170905,20170904,210349000,3928.0,16894,313010,663905740.0,3929.0,97,3928.0,20
rb1805,20170905,20170904,210349500,3929.0,16898,313012,664062880.0,3929.0,95,3928.0,20
rb1805,20170905,20170904,210350000,3928.0,16942,312988,665791200.0,3928.0,37,3927.0,35
rb1805,20170905,20170904,210350500,3928.0,16944,312990,665869760.0,3928.0,20,3927.0,35
rb1805,20170905,20170904,210351000,3928.0,16958,313000,666419680.0,3928.0,41,3927.0,36
rb1805,20170905,20170904,210351500,3928.0,16958,313000,666419680.0,3928.0,42,3927.0,36
rb1805,20170905,20170904,210352000,3928.0,16958,313000,666419680.0,3928.0,65,3927.0,36
rb1805,20170905,20170904,210352500,3927.0,16962,313000,666576760.0,3928.0,65,3927.0,34
rb1805,20170905,20170904,210353000,3928.0,16968,313006,666812440.0,3928.0,62,3927.0,34
rb1805,20170905,20170904,210353500,3927.0,17124,313030,672939960.0,3929.0,91,3928.0,3
rb1805,20170905,20170904,210354000,3927.0,17124,313030,672939960.0,3929.0,91,3928.0,3
rb1805,20170905,20170904,210354500,3927.0,17124,313030,672939960.0,3929.0,91,3928.0,3
rb1805,20170905,20170904,210355000,3928.0,17126,313030,673018520.0,3929.0,91,3928.0,5
rb1805,20170905,20170904,210355500,3928.0,17136,313028,673411320.0,3929.0,91,3928.0,8
rb1805,20170905,20170904,210356000,3928.0,17136,313028,673411320.0,3929.0,91,3928.0,13
rb1805,20170905,20170904,210356500,3928.0,17138,313028,673489880.0,3929.0,91,3928.0,16
rb1805,20170905,20170904,210357000,3928.0,17138,313028,673489880.0,3929.0,91,3928.0,63
rb1805,20170905,20170904,210357500,3928.0,17138,313028,673489880.0,3929.0,91,3928.0,64
rb1805,20170905,20170904,210358000,3928.0,17140,313028,673568440.0,3929.0,91,3928.0,63
rb1805,20170905,20170904,210358500,3929.0,17150,313038,673961340.0,3929.0,86,3928.0,13
rb1805,20170905,20170904,210359000,3928.0,17152,313038,674039900.0,3929.0,86,3928.0,12
rb1805,20170905,20170904,210359500,3929.0,17154,313040,674118480.0,3929.0,85,3928.0,12
rb1805,20170905,20170904,210400000,3928.0,17164,313036,674511320.0,3929.0,83,3928.0,66
rb1805,20170905,20170904,210400500,3928.0,17164,313036,674511320.0,3929.0,83,3928.0,67
rb1805,20170905,20170904,210401000,3928.0,17168,313034,674668440.0,3929.0,83,3928.0,65
rb1805,20170905,20170904,210401500,3928.0,17168,313034,674668440.0,3929.0,83,3928.0,65
rb1805,20170905,20170904,210402000,3928.0,17168,313034,674668440.0,3929.0,83,3928.0,58
rb1805,20170905,20170904,210402500,3928.0,17170,313032,674747000.0,3929.0,85,3928.0,57
rb1805,20170905,20170904,210403000,3929.0,17194,313034,675689740.0,3929.0,84,3928.0,46
rb1805,20170905,20170904,210403500,3928.0,17228,313054,677025260.0,3929.0,82,3928.0,29
rb1805,20170905,20170904,210404000,3929.0,17260,313078,678282260.0,3929.0,80,3928.0,15
rb1805,20170905,20170904,210404500,3929.0,17262,313078,678360840.0,3929.0,79,3928.0,15
rb1805,20170905,20170904,210405000,3929.0,17280,313088,679067980.0,3929.0,74,3928.0,12
rb1805,20170905,20170904,210405500,3928.0,17306,313088,680089260.0,3928.0,32,3927.0,45
rb1805,20170905,20170904,210406000,3928.0,17306,313088,680089260.0,3928.0,32,3927.0,45
rb1805,20170905,20170904,210406500,3928.0,17312,313086,680324940.0,3928.0,30,3927.0,45
rb1805,20170905,20170904,210407000,3928.0,17332,313066,681110540.0,3928.0,22,3927.0,46
rb1805,20170905,20170904,210407500,3928.0,17334,313064,681189100.0,3928.0,21,3927.0,45
rb1805,20170905,20170904,210408000,3927.0,17336,313066,681267640.0,3928.0,22,3927.0,44
rb1805,20170905,20170904,210408500,3928.0,17348,313054,681739000.0,3928.0,16,3927.0,44
rb1805,20170905,20170904,210409000,3927.0,17350,313056,681817540.0,3928.0,19,3927.0,43
rb1805,20170905,20170904,210409500,3927.0,17350,313056,681817540.0,3928.0,19,3927.0,44
rb1805,20170905,20170904,210410000,3927.0,17350,313056,681817540.0,3928.0,19,3927.0,44
rb1805,20170905,20170904,210410500,3927.0,17352,313058,681896080.0,3928.0,19,3927.0,44
rb1805,20170905,20170904,210411000,3927.0,17352,313058,681896080.0,3928.0,20,3927.0,44
rb1805,20170905,20170904,210411500,3927.0,17354,313060,681974620.0,3928.0,20,3927.0,43
rb1805,20170905,20170904,210412000,3928.0,17394,313054,683545820.0,3928.0,1,3927.0,43
rb1805,20170905,20170904,210412500,3928.0,17400,313058,683781500.0,3929.0,76,3928.0,30
rb1805,20170905,20170904,210413000,3928.0,17400,313058,683781500.0,3929.0,76,3928.0,34
rb1805,20170905,20170904,210413500,3929.0,17552,313030,689753580.0,3930.0,94,3929.0,1
rb1805,20170905,20170904,210414000,3929.0,17560,313036,690067940.0,3930.0,92,3929.0,8
rb1805,20170905,20170904,210414500,3929.0,17562,313038,690146520.0,3930.0,92,3929.0,59
rb1805,20170905,20170904,210415000,3930.0,17564,313038,690225120.0,3930.0,91,3929.0,71
rb1805,20170905,20170904,210415500,3930.0,17734,312968,696906120.0,3930.0,7,3929.0,75
rb1805,20170905,20170904,210416000,3932.0,17824,312964,700443940.0,3932.0,21,3930.0,114
rb1805,20170905,20170904,210416500,3933.0,17870,312962,702252700.0,3933.0,30,3932.0,11
rb1805,20170905,20170904,210417000,3933.0,17896,312942,703275080.0,3933.0,27,3932.0,5
rb1805,20170905,20170904,210417500,3933.0,17920,312948,704218960.0,3933.0,17,3932.0,7
rb1805,20170905,20170904,210418000,3933.0,17924,312946,704376280.0,3933.0,10,3932.0,10
rb1805,20170905,20170904,210418500,3933.0,17948,312944,705320160.0,3933.0,5,3932.0,15
rb1805,20170905,20170904,210419000,3933.0,17964,312940,705949440.0,3933.0,8,3932.0,11
rb1805,20170905,20170904,210419500,3932.0,17972,312938,706264040.0,3933.0,7,3932.0,10
rb1805,20170905,20170904,210420000,3933.0,17982,312928,706657320.0,3933.0,4,3932.0,9
rb1805,20170905,20170904,210420500,3932.0,18012,312906,707837080.0,3934.0,25,3932.0,7
rb1805,20170905,20170904,210421000,3932.0,18014,312906,707915720.0,3933.0,3,3932.0,10
rb1805,20170905,20170904,210421500,3933.0,18020,312906,708151700.0,3934.0,26,3933.0,3
rb1805,20170905,20170904,210422000,3933.0,18032,312896,708623660.0,3934.0,30,3933.0,2
rb1805,20170905,20170904,210422500,3932.0,18038,312892,708859620.0,3933.0,11,3932.0,8
rb1805,20170905,20170904,210423000,3933.0,18042,312894,709016920.0,3934.0,31,3933.0,8
rb1805,20170905,20170904,210423500,3933.0,18062,312898,709803520.0,3933.0,36,3932.0,15
rb1805,20170905,20170904,210424000,3932.0,18070,312898,710118100.0,3933.0,27,3932.0,12
rb1805,20170905,20170904,210424500,3933.0,18124,312916,712241560.0,3933.0,38,3932.0,3
rb1805,20170905,20170904,210425000,3932.0,18136,312910,712713420.0,3932.0,8,3931.0,31
rb1805,20170905,20170904,210425500,3933.0,18168,312926,713971680.0,3933.0,34,3932.0,7
rb1805,20170905,20170904,210426000,3932.0,18182,312926,714522160.0,3932.0,40,3931.0,29
rb1805,20170905,20170904,210426500,3931.0,18244,312918,716959680.0,3931.0,84,3930.0,91
rb1805,20170905,20170904,210427000,3930.0,18280,312900,718374480.0,3931.0,84,3930.0,65
rb1805,20170905,20170904,210427500,3930.0,18416,312980,723719280.0,3930.0,18,3929.0,22
rb1805,20170905,20170904,210428000,3929.0,18460,312982,725448040.0,3931.0,90,3929.0,1
rb1805,20170905,20170904,210428500,3930.0,18484,312980,726391100.0,3930.0,7,3929.0,11
rb1805,20170905,20170904,210429000,3929.0,18490,312974,726626880.0,3930.0,5,3929.0,11
rb1805,20170905,20170904,210429500,3931.0,18502,312964,727098500.0,3931.0,102,3930.0,4
rb1805,20170905,20170904,210430000,3930.0,18504,312964,727177100.0,3931.0,97,3930.0,3
rb1805,20170905,20170904,210430500,3930.0,18512,312964,727491500.0,3931.0,97,3929.0,24
rb1805,20170905,20170904,210431000,3930.0,18512,312964,727491500.0,3931.0,93,3929.0,25
rb1805,20170905,20170904,210431500,3930.0,18512,312964,727491500.0,3931.0,108,3930.0,8
rb1805,20170905,20170904,210432000,3930.0,18532,312968,728277500.0,3931.0,108,3929.0,5
rb1805,20170905,20170904,210432500,3930.0,18532,312968,728277500.0,3931.0,108,3930.0,10
rb1805,20170905,20170904,210433000,3931.0,18556,312948,729220740.0,3931.0,106,3930.0,2
rb1805,20170905,20170904,210433500,3931.0,18556,312948,729220740.0,3931.0,107,3930.0,5
rb1805,20170905,20170904,210434000,3931.0,18556,312948,729220740.0,3931.0,107,3930.0,13
rb1805,20170905,20170904,210434500,3931.0,18556,312948,729220740.0,3931.0,107,3930.0,20
rb1805,20170905,20170904,210435000,3931.0,18662,312872,733387600.0,3931.0,55,3930.0,23
rb1805,20170905,20170904,210435500,3931.0,18776,312844,737868940.0,3932.0,32,3931.0,194
rb1805,20170905,20170904,210436000,3932.0,18850,312876,740778620.0,3933.0,26,3932.0,96
rb1805,20170905,20170904,210436500,3933.0,18904,312898,742902440.0,3934.0,67,3933.0,86
rb1805,20170905,20170904,210437000,3934.0,18938,312874,744240000.0,3934.0,27,3933.0,93
rb1805,20170905,20170904,210437500,3934.0,18974,312848,745656240.0,3934.0,9,3933.0,98
rb1805,20170905,20170904,210438000,3934.0,18994,312840,746443040.0,3935.0,121,3934.0,28
rb1805,20170905,20170904,210438500,3934.0,19054,312824,748803440.0,3935.0,117,3934.0,19
rb1805,20170905,20170904,210439000,3934.0,19172,312822,753445560.0,3934.0,11,3933.0,29
rb1805,20170905,20170904,210439500,3933.0,19178,312822,753681540.0,3934.0,12,3933.0,26
rb1805,20170905,20170904,210440000,3934.0,19180,312824,753760220.0,3934.0,12,3933.0,26
rb1805,20170905,20170904,210440500,3933.0,19184,312828,753917540.0,3934.0,13,3933.0,24
rb1805,20170905,20170904,210441000,3934.0,19186,312830,753996220.0,3934.0,21,3933.0,24
rb1805,20170905,20170904,210441500,3934.0,19208,312832,754861700.0,3934.0,11,3933.0,24
rb1805,20170905,20170904,210442000,3934.0,19228,312840,755648400.0,3934.0,8,3933.0,20
rb1805,20170905,20170904,210442500,3934.0,19230,312840,755727080.0,3934.0,11,3933.0,22
rb1805,20170905,20170904,210443000,3934.0,19236,312846,755963120.0,3934.0,10,3933.0,23
rb1805,20170905,20170904,210443500,3933.0,19238,312848,756041780.0,3934.0,10,3933.0,22
rb1805,20170905,20170904,210444000,3933.0,19240,312848,756120440.0,3934.0,10,3933.0,21
rb1805,20170905,20170904,210444500,3934.0,19264,312860,757064600.0,3935.0,136,3934.0,3
rb1805,20170905,20170904,210445000,3934.0,19266,312860,757143280.0,3935.0,136,3934.0,4
rb1805,20170905,20170904,210445500,3935.0,19274,312864,757458060.0,3935.0,133,3934.0,18
rb1805,20170905,20170904,210446000,3935.0,19306,312850,758717260.0,3935.0,117,3934.0,26
rb1805,20170905,20170904,210446500,3935.0,19306,312850,758717260.0,3935.0,117,3934.0,32
rb1805,20170905,20170904,210447000,3935.0,19306,312850,758717260.0,3935.0,119,3934.0,32
rb1805,20170905,20170904,210447500,3934.0,19316,312852,759110720.0,3935.0,117,3934.0,30
rb1805,20170905,20170904,210448000,3935.0,19322,312852,759346800.0,3935.0,126,3934.0,35
rb1805,20170905,20170904,210448500,3935.0,19328,312854,759582900.0,3935.0,123,3934.0,36
rb1805,20170905,20170904,210449000,3935.0,19334,312856,759818980.0,3935.0,125,3934.0,36
rb1805,20170905,20170904,210449500,3935.0,19334,312856,759818980.0,3935.0,126,3934.0,36
rb1805,20170905,20170904,210450000,3935.0,19336,312856,759897680.0,3935.0,126,3934.0,39
rb1805,20170905,20170904,210450500,3935.0,19338,312856,759976380.0,3935.0,127,3934.0,44
rb1805,20170905,20170904,210451000,3935.0,19346,312858,760291180.0,3935.0,123,3934.0,44
rb1805,20170905,20170904,210451500,3935.0,19354,312858,760605980.0,3935.0,129,3934.0,38
rb1805,20170905,20170904,210452000,3935.0,19358,312860,760763360.0,3935.0,128,3934.0,37
rb1805,20170905,20170904,210452500,3935.0,19360,312860,760842060.0,3935.0,131,3934.0,38
rb1805,20170905,20170904,210453000,3935.0,19364,312860,760999460.0,3935.0,128,3934.0,39
rb1805,20170905,20170904,210453500,3935.0,19566,312900,768948160.0,3935.0,27,3934.0,39
rb1805,20170905,20170904,210454000,3935.0,19620,312916,771073060.0,3936.0,44,3935.0,7
rb1805,20170905,20170904,210454500,3935.0,19622,312916,771151760.0,3936.0,40,3935.0,14
rb1805,20170905,20170904,210455000,3936.0,19648,312940,772174920.0,3936.0,47,3935.0,21
rb1805,20170905,20170904,210455500,3935.0,19676,312926,773276980.0,3936.0,19,3935.0,27
rb1805,20170905,20170904,210456000,3936.0,19714,312930,774772660.0,3937.0,52,3936.0,34
rb1805,20170905,20170904,210456500,3936.0,19714,312930,774772660.0,3937.0,52,3936.0,39
rb1805,20170905,20170904,210457000,3937.0,19876,312942,781151080.0,3938.0,294,3936.0,36
rb1805,20170905,20170904,210457500,3938.0,19892,312926,781781160.0,3938.0,286,3936.0,37
rb1805,20170905,20170904,210458000,3938.0,19940,312900,783671360.0,3938.0,263,3936.0,36
rb1805,20170905,20170904,210458500,3937.0,19964,312880,784616320.0,3937.0,16,3936.0,33
rb1805,20170905,20170904,210459000,3937.0,19996,312880,785876160.0,3938.0,257,3937.0,6
rb1805,20170905,20170904,210459500,3938.0,20006,312874,786269900.0,3938.0,254,3937.0,8
rb1805,20170905,20170904,210500000,3937.0,20026,312866,787057300.0,3937.0,97,3936.0,31
rb1805,20170905,20170904,210500500,3937.0,20044,312858,787765900.0,3937.0,75,3936.0,2
rb1805,20170905,20170904,210501000,3936.0,20058,312854,788316940.0,3936.0,19,3935.0,35
rb1805,20170905,20170904,210501500,3937.0,20104,312850,790127580.0,3937.0,44,3936.0,56
rb1805,20170905,20170904,210502000,3936.0,20220,312910,794693280.0,3936.0,1,3935.0,26
rb1805,20170905,20170904,210502500,3936.0,20226,312912,794929440.0,3936.0,3,3935.0,25
rb1805,20170905,20170904,210503000,3935.0,20312,312918,798313880.0,3935.0,10,3934.0,34
rb1805,20170905,20170904,210503500,3934.0,20358,312898,800124160.0,3935.0,3,3934.0,31
rb1805,20170905,20170904,210504000,3934.0,20460,312860,804136860.0,3934.0,110,3933.0,55
rb1805,20170905,20170904,210504500,3933.0,20540,312864,807283260.0,3933.0,4,3932.0,30
rb1805,20170905,20170904,210505000,3934.0,20576,312874,808699040.0,3934.0,114,3933.0,1
rb1805,20170905,20170904,210505500,3933.0,20598,312886,809564220.0,3933.0,41,3932.0,2
rb1805,20170905,20170904,210506000,3933.0,20622,312886,810507940.0,3933.0,26,3931.0,33
rb1805,20170905,20170904,210506500,3931.0,20624,312888,810586560.0,3932.0,8,3931.0,37
rb1805,20170905,20170904,210507000,3931.0,20662,312880,812080340.0,3932.0,17,3931.0,14
rb1805,20170905,20170904,210507500,3931.0,20690,312878,813181060.0,3932.0,15,3931.0,2
rb1805,20170905,20170904,210508000,3931.0,20694,312878,813338300.0,3931.0,10,3930.0,54
rb1805,20170905,20170904,210508500,3931.0,20700,312874,813574160.0,3931.0,6,3930.0,54
rb1805,20170905,20170904,210509000,3931.0,20710,312870,813967260.0,3932.0,15,3931.0,3
rb1805,20170905,20170904,210509500,3931.0,20712,312870,814045880.0,3932.0,18,3931.0,3
rb1805,20170905,20170904,210510000,3931.0,20712,312870,814045880.0,3932.0,18,3931.0,3
rb1805,20170905,20170904,210510500,3931.0,20714,312870,814124500.0,3932.0,18,3931.0,14
rb1805,20170905,20170904,210511000,3932.0,20716,312870,814203140.0,3932.0,17,3931.0,20
rb1805,20170905,20170904,210511500,3932.0,20722,312872,814439060.0,3932.0,8,3931.0,29
rb1805,20170905,20170904,210512000,3932.0,20744,312882,815304120.0,3933.0,38,3932.0,12
rb1805,20170905,20170904,210512500,3932.0,20746,312882,815382760.0,3933.0,38,3932.0,15
rb1805,20170905,20170904,210513000,3932.0,20746,312882,815382760.0,3933.0,33,3932.0,24
rb1805,20170905,20170904,210513500,3932.0,20746,312882,815382760.0,3933.0,31,3932.0,30
rb1805,20170905,20170904,210514000,3932.0,20830,312950,818685640.0,3932.0,105,3931.0,47
rb1805,20170905,20170904,210514500,3931.0,20840,312950,819078760.0,3932.0,104,3931.0,50
rb1805,20170905,20170904,210515000,3931.0,20842,312950,819157380.0,3932.0,104,3931.0,56
rb1805,20170905,20170904,210515500,3931.0,20852,312948,819550560.0,3932.0,107,3931.0,55
rb1805,20170905,20170904,210516000,3931.0,20856,312950,819707800.0,3932.0,107,3931.0,53
rb1805,20170905,20170904,210516500,3932.0,20862,312950,819943720.0,3932.0,109,3931.0,53
rb1805,20170905,20170904,210517000,3932.0,20864,312948,820022360.0,3932.0,108,3931.0,53
rb1805,20170905,20170904,210517500,3932.0,20864,312948,820022360.0,3932.0,109,3931.0,59
rb1805,20170905,20170904,210518000,3931.0,20866,312950,820100980.0,3932.0,109,3931.0,58
rb1805,20170905,20170904,210518500,3932.0,20874,312948,820415540.0,3932.0,105,3931.0,65
rb1805,20170905,20170904,210519000,3932.0,20878,312948,820572800.0,3932.0,104,3931.0,65
rb1805,20170905,20170904,210519500,3932.0,20886,312940,820887360.0,3932.0,101,3931.0,71
rb1805,20170905,20170904,210520000,3932.0,20888,312940,820966000.0,3932.0,100,3931.0,71
rb1805,20170905,20170904,210520500,3931.0,20914,312930,821988300.0,3932.0,84,3931.0,92
rb1805,20170905,20170904,210521000,3932.0,20930,312930,822617400.0,3932.0,76,3931.0,74
rb1805,20170905,20170904,210521500,3932.0,21028,312864,826470740.0,3932.0,28,3931.0,93
rb1805,20170905,20170904,210522000,3932.0,21084,312868,828672660.0,3933.0,31,3932.0,44
rb1805,20170905,20170904,210522500,3932.0,21084,312868,828672660.0,3933.0,31,3932.0,44
rb1805,20170905,20170904,210523000,3932.0,21090,312868,828908620.0,3933.0,27,3932.0,53
rb1805,20170905,20170904,210523500,3932.0,21090,312868,828908620.0,3933.0,27,3932.0,52
rb1805,20170905,20170904,210524000,3933.0,21094,312872,829065940.0,3933.0,32,3932.0,53
rb1805,20170905,20170904,210524500,3932.0,21106,312872,829537880.0,3933.0,27,3932.0,54
rb1805,20170905,20170904,210525000,3933.0,21160,312886,831661700.0,3934.0,6,3933.0,45
rb1805,20170905,20170904,210525500,3934.0,21162,312886,831740380.0,3934.0,6,3932.0,52
rb1805,20170905,20170904,210526000,3933.0,21202,312902,833313580.0,3934.0,6,3933.0,7
rb1805,20170905,20170904,210526500,3933.0,21210,312906,833628280.0,3934.0,3,3933.0,6
rb1805,20170905,20170904,210527000,3934.0,21212,312906,833706960.0,3934.0,4,3933.0,19
rb1805,20170905,20170904,210527500,3934.0,21222,312910,834100360.0,3935.0,14,3934.0,14
rb1805,20170905,20170904,210528000,3935.0,21226,312910,834257760.0,3935.0,6,3934.0,25
rb1805,20170905,20170904,210528500,3935.0,21238,312900,834729960.0,3936.0,35,3935.0,9
rb1805,20170905,20170904,210529000,3935.0,21238,312900,834729960.0,3936.0,39,3935.0,37
rb1805,20170905,20170904,210529500,3935.0,21278,312900,836303960.0,3936.0,37,3935.0,26
rb1805,20170905,20170904,210530000,3935.0,21282,312900,836461360.0,3936.0,35,3935.0,24
rb1805,20170905,20170904,210530500,3935.0,21290,312902,836776180.0,3936.0,34,3935.0,6
rb1805,20170905,20170904,210531000,3936.0,21298,312906,837091000.0,3936.0,33,3935.0,3
rb1805,20170905,20170904,210531500,3935.0,21304,312910,837327120.0,3936.0,34,3935.0,1
rb1805,20170905,20170904,210532000,3935.0,21304,312910,837327120.0,3936.0,34,3935.0,44
rb1805,20170905,20170904,210532500,3936.0,21306,312910,837405840.0,3936.0,33,3935.0,45
rb1805,20170905,20170904,210533000,3936.0,21306,312910,837405840.0,3936.0,31,3935.0,45
rb1805,20170905,20170904,210533500,3935.0,21308,312910,837484540.0,3936.0,31,3935.0,44
rb1805,20170905,20170904,210534000,3936.0,21320,312916,837956860.0,3936.0,25,3935.0,44
rb1805,20170905,20170904,210534500,3936.0,21320,312916,837956860.0,3936.0,26,3935.0,44
rb1805,20170905,20170904,210535000,3935.0,21322,312916,838035560.0,3936.0,26,3935.0,44
rb1805,20170905,20170904,210535500,3935.0,21324,312914,838114260.0,3936.0,28,3935.0,42
rb1805,20170905,20170904,210536000,3935.0,21326,312914,838192960.0,3936.0,30,3935.0,41
rb1805,20170905,20170904,210536500,3935.0,21338,312910,838665180.0,3936.0,44,3935.0,36
rb1805,20170905,20170904,210537000,3936.0,21372,312902,840003420.0,3936.0,29,3935.0,36
rb1805,20170905,20170904,210537500,3936.0,21398,312924,841026580.0,3936.0,31,3935.0,27
rb1805,20170905,20170904,210538000,3935.0,21402,312928,841183980.0,3936.0,32,3935.0,25
rb1805,20170905,20170904,210538500,3935.0,21418,312928,841813580.0,3936.0,37,3935.0,17
rb1805,20170905,20170904,210539000,3935.0,21420,312928,841892280.0,3936.0,35,3935.0,16
rb1805,20170905,20170904,210539500,3935.0,21420,312928,841892280.0,3936.0,35,3935.0,18
rb1805,20170905,20170904,210540000,3936.0,21436,312924,842521900.0,3936.0,48,3935.0,10
rb1805,20170905,20170904,210540500,3935.0,21466,312910,843702400.0,3935.0,40,3934.0,15
rb1805,20170905,20170904,210541000,3935.0,21466,312910,843702400.0,3935.0,41,3934.0,15
rb1805,20170905,20170904,210541500,3935.0,21466,312910,843702400.0,3935.0,41,3934.0,9
rb1805,20170905,20170904,210542000,3934.0,21476,312908,844095880.0,3935.0,42,3934.0,9
rb1805,20170905,20170904,210542500,3934.0,21476,312908,844095880.0,3935.0,42,3934.0,15
rb1805,20170905,20170904,210543000,3935.0,21478,312906,844174580.0,3935.0,43,3934.0,15
rb1805,20170905,20170904,210543500,3935.0,21510,312932,845433480.0,3935.0,43,3934.0,3
rb1805,20170905,20170904,210544000,3933.0,21522,312922,845905500.0,3934.0,5,3933.0,52
rb1805,20170905,20170904,210544500,3934.0,21532,312924,846298900.0,3934.0,1,3933.0,42
rb1805,20170905,20170904,210545000,3934.0,21534,312924,846377580.0,3934.0,3,3933.0,43
rb1805,20170905,20170904,210545500,3934.0,21534,312924,846377580.0,3934.0,5,3933.0,46
rb1805,20170905,20170904,210546000,3934.0,21534,312924,846377580.0,3934.0,13,3933.0,45
rb1805,20170905,20170904,210546500,3934.0,21536,312926,846456260.0,3934.0,18,3933.0,45
rb1805,20170905,20170904,210547000,3934.0,21536,312926,846456260.0,3934.0,18,3933.0,47
rb1805,20170905,20170904,210547500,3934.0,21536,312926,846456260.0,3934.0,18,3933.0,46
rb1805,20170905,20170904,210548000,3933.0,21548,312924,846928220.0,3934.0,30,3933.0,40
rb1805,20170905,20170904,210548500,3933.0,21630,312874,850153280.0,3933.0,11,3932.0,34
rb1805,20170905,20170904,210549000,3932.0,21638,312866,850467840.0,3933.0,16,3932.0,31
rb1805,20170905,20170904,210549500,3932.0,21712,312904,853377520.0,3932.0,5,3931.0,50
rb1805,20170905,20170904,210550000,3932.0,21734,312898,854242480.0,3933.0,20,3931.0,53
rb1805,20170905,20170904,210550500,3933.0,21736,312900,854321140.0,3933.0,19,3931.0,49
rb1805,20170905,20170904,210551000,3933.0,21756,312920,855107740.0,3933.0,7,3932.0,2
rb1805,20170905,20170904,210551500,3932.0,21758,312918,855186380.0,3933.0,7,3932.0,1
rb1805,20170905,20170904,210552000,3933.0,21762,312920,855343680.0,3933.0,6,3932.0,1
rb1805,20170905,20170904,210552500,3933.0,21766,312924,855501000.0,3934.0,24,3932.0,7
rb1805,20170905,20170904,210553000,3932.0,21776,312932,855894200.0,3934.0,22,3932.0,10
rb1805,20170905,20170904,210553500,3931.0,21808,312962,857152320.0,3934.0,22,3932.0,1
rb1805,20170905,20170904,210554000,3931.0,21810,312960,857230940.0,3933.0,1,3932.0,6
rb1805,20170905,20170904,210554500,3933.0,21812,312962,857309600.0,3934.0,23,3933.0,7
rb1805,20170905,20170904,210555000,3933.0,21812,312962,857309600.0,3934.0,16,3933.0,6
rb1805,20170905,20170904,210555500,3933.0,21814,312962,857388260.0,3934.0,16,3933.0,5
rb1805,20170905,20170904,210556000,3934.0,21818,312962,857545620.0,3934.0,14,3933.0,10
rb1805,20170905,20170904,210556500,3934.0,21818,312962,857545620.0,3934.0,16,3933.0,11
rb1805,20170905,20170904,210557000,3934.0,21818,312962,857545620.0,3934.0,16,3933.0,7
rb1805,20170905,20170904,210557500,3933.0,21828,312970,857938920.0,3934.0,16,3932.0,17
rb1805,20170905,20170904,210558000,3934.0,21840,312976,858411000.0,3934.0,9,3932.0,16
rb1805,20170905,20170904,210558500,3934.0,21852,312970,858883080.0,3934.0,3,3933.0,15
rb1805,20170905,20170904,210559000,3934.0,21852,312970,858883080.0,3934.0,35,3933.0,15
rb1805,20170905,20170904,210559500,3934.0,21854,312972,858961760.0,3934.0,34,3933.0,17
rb1805,20170905,20170904,210600000,3933.0,21856,312974,859040420.0,3934.0,24,3933.0,16
rb1805,20170905,20170904,210600500,3933.0,21858,312974,859119080.0,3934.0,25,3933.0,15
rb1805,20170905,20170904,210601000,3934.0,21866,312982,859433760.0,3934.0,23,3933.0,13
rb1805,20170905,20170904,210601500,3934.0,21872,312976,859669800.0,3934.0,26,3933.0,14
rb1805,20170905,20170904,210602000,3934.0,21872,312976,859669800.0,3934.0,22,3933.0,14
rb1805,20170905,20170904,210602500,3933.0,21894,312976,860535260.0,3934.0,17,3933.0,13
rb1805,20170905,20170904,210603000,3933.0,21894,312976,860535260.0,3934.0,15,3933.0,13
rb1805,20170905,20170904,210603500,3933.0,21910,312984,861164580.0,3934.0,13,3933.0,8
rb1805,20170905,20170904,210604000,3934.0,21948,312966,862659500.0,3934.0,1,3933.0,8
rb1805,20170905,20170904,210604500,3934.0,21952,312966,862816860.0,3935.0,46,3934.0,4
rb1805,20170905,20170904,210605000,3934.0,22002,313010,864783860.0,3935.0,41,3934.0,29
rb1805,20170905,20170904,210605500,3934.0,22006,313010,864941240.0,3935.0,40,3934.0,32
rb1805,20170905,20170904,210606000,3934.0,22042,313024,866357660.0,3935.0,25,3934.0,23
rb1805,20170905,20170904,210606500,3935.0,22060,313028,867065960.0,3935.0,16,3934.0,23
rb1805,20170905,20170904,210607000,3935.0,22104,312994,868797360.0,3936.0,60,3935.0,40
rb1805,20170905,20170904,210607500,3936.0,22120,312998,869427020.0,3936.0,55,3935.0,32
rb1805,20170905,20170904,210608000,3935.0,22252,312968,874622220.0,3936.0,5,3935.0,26
rb1805,20170905,20170904,210608500,3936.0,22262,312970,875015820.0,3937.0,21,3936.0,37
rb1805,20170905,20170904,210609000,3937.0,22312,312958,876984320.0,3938.0,297,3937.0,1
rb1805,20170905,20170904,210609500,3937.0,22326,312954,877535500.0,3937.0,6,3936.0,9
rb1805,20170905,20170904,210610000,3937.0,22338,312954,878007940.0,3938.0,277,3937.0,61
rb1805,20170905,20170904,210610500,3938.0,22366,312952,879110480.0,3938.0,287,3937.0,62
rb1805,20170905,20170904,210611000,3938.0,22376,312948,879504280.0,3938.0,273,3937.0,62
rb1805,20170905,20170904,210611500,3938.0,22384,312940,879819320.0,3938.0,258,3937.0,63
rb1805,20170905,20170904,210612000,3937.0,22414,312914,881000480.0,3938.0,255,3937.0,53
rb1805,20170905,20170904,210612500,3937.0,22416,312912,881079220.0,3938.0,255,3937.0,54
rb1805,20170905,20170904,210613000,3937.0,22474,312858,883363240.0,3938.0,227,3937.0,57
rb1805,20170905,20170904,210613500,3937.0,22610,312784,888718900.0,3938.0,160,3937.0,42
rb1805,20170905,20170904,210614000,3938.0,22808,312818,896516140.0,3938.0,61,3937.0,43
rb1805,20170905,20170904,210614500,3938.0,22952,312936,902186860.0,3939.0,62,3938.0,7
rb1805,20170905,20170904,210615000,3939.0,23070,312868,906834860.0,3939.0,4,3938.0,54
rb1805,20170905,20170904,210615500,3939.0,23178,312932,911089880.0,3940.0,45,3939.0,13
rb1805,20170905,20170904,210616000,3940.0,23246,312912,913769020.0,3940.0,4,3939.0,22
rb1805,20170905,20170904,210616500,3943.0,23404,312876,919996620.0,3943.0,17,3942.0,1
rb1805,20170905,20170904,210617000,3945.0,23592,312872,927409580.0,3945.0,79,3943.0,59
rb1805,20170905,20170904,210617500,3945.0,23828,312840,936719220.0,3946.0,14,3945.0,14
rb1805,20170905,20170904,210618000,3945.0,24016,312876,944134740.0,3945.0,36,3943.0,32
rb1805,20170905,20170904,210618500,3944.0,24058,312850,945791540.0,3945.0,79,3944.0,11
rb1805,20170905,20170904,210619000,3944.0,24098,312852,947369120.0,3944.0,24,3943.0,19
rb1805,20170905,20170904,210619500,3944.0,24120,312846,948236800.0,3944.0,18,3943.0,18
rb1805,20170905,20170904,210620000,3943.0,24164,312818,949971720.0,3943.0,2,3942.0,5
rb1805,20170905,20170904,210620500,3943.0,24172,312820,950287160.0,3943.0,21,3942.0,5
rb1805,20170905,20170904,210621000,3942.0,24186,312812,950839040.0,3942.0,37,3941.0,2
rb1805,20170905,20170904,210621500,3941.0,24196,312810,951233120.0,3941.0,18,3940.0,97
rb1805,20170905,20170904,210622000,3942.0,24258,312824,953676700.0,3942.0,17,3941.0,25
rb1805,20170905,20170904,210622500,3942.0,24284,312814,954701560.0,3942.0,10,3941.0,30
rb1805,20170905,20170904,210623000,3941.0,24380,312804,958484900.0,3941.0,8,3940.0,76
rb1805,20170905,20170904,210623500,3942.0,24412,312824,959746120.0,3941.0,1,3940.0,68
rb1805,20170905,20170904,210624000,3942.0,24610,312808,967548320.0,3943.0,67,3942.0,8
rb1805,20170905,20170904,210624500,3941.0,24644,312800,968888420.0,3942.0,105,3941.0,4
rb1805,20170905,20170904,210625000,3941.0,24654,312798,969282520.0,3941.0,24,3940.0,6
rb1805,20170905,20170904,210625500,3941.0,24688,312796,970622140.0,3941.0,23,3939.0,17
rb1805,20170905,20170904,210626000,3941.0,24738,312800,972592640.0,3941.0,4,3939.0,13
rb1805,20170905,20170904,210626500,3941.0,24754,312798,973223160.0,3941.0,2,3939.0,13
rb1805,20170905,20170904,210627000,3941.0,24756,312798,973301980.0,3941.0,1,3939.0,15
rb1805,20170905,20170904,210627500,3941.0,24756,312798,973301980.0,3941.0,31,3939.0,15
rb1805,20170905,20170904,210628000,3941.0,24758,312798,973380800.0,3941.0,31,3939.0,16
rb1805,20170905,20170904,210628500,3941.0,24782,312812,974326200.0,3941.0,32,3939.0,7
rb1805,20170905,20170904,210629000,3941.0,24792,312816,974720300.0,3941.0,28,3940.0,1
rb1805,20170905,20170904,210629500,3940.0,24796,312814,974877900.0,3941.0,32,3939.0,22
rb1805,20170905,20170904,210630000,3941.0,24800,312818,975035540.0,3941.0,32,3940.0,16
rb1805,20170905,20170904,210630500,3941.0,24800,312818,975035540.0,3941.0,33,3940.0,19
rb1805,20170905,20170904,210631000,3940.0,24802,312816,975114340.0,3941.0,33,3940.0,29
rb1805,20170905,20170904,210631500,3940.0,24810,312816,975429560.0,3941.0,32,3940.0,33
rb1805,20170905,20170904,210632000,3940.0,24878,312792,978108780.0,3940.0,17,3939.0,33
rb1805,20170905,20170904,210632500,3941.0,24916,312766,979606000.0,3941.0,44,3940.0,6
rb1805,20170905,20170904,210633000,3941.0,24918,312768,979684820.0,3941.0,43,3940.0,5
rb1805,20170905,20170904,210633500,3941.0,24954,312780,981103480.0,3940.0,4,3939.0,36
rb1805,20170905,20170904,210634000,3940.0,24956,312780,981182280.0,3940.0,4,3939.0,40
rb1805,20170905,20170904,210634500,3940.0,24964,312782,981497480.0,3941.0,31,3939.0,41
rb1805,20170905,20170904,210635000,3941.0,24978,312794,982049180.0,3941.0,27,3939.0,44
rb1805,20170905,20170904,210635500,3939.0,24982,312796,982206780.0,3941.0,28,3939.0,44
rb1805,20170905,20170904,210636000,3940.0,24984,312796,982285580.0,3941.0,28,3940.0,6
rb1805,20170905,20170904,210636500,3940.0,24984,312796,982285580.0,3941.0,28,3940.0,7
rb1805,20170905,20170904,210637000,3940.0,24986,312796,982364380.0,3941.0,28,3940.0,6
rb1805,20170905,20170904,210637500,3940.0,25046,312778,984728380.0,3941.0,29,3940.0,1
rb1805,20170905,20170904,210638000,3940.0,25058,312780,985201180.0,3940.0,164,3939.0,37
rb1805,20170905,20170904,210638500,3940.0,25074,312790,985831440.0,3940.0,187,3939.0,31
rb1805,20170905,20170904,210639000,3940.0,25074,312790,985831440.0,3940.0,187,3939.0,31
rb1805,20170905,20170904,210639500,3940.0,25110,312778,987249820.0,3940.0,158,3939.0,50
rb1805,20170905,20170904,210640000,3940.0,25132,312766,988116620.0,3940.0,147,3939.0,50
rb1805,20170905,20170904,210640500,3939.0,25232,312848,992055640.0,3940.0,146,3939.0,2
rb1805,20170905,20170904,210641000,3939.0,25254,312854,992922220.0,3939.0,25,3938.0,28
rb1805,20170905,20170904,210641500,3939.0,25260,312854,993158560.0,3940.0,150,3939.0,17
rb1805,20170905,20170904,210642000,3939.0,25298,312874,994655380.0,3939.0,1,3938.0,26
rb1805,20170905,20170904,210642500,3938.0,25300,312874,994734140.0,3939.0,1,3938.0,25
rb1805,20170905,20170904,210643000,3939.0,25304,312872,994891700.0,3940.0,151,3939.0,15
rb1805,20170905,20170904,210643500,3939.0,25310,312874,995128060.0,3940.0,150,3939.0,12
rb1805,20170905,20170904,210644000,3940.0,25318,312870,995443260.0,3940.0,147,3939.0,14
rb1805,20170905,20170904,210644500,3940.0,25322,312870,995600840.0,3940.0,146,3939.0,10
rb1805,20170905,20170904,210645000,3940.0,25326,312870,995758440.0,3940.0,147,3939.0,14
rb1805,20170905,20170904,210645500,3940.0,25434,312866,1000013640.0,3940.0,93,3939.0,22
rb1805,20170905,20170904,210646000,3940.0,25638,312712,1008051240.0,3941.0,28,3940.0,82
rb1805,20170905,20170904,210646500,3940.0,25650,312706,1008524140.0,3941.0,23,3940.0,79
rb1805,20170905,20170904,210647000,3940.0,25650,312706,1008524140.0,3941.0,23,3940.0,82
rb1805,20170905,20170904,210647500,3941.0,25654,312704,1008681780.0,3941.0,21,3940.0,40
rb1805,20170905,20170904,210648000,3941.0,25660,312708,1008918240.0,3941.0,18,3940.0,40
rb1805,20170905,20170904,210648500,3940.0,25664,312708,1009075840.0,3941.0,18,3940.0,39
rb1805,20170905,20170904,210649000,3941.0,25688,312728,1010021680.0,3941.0,6,3940.0,39
rb1805,20170905,20170904,210649500,3941.0,25700,312736,1010494580.0,3941.0,2,3940.0,38
rb1805,20170905,20170904,210650000,3940.0,25802,312772,1014513600.0,3940.0,1,3939.0,41
rb1805,20170905,20170904,210650500,3941.0,25826,312754,1015459420.0,3942.0,87,3941.0,7
rb1805,20170905,20170904,210651000,3941.0,25840,312764,1016011200.0,3942.0,86,3941.0,2
rb1805,20170905,20170904,210651500,3941.0,25844,312768,1016168840.0,3942.0,86,3941.0,1
rb1805,20170905,20170904,210652000,3940.0,25850,312766,1016405260.0,3941.0,7,3940.0,8
rb1805,20170905,20170904,210652500,3941.0,25856,312766,1016641720.0,3941.0,5,3940.0,10
rb1805,20170905,20170904,210653000,3941.0,25870,312766,1017193460.0,3942.0,86,3941.0,1
rb1805,20170905,20170904,210653500,3941.0,25900,312774,1018375860.0,3942.0,82,3941.0,3
rb1805,20170905,20170904,210654000,3941.0,25906,312774,1018612320.0,3942.0,82,3940.0,12
rb1805,20170905,20170904,210654500,3942.0,25916,312774,1019006520.0,3942.0,78,3940.0,14
rb1805,20170905,20170904,210655000,3942.0,25920,312770,1019164200.0,3942.0,76,3940.0,22
rb1805,20170905,20170904,210655500,3942.0,26084,312784,1025629100.0,3943.0,91,3942.0,6
rb1805,20170905,20170904,210656000,3942.0,26088,312782,1025786780.0,3943.0,91,3942.0,14
rb1805,20170905,20170904,210656500,3942.0,26088,312782,1025786780.0,3943.0,94,3942.0,21
rb1805,20170905,20170904,210657000,3942.0,26090,312780,1025865620.0,3943.0,94,3942.0,16
rb1805,20170905,20170904,210657500,3942.0,26102,312788,1026338760.0,3943.0,89,3942.0,8
rb1805,20170905,20170904,210658000,3942.0,26102,312788,1026338760.0,3943.0,89,3942.0,13
rb1805,20170905,20170904,210658500,3941.0,26260,312794,1032568320.0,3943.0,15,3941.0,11
rb1805,20170905,20170904,210659000,3943.0,26292,312796,1033830080.0,3944.0,22,3943.0,24
rb1805,20170905,20170904,210659500,3943.0,26300,312796,1034145520.0,3944.0,55,3943.0,22
rb1805,20170905,20170904,210700000,3943.0,26356,312798,1036353500.0,3943.0,6,3942.0,2
rb1805,20170905,20170904,210700500,3943.0,26360,312800,1036511220.0,3943.0,20,3942.0,2
rb1805,20170905,20170904,210701000,3941.0,26384,312800,1037457280.0,3943.0,25,3941.0,16
rb1805,20170905,20170904,210701500,3943.0,26400,312802,1038088160.0,3943.0,19,3941.0,35
rb1805,20170905,20170904,210702000,3943.0,26408,312802,1038403600.0,3943.0,20,3942.0,1
rb1805,20170905,20170904,210702500,3942.0,26420,312808,1038876640.0,3942.0,22,3941.0,14
rb1805,20170905,20170904,210703000,3941.0,26448,312808,1039980120.0,3942.0,25,3940.0,30
rb1805,20170905,20170904,210703500,3941.0,26448,312808,1039980120.0,3942.0,37,3941.0,2
rb1805,20170905,20170904,210704000,3940.0,26456,312812,1040295360.0,3941.0,20,3940.0,11
rb1805,20170905,20170904,210704500,3939.0,26488,312832,1041556100.0,3940.0,25,3939.0,21
rb1805,20170905,20170904,210705000,3938.0,26532,312824,1043289240.0,3940.0,25,3938.0,34
rb1805,20170905,20170904,210705500,3938.0,26534,312824,1043368000.0,3939.0,90,3938.0,32
rb1805,20170905,20170904,210706000,3938.0,26598,312854,1045888320.0,3939.0,90,3937.0,18
rb1805,20170905,20170904,210706500,3937.0,26646,312828,1047778080.0,3937.0,50,3936.0,60
rb1805,20170905,20170904,210707000,3939.0,26812,312806,1054314320.0,3939.0,14,3938.0,1
rb1805,20170905,20170904,210707500,3937.0,26836,312820,1055259420.0,3938.0,3,3937.0,11
rb1805,20170905,20170904,210708000,3938.0,26838,312820,1055338180.0,3938.0,30,3937.0,6
rb1805,20170905,20170904,210708500,3938.0,26842,312820,1055495700.0,3938.0,28,3937.0,6
rb1805,20170905,20170904,210709000,3938.0,26896,312826,1057622220.0,3938.0,1,3937.0,26
rb1805,20170905,20170904,210709500,3938.0,26898,312826,1057700980.0,3939.0,19,3938.0,17
rb1805,20170905,20170904,210710000,3938.0,26908,312826,1058094780.0,3939.0,17,3938.0,8
rb1805,20170905,20170904,210710500,3938.0,26912,312826,1058252320.0,3939.0,16,3938.0,15
rb1805,20170905,20170904,210711000,3938.0,26916,312828,1058409860.0,3939.0,10,3938.0,16
rb1805,20170905,20170904,210711500,3938.0,26916,312828,1058409860.0,3939.0,4,3938.0,16
rb1805,20170905,20170904,210712000,3938.0,26922,312832,1058646140.0,3939.0,9,3938.0,13
rb1805,20170905,20170904,210712500,3938.0,26924,312834,1058724900.0,3939.0,9,3938.0,12
rb1805,20170905,20170904,210713000,3939.0,26932,312838,1059039980.0,3939.0,6,3938.0,23
rb1805,20170905,20170904,210713500,3939.0,26944,312826,1059512660.0,3940.0,33,3939.0,6
rb1805,20170905,20170904,210714000,3939.0,26944,312826,1059512660.0,3940.0,33,3939.0,6
rb1805,20170905,20170904,210714500,3939.0,26944,312826,1059512660.0,3940.0,28,3939.0,6
rb1805,20170905,20170904,210715000,3939.0,26948,312822,1059670220.0,3940.0,28,3939.0,5
rb1805,20170905,20170904,210715500,3939.0,26948,312822,1059670220.0,3940.0,29,3939.0,5
rb1805,20170905,20170904,210716000,3940.0,26956,312826,1059985380.0,3940.0,27,3939.0,4
rb1805,20170905,20170904,210716500,3940.0,26968,312826,1060458180.0,3940.0,22,3939.0,4
rb1805,20170905,20170904,210717000,3939.0,26976,312826,1060773300.0,3940.0,29,3938.0,47
rb1805,20170905,20170904,210717500,3939.0,26982,312826,1061009600.0,3940.0,31,3938.0,42
rb1805,20170905,20170904,210718000,3940.0,26988,312832,1061246000.0,3940.0,28,3938.0,42
rb1805,20170905,20170904,210718500,3938.0,27060,312878,1064081360.0,3938.0,14,3937.0,38
rb1805,20170905,20170904,210719000,3938.0,27070,312884,1064475160.0,3938.0,14,3937.0,42
rb1805,20170905,20170904,210719500,3938.0,27070,312884,1064475160.0,3938.0,12,3937.0,40
rb1805,20170905,20170904,210720000,3938.0,27076,312886,1064711400.0,3938.0,11,3937.0,38
rb1805,20170905,20170904,210720500,3938.0,27098,312902,1065577720.0,3938.0,6,3937.0,36
rb1805,20170905,20170904,210721000,3938.0,27100,312902,1065656480.0,3938.0,5,3937.0,36
rb1805,20170905,20170904,210721500,3938.0,27112,312908,1066129040.0,3939.0,2,3938.0,93
rb1805,20170905,20170904,210722000,3939.0,27122,312906,1066522940.0,3940.0,17,3939.0,9
rb1805,20170905,20170904,210722500,3939.0,27122,312906,1066522940.0,3940.0,10,3939.0,16
rb1805,20170905,20170904,210723000,3939.0,27122,312906,1066522940.0,3940.0,10,3939.0,21
rb1805,20170905,20170904,210723500,3939.0,27124,312906,1066601720.0,3940.0,11,3939.0,24
rb1805,20170905,20170904,210724000,3939.0,27148,312904,1067547120.0,3940.0,9,3939.0,15
rb1805,20170905,20170904,210724500,3939.0,27148,312904,1067547120.0,3940.0,9,3939.0,10
rb1805,20170905,20170904,210725000,3940.0,27152,312906,1067704700.0,3940.0,9,3939.0,9
rb1805,20170905,20170904,210725500,3940.0,27160,312902,1068019900.0,3940.0,12,3939.0,9
rb1805,20170905,20170904,210726000,3940.0,27164,312900,1068177500.0,3940.0,11,3939.0,9
rb1805,20170905,20170904,210726500,3939.0,27182,312906,1068886520.0,3939.0,1,3938.0,52
rb1805,20170905,20170904,210727000,3939.0,27184,312908,1068965300.0,3940.0,13,3939.0,47
rb1805,20170905,20170904,210727500,3940.0,27204,312906,1069753300.0,3940.0,3,3939.0,21
rb1805,20170905,20170904,210728000,3940.0,27218,312906,1070304900.0,3941.0,22,3939.0,24
rb1805,20170905,20170904,210728500,3940.0,27218,312906,1070304900.0,3941.0,20,3940.0,1
rb1805,20170905,20170904,210729000,3939.0,27236,312896,1071013940.0,3940.0,6,3939.0,15
rb1805,20170905,20170904,210729500,3939.0,27278,312870,1072668320.0,3939.0,42,3938.0,53
rb1805,20170905,20170904,210730000,3939.0,27326,312844,1074559040.0,3939.0,18,3938.0,53
rb1805,20170905,20170904,210730500,3939.0,27362,312808,1075977080.0,3940.0,5,3939.0,28
rb1805,20170905,20170904,210731000,3940.0,27366,312808,1076134680.0,3940.0,3,3939.0,29
rb1805,20170905,20170904,210731500,3940.0,27368,312808,1076213480.0,3941.0,20,3940.0,1
rb1805,20170905,20170904,210732000,3940.0,27368,312808,1076213480.0,3941.0,20,3940.0,22
rb1805,20170905,20170904,210732500,3940.0,27414,312806,1078025880.0,3940.0,1,3939.0,34
rb1805,20170905,20170904,210733000,3939.0,27418,312806,1078183460.0,3940.0,11,3939.0,32
rb1805,20170905,20170904,210733500,3939.0,27418,312806,1078183460.0,3940.0,11,3939.0,33
rb1805,20170905,20170904,210734000,3940.0,27424,312806,1078419860.0,3940.0,8,3939.0,33
rb1805,20170905,20170904,210734500,3939.0,27484,312770,1080783260.0,3940.0,8,3939.0,3
rb1805,20170905,20170904,210735000,3939.0,27484,312770,1080783260.0,3940.0,14,3939.0,3
rb1805,20170905,20170904,210735500,3939.0,27484,312770,1080783260.0,3940.0,17,3939.0,3
rb1805,20170905,20170904,210736000,3940.0,27492,312768,1081098400.0,3940.0,17,3938.0,48
rb1805,20170905,20170904,210736500,3940.0,27534,312754,1082753200.0,3941.0,17,3940.0,10
rb1805,20170905,20170904,210737000,3940.0,27554,312754,1083541200.0,3940.0,76,3938.0,38
rb1805,20170905,20170904,210737500,3940.0,27556,312754,1083620000.0,3940.0,53,3938.0,39
rb1805,20170905,20170904,210738000,3938.0,27578,312756,1084486460.0,3940.0,64,3938.0,33
rb1805,20170905,20170904,210738500,3940.0,27584,312750,1084722860.0,3940.0,61,3939.0,1
rb1805,20170905,20170904,210739000,3939.0,27596,312762,1085195540.0,3939.0,31,3938.0,24
rb1805,20170905,20170904,210739500,3938.0,27598,312762,1085274300.0,3939.0,11,3938.0,15
rb1805,20170905,20170904,210740000,3939.0,27608,312752,1085668200.0,3939.0,6,3938.0,15
rb1805,20170905,20170904,210740500,3938.0,27638,312740,1086849600.0,3939.0,11,3937.0,39
rb1805,20170905,20170904,210741000,3939.0,27660,312732,1087716180.0,3940.0,70,3939.0,9
rb1805,20170905,20170904,210741500,3939.0,27682,312714,1088582760.0,3939.0,74,3938.0,7
rb1805,20170905,20170904,210742000,3939.0,27700,312714,1089291780.0,3939.0,45,3938.0,14
rb1805,20170905,20170904,210742500,3938.0,27728,312696,1090394420.0,3939.0,45,3938.0,2
rb1805,20170905,20170904,210743000,3937.0,27738,312692,1090788180.0,3938.0,22,3937.0,39
rb1805,20170905,20170904,210743500,3937.0,27744,312692,1091024400.0,3938.0,13,3937.0,35
rb1805,20170905,20170904,210744000,3939.0,27764,312694,1091812020.0,3939.0,102,3938.0,38
rb1805,20170905,20170904,210744500,3939.0,27764,312694,1091812020.0,3939.0,102,3938.0,37
rb1805,20170905,20170904,210745000,3938.0,27770,312694,1092048300.0,3939.0,102,3938.0,23
rb1805,20170905,20170904,210745500,3938.0,27792,312692,1092914680.0,3939.0,101,3938.0,15
rb1805,20170905,20170904,210746000,3938.0,27792,312692,1092914680.0,3939.0,101,3938.0,16
rb1805,20170905,20170904,210746500,3939.0,27794,312694,1092993460.0,3939.0,100,3938.0,36
rb1805,20170905,20170904,210747000,3939.0,27794,312694,1092993460.0,3939.0,105,3938.0,37
rb1805,20170905,20170904,210747500,3939.0,27794,312694,1092993460.0,3939.0,106,3938.0,37
rb1805,20170905,20170904,210748000,3938.0,27816,312702,1093859920.0,3939.0,101,3938.0,32
rb1805,20170905,20170904,210748500,3938.0,27816,312702,1093859920.0,3939.0,101,3938.0,32
rb1805,20170905,20170904,210749000,3938.0,27882,312646,1096459000.0,3939.0,101,3937.0,35
rb1805,20170905,20170904,210749500,3938.0,27882,312646,1096459000.0,3938.0,9,3937.0,37
rb1805,20170905,20170904,210750000,3938.0,27882,312646,1096459000.0,3938.0,9,3937.0,41
rb1805,20170905,20170904,210751000,3937.0,27888,312652,1096695220.0,3938.0,9,3937.0,38
rb1805,20170905,20170904,210751500,3938.0,27894,312658,1096931500.0,3938.0,6,3937.0,38
rb1805,20170905,20170904,210752000,3938.0,27894,312658,1096931500.0,3938.0,6,3937.0,38
rb1805,20170905,20170904,210752500,3938.0,27894,312658,1096931500.0,3938.0,6,3937.0,39
rb1805,20170905,20170904,210753000,3938.0,27906,312658,1097404060.0,3939.0,48,3938.0,29
rb1805,20170905,20170904,210753500,3937.0,27974,312642,1100081800.0,3938.0,13,3937.0,36
rb1805,20170905,20170904,210754000,3937.0,27974,312642,1100081800.0,3938.0,60,3937.0,36
rb1805,20170905,20170904,210754500,3937.0,28046,312618,1102916440.0,3938.0,66,3936.0,69
rb1805,20170905,20170904,210755000,3937.0,28046,312618,1102916440.0,3938.0,72,3936.0,69
rb1805,20170905,20170904,210755500,3938.0,28054,312626,1103231480.0,3938.0,68,3936.0,69
rb1805,20170905,20170904,210756000,3938.0,28056,312624,1103310240.0,3938.0,89,3936.0,69
rb1805,20170905,20170904,210756500,3938.0,28058,312626,1103389000.0,3938.0,88,3936.0,69
rb1805,20170905,20170904,210757000,3936.0,28064,312628,1103625240.0,3938.0,85,3936.0,68
rb1805,20170905,20170904,210757500,3936.0,28070,312626,1103861440.0,3937.0,1,3936.0,66
rb1805,20170905,20170904,210758000,3938.0,28074,312628,1104018940.0,3938.0,83,3937.0,40
rb1805,20170905,20170904,210758500,3938.0,28080,312630,1104255200.0,3938.0,81,3937.0,29
rb1805,20170905,20170904,210759000,3938.0,28080,312630,1104255200.0,3938.0,82,3937.0,29
rb1805,20170905,20170904,210759500,3938.0,28080,312630,1104255200.0,3938.0,82,3937.0,30
rb1805,20170905,20170904,210800000,3938.0,28080,312630,1104255200.0,3938.0,83,3937.0,24
rb1805,20170905,20170904,210800500,3938.0,28080,312630,1104255200.0,3938.0,95,3937.0,24
rb1805,20170905,20170904,210801000,3938.0,28082,312630,1104333960.0,3938.0,100,3937.0,26
rb1805,20170905,20170904,210801500,3938.0,28082,312630,1104333960.0,3938.0,100,3937.0,26
rb1805,20170905,20170904,210802000,3937.0,28086,312628,1104491440.0,3938.0,100,3937.0,30
rb1805,20170905,20170904,210802500,3937.0,28090,312628,1104648920.0,3938.0,101,3937.0,28
rb1805,20170905,20170904,210803000,3937.0,28148,312606,1106932380.0,3937.0,74,3936.0,75
rb1805,20170905,20170904,210803500,3937.0,28148,312606,1106932380.0,3937.0,114,3936.0,73
rb1805,20170905,20170904,210804000,3937.0,28188,312626,1108506800.0,3937.0,131,3936.0,54
rb1805,20170905,20170904,210804500,3937.0,28418,312738,1117561900.0,3937.0,17,3936.0,56
rb1805,20170905,20170904,210805000,3937.0,28462,312696,1119294180.0,3938.0,107,3937.0,76
rb1805,20170905,20170904,210805500,3937.0,28464,312694,1119372920.0,3938.0,102,3937.0,70
rb1805,20170905,20170904,210806000,3937.0,28464,312694,1119372920.0,3938.0,102,3937.0,53
rb1805,20170905,20170904,210806500,3938.0,28470,312698,1119609200.0,3938.0,99,3937.0,53
rb1805,20170905,20170904,210807000,3938.0,28470,312698,1119609200.0,3938.0,99,3937.0,53
rb1805,20170905,20170904,210807500,3937.0,28512,312700,1121262740.0,3938.0,78,3937.0,35
rb1805,20170905,20170904,210808000,3937.0,28520,312700,1121577760.0,3938.0,75,3937.0,21
rb1805,20170905,20170904,210808500,3937.0,28520,312700,1121577760.0,3938.0,76,3937.0,23
rb1805,20170905,20170904,210809000,3937.0,28520,312700,1121577760.0,3938.0,76,3937.0,23
rb1805,20170905,20170904,210809500,3937.0,28554,312702,1122916340.0,3937.0,7,3936.0,51
rb1805,20170905,20170904,210810000,3937.0,28554,312702,1122916340.0,3937.0,7,3936.0,51
rb1805,20170905,20170904,210810500,3937.0,28570,312704,1123546260.0,3937.0,1,3936.0,52
rb1805,20170905,20170904,210811000,3937.0,28572,312704,1123625000.0,3938.0,75,3937.0,26
rb1805,20170905,20170904,210811500,3937.0,28574,312704,1123703740.0,3938.0,75,3937.0,8
rb1805,20170905,20170904,210812000,3938.0,28576,312704,1123782500.0,3938.0,74,3937.0,18
rb1805,20170905,20170904,210812500,3938.0,28576,312704,1123782500.0,3938.0,74,3937.0,28
rb1805,20170905,20170904,210813000,3938.0,28584,312712,1124097540.0,3938.0,70,3937.0,29
rb1805,20170905,20170904,210813500,3938.0,28668,312676,1127405460.0,3938.0,29,3937.0,34
rb1805,20170905,20170904,210814000,3938.0,28740,312726,1130240820.0,3939.0,22,3938.0,31
rb1805,20170905,20170904,210814500,3938.0,28740,312726,1130240820.0,3939.0,22,3938.0,31
rb1805,20170905,20170904,210815000,3938.0,28740,312726,1130240820.0,3939.0,14,3938.0,39
rb1805,20170905,20170904,210815500,3939.0,28742,312728,1130319600.0,3939.0,14,3938.0,39
rb1805,20170905,20170904,210816000,3939.0,28742,312728,1130319600.0,3939.0,14,3938.0,42
rb1805,20170905,20170904,210816500,3939.0,28770,312720,1131422520.0,3940.0,52,3939.0,7
rb1805,20170905,20170904,210817000,3939.0,28770,312720,1131422520.0,3940.0,53,3939.0,6
rb1805,20170905,20170904,210817500,3939.0,28770,312720,1131422520.0,3940.0,48,3939.0,15
rb1805,20170905,20170904,210818000,3940.0,28772,312720,1131501320.0,3940.0,47,3939.0,17
rb1805,20170905,20170904,210818500,3940.0,28772,312720,1131501320.0,3940.0,47,3939.0,17
rb1805,20170905,20170904,210819000,3940.0,28772,312720,1131501320.0,3940.0,47,3939.0,17
rb1805,20170905,20170904,210819500,3940.0,28776,312716,1131658920.0,3940.0,45,3939.0,17
rb1805,20170905,20170904,210820000,3940.0,28776,312716,1131658920.0,3940.0,40,3939.0,19
rb1805,20170905,20170904,210820500,3940.0,28792,312720,1132289300.0,3940.0,33,3939.0,18
rb1805,20170905,20170904,210821000,3940.0,28804,312732,1132762100.0,3940.0,27,3939.0,18
rb1805,20170905,20170904,210821500,3940.0,28806,312734,1132840900.0,3940.0,31,3939.0,18
rb1805,20170905,20170904,210822000,3940.0,28808,312736,1132919700.0,3940.0,32,3939.0,18
rb1805,20170905,20170904,210822500,3939.0,28818,312736,1133313600.0,3940.0,28,3939.0,13
rb1805,20170905,20170904,210823000,3939.0,28822,312734,1133471180.0,3940.0,32,3939.0,19
rb1805,20170905,20170904,210823500,3940.0,28834,312730,1133943980.0,3940.0,27,3939.0,19
rb1805,20170905,20170904,210824000,3940.0,28884,312724,1135913980.0,3940.0,2,3939.0,19
rb1805,20170905,20170904,210824500,3940.0,28888,312724,1136071580.0,3941.0,29,3940.0,18
rb1805,20170905,20170904,210825000,3941.0,28906,312728,1136780960.0,3941.0,13,3940.0,25
rb1805,20170905,20170904,210825500,3942.0,28938,312726,1138042140.0,3942.0,53,3941.0,10
rb1805,20170905,20170904,210826000,3942.0,28938,312726,1138042140.0,3942.0,38,3941.0,16
rb1805,20170905,20170904,210826500,3941.0,28942,312728,1138199780.0,3942.0,38,3941.0,14
rb1805,20170905,20170904,210827000,3941.0,28942,312728,1138199780.0,3942.0,38,3941.0,10
rb1805,20170905,20170904,210827500,3941.0,28948,312728,1138436240.0,3941.0,1,3940.0,43
rb1805,20170905,20170904,210828000,3942.0,29030,312684,1141668660.0,3942.0,33,3941.0,3
rb1805,20170905,20170904,210828500,3941.0,29058,312662,1142772140.0,3942.0,33,3941.0,4
rb1805,20170905,20170904,210829000,3942.0,29068,312662,1143166340.0,3942.0,28,3941.0,11
rb1805,20170905,20170904,210829500,3941.0,29072,312664,1143323980.0,3942.0,28,3941.0,12
rb1805,20170905,20170904,210830000,3941.0,29072,312664,1143323980.0,3942.0,28,3941.0,3
rb1805,20170905,20170904,210830500,3941.0,29078,312664,1143560440.0,3942.0,30,3941.0,1
rb1805,20170905,20170904,210831000,3941.0,29084,312664,1143796900.0,3942.0,30,3940.0,46
rb1805,20170905,20170904,210831500,3941.0,29084,312664,1143796900.0,3942.0,30,3941.0,7
rb1805,20170905,20170904,210832000,3941.0,29086,312666,1143875720.0,3942.0,30,3941.0,12
rb1805,20170905,20170904,210832500,3941.0,29090,312666,1144033380.0,3942.0,29,3941.0,29
rb1805,20170905,20170904,210833000,3942.0,29148,312668,1146319740.0,3943.0,27,3941.0,34
rb1805,20170905,20170904,210833500,3942.0,29148,312668,1146319740.0,3942.0,21,3941.0,37
rb1805,20170905,20170904,210834000,3942.0,29150,312668,1146398580.0,3942.0,21,3941.0,36
rb1805,20170905,20170904,210834500,3942.0,29152,312668,1146477420.0,3942.0,20,3941.0,36
rb1805,20170905,20170904,210835000,3942.0,29160,312664,1146792780.0,3942.0,17,3941.0,36
rb1805,20170905,20170904,210835500,3942.0,29164,312664,1146950460.0,3942.0,17,3941.0,36
rb1805,20170905,20170904,210836000,3942.0,29164,312664,1146950460.0,3942.0,57,3941.0,36
rb1805,20170905,20170904,210836500,3942.0,29166,312664,1147029300.0,3942.0,56,3941.0,34
rb1805,20170905,20170904,210837000,3941.0,29178,312656,1147502320.0,3942.0,57,3941.0,33
rb1805,20170905,20170904,210837500,3942.0,29194,312652,1148133040.0,3942.0,49,3941.0,50
rb1805,20170905,20170904,210838000,3942.0,29276,312610,1151365480.0,3942.0,8,3941.0,50
rb1805,20170905,20170904,210838500,3942.0,29292,312610,1151996200.0,3943.0,28,3942.0,30
rb1805,20170905,20170904,210839000,3943.0,29298,312610,1152232780.0,3943.0,25,3942.0,30
rb1805,20170905,20170904,210839500,3943.0,29298,312610,1152232780.0,3943.0,34,3942.0,46
rb1805,20170905,20170904,210840000,3943.0,29298,312610,1152232780.0,3943.0,34,3942.0,51
rb1805,20170905,20170904,210840500,3943.0,29298,312610,1152232780.0,3943.0,34,3942.0,51
rb1805,20170905,20170904,210841000,3943.0,29302,312612,1152390480.0,3943.0,33,3942.0,50
rb1805,20170905,20170904,210841500,3943.0,29306,312612,1152548180.0,3943.0,32,3942.0,50
rb1805,20170905,20170904,210842000,3943.0,29306,312612,1152548180.0,3943.0,32,3942.0,50
rb1805,20170905,20170904,210842500,3942.0,29322,312612,1153178900.0,3943.0,32,3942.0,43
rb1805,20170905,20170904,210843000,3943.0,29332,312606,1153573180.0,3943.0,31,3942.0,42
rb1805,20170905,20170904,210843500,3943.0,29354,312594,1154440640.0,3943.0,20,3942.0,42
rb1805,20170905,20170904,210844000,3942.0,29376,312588,1155307940.0,3943.0,17,3942.0,35
rb1805,20170905,20170904,210844500,3942.0,29376,312588,1155307940.0,3943.0,18,3942.0,35
rb1805,20170905,20170904,210845000,3943.0,29394,312578,1156017680.0,3943.0,9,3942.0,35
rb1805,20170905,20170904,210845500,3943.0,29412,312576,1156727420.0,3943.0,18,3942.0,42
rb1805,20170905,20170904,210846000,3943.0,29438,312590,1157752560.0,3943.0,9,3942.0,41
rb1805,20170905,20170904,210846500,3943.0,29468,312590,1158935460.0,3944.0,122,3943.0,32
rb1805,20170905,20170904,210847000,3943.0,29468,312590,1158935460.0,3944.0,120,3943.0,36
rb1805,20170905,20170904,210847500,3943.0,29468,312590,1158935460.0,3944.0,120,3943.0,51
rb1805,20170905,20170904,210848000,3943.0,29472,312590,1159093180.0,3944.0,115,3943.0,70
rb1805,20170905,20170904,210848500,3944.0,29478,312590,1159329800.0,3944.0,113,3943.0,69
rb1805,20170905,20170904,210849000,3943.0,29498,312590,1160118500.0,3944.0,108,3943.0,66
rb1805,20170905,20170904,210849500,3943.0,29502,312590,1160276240.0,3944.0,107,3943.0,67
rb1805,20170905,20170904,210850000,3944.0,29508,312592,1160512860.0,3944.0,105,3943.0,66
rb1805,20170905,20170904,210850500,3943.0,29584,312536,1163509940.0,3944.0,90,3943.0,48
rb1805,20170905,20170904,210851000,3943.0,29680,312592,1167295220.0,3943.0,42,3942.0,12
rb1805,20170905,20170904,210851500,3942.0,29752,312592,1170133460.0,3942.0,24,3941.0,28
rb1805,20170905,20170904,210852000,3942.0,29768,312600,1170764160.0,3942.0,17,3941.0,34
rb1805,20170905,20170904,210852500,3942.0,29818,312608,1172735160.0,3943.0,45,3942.0,2
rb1805,20170905,20170904,210853000,3942.0,29846,312604,1173838920.0,3942.0,46,3941.0,27
rb1805,20170905,20170904,210853500,3941.0,29900,312646,1175967060.0,3941.0,12,3940.0,11
rb1805,20170905,20170904,210854000,3941.0,29918,312662,1176676420.0,3941.0,4,3940.0,15
rb1805,20170905,20170904,210854500,3941.0,29966,312666,1178568100.0,3942.0,18,3941.0,16
rb1805,20170905,20170904,210855000,3942.0,29980,312664,1179119860.0,3942.0,20,3941.0,10
rb1805,20170905,20170904,210855500,3941.0,29990,312654,1179513960.0,3942.0,30,3941.0,10
rb1805,20170905,20170904,210856000,3941.0,30016,312670,1180538620.0,3941.0,40,3940.0,10
rb1805,20170905,20170904,210856500,3941.0,30058,312672,1182193840.0,3941.0,19,3940.0,10
rb1805,20170905,20170904,210857000,3941.0,30060,312674,1182272660.0,3941.0,18,3940.0,10
rb1805,20170905,20170904,210857500,3942.0,30114,312716,1184400980.0,3942.0,25,3940.0,9
rb1805,20170905,20170904,210858000,3942.0,30148,312722,1185741060.0,3941.0,3,3940.0,11
rb1805,20170905,20170904,210858500,3941.0,30154,312720,1185977520.0,3942.0,12,3940.0,20
rb1805,20170905,20170904,210859000,3941.0,30154,312720,1185977520.0,3942.0,12,3940.0,24
rb1805,20170905,20170904,210859500,3941.0,30158,312724,1186135160.0,3941.0,23,3940.0,25
rb1805,20170905,20170904,210900000,3942.0,30240,312708,1189367140.0,3943.0,84,3942.0,3
rb1805,20170905,20170904,210900500,3942.0,30248,312712,1189682500.0,3942.0,8,3941.0,53
rb1805,20170905,20170904,210901000,3941.0,30264,312714,1190313340.0,3942.0,1,3941.0,38
rb1805,20170905,20170904,210901500,3942.0,30268,312714,1190471020.0,3942.0,2,3941.0,38
rb1805,20170905,20170904,210902000,3941.0,30274,312714,1190707500.0,3942.0,11,3941.0,44
rb1805,20170905,20170904,210902500,3942.0,30278,312712,1190865180.0,3942.0,14,3941.0,44
rb1805,20170905,20170904,210903000,3942.0,30314,312710,1192284260.0,3942.0,4,3941.0,55
rb1805,20170905,20170904,210903500,3942.0,30326,312712,1192757300.0,3943.0,83,3941.0,35
rb1805,20170905,20170904,210904000,3942.0,30326,312712,1192757300.0,3942.0,1,3941.0,42
rb1805,20170905,20170904,210904500,3942.0,30328,312710,1192836140.0,3942.0,1,3941.0,42
rb1805,20170905,20170904,210905000,3942.0,30332,312712,1192993800.0,3943.0,74,3942.0,5
rb1805,20170905,20170904,210905500,3942.0,30346,312714,1193545680.0,3943.0,73,3941.0,34
rb1805,20170905,20170904,210906000,3943.0,30350,312714,1193703380.0,3943.0,37,3942.0,9
rb1805,20170905,20170904,210906500,3941.0,30392,312716,1195358980.0,3942.0,6,3941.0,31
rb1805,20170905,20170904,210907000,3942.0,30402,312716,1195753180.0,3942.0,1,3941.0,38
rb1805,20170905,20170904,210907500,3942.0,30414,312726,1196226220.0,3942.0,3,3941.0,31
rb1805,20170905,20170904,210908000,3942.0,30422,312724,1196541580.0,3943.0,43,3942.0,46
rb1805,20170905,20170904,210908500,3942.0,30428,312722,1196778100.0,3943.0,50,3942.0,43
rb1805,20170905,20170904,210909000,3942.0,30436,312722,1197093460.0,3943.0,50,3942.0,42
rb1805,20170905,20170904,210909500,3942.0,30440,312720,1197251140.0,3943.0,50,3942.0,40
rb1805,20170905,20170904,210910000,3942.0,30442,312720,1197329980.0,3943.0,50,3942.0,39
rb1805,20170905,20170904,210910500,3942.0,30442,312720,1197329980.0,3943.0,50,3942.0,39
rb1805,20170905,20170904,210911000,3943.0,30444,312722,1197408840.0,3943.0,53,3942.0,47
rb1805,20170905,20170904,210911500,3942.0,30452,312722,1197724260.0,3943.0,50,3942.0,46
rb1805,20170905,20170904,210912000,3943.0,30552,312670,1201666300.0,3943.0,52,3941.0,28
rb1805,20170905,20170904,210912500,3941.0,30596,312708,1203400340.0,3942.0,10,3941.0,13
rb1805,20170905,20170904,210913000,3941.0,30630,312738,1204740280.0,3941.0,3,3940.0,61
rb1805,20170905,20170904,210913500,3941.0,30632,312740,1204819100.0,3941.0,4,3940.0,68
rb1805,20170905,20170904,210914000,3941.0,30632,312740,1204819100.0,3941.0,4,3940.0,68
rb1805,20170905,20170904,210914500,3940.0,30634,312740,1204897900.0,3941.0,4,3940.0,60
rb1805,20170905,20170904,210915000,3941.0,30638,312740,1205055540.0,3941.0,7,3940.0,61
rb1805,20170905,20170904,210915500,3941.0,30640,312740,1205134360.0,3941.0,20,3940.0,61
rb1805,20170905,20170904,210916000,3940.0,30642,312742,1205213160.0,3941.0,23,3940.0,57
rb1805,20170905,20170904,210916500,3940.0,30662,312756,1206001160.0,3941.0,23,3940.0,47
rb1805,20170905,20170904,210917000,3939.0,30758,312812,1209783540.0,3940.0,3,3939.0,12
rb1805,20170905,20170904,210917500,3939.0,30768,312812,1210177500.0,3940.0,1,3939.0,8
rb1805,20170905,20170904,210918000,3939.0,30790,312802,1211044080.0,3940.0,5,3938.0,28
rb1805,20170905,20170904,210918500,3940.0,30794,312804,1211201680.0,3940.0,4,3938.0,25
rb1805,20170905,20170904,210919000,3940.0,30794,312804,1211201680.0,3940.0,4,3939.0,1
rb1805,20170905,20170904,210919500,3939.0,30796,312802,1211280460.0,3940.0,6,3938.0,26
rb1805,20170905,20170904,210920000,3939.0,30796,312802,1211280460.0,3940.0,4,3938.0,25
rb1805,20170905,20170904,210920500,3940.0,30800,312804,1211438020.0,3940.0,3,3938.0,29
rb1805,20170905,20170904,210921000,3938.0,30838,312806,1212934660.0,3940.0,1,3938.0,15
rb1805,20170905,20170904,210921500,3938.0,30838,312806,1212934660.0,3940.0,3,3938.0,27
rb1805,20170905,20170904,210922000,3938.0,30838,312806,1212934660.0,3940.0,3,3939.0,1
rb1805,20170905,20170904,210922500,3939.0,30842,312806,1213092200.0,3940.0,4,3939.0,2
rb1805,20170905,20170904,210923000,3939.0,30842,312806,1213092200.0,3940.0,4,3939.0,3
rb1805,20170905,20170904,210923500,3939.0,30842,312806,1213092200.0,3940.0,4,3939.0,7
rb1805,20170905,20170904,210924000,3939.0,30842,312806,1213092200.0,3940.0,4,3939.0,9
rb1805,20170905,20170904,210924500,3939.0,30850,312812,1213407320.0,3940.0,6,3939.0,23
rb1805,20170905,20170904,210925000,3939.0,30850,312812,1213407320.0,3940.0,6,3939.0,23
rb1805,20170905,20170904,210925500,3939.0,30852,312812,1213486100.0,3940.0,6,3939.0,24
rb1805,20170905,20170904,210926000,3939.0,30852,312812,1213486100.0,3940.0,7,3939.0,54
rb1805,20170905,20170904,210926500,3940.0,30876,312826,1214431700.0,3941.0,44,3940.0,13
rb1805,20170905,20170904,210927000,3941.0,30954,312892,1217505660.0,3942.0,23,3941.0,21
rb1805,20170905,20170904,210927500,3942.0,30992,312908,1219003260.0,3942.0,26,3941.0,3
rb1805,20170905,20170904,210928000,3941.0,31002,312904,1219397360.0,3941.0,6,3940.0,2
rb1805,20170905,20170904,210928500,3941.0,31016,312904,1219949100.0,3942.0,23,3941.0,3
rb1805,20170905,20170904,210929000,3941.0,31016,312904,1219949100.0,3942.0,23,3940.0,33
rb1805,20170905,20170904,210929500,3941.0,31016,312904,1219949100.0,3941.0,8,3940.0,33
rb1805,20170905,20170904,210930000,3941.0,31016,312904,1219949100.0,3941.0,8,3940.0,38
rb1805,20170905,20170904,210930500,3941.0,31032,312904,1220579660.0,3942.0,21,3941.0,8
rb1805,20170905,20170904,210931000,3941.0,31032,312904,1220579660.0,3942.0,21,3940.0,38
rb1805,20170905,20170904,210931500,3941.0,31034,312902,1220658480.0,3942.0,22,3941.0,9
rb1805,20170905,20170904,210932000,3941.0,31036,312902,1220737300.0,3942.0,27,3941.0,9
rb1805,20170905,20170904,210932500,3941.0,31038,312900,1220816120.0,3942.0,27,3941.0,35
rb1805,20170905,20170904,210933000,3941.0,31038,312900,1220816120.0,3942.0,27,3941.0,35
rb1805,20170905,20170904,210933500,3941.0,31038,312900,1220816120.0,3942.0,27,3941.0,35
rb1805,20170905,20170904,210934000,3941.0,31038,312900,1220816120.0,3942.0,27,3941.0,35
rb1805,20170905,20170904,210934500,3941.0,31044,312898,1221052620.0,3942.0,61,3941.0,34
rb1805,20170905,20170904,210935000,3941.0,31058,312894,1221604480.0,3942.0,58,3941.0,33
