instrument,tradingday,calendarday,time,lastp,volume,openinterest,turnover,ask1,asksz1,bid1,bidsz1
rb1805,20170523,20170522,183117500,2921.0,0,26460,0.0,0.0,0,0.0,0
rb1805,20170523,20170522,205900500,2928.0,8,26456,234240.0,2929.0,1,2923.0,2
rb1805,20170523,20170522,210000500,2928.0,8,26456,234240.0,2928.0,6,2927.0,1
rb1805,20170523,20170522,210001000,2928.0,10,26456,292800.0,2928.0,5,2927.0,1
rb1805,20170523,20170522,210001500,2928.0,10,26456,292800.0,2928.0,5,2927.0,1
rb1805,20170523,20170522,210002000,2927.0,12,26456,351340.0,2927.0,3,2924.0,1
rb1805,20170523,20170522,210002500,2927.0,12,26456,351340.0,2927.0,3,2924.0,1
rb1805,20170523,20170522,210003000,2927.0,12,26456,351340.0,2926.0,2,2924.0,1
rb1805,20170523,20170522,210003500,2927.0,12,26456,351340.0,2926.0,2,2924.0,1
rb1805,20170523,20170522,210004000,2927.0,12,26456,351340.0,2928.0,5,2924.0,1
rb1805,20170523,20170522,210005000,2927.0,12,26456,351340.0,2927.0,2,2924.0,1
rb1805,20170523,20170522,210006000,2927.0,12,26456,351340.0,2927.0,2,2924.0,1
rb1805,20170523,20170522,210006500,2927.0,12,26456,351340.0,2927.0,2,2926.0,1
rb1805,20170523,20170522,210007000,2926.0,14,26458,409860.0,2926.0,2,2924.0,1
rb1805,20170523,20170522,210007500,2926.0,14,26458,409860.0,2927.0,2,2924.0,1
rb1805,20170523,20170522,210008000,2926.0,14,26458,409860.0,2926.0,3,2924.0,1
rb1805,20170523,20170522,210008500,2924.0,16,26460,468340.0,2924.0,2,2923.0,2
rb1805,20170523,20170522,210009000,2924.0,16,26460,468340.0,2925.0,2,2923.0,2
rb1805,20170523,20170522,210009500,2924.0,16,26460,468340.0,2925.0,2,2923.0,2
rb1805,20170523,20170522,210010000,2924.0,16,26460,468340.0,2925.0,2,2923.0,2
rb1805,20170523,20170522,210011000,2924.0,16,26460,468340.0,2925.0,2,2923.0,2
rb1805,20170523,20170522,210011500,2924.0,16,26460,468340.0,2925.0,2,2924.0,5
rb1805,20170523,20170522,210012000,2924.0,16,26460,468340.0,2926.0,1,2924.0,5
rb1805,20170523,20170522,210012500,2924.0,16,26460,468340.0,2926.0,3,2924.0,5
rb1805,20170523,20170522,210013000,2924.0,16,26460,468340.0,2926.0,3,2924.0,5
rb1805,20170523,20170522,210013500,2924.0,16,26460,468340.0,2926.0,3,2924.0,5
rb1805,20170523,20170522,210014000,2924.0,16,26460,468340.0,2926.0,1,2924.0,5
rb1805,20170523,20170522,210015500,2924.0,16,26460,468340.0,2926.0,1,2924.0,5
rb1805,20170523,20170522,210016000,2924.0,16,26460,468340.0,2926.0,1,2925.0,1
rb1805,20170523,20170522,210016500,2924.0,16,26460,468340.0,2926.0,1,2925.0,1
rb1805,20170523,20170522,210017500,2925.0,18,26460,526840.0,2926.0,1,2924.0,5
rb1805,20170523,20170522,210018000,2925.0,18,26460,526840.0,2925.0,1,2924.0,5
rb1805,20170523,20170522,210018500,2925.0,20,26460,585340.0,2926.0,1,2925.0,1
rb1805,20170523,20170522,210019000,2925.0,22,26462,643840.0,2925.0,2,2924.0,5
rb1805,20170523,20170522,210019500,2925.0,22,26462,643840.0,2926.0,2,2924.0,5
rb1805,20170523,20170522,210021500,2925.0,22,26462,643840.0,2925.0,1,2924.0,5
rb1805,20170523,20170522,210023000,2925.0,22,26462,643840.0,2925.0,1,2924.0,5
rb1805,20170523,20170522,210024000,2925.0,22,26462,643840.0,2925.0,1,2924.0,5
rb1805,20170523,20170522,210024500,2925.0,22,26462,643840.0,2925.0,1,2924.0,5
rb1805,20170523,20170522,210025000,2925.0,24,26462,702340.0,2926.0,4,2925.0,2
rb1805,20170523,20170522,210025500,2925.0,24,26462,702340.0,2926.0,4,2924.0,5
rb1805,20170523,20170522,210027500,2925.0,24,26462,702340.0,2926.0,4,2924.0,5
rb1805,20170523,20170522,210030000,2925.0,24,26462,702340.0,2925.0,2,2924.0,5
rb1805,20170523,20170522,210031000,2925.0,24,26462,702340.0,2925.0,3,2924.0,5
rb1805,20170523,20170522,210031500,2925.0,24,26462,702340.0,2925.0,3,2924.0,5
rb1805,20170523,20170522,210033000,2925.0,24,26462,702340.0,2925.0,3,2924.0,5
rb1805,20170523,20170522,210033500,2924.0,26,26462,760820.0,2925.0,3,2924.0,4
rb1805,20170523,20170522,210034000,2924.0,26,26462,760820.0,2925.0,3,2924.0,4
rb1805,20170523,20170522,210034500,2924.0,34,26470,994740.0,2924.0,6,2923.0,2
rb1805,20170523,20170522,210035000,2924.0,34,26470,994740.0,2924.0,2,2923.0,3
rb1805,20170523,20170522,210035500,2924.0,34,26470,994740.0,2924.0,2,2923.0,3
rb1805,20170523,20170522,210036000,2924.0,36,26468,1053220.0,2924.0,1,2923.0,3
rb1805,20170523,20170522,210037000,2924.0,38,26466,1111700.0,2925.0,3,2923.0,3
rb1805,20170523,20170522,210038000,2924.0,38,26466,1111700.0,2925.0,3,2923.0,3
rb1805,20170523,20170522,210038500,2925.0,40,26464,1170200.0,2925.0,2,2923.0,3
rb1805,20170523,20170522,210039000,2925.0,42,26464,1228700.0,2925.0,1,2923.0,3
rb1805,20170523,20170522,210040500,2925.0,42,26464,1228700.0,2925.0,3,2923.0,3
rb1805,20170523,20170522,210041000,2925.0,42,26464,1228700.0,2925.0,3,2923.0,2
rb1805,20170523,20170522,210047500,2925.0,42,26464,1228700.0,2924.0,1,2923.0,2
rb1805,20170523,20170522,210048000,2925.0,42,26464,1228700.0,2924.0,1,2923.0,2
rb1805,20170523,20170522,210052000,2924.0,44,26464,1287180.0,2925.0,13,2923.0,2
rb1805,20170523,20170522,210052500,2924.0,44,26464,1287180.0,2924.0,5,2923.0,2
rb1805,20170523,20170522,210053000,2924.0,44,26464,1287180.0,2924.0,5,2923.0,2
rb1805,20170523,20170522,210054000,2924.0,44,26464,1287180.0,2924.0,5,2923.0,2
rb1805,20170523,20170522,210054500,2924.0,44,26464,1287180.0,2924.0,5,2923.0,2
rb1805,20170523,20170522,210056000,2924.0,44,26464,1287180.0,2924.0,5,2923.0,2
rb1805,20170523,20170522,210056500,2924.0,44,26464,1287180.0,2925.0,13,2923.0,2
rb1805,20170523,20170522,210057000,2923.0,46,26464,1345640.0,2925.0,11,2923.0,1
rb1805,20170523,20170522,210057500,2923.0,46,26464,1345640.0,2925.0,11,2923.0,3
rb1805,20170523,20170522,210059500,2923.0,46,26464,1345640.0,2925.0,11,2923.0,4
rb1805,20170523,20170522,210101500,2923.0,46,26464,1345640.0,2925.0,11,2923.0,2
rb1805,20170523,20170522,210102000,2923.0,46,26464,1345640.0,2925.0,11,2923.0,1
rb1805,20170523,20170522,210105000,2923.0,46,26464,1345640.0,2925.0,11,2923.0,1
rb1805,20170523,20170522,210107000,2923.0,46,26464,1345640.0,2925.0,11,2923.0,1
rb1805,20170523,20170522,210111000,2923.0,46,26464,1345640.0,2925.0,11,2923.0,1
rb1805,20170523,20170522,210112000,2923.0,46,26464,1345640.0,2925.0,11,2923.0,2
rb1805,20170523,20170522,210112500,2923.0,46,26464,1345640.0,2925.0,11,2923.0,1
rb1805,20170523,20170522,210113000,2923.0,46,26464,1345640.0,2925.0,10,2923.0,1
rb1805,20170523,20170522,210113500,2923.0,46,26464,1345640.0,2925.0,10,2923.0,1
rb1805,20170523,20170522,210114000,2923.0,46,26464,1345640.0,2925.0,10,2923.0,1
rb1805,20170523,20170522,210114500,2923.0,46,26464,1345640.0,2925.0,10,2923.0,1
rb1805,20170523,20170522,210115000,2923.0,46,26464,1345640.0,2925.0,10,2923.0,1
rb1805,20170523,20170522,210116000,2923.0,48,26464,1404100.0,2923.0,2,2922.0,1
rb1805,20170523,20170522,210117000,2923.0,48,26464,1404100.0,2923.0,2,2922.0,1
rb1805,20170523,20170522,210118000,2923.0,48,26464,1404100.0,2923.0,2,2922.0,1
rb1805,20170523,20170522,210119500,2923.0,48,26464,1404100.0,2923.0,2,2922.0,1
rb1805,20170523,20170522,210120000,2923.0,48,26464,1404100.0,2923.0,2,2922.0,1
rb1805,20170523,20170522,210122500,2923.0,48,26464,1404100.0,2923.0,2,2922.0,1
rb1805,20170523,20170522,210123000,2923.0,48,26464,1404100.0,2923.0,2,2922.0,1
rb1805,20170523,20170522,210124000,2923.0,48,26464,1404100.0,2923.0,2,2922.0,1
rb1805,20170523,20170522,210125500,2923.0,48,26464,1404100.0,2923.0,2,2922.0,1
rb1805,20170523,20170522,210127000,2923.0,50,26464,1462560.0,2923.0,1,2922.0,1
rb1805,20170523,20170522,210127500,2923.0,52,26462,1521020.0,2925.0,10,2923.0,2
rb1805,20170523,20170522,210128000,2923.0,52,26462,1521020.0,2925.0,10,2922.0,1
rb1805,20170523,20170522,210129000,2923.0,52,26462,1521020.0,2924.0,1,2922.0,1
rb1805,20170523,20170522,210129500,2923.0,52,26462,1521020.0,2924.0,11,2922.0,1
rb1805,20170523,20170522,210130000,2923.0,52,26462,1521020.0,2924.0,11,2922.0,1
rb1805,20170523,20170522,210130500,2923.0,52,26462,1521020.0,2924.0,11,2922.0,1
rb1805,20170523,20170522,210131500,2924.0,54,26462,1579500.0,2925.0,10,2924.0,2
rb1805,20170523,20170522,210132000,2924.0,58,26462,1696460.0,2924.0,1,2922.0,1
rb1805,20170523,20170522,210132500,2924.0,58,26462,1696460.0,2925.0,10,2922.0,1
rb1805,20170523,20170522,210133500,2922.0,60,26462,1754900.0,2925.0,11,2920.0,21
rb1805,20170523,20170522,210134000,2922.0,60,26462,1754900.0,2925.0,11,2920.0,21
rb1805,20170523,20170522,210134500,2922.0,60,26462,1754900.0,2924.0,1,2920.0,21
rb1805,20170523,20170522,210135000,2922.0,60,26462,1754900.0,2924.0,3,2920.0,21
rb1805,20170523,20170522,210138500,2922.0,60,26462,1754900.0,2924.0,3,2920.0,21
rb1805,20170523,20170522,210139000,2922.0,60,26462,1754900.0,2924.0,3,2920.0,21
rb1805,20170523,20170522,210139500,2922.0,60,26462,1754900.0,2923.0,12,2921.0,1
rb1805,20170523,20170522,210140000,2921.0,62,26462,1813320.0,2924.0,3,2920.0,21
rb1805,20170523,20170522,210140500,2921.0,62,26462,1813320.0,2924.0,3,2920.0,22
rb1805,20170523,20170522,210141000,2921.0,62,26462,1813320.0,2923.0,11,2920.0,22
rb1805,20170523,20170522,210142000,2923.0,70,26462,2047160.0,2923.0,10,2920.0,22
rb1805,20170523,20170522,210143000,2923.0,70,26462,2047160.0,2923.0,10,2920.0,22
rb1805,20170523,20170522,210145500,2923.0,70,26462,2047160.0,2922.0,1,2920.0,22
rb1805,20170523,20170522,210146000,2923.0,70,26462,2047160.0,2922.0,3,2920.0,22
rb1805,20170523,20170522,210146500,2923.0,70,26462,2047160.0,2922.0,3,2921.0,1
rb1805,20170523,20170522,210148000,2923.0,70,26462,2047160.0,2922.0,2,2921.0,1
rb1805,20170523,20170522,210149000,2923.0,70,26462,2047160.0,2922.0,2,2921.0,1
rb1805,20170523,20170522,210151000,2923.0,70,26462,2047160.0,2923.0,3,2921.0,1
rb1805,20170523,20170522,210151500,2923.0,70,26462,2047160.0,2923.0,3,2922.0,1
rb1805,20170523,20170522,210152000,2923.0,70,26462,2047160.0,2923.0,3,2922.0,1
rb1805,20170523,20170522,210152500,2923.0,76,26456,2222540.0,2924.0,2,2922.0,1
rb1805,20170523,20170522,210153000,2923.0,76,26456,2222540.0,2925.0,10,2922.0,3
rb1805,20170523,20170522,210153500,2923.0,76,26456,2222540.0,2924.0,1,2922.0,3
rb1805,20170523,20170522,210154000,2923.0,76,26456,2222540.0,2925.0,10,2922.0,3
rb1805,20170523,20170522,210154500,2923.0,76,26456,2222540.0,2924.0,5,2922.0,3
rb1805,20170523,20170522,210155000,2923.0,76,26456,2222540.0,2924.0,5,2922.0,3
rb1805,20170523,20170522,210156500,2923.0,76,26456,2222540.0,2925.0,10,2922.0,3
rb1805,20170523,20170522,210157000,2923.0,76,26456,2222540.0,2924.0,1,2922.0,3
rb1805,20170523,20170522,210159500,2923.0,76,26456,2222540.0,2923.0,1,2922.0,3
rb1805,20170523,20170522,210200000,2923.0,76,26456,2222540.0,2923.0,1,2922.0,3
rb1805,20170523,20170522,210200500,2923.0,76,26456,2222540.0,2923.0,1,2922.0,1
rb1805,20170523,20170522,210201000,2923.0,78,26458,2281000.0,2924.0,1,2923.0,4
rb1805,20170523,20170522,210202000,2923.0,78,26458,2281000.0,2925.0,10,2923.0,4
rb1805,20170523,20170522,210202500,2923.0,78,26458,2281000.0,2925.0,10,2923.0,4
rb1805,20170523,20170522,210203000,2923.0,78,26458,2281000.0,2925.0,10,2923.0,4
rb1805,20170523,20170522,210204000,2923.0,78,26458,2281000.0,2925.0,10,2923.0,4
rb1805,20170523,20170522,210205000,2923.0,78,26458,2281000.0,2925.0,10,2923.0,4
rb1805,20170523,20170522,210206000,2923.0,78,26458,2281000.0,2925.0,10,2924.0,1
rb1805,20170523,20170522,210207500,2925.0,98,26458,2866000.0,2926.0,2,2925.0,1
rb1805,20170523,20170522,210208000,2925.0,100,26458,2924500.0,2926.0,2,2924.0,1
rb1805,20170523,20170522,210208500,2925.0,100,26458,2924500.0,2926.0,2,2924.0,3
rb1805,20170523,20170522,210209500,2925.0,100,26458,2924500.0,2926.0,2,2924.0,3
rb1805,20170523,20170522,210210000,2926.0,104,26454,3041540.0,2928.0,5,2925.0,2
rb1805,20170523,20170522,210210500,2926.0,104,26454,3041540.0,2927.0,2,2925.0,2
rb1805,20170523,20170522,210211000,2926.0,104,26454,3041540.0,2928.0,5,2925.0,2
rb1805,20170523,20170522,210214500,2926.0,104,26454,3041540.0,2928.0,6,2925.0,2
rb1805,20170523,20170522,210215500,2926.0,104,26454,3041540.0,2928.0,5,2925.0,2
rb1805,20170523,20170522,210216000,2926.0,104,26454,3041540.0,2928.0,5,2924.0,2
rb1805,20170523,20170522,210216500,2926.0,104,26454,3041540.0,2928.0,5,2925.0,1
rb1805,20170523,20170522,210217000,2926.0,104,26454,3041540.0,2928.0,5,2925.0,3
rb1805,20170523,20170522,210218000,2928.0,108,26454,3158660.0,2928.0,3,2925.0,3
rb1805,20170523,20170522,210219000,2928.0,108,26454,3158660.0,2928.0,4,2925.0,3
rb1805,20170523,20170522,210220500,2928.0,108,26454,3158660.0,2928.0,3,2925.0,3
rb1805,20170523,20170522,210221500,2928.0,114,26454,3334340.0,2929.0,3,2928.0,17
rb1805,20170523,20170522,210222000,2928.0,120,26460,3510020.0,2929.0,3,2928.0,14
rb1805,20170523,20170522,210223000,2928.0,120,26460,3510020.0,2929.0,3,2928.0,14
rb1805,20170523,20170522,210224000,2928.0,130,26460,3802820.0,2929.0,3,2928.0,9
rb1805,20170523,20170522,210224500,2928.0,142,26470,4154180.0,2929.0,4,2928.0,3
rb1805,20170523,20170522,210225000,2928.0,148,26470,4329860.0,2927.0,1,2925.0,5
rb1805,20170523,20170522,210225500,2928.0,150,26472,4388420.0,2927.0,3,2925.0,3
rb1805,20170523,20170522,210226000,2928.0,150,26472,4388420.0,2926.0,4,2925.0,2
rb1805,20170523,20170522,210226500,2928.0,150,26472,4388420.0,2926.0,1,2925.0,2
rb1805,20170523,20170522,210227000,2928.0,150,26472,4388420.0,2927.0,3,2925.0,2
rb1805,20170523,20170522,210227500,2928.0,152,26472,4446980.0,2926.0,3,2925.0,2
rb1805,20170523,20170522,210228500,2928.0,152,26472,4446980.0,2926.0,3,2925.0,2
rb1805,20170523,20170522,210230000,2928.0,152,26472,4446980.0,2927.0,2,2926.0,1
rb1805,20170523,20170522,210230500,2926.0,154,26472,4505500.0,2928.0,1,2925.0,1
rb1805,20170523,20170522,210231000,2926.0,154,26472,4505500.0,2927.0,1,2925.0,1
rb1805,20170523,20170522,210231500,2926.0,154,26472,4505500.0,2927.0,6,2925.0,1
rb1805,20170523,20170522,210232000,2926.0,154,26472,4505500.0,2926.0,2,2925.0,1
rb1805,20170523,20170522,210232500,2925.0,156,26472,4564000.0,2925.0,3,2921.0,1
rb1805,20170523,20170522,210233000,2925.0,156,26472,4564000.0,2926.0,2,2921.0,3
rb1805,20170523,20170522,210233500,2925.0,156,26472,4564000.0,2926.0,2,2921.0,3
rb1805,20170523,20170522,210234000,2921.0,158,26472,4622420.0,2926.0,5,2921.0,3
rb1805,20170523,20170522,210234500,2921.0,158,26472,4622420.0,2925.0,2,2921.0,2
rb1805,20170523,20170522,210235000,2921.0,158,26472,4622420.0,2925.0,2,2921.0,2
rb1805,20170523,20170522,210236500,2921.0,158,26472,4622420.0,2925.0,2,2920.0,21
rb1805,20170523,20170522,210237000,2921.0,158,26472,4622420.0,2925.0,2,2921.0,3
rb1805,20170523,20170522,210239500,2925.0,166,26480,4856420.0,2926.0,3,2921.0,3
rb1805,20170523,20170522,210240000,2925.0,166,26480,4856420.0,2926.0,3,2921.0,5
rb1805,20170523,20170522,210241500,2921.0,168,26480,4914840.0,2926.0,3,2921.0,4
rb1805,20170523,20170522,210242500,2921.0,168,26480,4914840.0,2925.0,1,2921.0,4
rb1805,20170523,20170522,210243000,2921.0,168,26480,4914840.0,2925.0,1,2921.0,4
rb1805,20170523,20170522,210243500,2921.0,170,26480,4973260.0,2925.0,1,2921.0,3
rb1805,20170523,20170522,210244000,2921.0,170,26480,4973260.0,2925.0,6,2921.0,4
rb1805,20170523,20170522,210245000,2921.0,170,26480,4973260.0,2923.0,1,2921.0,2
rb1805,20170523,20170522,210246000,2921.0,170,26480,4973260.0,2923.0,1,2921.0,1
rb1805,20170523,20170522,210247000,2921.0,170,26480,4973260.0,2923.0,1,2921.0,1
rb1805,20170523,20170522,210247500,2921.0,172,26482,5031680.0,2923.0,1,2920.0,20
rb1805,20170523,20170522,210251000,2920.0,174,26482,5090080.0,2923.0,1,2920.0,19
rb1805,20170523,20170522,210252000,2920.0,174,26482,5090080.0,2923.0,1,2920.0,19
rb1805,20170523,20170522,210254500,2920.0,174,26482,5090080.0,2923.0,1,2920.0,19
rb1805,20170523,20170522,210258000,2920.0,174,26482,5090080.0,2923.0,1,2920.0,18
rb1805,20170523,20170522,210258500,2920.0,178,26482,5206880.0,2923.0,1,2920.0,16
rb1805,20170523,20170522,210259500,2920.0,180,26482,5265280.0,2923.0,2,2920.0,15
rb1805,20170523,20170522,210300000,2920.0,180,26482,5265280.0,2923.0,1,2920.0,15
rb1805,20170523,20170522,210301000,2920.0,196,26498,5732480.0,2923.0,1,2920.0,7
rb1805,20170523,20170522,210301500,2920.0,196,26498,5732480.0,2923.0,2,2920.0,7
rb1805,20170523,20170522,210302000,2920.0,196,26498,5732480.0,2923.0,3,2920.0,7
rb1805,20170523,20170522,210302500,2920.0,196,26498,5732480.0,2922.0,3,2920.0,7
rb1805,20170523,20170522,210303000,2920.0,196,26498,5732480.0,2923.0,2,2920.0,7
rb1805,20170523,20170522,210304000,2920.0,196,26498,5732480.0,2923.0,2,2921.0,1
rb1805,20170523,20170522,210304500,2920.0,202,26504,5907680.0,2923.0,1,2920.0,5
rb1805,20170523,20170522,210305500,2920.0,202,26504,5907680.0,2922.0,4,2920.0,5
rb1805,20170523,20170522,210306000,2920.0,202,26504,5907680.0,2922.0,5,2920.0,5
rb1805,20170523,20170522,210306500,2920.0,202,26504,5907680.0,2922.0,5,2920.0,5
rb1805,20170523,20170522,210307000,2920.0,202,26504,5907680.0,2921.0,1,2920.0,5
rb1805,20170523,20170522,210307500,2920.0,210,26510,6141280.0,2921.0,1,2920.0,1
rb1805,20170523,20170522,210308000,2917.0,214,26512,6258020.0,2920.0,4,2915.0,2
rb1805,20170523,20170522,210308500,2917.0,214,26512,6258020.0,2920.0,1,2915.0,2
rb1805,20170523,20170522,210309000,2917.0,214,26512,6258020.0,2920.0,2,2915.0,2
rb1805,20170523,20170522,210309500,2917.0,214,26512,6258020.0,2919.0,10,2915.0,2
rb1805,20170523,20170522,210310000,2917.0,214,26512,6258020.0,2919.0,5,2915.0,2
rb1805,20170523,20170522,210310500,2917.0,214,26512,6258020.0,2918.0,2,2915.0,2
rb1805,20170523,20170522,210311000,2917.0,214,26512,6258020.0,2918.0,2,2915.0,2
rb1805,20170523,20170522,210312000,2917.0,214,26512,6258020.0,2917.0,5,2915.0,2
rb1805,20170523,20170522,210312500,2917.0,214,26512,6258020.0,2916.0,2,2915.0,2
rb1805,20170523,20170522,210313000,2917.0,214,26512,6258020.0,2916.0,1,2915.0,2
rb1805,20170523,20170522,210313500,2915.0,218,26516,6374620.0,2915.0,4,2910.0,3
rb1805,20170523,20170522,210314000,2915.0,220,26518,6432920.0,2915.0,5,2911.0,2
rb1805,20170523,20170522,210314500,2915.0,220,26518,6432920.0,2914.0,1,2911.0,2
rb1805,20170523,20170522,210315000,2914.0,222,26518,6491200.0,2923.0,1,2914.0,2
rb1805,20170523,20170522,210315500,2914.0,222,26518,6491200.0,2922.0,30,2915.0,1
rb1805,20170523,20170522,210316000,2914.0,222,26518,6491200.0,2920.0,1,2915.0,11
rb1805,20170523,20170522,210316500,2914.0,222,26518,6491200.0,2919.0,6,2915.0,11
rb1805,20170523,20170522,210317000,2915.0,232,26518,6782700.0,2918.0,2,2915.0,6
rb1805,20170523,20170522,210317500,2915.0,234,26520,6841000.0,2917.0,1,2915.0,5
rb1805,20170523,20170522,210318000,2915.0,234,26520,6841000.0,2917.0,2,2915.0,5
rb1805,20170523,20170522,210320500,2915.0,240,26526,7015900.0,2916.0,3,2915.0,2
rb1805,20170523,20170522,210321000,2915.0,240,26526,7015900.0,2916.0,4,2915.0,2
rb1805,20170523,20170522,210321500,2915.0,240,26526,7015900.0,2916.0,4,2915.0,2
rb1805,20170523,20170522,210322500,2915.0,244,26530,7132500.0,2916.0,4,2911.0,2
rb1805,20170523,20170522,210323000,2915.0,244,26530,7132500.0,2916.0,5,2912.0,1
rb1805,20170523,20170522,210323500,2915.0,244,26530,7132500.0,2916.0,5,2912.0,3
rb1805,20170523,20170522,210324000,2915.0,244,26530,7132500.0,2916.0,5,2912.0,3
rb1805,20170523,20170522,210327500,2915.0,244,26530,7132500.0,2916.0,4,2912.0,3
rb1805,20170523,20170522,210328000,2915.0,244,26530,7132500.0,2916.0,5,2914.0,6
rb1805,20170523,20170522,210328500,2915.0,244,26530,7132500.0,2915.0,1,2914.0,6
rb1805,20170523,20170522,210329000,2915.0,246,26530,7190800.0,2916.0,5,2914.0,6
rb1805,20170523,20170522,210329500,2915.0,246,26530,7190800.0,2916.0,5,2914.0,7
rb1805,20170523,20170522,210330500,2915.0,246,26530,7190800.0,2916.0,5,2914.0,7
rb1805,20170523,20170522,210331000,2915.0,246,26530,7190800.0,2916.0,5,2914.0,7
rb1805,20170523,20170522,210331500,2915.0,246,26530,7190800.0,2916.0,11,2914.0,7
rb1805,20170523,20170522,210333000,2914.0,250,26530,7307360.0,2916.0,11,2914.0,5
rb1805,20170523,20170522,210333500,2914.0,250,26530,7307360.0,2916.0,10,2914.0,5
rb1805,20170523,20170522,210334000,2914.0,250,26530,7307360.0,2916.0,10,2915.0,1
rb1805,20170523,20170522,210334500,2914.0,250,26530,7307360.0,2916.0,10,2914.0,5
rb1805,20170523,20170522,210335500,2914.0,250,26530,7307360.0,2916.0,10,2914.0,5
rb1805,20170523,20170522,210336000,2914.0,250,26530,7307360.0,2916.0,10,2915.0,1
rb1805,20170523,20170522,210336500,2914.0,250,26530,7307360.0,2916.0,10,2915.0,1
rb1805,20170523,20170522,210337000,2914.0,250,26530,7307360.0,2916.0,10,2915.0,5
rb1805,20170523,20170522,210337500,2916.0,256,26530,7482320.0,2916.0,7,2915.0,5
rb1805,20170523,20170522,210338000,2916.0,270,26542,7890560.0,2919.0,1,2916.0,4
rb1805,20170523,20170522,210338500,2916.0,270,26542,7890560.0,2919.0,3,2915.0,4
rb1805,20170523,20170522,210339000,2916.0,270,26542,7890560.0,2919.0,3,2915.0,5
rb1805,20170523,20170522,210339500,2916.0,270,26542,7890560.0,2919.0,3,2916.0,1
rb1805,20170523,20170522,210341000,2916.0,270,26542,7890560.0,2918.0,1,2916.0,1
rb1805,20170523,20170522,210341500,2916.0,270,26542,7890560.0,2918.0,10,2916.0,1
rb1805,20170523,20170522,210342000,2916.0,272,26540,7948880.0,2919.0,3,2915.0,4
rb1805,20170523,20170522,210342500,2916.0,272,26540,7948880.0,2919.0,3,2915.0,6
rb1805,20170523,20170522,210343500,2916.0,272,26540,7948880.0,2919.0,3,2915.0,6
rb1805,20170523,20170522,210344000,2916.0,272,26540,7948880.0,2919.0,3,2915.0,6
rb1805,20170523,20170522,210345500,2916.0,272,26540,7948880.0,2919.0,3,2915.0,6
rb1805,20170523,20170522,210346500,2916.0,272,26540,7948880.0,2918.0,6,2915.0,6
rb1805,20170523,20170522,210347000,2916.0,272,26540,7948880.0,2918.0,3,2915.0,6
rb1805,20170523,20170522,210348500,2916.0,272,26540,7948880.0,2918.0,3,2915.0,6
rb1805,20170523,20170522,210349000,2916.0,272,26540,7948880.0,2918.0,3,2915.0,6
rb1805,20170523,20170522,210349500,2916.0,272,26540,7948880.0,2918.0,3,2915.0,6
rb1805,20170523,20170522,210350000,2916.0,272,26540,7948880.0,2918.0,3,2915.0,6
rb1805,20170523,20170522,210351000,2916.0,272,26540,7948880.0,2918.0,4,2915.0,6
rb1805,20170523,20170522,210352000,2916.0,272,26540,7948880.0,2918.0,5,2915.0,6
rb1805,20170523,20170522,210353000,2915.0,284,26552,8298680.0,2917.0,3,2914.0,4
rb1805,20170523,20170522,210353500,2915.0,284,26552,8298680.0,2916.0,1,2914.0,4
rb1805,20170523,20170522,210354000,2915.0,284,26552,8298680.0,2915.0,1,2914.0,4
rb1805,20170523,20170522,210354500,2915.0,284,26552,8298680.0,2915.0,1,2914.0,4
rb1805,20170523,20170522,210355500,2915.0,284,26552,8298680.0,2915.0,1,2914.0,4
rb1805,20170523,20170522,210356000,2915.0,284,26552,8298680.0,2915.0,1,2914.0,4
rb1805,20170523,20170522,210357000,2915.0,284,26552,8298680.0,2915.0,1,2914.0,4
rb1805,20170523,20170522,210357500,2915.0,284,26552,8298680.0,2915.0,1,2914.0,4
rb1805,20170523,20170522,210358000,2915.0,284,26552,8298680.0,2915.0,2,2914.0,4
rb1805,20170523,20170522,210358500,2915.0,284,26552,8298680.0,2915.0,2,2914.0,4
rb1805,20170523,20170522,210359000,2914.0,286,26554,8356960.0,2915.0,2,2914.0,3
rb1805,20170523,20170522,210400000,2914.0,286,26554,8356960.0,2915.0,3,2914.0,3
rb1805,20170523,20170522,210400500,2914.0,286,26554,8356960.0,2915.0,3,2914.0,3
rb1805,20170523,20170522,210401000,2914.0,290,26558,8473520.0,2915.0,3,2914.0,1
rb1805,20170523,20170522,210401500,2914.0,290,26558,8473520.0,2915.0,3,2914.0,3
rb1805,20170523,20170522,210402000,2914.0,294,26562,8590080.0,2915.0,3,2914.0,1
rb1805,20170523,20170522,210402500,2914.0,296,26564,8648360.0,2914.0,1,2911.0,4
rb1805,20170523,20170522,210403000,2914.0,296,26564,8648360.0,2915.0,2,2911.0,5
rb1805,20170523,20170522,210403500,2914.0,296,26564,8648360.0,2915.0,2,2911.0,5
rb1805,20170523,20170522,210404000,2914.0,296,26564,8648360.0,2915.0,3,2911.0,5
rb1805,20170523,20170522,210404500,2914.0,296,26564,8648360.0,2914.0,3,2911.0,5
rb1805,20170523,20170522,210406000,2914.0,296,26564,8648360.0,2914.0,3,2911.0,5
rb1805,20170523,20170522,210407000,2914.0,296,26564,8648360.0,2914.0,3,2911.0,5
rb1805,20170523,20170522,210409500,2914.0,296,26564,8648360.0,2915.0,1,2911.0,5
rb1805,20170523,20170522,210410000,2914.0,296,26564,8648360.0,2915.0,1,2911.0,5
rb1805,20170523,20170522,210411000,2914.0,296,26564,8648360.0,2915.0,2,2911.0,5
rb1805,20170523,20170522,210411500,2914.0,296,26564,8648360.0,2915.0,2,2912.0,1
rb1805,20170523,20170522,210412000,2914.0,296,26564,8648360.0,2915.0,3,2913.0,1
rb1805,20170523,20170522,210412500,2914.0,296,26564,8648360.0,2915.0,3,2912.0,1
rb1805,20170523,20170522,210413000,2914.0,296,26564,8648360.0,2915.0,3,2912.0,2
rb1805,20170523,20170522,210413500,2914.0,296,26564,8648360.0,2915.0,3,2912.0,2
rb1805,20170523,20170522,210414000,2914.0,296,26564,8648360.0,2915.0,3,2912.0,4
rb1805,20170523,20170522,210414500,2914.0,296,26564,8648360.0,2915.0,2,2912.0,4
rb1805,20170523,20170522,210415000,2914.0,296,26564,8648360.0,2915.0,2,2912.0,4
rb1805,20170523,20170522,210415500,2914.0,296,26564,8648360.0,2915.0,1,2912.0,4
rb1805,20170523,20170522,210416000,2914.0,296,26564,8648360.0,2915.0,1,2912.0,4
rb1805,20170523,20170522,210416500,2914.0,296,26564,8648360.0,2915.0,1,2913.0,2
rb1805,20170523,20170522,210417000,2915.0,298,26564,8706660.0,2916.0,1,2913.0,2
rb1805,20170523,20170522,210417500,2915.0,298,26564,8706660.0,2916.0,2,2914.0,1
rb1805,20170523,20170522,210418000,2915.0,298,26564,8706660.0,2916.0,1,2914.0,1
rb1805,20170523,20170522,210418500,2915.0,298,26564,8706660.0,2916.0,1,2914.0,1
rb1805,20170523,20170522,210419500,2915.0,298,26564,8706660.0,2916.0,1,2914.0,1
rb1805,20170523,20170522,210420500,2915.0,298,26564,8706660.0,2916.0,1,2914.0,1
rb1805,20170523,20170522,210421000,2915.0,298,26564,8706660.0,2916.0,1,2914.0,2
rb1805,20170523,20170522,210422000,2915.0,298,26564,8706660.0,2916.0,3,2914.0,1
rb1805,20170523,20170522,210422500,2915.0,298,26564,8706660.0,2916.0,2,2914.0,1
rb1805,20170523,20170522,210424000,2915.0,298,26564,8706660.0,2916.0,2,2914.0,1
rb1805,20170523,20170522,210425000,2915.0,298,26564,8706660.0,2916.0,2,2914.0,1
rb1805,20170523,20170522,210426000,2915.0,298,26564,8706660.0,2916.0,2,2914.0,1
rb1805,20170523,20170522,210426500,2915.0,298,26564,8706660.0,2916.0,1,2914.0,1
rb1805,20170523,20170522,210427500,2915.0,298,26564,8706660.0,2916.0,1,2914.0,1
rb1805,20170523,20170522,210428000,2915.0,298,26564,8706660.0,2916.0,1,2914.0,3
rb1805,20170523,20170522,210430500,2916.0,300,26564,8764980.0,2917.0,1,2915.0,1
rb1805,20170523,20170522,210431000,2915.0,302,26566,8823280.0,2916.0,1,2914.0,3
rb1805,20170523,20170522,210431500,2915.0,302,26566,8823280.0,2917.0,1,2914.0,3
rb1805,20170523,20170522,210434000,2915.0,302,26566,8823280.0,2917.0,1,2914.0,4
rb1805,20170523,20170522,210434500,2915.0,302,26566,8823280.0,2917.0,1,2914.0,4
rb1805,20170523,20170522,210435000,2915.0,302,26566,8823280.0,2917.0,1,2914.0,2
rb1805,20170523,20170522,210439500,2915.0,302,26566,8823280.0,2917.0,1,2914.0,3
rb1805,20170523,20170522,210440000,2915.0,302,26566,8823280.0,2917.0,1,2914.0,5
rb1805,20170523,20170522,210442500,2915.0,302,26566,8823280.0,2916.0,11,2914.0,4
rb1805,20170523,20170522,210443000,2914.0,308,26562,8998120.0,2917.0,1,2914.0,2
rb1805,20170523,20170522,210443500,2914.0,308,26562,8998120.0,2914.0,1,2913.0,3
rb1805,20170523,20170522,210444000,2914.0,310,26564,9056400.0,2917.0,1,2914.0,1
rb1805,20170523,20170522,210444500,2914.0,310,26564,9056400.0,2917.0,1,2914.0,3
rb1805,20170523,20170522,210445500,2914.0,310,26564,9056400.0,2917.0,1,2914.0,3
rb1805,20170523,20170522,210447000,2914.0,310,26564,9056400.0,2916.0,10,2914.0,3
rb1805,20170523,20170522,210447500,2914.0,310,26564,9056400.0,2917.0,1,2914.0,3
rb1805,20170523,20170522,210448000,2914.0,310,26564,9056400.0,2917.0,1,2915.0,1
rb1805,20170523,20170522,210448500,2914.0,310,26564,9056400.0,2917.0,1,2915.0,3
rb1805,20170523,20170522,210449000,2914.0,310,26564,9056400.0,2917.0,1,2915.0,3
rb1805,20170523,20170522,210449500,2914.0,310,26564,9056400.0,2917.0,1,2915.0,3
rb1805,20170523,20170522,210450000,2914.0,310,26564,9056400.0,2917.0,1,2915.0,3
rb1805,20170523,20170522,210450500,2915.0,312,26564,9114700.0,2917.0,1,2915.0,2
rb1805,20170523,20170522,210451000,2915.0,312,26564,9114700.0,2917.0,1,2914.0,4
rb1805,20170523,20170522,210452500,2915.0,312,26564,9114700.0,2915.0,1,2914.0,6
rb1805,20170523,20170522,210453000,2915.0,314,26566,9173000.0,2917.0,1,2915.0,2
rb1805,20170523,20170522,210453500,2915.0,316,26568,9231300.0,2917.0,1,2915.0,1
rb1805,20170523,20170522,210454500,2915.0,318,26570,9289600.0,2917.0,1,2914.0,6
rb1805,20170523,20170522,210455000,2915.0,318,26570,9289600.0,2917.0,1,2914.0,6
rb1805,20170523,20170522,210456000,2915.0,318,26570,9289600.0,2917.0,1,2914.0,6
rb1805,20170523,20170522,210457000,2915.0,320,26568,9347900.0,2915.0,1,2914.0,6
rb1805,20170523,20170522,210457500,2915.0,322,26566,9406200.0,2917.0,1,2915.0,1
rb1805,20170523,20170522,210458000,2915.0,324,26566,9464500.0,2917.0,1,2914.0,6
rb1805,20170523,20170522,210458500,2914.0,326,26568,9522780.0,2917.0,1,2914.0,5
rb1805,20170523,20170522,210459000,2914.0,326,26568,9522780.0,2917.0,1,2914.0,4
rb1805,20170523,20170522,210459500,2914.0,326,26568,9522780.0,2917.0,1,2914.0,5
rb1805,20170523,20170522,210500000,2914.0,326,26568,9522780.0,2917.0,1,2914.0,4
rb1805,20170523,20170522,210501000,2914.0,326,26568,9522780.0,2917.0,1,2914.0,4
rb1805,20170523,20170522,210502000,2914.0,326,26568,9522780.0,2917.0,1,2914.0,5
rb1805,20170523,20170522,210506500,2914.0,328,26566,9581060.0,2917.0,3,2914.0,4
rb1805,20170523,20170522,210507000,2914.0,328,26566,9581060.0,2917.0,3,2914.0,5
rb1805,20170523,20170522,210508000,2914.0,328,26566,9581060.0,2917.0,3,2914.0,4
rb1805,20170523,20170522,210509500,2914.0,328,26566,9581060.0,2916.0,1,2914.0,4
rb1805,20170523,20170522,210510000,2914.0,328,26566,9581060.0,2916.0,1,2915.0,1
rb1805,20170523,20170522,210514500,2914.0,328,26566,9581060.0,2916.0,1,2915.0,4
rb1805,20170523,20170522,210518000,2916.0,330,26566,9639380.0,2917.0,3,2915.0,4
rb1805,20170523,20170522,210518500,2916.0,330,26566,9639380.0,2916.0,1,2915.0,4
rb1805,20170523,20170522,210519000,2916.0,330,26566,9639380.0,2916.0,1,2915.0,4
rb1805,20170523,20170522,210519500,2915.0,338,26574,9872580.0,2915.0,3,2914.0,4
rb1805,20170523,20170522,210520000,2915.0,338,26574,9872580.0,2915.0,3,2914.0,4
rb1805,20170523,20170522,210520500,2915.0,338,26574,9872580.0,2915.0,3,2914.0,4
rb1805,20170523,20170522,210523000,2915.0,342,26578,9989180.0,2915.0,1,2914.0,4
rb1805,20170523,20170522,210523500,2915.0,344,26580,10047480.0,2916.0,4,2914.0,4
rb1805,20170523,20170522,210524500,2915.0,344,26580,10047480.0,2916.0,1,2914.0,3
rb1805,20170523,20170522,210526000,2915.0,344,26580,10047480.0,2916.0,1,2914.0,3
rb1805,20170523,20170522,210527500,2913.0,354,26584,10338840.0,2916.0,1,2913.0,2
rb1805,20170523,20170522,210528000,2913.0,354,26584,10338840.0,2916.0,3,2914.0,1
rb1805,20170523,20170522,210528500,2913.0,354,26584,10338840.0,2916.0,1,2915.0,1
rb1805,20170523,20170522,210529000,2913.0,354,26584,10338840.0,2916.0,1,2915.0,1
rb1805,20170523,20170522,210530000,2913.0,354,26584,10338840.0,2916.0,1,2915.0,1
rb1805,20170523,20170522,210530500,2916.0,356,26586,10397160.0,2917.0,3,2915.0,1
rb1805,20170523,20170522,210531000,2916.0,356,26586,10397160.0,2917.0,1,2915.0,1
rb1805,20170523,20170522,210533000,2915.0,358,26586,10455460.0,2917.0,1,2914.0,1
rb1805,20170523,20170522,210533500,2915.0,358,26586,10455460.0,2917.0,1,2915.0,1
rb1805,20170523,20170522,210534000,2915.0,358,26586,10455460.0,2917.0,1,2914.0,1
rb1805,20170523,20170522,210534500,2915.0,358,26586,10455460.0,2917.0,1,2914.0,2
rb1805,20170523,20170522,210535000,2915.0,358,26586,10455460.0,2917.0,1,2914.0,2
rb1805,20170523,20170522,210535500,2915.0,358,26586,10455460.0,2917.0,3,2914.0,2
rb1805,20170523,20170522,210536000,2915.0,358,26586,10455460.0,2917.0,3,2914.0,1
rb1805,20170523,20170522,210536500,2914.0,360,26588,10513740.0,2914.0,6,2913.0,15
rb1805,20170523,20170522,210537000,2914.0,360,26588,10513740.0,2914.0,9,2913.0,16
rb1805,20170523,20170522,210538000,2914.0,360,26588,10513740.0,2914.0,9,2913.0,14
rb1805,20170523,20170522,210539500,2914.0,360,26588,10513740.0,2914.0,9,2913.0,15
rb1805,20170523,20170522,210540000,2914.0,370,26598,10805140.0,2914.0,4,2913.0,15
rb1805,20170523,20170522,210540500,2914.0,370,26598,10805140.0,2914.0,4,2913.0,15
rb1805,20170523,20170522,210541000,2914.0,374,26602,10921700.0,2914.0,2,2913.0,15
rb1805,20170523,20170522,210541500,2914.0,374,26602,10921700.0,2914.0,2,2913.0,14
rb1805,20170523,20170522,210542500,2914.0,378,26606,11038260.0,2917.0,4,2913.0,14
rb1805,20170523,20170522,210544500,2914.0,378,26606,11038260.0,2917.0,4,2913.0,14
rb1805,20170523,20170522,210545500,2914.0,378,26606,11038260.0,2917.0,4,2914.0,1
rb1805,20170523,20170522,210547000,2914.0,378,26606,11038260.0,2917.0,4,2914.0,1
rb1805,20170523,20170522,210548000,2914.0,378,26606,11038260.0,2917.0,4,2914.0,8
rb1805,20170523,20170522,210550000,2914.0,378,26606,11038260.0,2917.0,4,2915.0,2
rb1805,20170523,20170522,210551500,2914.0,378,26606,11038260.0,2917.0,4,2915.0,2
rb1805,20170523,20170522,210552500,2914.0,378,26606,11038260.0,2917.0,4,2915.0,2
rb1805,20170523,20170522,210553000,2914.0,378,26606,11038260.0,2917.0,2,2915.0,2
rb1805,20170523,20170522,210553500,2915.0,382,26610,11154860.0,2915.0,5,2914.0,13
rb1805,20170523,20170522,210554000,2915.0,382,26610,11154860.0,2915.0,5,2914.0,14
rb1805,20170523,20170522,210554500,2915.0,382,26610,11154860.0,2915.0,5,2914.0,14
rb1805,20170523,20170522,210555000,2915.0,382,26610,11154860.0,2915.0,5,2914.0,15
rb1805,20170523,20170522,210555500,2915.0,382,26610,11154860.0,2915.0,5,2914.0,16
rb1805,20170523,20170522,210556500,2915.0,382,26610,11154860.0,2915.0,5,2914.0,15
rb1805,20170523,20170522,210557000,2915.0,382,26610,11154860.0,2915.0,5,2914.0,16
rb1805,20170523,20170522,210558000,2915.0,392,26620,11446360.0,2916.0,1,2914.0,16
rb1805,20170523,20170522,210559000,2915.0,392,26620,11446360.0,2916.0,1,2915.0,2
rb1805,20170523,20170522,210559500,2915.0,392,26620,11446360.0,2916.0,1,2915.0,2
rb1805,20170523,20170522,210601000,2916.0,396,26620,11563000.0,2917.0,2,2915.0,2
rb1805,20170523,20170522,210601500,2916.0,396,26620,11563000.0,2917.0,2,2916.0,3
rb1805,20170523,20170522,210602000,2917.0,400,26622,11679680.0,2918.0,1,2915.0,2
rb1805,20170523,20170522,210603000,2917.0,400,26622,11679680.0,2918.0,1,2916.0,1
rb1805,20170523,20170522,210603500,2917.0,400,26622,11679680.0,2918.0,1,2916.0,1
rb1805,20170523,20170522,210604000,2917.0,400,26622,11679680.0,2918.0,1,2916.0,1
rb1805,20170523,20170522,210605000,2917.0,400,26622,11679680.0,2918.0,1,2916.0,1
rb1805,20170523,20170522,210605500,2917.0,400,26622,11679680.0,2918.0,1,2916.0,1
rb1805,20170523,20170522,210608500,2917.0,400,26622,11679680.0,2918.0,1,2917.0,2
rb1805,20170523,20170522,210609000,2917.0,400,26622,11679680.0,2918.0,1,2916.0,1
rb1805,20170523,20170522,210610000,2918.0,402,26624,11738040.0,2919.0,1,2916.0,1
rb1805,20170523,20170522,210610500,2918.0,402,26624,11738040.0,2919.0,3,2917.0,2
rb1805,20170523,20170522,210611000,2918.0,402,26624,11738040.0,2919.0,1,2916.0,1
rb1805,20170523,20170522,210611500,2918.0,402,26624,11738040.0,2919.0,3,2916.0,1
rb1805,20170523,20170522,210612500,2918.0,402,26624,11738040.0,2919.0,3,2916.0,1
rb1805,20170523,20170522,210614500,2919.0,404,26624,11796420.0,2919.0,2,2916.0,1
rb1805,20170523,20170522,210615000,2919.0,404,26624,11796420.0,2920.0,1,2916.0,1
rb1805,20170523,20170522,210615500,2919.0,404,26624,11796420.0,2920.0,4,2916.0,1
rb1805,20170523,20170522,210616000,2919.0,404,26624,11796420.0,2919.0,2,2916.0,1
rb1805,20170523,20170522,210618000,2916.0,406,26626,11854740.0,2916.0,6,2915.0,1
rb1805,20170523,20170522,210618500,2916.0,414,26634,12088020.0,2916.0,2,2915.0,1
rb1805,20170523,20170522,210619000,2916.0,414,26634,12088020.0,2916.0,2,2915.0,1
rb1805,20170523,20170522,210619500,2916.0,418,26634,12204660.0,2919.0,7,2916.0,3
rb1805,20170523,20170522,210620000,2916.0,418,26634,12204660.0,2918.0,1,2915.0,1
rb1805,20170523,20170522,210620500,2916.0,418,26634,12204660.0,2918.0,3,2915.0,1
rb1805,20170523,20170522,210622500,2916.0,418,26634,12204660.0,2918.0,3,2916.0,1
rb1805,20170523,20170522,210623000,2916.0,418,26634,12204660.0,2918.0,3,2916.0,3
rb1805,20170523,20170522,210625000,2916.0,418,26634,12204660.0,2918.0,3,2916.0,3
rb1805,20170523,20170522,210626000,2916.0,418,26634,12204660.0,2918.0,3,2916.0,4
rb1805,20170523,20170522,210626500,2916.0,420,26634,12262980.0,2918.0,3,2916.0,3
rb1805,20170523,20170522,210628000,2916.0,420,26634,12262980.0,2918.0,3,2916.0,3
rb1805,20170523,20170522,210629500,2916.0,420,26634,12262980.0,2918.0,2,2916.0,3
rb1805,20170523,20170522,210630000,2916.0,420,26634,12262980.0,2918.0,3,2916.0,3
rb1805,20170523,20170522,210632000,2916.0,420,26634,12262980.0,2918.0,3,2916.0,3
rb1805,20170523,20170522,210633000,2916.0,420,26634,12262980.0,2918.0,2,2916.0,3
rb1805,20170523,20170522,210633500,2916.0,420,26634,12262980.0,2918.0,3,2916.0,3
rb1805,20170523,20170522,210634000,2916.0,420,26634,12262980.0,2918.0,2,2916.0,3
rb1805,20170523,20170522,210635000,2916.0,420,26634,12262980.0,2919.0,2,2916.0,3
rb1805,20170523,20170522,210635500,2916.0,420,26634,12262980.0,2919.0,1,2916.0,3
rb1805,20170523,20170522,210636000,2916.0,420,26634,12262980.0,2919.0,3,2916.0,3
rb1805,20170523,20170522,210636500,2916.0,420,26634,12262980.0,2919.0,3,2916.0,3
rb1805,20170523,20170522,210638000,2916.0,420,26634,12262980.0,2919.0,3,2916.0,3
rb1805,20170523,20170522,210638500,2916.0,420,26634,12262980.0,2919.0,3,2916.0,3
rb1805,20170523,20170522,210639000,2916.0,420,26634,12262980.0,2919.0,3,2917.0,1
rb1805,20170523,20170522,210641000,2916.0,420,26634,12262980.0,2919.0,3,2917.0,2
rb1805,20170523,20170522,210642500,2916.0,420,26634,12262980.0,2919.0,3,2917.0,1
rb1805,20170523,20170522,210643500,2916.0,420,26634,12262980.0,2919.0,3,2917.0,1
rb1805,20170523,20170522,210645500,2916.0,420,26634,12262980.0,2919.0,1,2917.0,1
rb1805,20170523,20170522,210646500,2916.0,420,26634,12262980.0,2920.0,1,2917.0,1
rb1805,20170523,20170522,210647000,2916.0,420,26634,12262980.0,2920.0,2,2917.0,1
rb1805,20170523,20170522,210648000,2916.0,420,26634,12262980.0,2920.0,4,2917.0,1
rb1805,20170523,20170522,210648500,2916.0,420,26634,12262980.0,2920.0,4,2917.0,6
rb1805,20170523,20170522,210650000,2916.0,420,26634,12262980.0,2920.0,4,2917.0,1
rb1805,20170523,20170522,210651500,2916.0,420,26634,12262980.0,2920.0,2,2917.0,1
rb1805,20170523,20170522,210652000,2916.0,420,26634,12262980.0,2920.0,2,2918.0,4
rb1805,20170523,20170522,210652500,2916.0,420,26634,12262980.0,2920.0,4,2918.0,4
rb1805,20170523,20170522,210654000,2916.0,420,26634,12262980.0,2920.0,2,2918.0,4
rb1805,20170523,20170522,210655000,2916.0,420,26634,12262980.0,2920.0,2,2918.0,4
rb1805,20170523,20170522,210656500,2916.0,420,26634,12262980.0,2920.0,2,2918.0,4
rb1805,20170523,20170522,210658500,2916.0,420,26634,12262980.0,2920.0,2,2918.0,4
rb1805,20170523,20170522,210659500,2916.0,420,26634,12262980.0,2920.0,1,2918.0,4
rb1805,20170523,20170522,210704000,2916.0,420,26634,12262980.0,2920.0,1,2918.0,4
rb1805,20170523,20170522,210705500,2916.0,420,26634,12262980.0,2920.0,1,2918.0,4
rb1805,20170523,20170522,210706000,2916.0,420,26634,12262980.0,2920.0,1,2918.0,5
rb1805,20170523,20170522,210706500,2916.0,420,26634,12262980.0,2919.0,1,2918.0,5
rb1805,20170523,20170522,210708000,2916.0,420,26634,12262980.0,2919.0,1,2918.0,5
rb1805,20170523,20170522,210709500,2919.0,422,26634,12321360.0,2920.0,1,2919.0,3
rb1805,20170523,20170522,210710000,2919.0,422,26634,12321360.0,2920.0,1,2918.0,4
rb1805,20170523,20170522,210710500,2919.0,422,26634,12321360.0,2920.0,3,2918.0,4
rb1805,20170523,20170522,210711000,2919.0,422,26634,12321360.0,2920.0,3,2919.0,1
rb1805,20170523,20170522,210712500,2919.0,422,26634,12321360.0,2920.0,1,2919.0,1
rb1805,20170523,20170522,210715500,2919.0,424,26634,12379740.0,2919.0,1,2918.0,4
rb1805,20170523,20170522,210717000,2919.0,426,26632,12438120.0,2920.0,1,2919.0,2
rb1805,20170523,20170522,210717500,2919.0,426,26632,12438120.0,2920.0,1,2918.0,10
rb1805,20170523,20170522,210718500,2918.0,440,26646,12846640.0,2920.0,1,2918.0,3
rb1805,20170523,20170522,210719500,2918.0,440,26646,12846640.0,2920.0,1,2919.0,1
rb1805,20170523,20170522,210720000,2918.0,440,26646,12846640.0,2920.0,1,2919.0,1
rb1805,20170523,20170522,210721000,2919.0,444,26646,12963420.0,2922.0,3,2918.0,3
rb1805,20170523,20170522,210721500,2919.0,444,26646,12963420.0,2919.0,1,2918.0,3
rb1805,20170523,20170522,210722000,2919.0,446,26648,13021800.0,2922.0,4,2918.0,3
rb1805,20170523,20170522,210723000,2919.0,446,26648,13021800.0,2922.0,4,2918.0,3
rb1805,20170523,20170522,210723500,2919.0,446,26648,13021800.0,2922.0,4,2918.0,4
rb1805,20170523,20170522,210724000,2919.0,446,26648,13021800.0,2922.0,4,2918.0,4
rb1805,20170523,20170522,210725000,2919.0,446,26648,13021800.0,2920.0,10,2918.0,4
rb1805,20170523,20170522,210727000,2920.0,458,26646,13372200.0,2920.0,4,2918.0,4
rb1805,20170523,20170522,210727500,2920.0,458,26646,13372200.0,2920.0,4,2918.0,4
rb1805,20170523,20170522,210729500,2920.0,460,26646,13430600.0,2920.0,3,2919.0,1
rb1805,20170523,20170522,210730000,2920.0,460,26646,13430600.0,2920.0,3,2919.0,1
rb1805,20170523,20170522,210731500,2920.0,460,26646,13430600.0,2920.0,3,2919.0,1
rb1805,20170523,20170522,210732000,2920.0,460,26646,13430600.0,2920.0,3,2919.0,1
rb1805,20170523,20170522,210732500,2920.0,462,26644,13489000.0,2920.0,2,2919.0,1
rb1805,20170523,20170522,210733000,2919.0,464,26644,13547380.0,2920.0,2,2918.0,3
rb1805,20170523,20170522,210733500,2919.0,464,26644,13547380.0,2920.0,2,2918.0,4
rb1805,20170523,20170522,210735000,2919.0,464,26644,13547380.0,2920.0,2,2918.0,5
rb1805,20170523,20170522,210736500,2920.0,468,26644,13664180.0,2922.0,3,2918.0,6
rb1805,20170523,20170522,210737000,2922.0,470,26642,13722620.0,2922.0,2,2920.0,1
rb1805,20170523,20170522,210737500,2922.0,470,26642,13722620.0,2922.0,2,2920.0,1
rb1805,20170523,20170522,210738000,2922.0,470,26642,13722620.0,2922.0,2,2920.0,1
rb1805,20170523,20170522,210738500,2918.0,476,26640,13897740.0,2920.0,9,2918.0,2
rb1805,20170523,20170522,210739000,2920.0,482,26634,14072940.0,2920.0,6,2918.0,3
rb1805,20170523,20170522,210741000,2920.0,494,26634,14423340.0,2922.0,2,2920.0,10
rb1805,20170523,20170522,210741500,2920.0,494,26634,14423340.0,2925.0,12,2920.0,12
rb1805,20170523,20170522,210742000,2925.0,502,26634,14657280.0,2925.0,1,2920.0,12
rb1805,20170523,20170522,210743000,2925.0,502,26634,14657280.0,2925.0,1,2920.0,12
rb1805,20170523,20170522,210743500,2925.0,502,26634,14657280.0,2924.0,2,2920.0,12
rb1805,20170523,20170522,210744000,2925.0,502,26634,14657280.0,2924.0,2,2920.0,12
rb1805,20170523,20170522,210744500,2925.0,502,26634,14657280.0,2924.0,2,2921.0,2
rb1805,20170523,20170522,210745000,2925.0,502,26634,14657280.0,2925.0,1,2921.0,2
rb1805,20170523,20170522,210746000,2921.0,504,26634,14715700.0,2925.0,1,2921.0,2
rb1805,20170523,20170522,210746500,2921.0,504,26634,14715700.0,2925.0,1,2921.0,1
rb1805,20170523,20170522,210747500,2920.0,508,26632,14832520.0,2920.0,8,2919.0,2
rb1805,20170523,20170522,210748000,2920.0,524,26626,15299720.0,2925.0,1,2921.0,5
rb1805,20170523,20170522,210748500,2920.0,524,26626,15299720.0,2925.0,14,2920.0,5
rb1805,20170523,20170522,210749000,2920.0,524,26626,15299720.0,2925.0,14,2920.0,5
rb1805,20170523,20170522,210750000,2920.0,524,26626,15299720.0,2924.0,3,2920.0,5
rb1805,20170523,20170522,210750500,2920.0,524,26626,15299720.0,2924.0,3,2922.0,1
rb1805,20170523,20170522,210751000,2922.0,526,26626,15358160.0,2922.0,4,2919.0,2
rb1805,20170523,20170522,210751500,2922.0,526,26626,15358160.0,2924.0,3,2922.0,1
rb1805,20170523,20170522,210752000,2922.0,528,26624,15416600.0,2922.0,3,2920.0,1
rb1805,20170523,20170522,210752500,2922.0,528,26624,15416600.0,2924.0,3,2920.0,1
rb1805,20170523,20170522,210753000,2922.0,528,26624,15416600.0,2924.0,3,2920.0,2
rb1805,20170523,20170522,210754000,2922.0,528,26624,15416600.0,2924.0,1,2920.0,3
rb1805,20170523,20170522,210755000,2924.0,530,26624,15475080.0,2925.0,13,2920.0,3
rb1805,20170523,20170522,210755500,2924.0,530,26624,15475080.0,2925.0,13,2921.0,6
rb1805,20170523,20170522,210756500,2924.0,530,26624,15475080.0,2925.0,13,2921.0,6
rb1805,20170523,20170522,210757500,2924.0,530,26624,15475080.0,2925.0,13,2921.0,6
rb1805,20170523,20170522,210758000,2924.0,530,26624,15475080.0,2925.0,13,2922.0,13
rb1805,20170523,20170522,210759000,2924.0,530,26624,15475080.0,2925.0,13,2922.0,13
rb1805,20170523,20170522,210759500,2924.0,530,26624,15475080.0,2925.0,13,2922.0,13
rb1805,20170523,20170522,210800000,2924.0,530,26624,15475080.0,2925.0,13,2922.0,13
rb1805,20170523,20170522,210801500,2922.0,550,26624,16059480.0,2924.0,2,2922.0,5
rb1805,20170523,20170522,210802000,2922.0,550,26624,16059480.0,2924.0,2,2922.0,2
rb1805,20170523,20170522,210802500,2925.0,556,26624,16234940.0,2925.0,12,2922.0,2
rb1805,20170523,20170522,210803000,2925.0,556,26624,16234940.0,2925.0,13,2922.0,2
rb1805,20170523,20170522,210803500,2922.0,560,26622,16351820.0,2922.0,1,2921.0,1
rb1805,20170523,20170522,210804000,2922.0,560,26622,16351820.0,2925.0,13,2922.0,2
rb1805,20170523,20170522,210804500,2922.0,564,26618,16468760.0,2925.0,12,2922.0,2
rb1805,20170523,20170522,210805000,2922.0,564,26618,16468760.0,2925.0,12,2923.0,3
rb1805,20170523,20170522,210805500,2925.0,566,26616,16527260.0,2924.0,1,2923.0,3
rb1805,20170523,20170522,210806500,2925.0,566,26616,16527260.0,2924.0,1,2921.0,1
rb1805,20170523,20170522,210807000,2925.0,566,26616,16527260.0,2923.0,3,2921.0,2
rb1805,20170523,20170522,210807500,2925.0,566,26616,16527260.0,2924.0,1,2921.0,2
rb1805,20170523,20170522,210808500,2925.0,566,26616,16527260.0,2924.0,15,2921.0,3
rb1805,20170523,20170522,210809000,2925.0,566,26616,16527260.0,2924.0,15,2921.0,3
rb1805,20170523,20170522,210809500,2924.0,568,26616,16585740.0,2924.0,15,2921.0,3
rb1805,20170523,20170522,210811000,2924.0,568,26616,16585740.0,2923.0,1,2921.0,2
rb1805,20170523,20170522,210812500,2923.0,570,26616,16644200.0,2924.0,15,2921.0,2
rb1805,20170523,20170522,210813000,2923.0,570,26616,16644200.0,2924.0,15,2922.0,1
rb1805,20170523,20170522,210813500,2923.0,570,26616,16644200.0,2924.0,15,2922.0,1
rb1805,20170523,20170522,210815500,2923.0,570,26616,16644200.0,2923.0,1,2922.0,1
rb1805,20170523,20170522,210816000,2923.0,570,26616,16644200.0,2923.0,2,2922.0,1
rb1805,20170523,20170522,210816500,2922.0,574,26612,16761100.0,2922.0,9,2921.0,2
rb1805,20170523,20170522,210817000,2922.0,578,26612,16877980.0,2922.0,7,2921.0,3
rb1805,20170523,20170522,210817500,2922.0,578,26612,16877980.0,2922.0,7,2921.0,4
rb1805,20170523,20170522,210819500,2922.0,580,26610,16936420.0,2922.0,6,2921.0,3
rb1805,20170523,20170522,210821000,2922.0,582,26608,16994860.0,2922.0,5,2921.0,3
rb1805,20170523,20170522,210822500,2922.0,582,26608,16994860.0,2922.0,5,2921.0,3
rb1805,20170523,20170522,210824000,2922.0,586,26608,17111740.0,2922.0,3,2921.0,3
rb1805,20170523,20170522,210825000,2921.0,592,26612,17287000.0,2922.0,3,2920.0,1
rb1805,20170523,20170522,210826000,2922.0,594,26612,17345440.0,2922.0,2,2921.0,4
rb1805,20170523,20170522,210828000,2922.0,594,26612,17345440.0,2922.0,2,2921.0,1
rb1805,20170523,20170522,210829000,2922.0,594,26612,17345440.0,2922.0,2,2921.0,2
rb1805,20170523,20170522,210829500,2922.0,596,26610,17403880.0,2922.0,1,2921.0,2
rb1805,20170523,20170522,210830000,2922.0,598,26610,17462320.0,2923.0,1,2921.0,2
rb1805,20170523,20170522,210830500,2923.0,600,26610,17520780.0,2925.0,12,2921.0,2
rb1805,20170523,20170522,210831000,2923.0,600,26610,17520780.0,2925.0,12,2922.0,2
rb1805,20170523,20170522,210831500,2923.0,600,26610,17520780.0,2925.0,12,2922.0,2
rb1805,20170523,20170522,210832000,2923.0,600,26610,17520780.0,2925.0,12,2921.0,3
rb1805,20170523,20170522,210833500,2923.0,600,26610,17520780.0,2925.0,12,2921.0,3
rb1805,20170523,20170522,210834000,2922.0,602,26610,17579220.0,2925.0,12,2922.0,4
rb1805,20170523,20170522,210836000,2922.0,602,26610,17579220.0,2924.0,1,2922.0,4
rb1805,20170523,20170522,210837000,2922.0,602,26610,17579220.0,2924.0,1,2921.0,3
rb1805,20170523,20170522,210837500,2922.0,602,26610,17579220.0,2924.0,1,2921.0,3
rb1805,20170523,20170522,210838500,2922.0,602,26610,17579220.0,2924.0,1,2921.0,4
rb1805,20170523,20170522,210841000,2922.0,604,26612,17637660.0,2924.0,1,2921.0,4
rb1805,20170523,20170522,210841500,2924.0,606,26610,17696140.0,2923.0,4,2921.0,3
rb1805,20170523,20170522,210842000,2923.0,610,26610,17813060.0,2923.0,5,2922.0,5
rb1805,20170523,20170522,210842500,2923.0,610,26610,17813060.0,2923.0,5,2922.0,10
rb1805,20170523,20170522,210843000,2923.0,612,26608,17871520.0,2923.0,4,2922.0,5
rb1805,20170523,20170522,210843500,2923.0,620,26608,18105360.0,2925.0,12,2923.0,1
rb1805,20170523,20170522,210844000,2923.0,620,26608,18105360.0,2925.0,12,2923.0,1
rb1805,20170523,20170522,210844500,2923.0,622,26606,18163820.0,2925.0,12,2921.0,3
rb1805,20170523,20170522,210845000,2923.0,622,26606,18163820.0,2925.0,12,2922.0,12
rb1805,20170523,20170522,210845500,2923.0,622,26606,18163820.0,2925.0,12,2922.0,13
rb1805,20170523,20170522,210846000,2925.0,626,26604,18280820.0,2925.0,10,2922.0,13
rb1805,20170523,20170522,210846500,2925.0,628,26602,18339320.0,2925.0,9,2922.0,8
rb1805,20170523,20170522,210848000,2925.0,628,26602,18339320.0,2925.0,9,2922.0,8
rb1805,20170523,20170522,210849000,2925.0,628,26602,18339320.0,2925.0,9,2922.0,9
rb1805,20170523,20170522,210850000,2925.0,630,26600,18397820.0,2925.0,8,2923.0,1
rb1805,20170523,20170522,210850500,2925.0,634,26598,18514820.0,2925.0,6,2924.0,1
rb1805,20170523,20170522,210851000,2925.0,634,26598,18514820.0,2925.0,6,2924.0,1
rb1805,20170523,20170522,210851500,2925.0,638,26594,18631820.0,2925.0,4,2924.0,1
rb1805,20170523,20170522,210852500,2925.0,640,26592,18690320.0,2925.0,2,2924.0,3
rb1805,20170523,20170522,210853000,2925.0,644,26588,18807320.0,2926.0,12,2925.0,7
rb1805,20170523,20170522,210853500,2925.0,644,26588,18807320.0,2926.0,12,2924.0,2
rb1805,20170523,20170522,210854000,2925.0,644,26588,18807320.0,2926.0,12,2925.0,1
rb1805,20170523,20170522,210854500,2925.0,644,26588,18807320.0,2926.0,12,2925.0,1
rb1805,20170523,20170522,210855000,2926.0,646,26586,18865840.0,2926.0,11,2925.0,1
rb1805,20170523,20170522,210855500,2926.0,664,26568,19392520.0,2926.0,2,2925.0,1
rb1805,20170523,20170522,210856500,2926.0,664,26568,19392520.0,2926.0,2,2925.0,1
rb1805,20170523,20170522,210857000,2926.0,668,26564,19509560.0,2927.0,10,2925.0,1
rb1805,20170523,20170522,210857500,2926.0,668,26564,19509560.0,2927.0,10,2925.0,3
rb1805,20170523,20170522,210858000,2927.0,672,26560,19626640.0,2927.0,8,2925.0,4
rb1805,20170523,20170522,210858500,2927.0,672,26560,19626640.0,2927.0,8,2925.0,4
rb1805,20170523,20170522,210859000,2927.0,674,26558,19685180.0,2927.0,7,2925.0,4
rb1805,20170523,20170522,210859500,2927.0,676,26556,19743720.0,2927.0,6,2925.0,5
rb1805,20170523,20170522,210900000,2927.0,676,26556,19743720.0,2927.0,6,2925.0,5
rb1805,20170523,20170522,210902000,2927.0,676,26556,19743720.0,2927.0,6,2925.0,3
rb1805,20170523,20170522,210903000,2927.0,676,26556,19743720.0,2927.0,16,2925.0,3
rb1805,20170523,20170522,210903500,2927.0,676,26556,19743720.0,2927.0,16,2925.0,3
rb1805,20170523,20170522,210904000,2927.0,680,26552,19860800.0,2927.0,14,2925.0,1
rb1805,20170523,20170522,210904500,2927.0,706,26538,20621780.0,2927.0,4,2926.0,4
rb1805,20170523,20170522,210905000,2926.0,714,26538,20855860.0,2926.0,5,2924.0,2
rb1805,20170523,20170522,210905500,2926.0,714,26538,20855860.0,2926.0,6,2923.0,1
rb1805,20170523,20170522,210906000,2926.0,714,26538,20855860.0,2926.0,1,2923.0,2
rb1805,20170523,20170522,210907000,2926.0,714,26538,20855860.0,2926.0,1,2923.0,4
rb1805,20170523,20170522,210907500,2926.0,714,26538,20855860.0,2927.0,4,2923.0,4
rb1805,20170523,20170522,210908500,2923.0,720,26536,21031240.0,2926.0,1,2923.0,2
rb1805,20170523,20170522,210909000,2926.0,722,26534,21089760.0,2926.0,1,2923.0,3
rb1805,20170523,20170522,210909500,2926.0,724,26536,21148280.0,2927.0,4,2926.0,3
rb1805,20170523,20170522,210910000,2926.0,730,26536,21323840.0,2926.0,2,2923.0,2
rb1805,20170523,20170522,210910500,2926.0,730,26536,21323840.0,2927.0,4,2923.0,3
rb1805,20170523,20170522,210911000,2926.0,730,26536,21323840.0,2927.0,4,2923.0,4
rb1805,20170523,20170522,210911500,2926.0,730,26536,21323840.0,2927.0,4,2923.0,3
rb1805,20170523,20170522,210912000,2927.0,732,26534,21382380.0,2927.0,3,2923.0,3
rb1805,20170523,20170522,210912500,2927.0,732,26534,21382380.0,2927.0,3,2923.0,4
rb1805,20170523,20170522,210913000,2927.0,732,26534,21382380.0,2927.0,5,2924.0,1
rb1805,20170523,20170522,210913500,2927.0,732,26534,21382380.0,2927.0,5,2924.0,3
rb1805,20170523,20170522,210915000,2927.0,732,26534,21382380.0,2927.0,15,2924.0,3
rb1805,20170523,20170522,210915500,2924.0,734,26532,21440860.0,2927.0,15,2924.0,2
rb1805,20170523,20170522,210916000,2924.0,734,26532,21440860.0,2927.0,15,2923.0,2
rb1805,20170523,20170522,210917000,2927.0,736,26530,21499400.0,2927.0,16,2923.0,2
rb1805,20170523,20170522,210917500,2927.0,736,26530,21499400.0,2927.0,16,2923.0,1
rb1805,20170523,20170522,210918000,2927.0,736,26530,21499400.0,2927.0,16,2923.0,2
rb1805,20170523,20170522,210918500,2927.0,736,26530,21499400.0,2926.0,3,2922.0,2
rb1805,20170523,20170522,210919000,2927.0,736,26530,21499400.0,2926.0,3,2922.0,4
rb1805,20170523,20170522,210919500,2927.0,736,26530,21499400.0,2926.0,4,2922.0,4
rb1805,20170523,20170522,210920000,2927.0,736,26530,21499400.0,2926.0,9,2923.0,1
rb1805,20170523,20170522,210920500,2927.0,736,26530,21499400.0,2926.0,9,2923.0,3
rb1805,20170523,20170522,210921000,2926.0,748,26538,21850520.0,2926.0,3,2923.0,3
rb1805,20170523,20170522,210922000,2926.0,748,26538,21850520.0,2927.0,16,2924.0,1
rb1805,20170523,20170522,210922500,2926.0,748,26538,21850520.0,2926.0,1,2924.0,4
rb1805,20170523,20170522,210923000,2926.0,748,26538,21850520.0,2926.0,1,2924.0,5
rb1805,20170523,20170522,210925000,2926.0,748,26538,21850520.0,2926.0,1,2925.0,1
rb1805,20170523,20170522,210925500,2926.0,748,26538,21850520.0,2926.0,1,2925.0,2
rb1805,20170523,20170522,210926000,2926.0,748,26538,21850520.0,2926.0,1,2925.0,2
rb1805,20170523,20170522,210927000,2926.0,748,26538,21850520.0,2926.0,3,2925.0,2
rb1805,20170523,20170522,210927500,2926.0,750,26536,21909040.0,2926.0,2,2925.0,2
rb1805,20170523,20170522,210929500,2926.0,750,26536,21909040.0,2926.0,13,2925.0,2
rb1805,20170523,20170522,210930000,2926.0,750,26536,21909040.0,2926.0,13,2925.0,2
rb1805,20170523,20170522,210931000,2925.0,752,26534,21967540.0,2926.0,13,2925.0,1
rb1805,20170523,20170522,210932000,2926.0,754,26532,22026060.0,2926.0,12,2925.0,1
rb1805,20170523,20170522,210933500,2925.0,756,26530,22084560.0,2926.0,12,2924.0,1
rb1805,20170523,20170522,210934000,2925.0,756,26530,22084560.0,2926.0,12,2924.0,4
rb1805,20170523,20170522,210934500,2926.0,760,26526,22201600.0,2926.0,10,2924.0,4
rb1805,20170523,20170522,210935000,2926.0,760,26526,22201600.0,2925.0,1,2924.0,4
rb1805,20170523,20170522,210935500,2926.0,774,26526,22611220.0,2926.0,4,2925.0,10
rb1805,20170523,20170522,210936000,2926.0,774,26526,22611220.0,2926.0,4,2925.0,7
rb1805,20170523,20170522,210938000,2926.0,774,26526,22611220.0,2926.0,4,2925.0,7
rb1805,20170523,20170522,210939000,2926.0,774,26526,22611220.0,2926.0,4,2925.0,7
rb1805,20170523,20170522,210939500,2925.0,776,26528,22669720.0,2926.0,4,2925.0,1
rb1805,20170523,20170522,210940000,2925.0,776,26528,22669720.0,2926.0,4,2925.0,2
rb1805,20170523,20170522,210940500,2925.0,778,26528,22728220.0,2926.0,4,2925.0,1
rb1805,20170523,20170522,210941000,2926.0,780,26526,22786740.0,2926.0,3,2925.0,1
rb1805,20170523,20170522,210941500,2926.0,782,26524,22845260.0,2926.0,1,2925.0,1
rb1805,20170523,20170522,210942000,2926.0,784,26522,22903780.0,2927.0,3,2925.0,1
rb1805,20170523,20170522,210943000,2926.0,784,26522,22903780.0,2927.0,3,2925.0,1
rb1805,20170523,20170522,210943500,2926.0,784,26522,22903780.0,2927.0,3,2925.0,1
rb1805,20170523,20170522,210944500,2926.0,784,26522,22903780.0,2926.0,1,2925.0,1
rb1805,20170523,20170522,210945000,2926.0,786,26520,22962300.0,2927.0,3,2926.0,5
rb1805,20170523,20170522,210945500,2926.0,786,26520,22962300.0,2927.0,3,2926.0,5
rb1805,20170523,20170522,210946500,2927.0,792,26520,23137920.0,2928.0,6,2927.0,3
rb1805,20170523,20170522,210947000,2928.0,794,26518,23196480.0,2928.0,5,2927.0,3
rb1805,20170523,20170522,210948000,2928.0,794,26518,23196480.0,2928.0,5,2927.0,3
rb1805,20170523,20170522,210949500,2928.0,798,26518,23313600.0,2928.0,3,2927.0,1
rb1805,20170523,20170522,210950000,2928.0,798,26518,23313600.0,2928.0,3,2927.0,1
rb1805,20170523,20170522,210951000,2928.0,798,26518,23313600.0,2928.0,3,2927.0,1
rb1805,20170523,20170522,210951500,2927.0,800,26516,23372140.0,2928.0,3,2924.0,1
rb1805,20170523,20170522,210952000,2927.0,800,26516,23372140.0,2928.0,5,2924.0,2
rb1805,20170523,20170522,210953000,2927.0,800,26516,23372140.0,2928.0,5,2924.0,1
rb1805,20170523,20170522,210953500,2927.0,800,26516,23372140.0,2928.0,3,2924.0,2
rb1805,20170523,20170522,210954000,2927.0,800,26516,23372140.0,2928.0,3,2926.0,1
rb1805,20170523,20170522,210954500,2927.0,800,26516,23372140.0,2928.0,3,2926.0,1
rb1805,20170523,20170522,210955000,2927.0,800,26516,23372140.0,2928.0,3,2926.0,1
rb1805,20170523,20170522,210956500,2928.0,806,26510,23547820.0,2929.0,7,2928.0,27
rb1805,20170523,20170522,210957000,2928.0,808,26508,23606380.0,2929.0,7,2928.0,26
rb1805,20170523,20170522,210958500,2928.0,808,26508,23606380.0,2929.0,7,2928.0,26
rb1805,20170523,20170522,210959000,2928.0,828,26488,24191980.0,2929.0,7,2928.0,16
rb1805,20170523,20170522,210959500,2928.0,840,26476,24543340.0,2929.0,8,2928.0,10
rb1805,20170523,20170522,211000500,2928.0,860,26456,25128940.0,2929.0,8,2926.0,1
rb1805,20170523,20170522,211001000,2928.0,860,26456,25128940.0,2929.0,7,2926.0,2
rb1805,20170523,20170522,211001500,2929.0,862,26456,25187520.0,2928.0,1,2926.0,2
rb1805,20170523,20170522,211002000,2929.0,862,26456,25187520.0,2928.0,1,2926.0,2
rb1805,20170523,20170522,211003000,2929.0,862,26456,25187520.0,2928.0,1,2926.0,3
rb1805,20170523,20170522,211003500,2929.0,862,26456,25187520.0,2928.0,1,2926.0,2
rb1805,20170523,20170522,211005000,2929.0,862,26456,25187520.0,2928.0,3,2926.0,1
rb1805,20170523,20170522,211005500,2929.0,862,26456,25187520.0,2928.0,4,2926.0,1
rb1805,20170523,20170522,211007000,2929.0,862,26456,25187520.0,2928.0,4,2926.0,1
rb1805,20170523,20170522,211009000,2929.0,862,26456,25187520.0,2928.0,4,2926.0,1
rb1805,20170523,20170522,211011000,2929.0,862,26456,25187520.0,2928.0,14,2926.0,1
rb1805,20170523,20170522,211012500,2926.0,864,26456,25246040.0,2928.0,14,2925.0,1
rb1805,20170523,20170522,211013000,2926.0,864,26456,25246040.0,2927.0,1,2925.0,2
rb1805,20170523,20170522,211013500,2926.0,864,26456,25246040.0,2927.0,3,2925.0,2
rb1805,20170523,20170522,211014000,2926.0,864,26456,25246040.0,2927.0,3,2925.0,1
rb1805,20170523,20170522,211015000,2926.0,864,26456,25246040.0,2927.0,3,2925.0,1
rb1805,20170523,20170522,211015500,2926.0,864,26456,25246040.0,2927.0,1,2925.0,1
rb1805,20170523,20170522,211019000,2926.0,864,26456,25246040.0,2927.0,3,2925.0,1
rb1805,20170523,20170522,211020500,2926.0,864,26456,25246040.0,2927.0,3,2925.0,1
rb1805,20170523,20170522,211022000,2927.0,870,26452,25421660.0,2928.0,14,2927.0,47
rb1805,20170523,20170522,211022500,2927.0,882,26440,25772900.0,2928.0,12,2927.0,41
rb1805,20170523,20170522,211023000,2928.0,902,26422,26358380.0,2928.0,8,2927.0,35
rb1805,20170523,20170522,211024000,2928.0,902,26422,26358380.0,2928.0,8,2927.0,35
rb1805,20170523,20170522,211025000,2927.0,906,26418,26475460.0,2928.0,8,2927.0,33
rb1805,20170523,20170522,211026000,2927.0,906,26418,26475460.0,2928.0,8,2927.0,33
rb1805,20170523,20170522,211026500,2928.0,908,26418,26534020.0,2928.0,7,2927.0,33
rb1805,20170523,20170522,211028000,2928.0,908,26418,26534020.0,2928.0,7,2927.0,33
rb1805,20170523,20170522,211029000,2928.0,908,26418,26534020.0,2928.0,7,2927.0,33
rb1805,20170523,20170522,211030500,2928.0,908,26418,26534020.0,2928.0,8,2927.0,33
rb1805,20170523,20170522,211031000,2927.0,920,26406,26885260.0,2928.0,7,2927.0,27
rb1805,20170523,20170522,211031500,2927.0,920,26406,26885260.0,2928.0,7,2927.0,27
rb1805,20170523,20170522,211033000,2927.0,920,26406,26885260.0,2928.0,17,2927.0,27
rb1805,20170523,20170522,211035000,2927.0,924,26406,27002340.0,2928.0,17,2927.0,25
rb1805,20170523,20170522,211036000,2927.0,924,26406,27002340.0,2928.0,18,2927.0,25
rb1805,20170523,20170522,211040000,2927.0,926,26406,27060880.0,2928.0,18,2927.0,24
rb1805,20170523,20170522,211042500,2928.0,932,26406,27236560.0,2928.0,15,2927.0,24
rb1805,20170523,20170522,211044000,2928.0,932,26406,27236560.0,2928.0,15,2927.0,24
rb1805,20170523,20170522,211044500,2928.0,932,26406,27236560.0,2928.0,15,2927.0,24
rb1805,20170523,20170522,211047500,2928.0,932,26406,27236560.0,2928.0,15,2927.0,24
rb1805,20170523,20170522,211049000,2927.0,934,26404,27295100.0,2928.0,15,2927.0,23
rb1805,20170523,20170522,211051000,2927.0,938,26400,27412180.0,2928.0,15,2927.0,21
rb1805,20170523,20170522,211052000,2927.0,938,26400,27412180.0,2928.0,15,2927.0,21
rb1805,20170523,20170522,211052500,2927.0,940,26398,27470720.0,2928.0,15,2927.0,20
rb1805,20170523,20170522,211053500,2927.0,940,26398,27470720.0,2928.0,15,2927.0,20
rb1805,20170523,20170522,211054500,2927.0,940,26398,27470720.0,2928.0,15,2927.0,20
rb1805,20170523,20170522,211055000,2927.0,940,26398,27470720.0,2928.0,15,2927.0,20
rb1805,20170523,20170522,211058000,2927.0,940,26398,27470720.0,2928.0,14,2927.0,20
rb1805,20170523,20170522,211058500,2927.0,940,26398,27470720.0,2928.0,16,2927.0,20
rb1805,20170523,20170522,211059500,2928.0,942,26396,27529280.0,2928.0,15,2927.0,20
rb1805,20170523,20170522,211105000,2928.0,942,26396,27529280.0,2928.0,15,2927.0,20
rb1805,20170523,20170522,211108000,2928.0,958,26396,27997760.0,2928.0,7,2927.0,20
rb1805,20170523,20170522,211108500,2928.0,960,26396,28056320.0,2928.0,6,2927.0,20
rb1805,20170523,20170522,211110500,2928.0,960,26396,28056320.0,2928.0,6,2927.0,20
rb1805,20170523,20170522,211114500,2928.0,960,26396,28056320.0,2928.0,6,2927.0,20
rb1805,20170523,20170522,211117000,2928.0,960,26396,28056320.0,2928.0,6,2927.0,20
rb1805,20170523,20170522,211121500,2928.0,972,26384,28407680.0,2929.0,12,2928.0,14
rb1805,20170523,20170522,211122000,2928.0,988,26368,28876160.0,2929.0,12,2928.0,6
rb1805,20170523,20170522,211122500,2928.0,1000,26368,29227520.0,2928.0,6,2925.0,1
rb1805,20170523,20170522,211123000,2928.0,1000,26368,29227520.0,2928.0,2,2925.0,5
rb1805,20170523,20170522,211124000,2928.0,1000,26368,29227520.0,2929.0,12,2925.0,5
rb1805,20170523,20170522,211126000,2928.0,1000,26368,29227520.0,2928.0,2,2925.0,3
rb1805,20170523,20170522,211126500,2928.0,1000,26368,29227520.0,2928.0,3,2925.0,3
rb1805,20170523,20170522,211128000,2928.0,1000,26368,29227520.0,2928.0,3,2925.0,1
rb1805,20170523,20170522,211130000,2928.0,1000,26368,29227520.0,2928.0,3,2925.0,1
rb1805,20170523,20170522,211134000,2928.0,1000,26368,29227520.0,2928.0,3,2925.0,3
rb1805,20170523,20170522,211134500,2928.0,1000,26368,29227520.0,2928.0,3,2925.0,1
rb1805,20170523,20170522,211136000,2928.0,1000,26368,29227520.0,2928.0,3,2925.0,2
rb1805,20170523,20170522,211137000,2928.0,1006,26370,29403200.0,2929.0,12,2928.0,2
rb1805,20170523,20170522,211137500,2928.0,1010,26374,29520320.0,2928.0,1,2925.0,2
rb1805,20170523,20170522,211138000,2928.0,1010,26374,29520320.0,2928.0,4,2925.0,2
rb1805,20170523,20170522,211138500,2928.0,1010,26374,29520320.0,2928.0,4,2925.0,5
rb1805,20170523,20170522,211139000,2928.0,1010,26374,29520320.0,2928.0,4,2925.0,4
rb1805,20170523,20170522,211140000,2928.0,1010,26374,29520320.0,2928.0,4,2925.0,4
rb1805,20170523,20170522,211140500,2928.0,1010,26374,29520320.0,2928.0,4,2925.0,5
rb1805,20170523,20170522,211141500,2928.0,1010,26374,29520320.0,2928.0,4,2925.0,6
rb1805,20170523,20170522,211142000,2928.0,1010,26374,29520320.0,2928.0,4,2925.0,5
rb1805,20170523,20170522,211142500,2928.0,1010,26374,29520320.0,2928.0,4,2925.0,4
rb1805,20170523,20170522,211143000,2928.0,1010,26374,29520320.0,2928.0,4,2926.0,1
rb1805,20170523,20170522,211144000,2928.0,1012,26376,29578880.0,2928.0,3,2926.0,1
rb1805,20170523,20170522,211146000,2928.0,1018,26376,29754560.0,2929.0,19,2928.0,2
rb1805,20170523,20170522,211146500,2928.0,1022,26380,29871680.0,2928.0,3,2926.0,1
rb1805,20170523,20170522,211147000,2928.0,1022,26380,29871680.0,2929.0,19,2926.0,1
rb1805,20170523,20170522,211147500,2928.0,1022,26380,29871680.0,2929.0,19,2926.0,3
rb1805,20170523,20170522,211148500,2928.0,1022,26380,29871680.0,2929.0,19,2926.0,4
rb1805,20170523,20170522,211151000,2928.0,1022,26380,29871680.0,2929.0,19,2926.0,3
rb1805,20170523,20170522,211151500,2928.0,1022,26380,29871680.0,2928.0,1,2926.0,3
rb1805,20170523,20170522,211153500,2928.0,1022,26380,29871680.0,2928.0,1,2926.0,3
rb1805,20170523,20170522,211155000,2928.0,1024,26380,29930240.0,2929.0,19,2926.0,3
rb1805,20170523,20170522,211155500,2928.0,1024,26380,29930240.0,2929.0,19,2926.0,5
rb1805,20170523,20170522,211157000,2929.0,1026,26378,29988820.0,2929.0,18,2926.0,5
rb1805,20170523,20170522,211157500,2929.0,1026,26378,29988820.0,2929.0,23,2928.0,1
rb1805,20170523,20170522,211158000,2929.0,1026,26378,29988820.0,2929.0,23,2928.0,1
rb1805,20170523,20170522,211158500,2929.0,1026,26378,29988820.0,2929.0,23,2928.0,1
rb1805,20170523,20170522,211200000,2929.0,1026,26378,29988820.0,2929.0,23,2928.0,1
rb1805,20170523,20170522,211201000,2929.0,1026,26378,29988820.0,2929.0,23,2928.0,1
rb1805,20170523,20170522,211201500,2929.0,1026,26378,29988820.0,2929.0,23,2928.0,1
rb1805,20170523,20170522,211202500,2929.0,1026,26378,29988820.0,2929.0,23,2928.0,1
rb1805,20170523,20170522,211206500,2929.0,1026,26378,29988820.0,2929.0,23,2928.0,1
rb1805,20170523,20170522,211210500,2929.0,1046,26374,30574620.0,2929.0,13,2928.0,1
rb1805,20170523,20170522,211211500,2929.0,1046,26374,30574620.0,2929.0,13,2928.0,2
rb1805,20170523,20170522,211212000,2929.0,1048,26374,30633200.0,2929.0,12,2928.0,5
rb1805,20170523,20170522,211212500,2929.0,1072,26362,31336160.0,2930.0,14,2929.0,1
rb1805,20170523,20170522,211213000,2929.0,1072,26362,31336160.0,2930.0,14,2929.0,2
rb1805,20170523,20170522,211214500,2929.0,1072,26362,31336160.0,2930.0,14,2929.0,1
rb1805,20170523,20170522,211216000,2929.0,1072,26362,31336160.0,2930.0,14,2929.0,1
rb1805,20170523,20170522,211216500,2929.0,1072,26362,31336160.0,2930.0,14,2929.0,3
rb1805,20170523,20170522,211217500,2930.0,1088,26358,31804960.0,2930.0,6,2929.0,3
rb1805,20170523,20170522,211218000,2930.0,1088,26358,31804960.0,2930.0,6,2929.0,2
rb1805,20170523,20170522,211218500,2930.0,1090,26356,31863560.0,2930.0,5,2929.0,2
rb1805,20170523,20170522,211219500,2930.0,1092,26356,31922160.0,2930.0,4,2929.0,1
rb1805,20170523,20170522,211220000,2930.0,1094,26354,31980760.0,2930.0,3,2929.0,1
rb1805,20170523,20170522,211220500,2930.0,1100,26354,32156560.0,2931.0,7,2929.0,2
rb1805,20170523,20170522,211221000,2930.0,1100,26354,32156560.0,2931.0,7,2930.0,5
rb1805,20170523,20170522,211221500,2930.0,1104,26352,32273780.0,2931.0,6,2930.0,4
rb1805,20170523,20170522,211222000,2930.0,1104,26352,32273780.0,2931.0,6,2930.0,4
rb1805,20170523,20170522,211222500,2930.0,1104,26352,32273780.0,2931.0,6,2930.0,5
rb1805,20170523,20170522,211223000,2931.0,1106,26350,32332400.0,2931.0,5,2930.0,5
rb1805,20170523,20170522,211223500,2931.0,1106,26350,32332400.0,2931.0,5,2930.0,5
rb1805,20170523,20170522,211224000,2930.0,1116,26352,32625400.0,2930.0,7,2929.0,2
rb1805,20170523,20170522,211224500,2930.0,1116,26352,32625400.0,2930.0,4,2928.0,4
rb1805,20170523,20170522,211225000,2930.0,1116,26352,32625400.0,2931.0,5,2928.0,5
rb1805,20170523,20170522,211226000,2930.0,1116,26352,32625400.0,2931.0,5,2928.0,4
rb1805,20170523,20170522,211228000,2931.0,1118,26350,32684020.0,2931.0,4,2928.0,4
rb1805,20170523,20170522,211230500,2931.0,1118,26350,32684020.0,2931.0,4,2929.0,1
rb1805,20170523,20170522,211231000,2931.0,1118,26350,32684020.0,2931.0,5,2929.0,1
rb1805,20170523,20170522,211232000,2931.0,1118,26350,32684020.0,2931.0,5,2929.0,3
rb1805,20170523,20170522,211233000,2929.0,1126,26346,32918340.0,2929.0,1,2928.0,5
rb1805,20170523,20170522,211233500,2929.0,1126,26346,32918340.0,2931.0,5,2929.0,1
rb1805,20170523,20170522,211234000,2929.0,1126,26346,32918340.0,2931.0,5,2928.0,4
rb1805,20170523,20170522,211235000,2931.0,1128,26346,32976960.0,2931.0,4,2928.0,4
rb1805,20170523,20170522,211235500,2931.0,1128,26346,32976960.0,2931.0,4,2928.0,5
rb1805,20170523,20170522,211237500,2931.0,1128,26346,32976960.0,2931.0,4,2929.0,1
rb1805,20170523,20170522,211239500,2931.0,1128,26346,32976960.0,2931.0,4,2929.0,1
rb1805,20170523,20170522,211240500,2931.0,1128,26346,32976960.0,2931.0,4,2929.0,1
rb1805,20170523,20170522,211243500,2931.0,1130,26344,33035580.0,2931.0,3,2929.0,3
rb1805,20170523,20170522,211244500,2931.0,1130,26344,33035580.0,2931.0,2,2929.0,3
rb1805,20170523,20170522,211246000,2931.0,1130,26344,33035580.0,2931.0,2,2929.0,3
rb1805,20170523,20170522,211246500,2931.0,1132,26344,33094200.0,2931.0,1,2929.0,3
rb1805,20170523,20170522,211247500,2931.0,1132,26344,33094200.0,2931.0,1,2929.0,3
rb1805,20170523,20170522,211248000,2929.0,1136,26344,33211360.0,2931.0,3,2929.0,1
rb1805,20170523,20170522,211248500,2929.0,1136,26344,33211360.0,2931.0,3,2928.0,4
rb1805,20170523,20170522,211249500,2929.0,1136,26344,33211360.0,2931.0,3,2928.0,4
rb1805,20170523,20170522,211250000,2929.0,1136,26344,33211360.0,2931.0,3,2928.0,4
rb1805,20170523,20170522,211250500,2929.0,1136,26344,33211360.0,2931.0,3,2928.0,6
rb1805,20170523,20170522,211251000,2929.0,1136,26344,33211360.0,2931.0,3,2930.0,1
rb1805,20170523,20170522,211252000,2931.0,1138,26342,33269980.0,2931.0,2,2930.0,3
rb1805,20170523,20170522,211254500,2931.0,1138,26342,33269980.0,2931.0,2,2930.0,3
rb1805,20170523,20170522,211255000,2931.0,1142,26342,33387220.0,2933.0,22,2931.0,4
rb1805,20170523,20170522,211255500,2931.0,1142,26342,33387220.0,2933.0,22,2931.0,4
rb1805,20170523,20170522,211257000,2931.0,1142,26342,33387220.0,2933.0,23,2931.0,4
rb1805,20170523,20170522,211257500,2931.0,1142,26342,33387220.0,2933.0,23,2931.0,3
rb1805,20170523,20170522,211258000,2931.0,1148,26346,33563080.0,2931.0,3,2930.0,4
rb1805,20170523,20170522,211258500,2931.0,1148,26346,33563080.0,2933.0,23,2931.0,1
rb1805,20170523,20170522,211300500,2931.0,1150,26346,33621700.0,2931.0,1,2930.0,4
rb1805,20170523,20170522,211301500,2931.0,1152,26346,33680320.0,2932.0,1,2930.0,4
rb1805,20170523,20170522,211302000,2931.0,1152,26346,33680320.0,2932.0,1,2930.0,4
rb1805,20170523,20170522,211303000,2931.0,1152,26346,33680320.0,2931.0,2,2930.0,4
rb1805,20170523,20170522,211305000,2931.0,1156,26346,33797560.0,2932.0,1,2931.0,1
rb1805,20170523,20170522,211305500,2932.0,1158,26346,33856200.0,2933.0,23,2931.0,2
rb1805,20170523,20170522,211306000,2933.0,1168,26346,34149500.0,2933.0,18,2931.0,2
rb1805,20170523,20170522,211309000,2933.0,1168,26346,34149500.0,2933.0,18,2931.0,2
rb1805,20170523,20170522,211312000,2933.0,1168,26346,34149500.0,2933.0,18,2931.0,2
rb1805,20170523,20170522,211312500,2933.0,1168,26346,34149500.0,2933.0,18,2931.0,2
rb1805,20170523,20170522,211315500,2933.0,1168,26346,34149500.0,2933.0,18,2931.0,2
rb1805,20170523,20170522,211316500,2933.0,1168,26346,34149500.0,2933.0,18,2930.0,1
rb1805,20170523,20170522,211317000,2933.0,1168,26346,34149500.0,2933.0,18,2930.0,3
rb1805,20170523,20170522,211318000,2933.0,1168,26346,34149500.0,2933.0,18,2931.0,1
rb1805,20170523,20170522,211318500,2933.0,1204,26320,35205380.0,2935.0,1,2933.0,4
rb1805,20170523,20170522,211319000,2933.0,1204,26320,35205380.0,2935.0,1,2933.0,1
rb1805,20170523,20170522,211319500,2933.0,1204,26320,35205380.0,2935.0,1,2933.0,1
rb1805,20170523,20170522,211320000,2934.0,1206,26318,35264060.0,2935.0,1,2933.0,1
rb1805,20170523,20170522,211320500,2931.0,1210,26320,35381340.0,2933.0,1,2931.0,3
rb1805,20170523,20170522,211321000,2931.0,1210,26320,35381340.0,2934.0,1,2933.0,1
rb1805,20170523,20170522,211321500,2933.0,1214,26322,35498660.0,2933.0,6,2931.0,3
rb1805,20170523,20170522,211322000,2933.0,1214,26322,35498660.0,2934.0,1,2933.0,1
rb1805,20170523,20170522,211322500,2933.0,1216,26322,35557320.0,2933.0,6,2931.0,1
rb1805,20170523,20170522,211323000,2933.0,1216,26322,35557320.0,2933.0,5,2931.0,1
rb1805,20170523,20170522,211324500,2933.0,1216,26322,35557320.0,2933.0,5,2930.0,3
rb1805,20170523,20170522,211325000,2933.0,1218,26322,35615980.0,2933.0,4,2930.0,3
rb1805,20170523,20170522,211326500,2933.0,1218,26322,35615980.0,2934.0,1,2930.0,3
rb1805,20170523,20170522,211327000,2934.0,1220,26320,35674660.0,2934.0,2,2930.0,3
rb1805,20170523,20170522,211328000,2934.0,1220,26320,35674660.0,2934.0,2,2931.0,5
rb1805,20170523,20170522,211328500,2934.0,1220,26320,35674660.0,2935.0,3,2931.0,5
rb1805,20170523,20170522,211329000,2934.0,1220,26320,35674660.0,2935.0,4,2931.0,5
rb1805,20170523,20170522,211331000,2934.0,1220,26320,35674660.0,2935.0,5,2931.0,5
rb1805,20170523,20170522,211333000,2934.0,1220,26320,35674660.0,2935.0,6,2931.0,5
rb1805,20170523,20170522,211334500,2934.0,1220,26320,35674660.0,2935.0,6,2931.0,5
rb1805,20170523,20170522,211335000,2934.0,1220,26320,35674660.0,2934.0,1,2931.0,5
rb1805,20170523,20170522,211335500,2934.0,1222,26320,35733340.0,2935.0,6,2931.0,5
rb1805,20170523,20170522,211336000,2934.0,1222,26320,35733340.0,2935.0,5,2931.0,5
rb1805,20170523,20170522,211336500,2934.0,1222,26320,35733340.0,2935.0,5,2931.0,5
rb1805,20170523,20170522,211337000,2934.0,1222,26320,35733340.0,2935.0,6,2931.0,5
rb1805,20170523,20170522,211337500,2934.0,1222,26320,35733340.0,2935.0,6,2931.0,6
rb1805,20170523,20170522,211339500,2934.0,1222,26320,35733340.0,2935.0,5,2932.0,1
rb1805,20170523,20170522,211340000,2934.0,1222,26320,35733340.0,2935.0,4,2932.0,3
rb1805,20170523,20170522,211340500,2934.0,1222,26320,35733340.0,2935.0,4,2932.0,4
rb1805,20170523,20170522,211341000,2934.0,1222,26320,35733340.0,2935.0,55,2932.0,4
rb1805,20170523,20170522,211341500,2934.0,1222,26320,35733340.0,2935.0,54,2932.0,4
rb1805,20170523,20170522,211342000,2934.0,1222,26320,35733340.0,2935.0,55,2932.0,4
rb1805,20170523,20170522,211343000,2934.0,1222,26320,35733340.0,2935.0,55,2932.0,4
rb1805,20170523,20170522,211343500,2934.0,1222,26320,35733340.0,2934.0,1,2932.0,4
rb1805,20170523,20170522,211344000,2934.0,1222,26320,35733340.0,2934.0,1,2932.0,4
rb1805,20170523,20170522,211344500,2934.0,1222,26320,35733340.0,2934.0,2,2932.0,4
rb1805,20170523,20170522,211345000,2934.0,1222,26320,35733340.0,2934.0,2,2932.0,4
rb1805,20170523,20170522,211345500,2934.0,1222,26320,35733340.0,2934.0,1,2932.0,4
rb1805,20170523,20170522,211346000,2934.0,1222,26320,35733340.0,2934.0,1,2932.0,2
rb1805,20170523,20170522,211346500,2934.0,1222,26320,35733340.0,2935.0,54,2932.0,2
rb1805,20170523,20170522,211347000,2934.0,1222,26320,35733340.0,2934.0,1,2932.0,4
rb1805,20170523,20170522,211347500,2932.0,1226,26320,35850620.0,2934.0,1,2932.0,3
rb1805,20170523,20170522,211348000,2932.0,1226,26320,35850620.0,2934.0,1,2933.0,1
rb1805,20170523,20170522,211348500,2932.0,1226,26320,35850620.0,2934.0,1,2932.0,3
rb1805,20170523,20170522,211349000,2932.0,1226,26320,35850620.0,2934.0,1,2932.0,3
rb1805,20170523,20170522,211349500,2932.0,1226,26320,35850620.0,2934.0,1,2933.0,1
rb1805,20170523,20170522,211352000,2932.0,1226,26320,35850620.0,2934.0,1,2933.0,1
rb1805,20170523,20170522,211353000,2933.0,1228,26318,35909280.0,2933.0,4,2932.0,3
rb1805,20170523,20170522,211353500,2933.0,1236,26310,36143920.0,2934.0,2,2933.0,4
rb1805,20170523,20170522,211354000,2933.0,1236,26310,36143920.0,2934.0,2,2933.0,2
rb1805,20170523,20170522,211354500,2934.0,1238,26308,36202600.0,2934.0,1,2933.0,1
rb1805,20170523,20170522,211355000,2934.0,1240,26306,36261280.0,2935.0,52,2933.0,1
rb1805,20170523,20170522,211355500,2934.0,1252,26306,36613360.0,2935.0,52,2934.0,1
rb1805,20170523,20170522,211356000,2934.0,1252,26306,36613360.0,2935.0,52,2933.0,1
rb1805,20170523,20170522,211356500,2934.0,1252,26306,36613360.0,2935.0,53,2933.0,1
rb1805,20170523,20170522,211357500,2934.0,1252,26306,36613360.0,2935.0,53,2933.0,1
rb1805,20170523,20170522,211358500,2934.0,1252,26306,36613360.0,2935.0,53,2933.0,2
rb1805,20170523,20170522,211359000,2934.0,1252,26306,36613360.0,2935.0,53,2933.0,2
rb1805,20170523,20170522,211359500,2934.0,1252,26306,36613360.0,2935.0,53,2934.0,1
rb1805,20170523,20170522,211400000,2934.0,1254,26306,36672040.0,2934.0,11,2933.0,2
rb1805,20170523,20170522,211400500,2934.0,1254,26306,36672040.0,2934.0,5,2933.0,2
rb1805,20170523,20170522,211403000,2934.0,1254,26306,36672040.0,2934.0,6,2933.0,2
rb1805,20170523,20170522,211404500,2933.0,1258,26310,36789360.0,2933.0,10,2932.0,10
rb1805,20170523,20170522,211405000,2933.0,1258,26310,36789360.0,2933.0,6,2932.0,10
rb1805,20170523,20170522,211405500,2933.0,1262,26308,36906680.0,2933.0,4,2932.0,10
rb1805,20170523,20170522,211406000,2932.0,1276,26308,37317160.0,2933.0,5,2932.0,3
rb1805,20170523,20170522,211406500,2932.0,1276,26308,37317160.0,2933.0,5,2932.0,3
rb1805,20170523,20170522,211407000,2932.0,1276,26308,37317160.0,2933.0,5,2932.0,3
rb1805,20170523,20170522,211407500,2932.0,1276,26308,37317160.0,2933.0,5,2932.0,3
rb1805,20170523,20170522,211408000,2932.0,1276,26308,37317160.0,2933.0,5,2932.0,3
rb1805,20170523,20170522,211409000,2932.0,1282,26308,37493080.0,2932.0,4,2931.0,2
rb1805,20170523,20170522,211409500,2932.0,1282,26308,37493080.0,2932.0,4,2931.0,2
rb1805,20170523,20170522,211410500,2932.0,1290,26300,37727640.0,2934.0,2,2931.0,2
rb1805,20170523,20170522,211411000,2932.0,1290,26300,37727640.0,2934.0,4,2931.0,2
rb1805,20170523,20170522,211411500,2932.0,1290,26300,37727640.0,2933.0,1,2931.0,2
rb1805,20170523,20170522,211412000,2932.0,1290,26300,37727640.0,2933.0,1,2931.0,2
rb1805,20170523,20170522,211412500,2933.0,1292,26298,37786300.0,2934.0,5,2931.0,2
rb1805,20170523,20170522,211413000,2933.0,1292,26298,37786300.0,2934.0,5,2931.0,2
rb1805,20170523,20170522,211414000,2933.0,1292,26298,37786300.0,2934.0,5,2931.0,2
rb1805,20170523,20170522,211414500,2933.0,1292,26298,37786300.0,2934.0,5,2933.0,4
rb1805,20170523,20170522,211415000,2933.0,1300,26306,38020940.0,2933.0,10,2931.0,2
rb1805,20170523,20170522,211416500,2933.0,1300,26306,38020940.0,2933.0,11,2931.0,2
rb1805,20170523,20170522,211417500,2933.0,1300,26306,38020940.0,2933.0,11,2931.0,2
rb1805,20170523,20170522,211419000,2933.0,1300,26306,38020940.0,2933.0,6,2931.0,2
rb1805,20170523,20170522,211420000,2933.0,1300,26306,38020940.0,2932.0,1,2931.0,2
rb1805,20170523,20170522,211420500,2933.0,1300,26306,38020940.0,2932.0,1,2931.0,2
rb1805,20170523,20170522,211421000,2933.0,1300,26306,38020940.0,2932.0,1,2931.0,2
rb1805,20170523,20170522,211422000,2933.0,1300,26306,38020940.0,2932.0,1,2931.0,2
rb1805,20170523,20170522,211422500,2933.0,1300,26306,38020940.0,2932.0,2,2931.0,2
rb1805,20170523,20170522,211424500,2933.0,1300,26306,38020940.0,2932.0,4,2931.0,2
rb1805,20170523,20170522,211427500,2932.0,1302,26304,38079580.0,2932.0,3,2931.0,2
rb1805,20170523,20170522,211428000,2932.0,1302,26304,38079580.0,2932.0,1,2931.0,2
rb1805,20170523,20170522,211428500,2932.0,1302,26304,38079580.0,2932.0,2,2931.0,2
rb1805,20170523,20170522,211429000,2932.0,1302,26304,38079580.0,2932.0,2,2931.0,2
rb1805,20170523,20170522,211429500,2932.0,1302,26304,38079580.0,2932.0,2,2931.0,5
rb1805,20170523,20170522,211430500,2932.0,1302,26304,38079580.0,2932.0,2,2931.0,5
rb1805,20170523,20170522,211431000,2932.0,1302,26304,38079580.0,2932.0,2,2931.0,5
rb1805,20170523,20170522,211432000,2932.0,1304,26306,38138220.0,2932.0,1,2931.0,5
rb1805,20170523,20170522,211433000,2931.0,1314,26316,38431320.0,2932.0,1,2928.0,1
rb1805,20170523,20170522,211433500,2928.0,1322,26312,38665560.0,2928.0,1,2927.0,4
rb1805,20170523,20170522,211434000,2928.0,1324,26310,38724120.0,2931.0,2,2929.0,3
rb1805,20170523,20170522,211434500,2928.0,1324,26310,38724120.0,2932.0,3,2929.0,1
rb1805,20170523,20170522,211435000,2928.0,1324,26310,38724120.0,2932.0,4,2929.0,2
rb1805,20170523,20170522,211435500,2928.0,1324,26310,38724120.0,2932.0,5,2928.0,5
rb1805,20170523,20170522,211436000,2928.0,1324,26310,38724120.0,2932.0,5,2928.0,5
rb1805,20170523,20170522,211437000,2928.0,1324,26310,38724120.0,2932.0,6,2928.0,5
rb1805,20170523,20170522,211439500,2928.0,1324,26310,38724120.0,2932.0,6,2929.0,1
rb1805,20170523,20170522,211440000,2928.0,1324,26310,38724120.0,2932.0,7,2929.0,3
rb1805,20170523,20170522,211443500,2928.0,1324,26310,38724120.0,2932.0,7,2929.0,3
rb1805,20170523,20170522,211444500,2932.0,1326,26310,38782760.0,2932.0,6,2929.0,2
rb1805,20170523,20170522,211445000,2932.0,1326,26310,38782760.0,2932.0,6,2928.0,7
rb1805,20170523,20170522,211446000,2932.0,1326,26310,38782760.0,2932.0,5,2928.0,7
rb1805,20170523,20170522,211446500,2932.0,1326,26310,38782760.0,2931.0,1,2928.0,7
rb1805,20170523,20170522,211447000,2932.0,1326,26310,38782760.0,2931.0,3,2928.0,7
rb1805,20170523,20170522,211447500,2932.0,1326,26310,38782760.0,2931.0,2,2928.0,6
rb1805,20170523,20170522,211448000,2932.0,1326,26310,38782760.0,2931.0,2,2929.0,1
rb1805,20170523,20170522,211448500,2932.0,1326,26310,38782760.0,2932.0,5,2929.0,3
rb1805,20170523,20170522,211452500,2932.0,1326,26310,38782760.0,2932.0,5,2929.0,3
rb1805,20170523,20170522,211453000,2932.0,1326,26310,38782760.0,2932.0,5,2929.0,3
rb1805,20170523,20170522,211455500,2932.0,1326,26310,38782760.0,2932.0,6,2929.0,3
rb1805,20170523,20170522,211456500,2932.0,1326,26310,38782760.0,2931.0,5,2929.0,2
rb1805,20170523,20170522,211457000,2932.0,1326,26310,38782760.0,2930.0,1,2929.0,2
rb1805,20170523,20170522,211457500,2930.0,1328,26308,38841360.0,2932.0,5,2930.0,2
rb1805,20170523,20170522,211458000,2930.0,1328,26308,38841360.0,2931.0,5,2929.0,2
rb1805,20170523,20170522,211458500,2930.0,1328,26308,38841360.0,2932.0,7,2929.0,2
rb1805,20170523,20170522,211459000,2930.0,1328,26308,38841360.0,2932.0,7,2929.0,2
rb1805,20170523,20170522,211502500,2930.0,1328,26308,38841360.0,2931.0,1,2929.0,2
rb1805,20170523,20170522,211503000,2930.0,1328,26308,38841360.0,2931.0,3,2929.0,2
rb1805,20170523,20170522,211503500,2929.0,1330,26308,38899940.0,2931.0,3,2929.0,1
rb1805,20170523,20170522,211507500,2929.0,1330,26308,38899940.0,2931.0,2,2929.0,1
rb1805,20170523,20170522,211508000,2929.0,1330,26308,38899940.0,2932.0,6,2929.0,1
rb1805,20170523,20170522,211510500,2929.0,1330,26308,38899940.0,2932.0,6,2931.0,1
rb1805,20170523,20170522,211511000,2929.0,1330,26308,38899940.0,2932.0,5,2931.0,1
rb1805,20170523,20170522,211517000,2932.0,1336,26304,39075860.0,2932.0,2,2931.0,1
rb1805,20170523,20170522,211520500,2932.0,1340,26300,39193140.0,2933.0,4,2931.0,1
rb1805,20170523,20170522,211521000,2932.0,1340,26300,39193140.0,2933.0,4,2931.0,1
rb1805,20170523,20170522,211521500,2933.0,1348,26294,39427780.0,2934.0,1,2931.0,1
rb1805,20170523,20170522,211524000,2933.0,1348,26294,39427780.0,2934.0,1,2931.0,1
rb1805,20170523,20170522,211530500,2933.0,1348,26294,39427780.0,2934.0,1,2931.0,2
rb1805,20170523,20170522,211531500,2933.0,1348,26294,39427780.0,2934.0,1,2931.0,2
rb1805,20170523,20170522,211532500,2933.0,1348,26294,39427780.0,2933.0,1,2931.0,2
rb1805,20170523,20170522,211533000,2933.0,1350,26292,39486440.0,2934.0,1,2931.0,1
rb1805,20170523,20170522,211534500,2934.0,1352,26292,39545120.0,2935.0,51,2931.0,1
rb1805,20170523,20170522,211535000,2934.0,1352,26292,39545120.0,2935.0,51,2932.0,5
rb1805,20170523,20170522,211536000,2934.0,1352,26292,39545120.0,2935.0,51,2932.0,5
rb1805,20170523,20170522,211537500,2934.0,1352,26292,39545120.0,2935.0,51,2933.0,1
rb1805,20170523,20170522,211538000,2934.0,1352,26292,39545120.0,2935.0,51,2933.0,1
rb1805,20170523,20170522,211539000,2935.0,1354,26290,39603820.0,2935.0,50,2933.0,1
rb1805,20170523,20170522,211539500,2935.0,1356,26288,39662520.0,2935.0,49,2933.0,1
rb1805,20170523,20170522,211540000,2935.0,1356,26288,39662520.0,2935.0,49,2933.0,1
rb1805,20170523,20170522,211540500,2935.0,1356,26288,39662520.0,2935.0,49,2934.0,1
rb1805,20170523,20170522,211542500,2935.0,1358,26286,39721220.0,2935.0,48,2934.0,1
rb1805,20170523,20170522,211543500,2935.0,1362,26282,39838620.0,2935.0,46,2934.0,1
rb1805,20170523,20170522,211544000,2935.0,1364,26280,39897320.0,2935.0,45,2934.0,1
rb1805,20170523,20170522,211544500,2935.0,1364,26280,39897320.0,2935.0,45,2934.0,1
rb1805,20170523,20170522,211546500,2935.0,1364,26280,39897320.0,2935.0,45,2934.0,1
rb1805,20170523,20170522,211548500,2935.0,1376,26268,40249520.0,2935.0,39,2934.0,1
rb1805,20170523,20170522,211549000,2935.0,1376,26268,40249520.0,2935.0,39,2934.0,1
rb1805,20170523,20170522,211550000,2935.0,1380,26268,40366920.0,2935.0,37,2934.0,1
rb1805,20170523,20170522,211552000,2935.0,1380,26268,40366920.0,2935.0,37,2933.0,1
rb1805,20170523,20170522,211554000,2935.0,1380,26268,40366920.0,2935.0,37,2933.0,2
rb1805,20170523,20170522,211554500,2935.0,1382,26266,40425620.0,2935.0,36,2933.0,2
rb1805,20170523,20170522,211557500,2935.0,1382,26266,40425620.0,2935.0,36,2933.0,5
rb1805,20170523,20170522,211600500,2935.0,1382,26266,40425620.0,2935.0,36,2933.0,6
rb1805,20170523,20170522,211601500,2935.0,1396,26266,40836520.0,2935.0,29,2933.0,6
rb1805,20170523,20170522,211604500,2935.0,1396,26266,40836520.0,2934.0,1,2933.0,6
rb1805,20170523,20170522,211605000,2934.0,1398,26264,40895200.0,2935.0,29,2933.0,6
rb1805,20170523,20170522,211606000,2935.0,1400,26262,40953900.0,2935.0,28,2933.0,6
rb1805,20170523,20170522,211606500,2933.0,1410,26270,41247200.0,2935.0,28,2933.0,1
rb1805,20170523,20170522,211607000,2933.0,1410,26270,41247200.0,2935.0,28,2933.0,2
rb1805,20170523,20170522,211607500,2933.0,1410,26270,41247200.0,2935.0,28,2933.0,1
rb1805,20170523,20170522,211608000,2935.0,1412,26268,41305900.0,2935.0,27,2933.0,1
rb1805,20170523,20170522,211608500,2935.0,1416,26268,41423300.0,2935.0,25,2933.0,1
rb1805,20170523,20170522,211612000,2935.0,1416,26268,41423300.0,2935.0,25,2933.0,1
rb1805,20170523,20170522,211613000,2935.0,1418,26266,41482000.0,2935.0,24,2933.0,1
rb1805,20170523,20170522,211613500,2935.0,1466,26218,42890800.0,2937.0,3,2934.0,5
rb1805,20170523,20170522,211614000,2934.0,1472,26224,43066840.0,2937.0,3,2934.0,2
rb1805,20170523,20170522,211614500,2934.0,1472,26224,43066840.0,2937.0,3,2934.0,3
rb1805,20170523,20170522,211615000,2934.0,1472,26224,43066840.0,2937.0,3,2934.0,2
rb1805,20170523,20170522,211615500,2934.0,1472,26224,43066840.0,2937.0,3,2933.0,2
rb1805,20170523,20170522,211616000,2934.0,1472,26224,43066840.0,2936.0,3,2933.0,1
rb1805,20170523,20170522,211616500,2934.0,1472,26224,43066840.0,2937.0,3,2936.0,1
rb1805,20170523,20170522,211617000,2936.0,1474,26224,43125560.0,2935.0,10,2933.0,1
rb1805,20170523,20170522,211618000,2936.0,1474,26224,43125560.0,2937.0,3,2933.0,1
rb1805,20170523,20170522,211618500,2936.0,1474,26224,43125560.0,2937.0,3,2933.0,2
rb1805,20170523,20170522,211619500,2936.0,1474,26224,43125560.0,2937.0,3,2933.0,3
rb1805,20170523,20170522,211621000,2936.0,1474,26224,43125560.0,2937.0,5,2933.0,3
rb1805,20170523,20170522,211621500,2936.0,1474,26224,43125560.0,2937.0,4,2933.0,3
rb1805,20170523,20170522,211622500,2936.0,1474,26224,43125560.0,2937.0,5,2933.0,3
rb1805,20170523,20170522,211623500,2937.0,1476,26224,43184300.0,2936.0,1,2933.0,3
rb1805,20170523,20170522,211624000,2937.0,1476,26224,43184300.0,2936.0,1,2933.0,3
rb1805,20170523,20170522,211625500,2933.0,1478,26224,43242960.0,2936.0,2,2933.0,2
rb1805,20170523,20170522,211626000,2933.0,1478,26224,43242960.0,2935.0,3,2933.0,2
rb1805,20170523,20170522,211626500,2935.0,1480,26222,43301660.0,2935.0,2,2933.0,2
rb1805,20170523,20170522,211627000,2935.0,1480,26222,43301660.0,2935.0,2,2933.0,2
rb1805,20170523,20170522,211628500,2935.0,1482,26222,43360360.0,2935.0,1,2933.0,2
rb1805,20170523,20170522,211629000,2935.0,1482,26222,43360360.0,2935.0,6,2933.0,2
rb1805,20170523,20170522,211629500,2935.0,1482,26222,43360360.0,2935.0,6,2933.0,2
rb1805,20170523,20170522,211630000,2935.0,1484,26222,43419060.0,2935.0,4,2933.0,2
rb1805,20170523,20170522,211630500,2935.0,1484,26222,43419060.0,2935.0,4,2934.0,1
rb1805,20170523,20170522,211632000,2935.0,1484,26222,43419060.0,2936.0,2,2934.0,1
rb1805,20170523,20170522,211636000,2935.0,1484,26222,43419060.0,2936.0,2,2935.0,5
rb1805,20170523,20170522,211636500,2935.0,1484,26222,43419060.0,2936.0,2,2935.0,5
rb1805,20170523,20170522,211638000,2935.0,1484,26222,43419060.0,2936.0,2,2935.0,5
rb1805,20170523,20170522,211641000,2935.0,1484,26222,43419060.0,2936.0,2,2935.0,5
rb1805,20170523,20170522,211641500,2935.0,1484,26222,43419060.0,2936.0,2,2935.0,5
rb1805,20170523,20170522,211642000,2936.0,1488,26224,43536500.0,2937.0,7,2936.0,3
rb1805,20170523,20170522,211642500,2936.0,1490,26224,43595220.0,2937.0,7,2936.0,2
rb1805,20170523,20170522,211648000,2937.0,1492,26222,43653960.0,2937.0,6,2936.0,2
rb1805,20170523,20170522,211649000,2936.0,1494,26222,43712680.0,2937.0,6,2936.0,1
rb1805,20170523,20170522,211649500,2936.0,1496,26224,43771400.0,2936.0,10,2935.0,7
rb1805,20170523,20170522,211650000,2936.0,1496,26224,43771400.0,2936.0,10,2935.0,7
rb1805,20170523,20170522,211653500,2936.0,1496,26224,43771400.0,2936.0,15,2935.0,7
rb1805,20170523,20170522,211654000,2936.0,1496,26224,43771400.0,2936.0,15,2935.0,8
rb1805,20170523,20170522,211654500,2935.0,1498,26224,43830100.0,2936.0,15,2935.0,7
rb1805,20170523,20170522,211655500,2936.0,1500,26224,43888820.0,2936.0,14,2935.0,7
rb1805,20170523,20170522,211656000,2936.0,1502,26224,43947540.0,2936.0,13,2935.0,7
rb1805,20170523,20170522,211658500,2936.0,1502,26224,43947540.0,2936.0,13,2935.0,7
rb1805,20170523,20170522,211659000,2936.0,1502,26224,43947540.0,2936.0,13,2935.0,7
rb1805,20170523,20170522,211703500,2936.0,1502,26224,43947540.0,2936.0,13,2935.0,7
rb1805,20170523,20170522,211705000,2936.0,1502,26224,43947540.0,2936.0,13,2935.0,7
rb1805,20170523,20170522,211707500,2936.0,1502,26224,43947540.0,2936.0,14,2935.0,7
rb1805,20170523,20170522,211708000,2936.0,1504,26224,44006260.0,2936.0,13,2935.0,7
rb1805,20170523,20170522,211708500,2936.0,1504,26224,44006260.0,2936.0,13,2935.0,7
rb1805,20170523,20170522,211712500,2936.0,1504,26224,44006260.0,2936.0,13,2935.0,7
rb1805,20170523,20170522,211719000,2936.0,1504,26224,44006260.0,2936.0,13,2935.0,13
rb1805,20170523,20170522,211721000,2936.0,1506,26224,44064980.0,2936.0,12,2935.0,13
rb1805,20170523,20170522,211722500,2936.0,1506,26224,44064980.0,2936.0,17,2935.0,13
rb1805,20170523,20170522,211725500,2936.0,1506,26224,44064980.0,2936.0,17,2935.0,13
rb1805,20170523,20170522,211728000,2936.0,1506,26224,44064980.0,2936.0,17,2935.0,13
rb1805,20170523,20170522,211730500,2935.0,1508,26226,44123680.0,2936.0,17,2935.0,12
rb1805,20170523,20170522,211731500,2935.0,1508,26226,44123680.0,2936.0,17,2935.0,13
rb1805,20170523,20170522,211733500,2935.0,1508,26226,44123680.0,2936.0,17,2935.0,13
rb1805,20170523,20170522,211737500,2935.0,1508,26226,44123680.0,2936.0,17,2935.0,13
rb1805,20170523,20170522,211740000,2935.0,1508,26226,44123680.0,2936.0,18,2935.0,13
rb1805,20170523,20170522,211741000,2936.0,1512,26226,44241100.0,2936.0,17,2935.0,12
rb1805,20170523,20170522,211741500,2936.0,1512,26226,44241100.0,2936.0,17,2935.0,11
rb1805,20170523,20170522,211742000,2935.0,1522,26234,44534600.0,2936.0,17,2935.0,6
rb1805,20170523,20170522,211742500,2935.0,1522,26234,44534600.0,2936.0,18,2935.0,6
rb1805,20170523,20170522,211743500,2935.0,1524,26234,44593300.0,2936.0,18,2935.0,5
rb1805,20170523,20170522,211747000,2936.0,1538,26232,45004340.0,2936.0,11,2935.0,5
rb1805,20170523,20170522,211749500,2935.0,1540,26232,45063040.0,2936.0,11,2935.0,4
rb1805,20170523,20170522,211750500,2935.0,1544,26232,45180440.0,2936.0,11,2935.0,2
rb1805,20170523,20170522,211753500,2935.0,1544,26232,45180440.0,2936.0,11,2935.0,3
rb1805,20170523,20170522,211754500,2935.0,1544,26232,45180440.0,2936.0,11,2935.0,3
rb1805,20170523,20170522,211756000,2935.0,1544,26232,45180440.0,2936.0,11,2935.0,3
rb1805,20170523,20170522,211758000,2935.0,1546,26232,45239140.0,2936.0,11,2935.0,2
rb1805,20170523,20170522,211759000,2935.0,1548,26232,45297840.0,2936.0,11,2935.0,1
rb1805,20170523,20170522,211800500,2936.0,1550,26232,45356560.0,2936.0,10,2935.0,1
rb1805,20170523,20170522,211801000,2935.0,1552,26234,45415260.0,2935.0,4,2933.0,1
rb1805,20170523,20170522,211802500,2936.0,1556,26234,45532700.0,2936.0,9,2933.0,1
rb1805,20170523,20170522,211803000,2936.0,1556,26234,45532700.0,2935.0,5,2933.0,1
rb1805,20170523,20170522,211805500,2936.0,1556,26234,45532700.0,2935.0,5,2933.0,1
rb1805,20170523,20170522,211808000,2936.0,1556,26234,45532700.0,2935.0,5,2933.0,2
rb1805,20170523,20170522,211809500,2935.0,1560,26234,45650100.0,2935.0,3,2933.0,2
rb1805,20170523,20170522,211812000,2935.0,1560,26234,45650100.0,2935.0,3,2933.0,3
rb1805,20170523,20170522,211820000,2935.0,1560,26234,45650100.0,2935.0,3,2933.0,4
rb1805,20170523,20170522,211826500,2935.0,1560,26234,45650100.0,2935.0,8,2933.0,4
rb1805,20170523,20170522,211827500,2935.0,1560,26234,45650100.0,2935.0,7,2933.0,4
rb1805,20170523,20170522,211830500,2935.0,1560,26234,45650100.0,2935.0,7,2933.0,4
rb1805,20170523,20170522,211833000,2933.0,1562,26234,45708760.0,2935.0,7,2933.0,3
rb1805,20170523,20170522,211833500,2933.0,1562,26234,45708760.0,2935.0,7,2933.0,3
rb1805,20170523,20170522,211835500,2933.0,1562,26234,45708760.0,2934.0,5,2933.0,3
rb1805,20170523,20170522,211836000,2934.0,1564,26232,45767440.0,2934.0,4,2933.0,3
rb1805,20170523,20170522,211839500,2934.0,1566,26232,45826120.0,2934.0,3,2933.0,3
rb1805,20170523,20170522,211840000,2933.0,1568,26232,45884780.0,2934.0,3,2933.0,2
rb1805,20170523,20170522,211840500,2934.0,1570,26232,45943460.0,2934.0,2,2933.0,2
rb1805,20170523,20170522,211844500,2934.0,1570,26232,45943460.0,2934.0,2,2933.0,2
rb1805,20170523,20170522,211849500,2934.0,1570,26232,45943460.0,2934.0,2,2933.0,2
rb1805,20170523,20170522,211850000,2933.0,1572,26232,46002120.0,2934.0,2,2933.0,1
rb1805,20170523,20170522,211852000,2933.0,1572,26232,46002120.0,2934.0,2,2933.0,1
rb1805,20170523,20170522,211855500,2933.0,1572,26232,46002120.0,2934.0,3,2933.0,1
rb1805,20170523,20170522,211857500,2933.0,1574,26232,46060780.0,2933.0,3,2931.0,4
rb1805,20170523,20170522,211858000,2933.0,1580,26226,46236760.0,2934.0,1,2933.0,1
rb1805,20170523,20170522,211858500,2933.0,1580,26226,46236760.0,2934.0,1,2932.0,1
rb1805,20170523,20170522,211907000,2933.0,1580,26226,46236760.0,2934.0,1,2932.0,1
rb1805,20170523,20170522,211907500,2933.0,1580,26226,46236760.0,2934.0,1,2931.0,4
rb1805,20170523,20170522,211908500,2933.0,1580,26226,46236760.0,2935.0,4,2931.0,4
rb1805,20170523,20170522,211909000,2933.0,1580,26226,46236760.0,2934.0,2,2931.0,4
rb1805,20170523,20170522,211909500,2933.0,1580,26226,46236760.0,2934.0,2,2931.0,4
rb1805,20170523,20170522,211910000,2933.0,1580,26226,46236760.0,2935.0,4,2931.0,5
rb1805,20170523,20170522,211910500,2933.0,1580,26226,46236760.0,2935.0,4,2933.0,1
rb1805,20170523,20170522,211912000,2933.0,1580,26226,46236760.0,2934.0,1,2933.0,1
rb1805,20170523,20170522,211912500,2934.0,1582,26224,46295440.0,2935.0,4,2933.0,1
rb1805,20170523,20170522,211914000,2934.0,1582,26224,46295440.0,2935.0,4,2933.0,1
rb1805,20170523,20170522,211917500,2935.0,1584,26222,46354140.0,2935.0,3,2933.0,1
rb1805,20170523,20170522,211918500,2935.0,1584,26222,46354140.0,2935.0,3,2933.0,2
rb1805,20170523,20170522,211919000,2935.0,1584,26222,46354140.0,2935.0,4,2933.0,2
rb1805,20170523,20170522,211920000,2935.0,1584,26222,46354140.0,2935.0,4,2933.0,1
rb1805,20170523,20170522,211920500,2935.0,1584,26222,46354140.0,2935.0,4,2933.0,1
rb1805,20170523,20170522,211924500,2935.0,1584,26222,46354140.0,2935.0,4,2933.0,1
rb1805,20170523,20170522,211925500,2935.0,1586,26222,46412840.0,2935.0,3,2933.0,1
rb1805,20170523,20170522,211930500,2935.0,1586,26222,46412840.0,2935.0,3,2933.0,1
rb1805,20170523,20170522,211933000,2933.0,1588,26224,46471500.0,2935.0,3,2932.0,1
rb1805,20170523,20170522,211936000,2933.0,1588,26224,46471500.0,2935.0,3,2932.0,1
rb1805,20170523,20170522,211939500,2933.0,1588,26224,46471500.0,2935.0,3,2932.0,1
rb1805,20170523,20170522,211940000,2933.0,1588,26224,46471500.0,2935.0,3,2932.0,1
rb1805,20170523,20170522,211941000,2933.0,1588,26224,46471500.0,2935.0,5,2932.0,1
rb1805,20170523,20170522,211943500,2933.0,1588,26224,46471500.0,2935.0,5,2932.0,1
rb1805,20170523,20170522,211945000,2932.0,1590,26224,46530140.0,2935.0,5,2931.0,4
rb1805,20170523,20170522,211947500,2932.0,1590,26224,46530140.0,2935.0,5,2931.0,5
rb1805,20170523,20170522,211949000,2932.0,1590,26224,46530140.0,2935.0,5,2931.0,5
rb1805,20170523,20170522,211950000,2932.0,1590,26224,46530140.0,2935.0,5,2931.0,6
rb1805,20170523,20170522,211951000,2935.0,1592,26224,46588840.0,2935.0,4,2931.0,5
rb1805,20170523,20170522,211951500,2935.0,1592,26224,46588840.0,2935.0,4,2931.0,5
rb1805,20170523,20170522,211952500,2935.0,1592,26224,46588840.0,2935.0,4,2931.0,6
rb1805,20170523,20170522,211953000,2931.0,1602,26224,46881940.0,2930.0,95,2929.0,2
rb1805,20170523,20170522,211953500,2930.0,1688,26174,49401740.0,2930.0,52,2929.0,2
rb1805,20170523,20170522,211954000,2930.0,1792,26110,52448940.0,2931.0,3,2930.0,1
rb1805,20170523,20170522,211954500,2931.0,1798,26106,52624800.0,2935.0,4,2930.0,2
rb1805,20170523,20170522,211955000,2931.0,1798,26106,52624800.0,2934.0,1,2931.0,1
rb1805,20170523,20170522,211955500,2934.0,1800,26104,52683480.0,2934.0,2,2931.0,2
rb1805,20170523,20170522,211956500,2934.0,1800,26104,52683480.0,2934.0,2,2931.0,2
rb1805,20170523,20170522,211958500,2934.0,1800,26104,52683480.0,2934.0,1,2931.0,2
rb1805,20170523,20170522,212000500,2934.0,1800,26104,52683480.0,2933.0,1,2931.0,2
rb1805,20170523,20170522,212001000,2934.0,1800,26104,52683480.0,2933.0,1,2931.0,2
rb1805,20170523,20170522,212001500,2934.0,1800,26104,52683480.0,2934.0,1,2931.0,2
rb1805,20170523,20170522,212002000,2931.0,1804,26106,52800720.0,2934.0,2,2930.0,2
rb1805,20170523,20170522,212004000,2931.0,1804,26106,52800720.0,2933.0,1,2930.0,2
rb1805,20170523,20170522,212004500,2933.0,1806,26104,52859380.0,2934.0,1,2930.0,7
rb1805,20170523,20170522,212005000,2933.0,1806,26104,52859380.0,2934.0,2,2930.0,8
rb1805,20170523,20170522,212007000,2933.0,1806,26104,52859380.0,2934.0,2,2931.0,5
rb1805,20170523,20170522,212007500,2931.0,1816,26104,53152480.0,2931.0,5,2930.0,8
rb1805,20170523,20170522,212008000,2931.0,1816,26104,53152480.0,2934.0,2,2930.0,8
rb1805,20170523,20170522,212008500,2931.0,1816,26104,53152480.0,2933.0,1,2930.0,8
rb1805,20170523,20170522,212009000,2931.0,1816,26104,53152480.0,2932.0,2,2930.0,8
rb1805,20170523,20170522,212011000,2931.0,1816,26104,53152480.0,2932.0,2,2930.0,8
rb1805,20170523,20170522,212012000,2932.0,1820,26104,53269760.0,2933.0,1,2930.0,8
rb1805,20170523,20170522,212013000,2930.0,1830,26098,53562760.0,2933.0,2,2930.0,3
rb1805,20170523,20170522,212013500,2930.0,1830,26098,53562760.0,2932.0,10,2930.0,3
rb1805,20170523,20170522,212014000,2930.0,1830,26098,53562760.0,2932.0,10,2930.0,3
rb1805,20170523,20170522,212014500,2930.0,1830,26098,53562760.0,2932.0,11,2930.0,3
rb1805,20170523,20170522,212016000,2930.0,1830,26098,53562760.0,2932.0,1,2930.0,3
rb1805,20170523,20170522,212016500,2930.0,1830,26098,53562760.0,2932.0,1,2930.0,5
rb1805,20170523,20170522,212017500,2930.0,1830,26098,53562760.0,2933.0,1,2930.0,5
rb1805,20170523,20170522,212018500,2930.0,1830,26098,53562760.0,2933.0,2,2930.0,5
rb1805,20170523,20170522,212020000,2930.0,1830,26098,53562760.0,2933.0,2,2930.0,5
rb1805,20170523,20170522,212021000,2930.0,1830,26098,53562760.0,2933.0,1,2930.0,5
rb1805,20170523,20170522,212021500,2930.0,1830,26098,53562760.0,2931.0,1,2930.0,5
rb1805,20170523,20170522,212022000,2930.0,1830,26098,53562760.0,2931.0,1,2930.0,5
rb1805,20170523,20170522,212022500,2930.0,1830,26098,53562760.0,2931.0,2,2930.0,5
rb1805,20170523,20170522,212023000,2930.0,1830,26098,53562760.0,2931.0,2,2930.0,6
rb1805,20170523,20170522,212023500,2930.0,1830,26098,53562760.0,2931.0,2,2930.0,16
rb1805,20170523,20170522,212024000,2930.0,1862,26094,54500360.0,2930.0,14,2929.0,3
rb1805,20170523,20170522,212024500,2930.0,1882,26074,55086360.0,2930.0,4,2929.0,3
rb1805,20170523,20170522,212027500,2929.0,1888,26070,55262100.0,2929.0,2,2928.0,1
rb1805,20170523,20170522,212028000,2929.0,1888,26070,55262100.0,2930.0,4,2928.0,1
rb1805,20170523,20170522,212029500,2930.0,1896,26070,55496500.0,2931.0,2,2930.0,1
rb1805,20170523,20170522,212030000,2930.0,1898,26070,55555100.0,2930.0,1,2928.0,1
rb1805,20170523,20170522,212030500,2930.0,1898,26070,55555100.0,2931.0,2,2928.0,1
rb1805,20170523,20170522,212034000,2931.0,1902,26070,55672340.0,2935.0,3,2931.0,98
rb1805,20170523,20170522,212034500,2931.0,1920,26070,56199920.0,2932.0,6,2931.0,89
rb1805,20170523,20170522,212035000,2931.0,1920,26070,56199920.0,2932.0,6,2931.0,89
rb1805,20170523,20170522,212036000,2931.0,1922,26072,56258540.0,2932.0,6,2931.0,88
