instrument,tradingday,calendarday,time,lastp,volume,openinterest,turnover,ask1,asksz1,bid1,bidsz1
rb1805,20170623,20170622,190010500,2826.0,0,77942,0.0,0.0,0,0.0,0
rb1805,20170623,20170622,205900500,2835.0,34,77920,963900.0,2837.0,3,2835.0,6
rb1805,20170623,20170622,210000500,2837.0,42,77916,1190780.0,2837.0,2,2835.0,4
rb1805,20170623,20170622,210001000,2836.0,44,77914,1247500.0,2837.0,2,2835.0,4
rb1805,20170623,20170622,210001500,2835.0,52,77914,1474300.0,2835.0,2,2831.0,5
rb1805,20170623,20170622,210002000,2835.0,52,77914,1474300.0,2835.0,2,2831.0,5
rb1805,20170623,20170622,210002500,2835.0,52,77914,1474300.0,2835.0,2,2831.0,5
rb1805,20170623,20170622,210004000,2835.0,52,77914,1474300.0,2835.0,4,2831.0,5
rb1805,20170623,20170622,210004500,2835.0,52,77914,1474300.0,2835.0,4,2831.0,5
rb1805,20170623,20170622,210005000,2835.0,52,77914,1474300.0,2835.0,4,2831.0,5
rb1805,20170623,20170622,210005500,2831.0,54,77914,1530920.0,2835.0,4,2831.0,4
rb1805,20170623,20170622,210006500,2831.0,54,77914,1530920.0,2835.0,5,2831.0,4
rb1805,20170623,20170622,210007000,2831.0,62,77922,1757400.0,2835.0,5,2830.0,1
rb1805,20170623,20170622,210007500,2831.0,62,77922,1757400.0,2835.0,5,2830.0,1
rb1805,20170623,20170622,210008000,2831.0,62,77922,1757400.0,2835.0,4,2831.0,1
rb1805,20170623,20170622,210008500,2831.0,62,77922,1757400.0,2835.0,4,2831.0,1
rb1805,20170623,20170622,210009000,2831.0,62,77922,1757400.0,2835.0,4,2831.0,1
rb1805,20170623,20170622,210009500,2831.0,64,77924,1814020.0,2834.0,1,2830.0,1
rb1805,20170623,20170622,210010000,2831.0,66,77924,1870640.0,2834.0,1,2830.0,1
rb1805,20170623,20170622,210010500,2831.0,66,77924,1870640.0,2831.0,2,2830.0,1
rb1805,20170623,20170622,210011000,2831.0,70,77924,1983880.0,2835.0,4,2831.0,2
rb1805,20170623,20170622,210011500,2830.0,72,77926,2040480.0,2830.0,1,2829.0,1
rb1805,20170623,20170622,210012000,2830.0,78,77928,2210280.0,2835.0,4,2830.0,3
rb1805,20170623,20170622,210012500,2830.0,78,77928,2210280.0,2835.0,4,2829.0,1
rb1805,20170623,20170622,210013000,2830.0,78,77928,2210280.0,2835.0,4,2830.0,1
rb1805,20170623,20170622,210013500,2830.0,78,77928,2210280.0,2835.0,4,2831.0,1
rb1805,20170623,20170622,210014000,2830.0,78,77928,2210280.0,2835.0,4,2831.0,1
rb1805,20170623,20170622,210014500,2830.0,78,77928,2210280.0,2834.0,1,2831.0,4
rb1805,20170623,20170622,210015000,2834.0,80,77930,2266960.0,2835.0,4,2831.0,4
rb1805,20170623,20170622,210015500,2834.0,80,77930,2266960.0,2835.0,4,2831.0,4
rb1805,20170623,20170622,210016500,2834.0,80,77930,2266960.0,2835.0,4,2831.0,4
rb1805,20170623,20170622,210017000,2834.0,80,77930,2266960.0,2835.0,4,2831.0,4
rb1805,20170623,20170622,210017500,2834.0,80,77930,2266960.0,2834.0,2,2831.0,4
rb1805,20170623,20170622,210018000,2834.0,80,77930,2266960.0,2834.0,2,2831.0,4
rb1805,20170623,20170622,210018500,2834.0,80,77930,2266960.0,2833.0,2,2831.0,4
rb1805,20170623,20170622,210019000,2833.0,84,77934,2380280.0,2834.0,4,2831.0,4
rb1805,20170623,20170622,210019500,2834.0,86,77934,2436960.0,2834.0,3,2831.0,4
rb1805,20170623,20170622,210020000,2834.0,86,77934,2436960.0,2834.0,3,2832.0,2
rb1805,20170623,20170622,210020500,2834.0,86,77934,2436960.0,2834.0,3,2832.0,5
rb1805,20170623,20170622,210021000,2834.0,86,77934,2436960.0,2834.0,3,2832.0,5
rb1805,20170623,20170622,210021500,2834.0,86,77934,2436960.0,2834.0,3,2832.0,5
rb1805,20170623,20170622,210022000,2834.0,86,77934,2436960.0,2834.0,3,2832.0,5
rb1805,20170623,20170622,210022500,2834.0,86,77934,2436960.0,2834.0,3,2832.0,5
rb1805,20170623,20170622,210023000,2834.0,86,77934,2436960.0,2834.0,3,2832.0,5
rb1805,20170623,20170622,210023500,2834.0,86,77934,2436960.0,2834.0,3,2832.0,5
rb1805,20170623,20170622,210024000,2832.0,90,77930,2550240.0,2834.0,3,2832.0,3
rb1805,20170623,20170622,210024500,2832.0,90,77930,2550240.0,2834.0,4,2832.0,4
rb1805,20170623,20170622,210025000,2832.0,90,77930,2550240.0,2834.0,4,2832.0,3
rb1805,20170623,20170622,210025500,2832.0,90,77930,2550240.0,2834.0,4,2832.0,4
rb1805,20170623,20170622,210026000,2832.0,90,77930,2550240.0,2834.0,4,2832.0,4
rb1805,20170623,20170622,210026500,2832.0,90,77930,2550240.0,2834.0,4,2832.0,5
rb1805,20170623,20170622,210027000,2832.0,90,77930,2550240.0,2834.0,4,2832.0,6
rb1805,20170623,20170622,210027500,2832.0,90,77930,2550240.0,2834.0,4,2832.0,5
rb1805,20170623,20170622,210028500,2832.0,92,77928,2606880.0,2834.0,4,2832.0,4
rb1805,20170623,20170622,210029500,2832.0,94,77928,2663520.0,2834.0,4,2832.0,3
rb1805,20170623,20170622,210030000,2832.0,94,77928,2663520.0,2834.0,4,2832.0,3
rb1805,20170623,20170622,210030500,2832.0,94,77928,2663520.0,2834.0,4,2832.0,3
rb1805,20170623,20170622,210031000,2832.0,94,77928,2663520.0,2834.0,4,2832.0,3
rb1805,20170623,20170622,210031500,2832.0,94,77928,2663520.0,2834.0,3,2832.0,3
rb1805,20170623,20170622,210032000,2832.0,94,77928,2663520.0,2834.0,3,2832.0,3
rb1805,20170623,20170622,210033000,2832.0,96,77926,2720160.0,2834.0,3,2832.0,2
rb1805,20170623,20170622,210033500,2834.0,98,77926,2776840.0,2834.0,2,2832.0,5
rb1805,20170623,20170622,210034000,2834.0,98,77926,2776840.0,2834.0,2,2832.0,5
rb1805,20170623,20170622,210035000,2834.0,98,77926,2776840.0,2834.0,2,2832.0,5
rb1805,20170623,20170622,210035500,2832.0,102,77926,2890120.0,2832.0,1,2831.0,4
rb1805,20170623,20170622,210036000,2832.0,102,77926,2890120.0,2834.0,2,2832.0,1
rb1805,20170623,20170622,210036500,2832.0,104,77926,2946760.0,2832.0,1,2831.0,4
rb1805,20170623,20170622,210037000,2832.0,104,77926,2946760.0,2833.0,2,2831.0,4
rb1805,20170623,20170622,210037500,2832.0,104,77926,2946760.0,2833.0,2,2832.0,3
rb1805,20170623,20170622,210038000,2832.0,104,77926,2946760.0,2833.0,3,2832.0,3
rb1805,20170623,20170622,210038500,2832.0,104,77926,2946760.0,2833.0,3,2832.0,3
rb1805,20170623,20170622,210039000,2832.0,104,77926,2946760.0,2833.0,3,2832.0,3
rb1805,20170623,20170622,210039500,2832.0,104,77926,2946760.0,2833.0,3,2831.0,5
rb1805,20170623,20170622,210040000,2832.0,104,77926,2946760.0,2833.0,3,2831.0,8
rb1805,20170623,20170622,210040500,2832.0,104,77926,2946760.0,2833.0,3,2831.0,8
rb1805,20170623,20170622,210041000,2831.0,108,77930,3060000.0,2833.0,3,2831.0,6
rb1805,20170623,20170622,210043000,2831.0,108,77930,3060000.0,2833.0,3,2831.0,21
rb1805,20170623,20170622,210043500,2831.0,108,77930,3060000.0,2833.0,3,2831.0,21
rb1805,20170623,20170622,210044000,2831.0,108,77930,3060000.0,2833.0,1,2831.0,21
rb1805,20170623,20170622,210045000,2831.0,108,77930,3060000.0,2833.0,2,2831.0,21
rb1805,20170623,20170622,210045500,2831.0,108,77930,3060000.0,2833.0,2,2831.0,18
rb1805,20170623,20170622,210046000,2831.0,108,77930,3060000.0,2833.0,2,2831.0,21
rb1805,20170623,20170622,210047500,2831.0,108,77930,3060000.0,2833.0,2,2831.0,18
rb1805,20170623,20170622,210048000,2831.0,108,77930,3060000.0,2833.0,2,2831.0,18
rb1805,20170623,20170622,210048500,2831.0,108,77930,3060000.0,2833.0,2,2831.0,21
rb1805,20170623,20170622,210049000,2831.0,108,77930,3060000.0,2833.0,2,2831.0,21
rb1805,20170623,20170622,210049500,2831.0,108,77930,3060000.0,2833.0,3,2831.0,21
rb1805,20170623,20170622,210050000,2831.0,108,77930,3060000.0,2833.0,2,2831.0,18
rb1805,20170623,20170622,210050500,2831.0,108,77930,3060000.0,2833.0,2,2831.0,21
rb1805,20170623,20170622,210051500,2831.0,108,77930,3060000.0,2833.0,2,2831.0,18
rb1805,20170623,20170622,210052500,2831.0,108,77930,3060000.0,2833.0,2,2831.0,21
rb1805,20170623,20170622,210053000,2833.0,112,77928,3173320.0,2834.0,2,2831.0,21
rb1805,20170623,20170622,210053500,2833.0,112,77928,3173320.0,2834.0,3,2833.0,1
rb1805,20170623,20170622,210054000,2833.0,114,77928,3229980.0,2833.0,3,2831.0,18
rb1805,20170623,20170622,210054500,2833.0,114,77928,3229980.0,2834.0,3,2831.0,21
rb1805,20170623,20170622,210055500,2833.0,114,77928,3229980.0,2834.0,3,2833.0,1
rb1805,20170623,20170622,210056000,2833.0,116,77928,3286640.0,2833.0,2,2831.0,18
rb1805,20170623,20170622,210056500,2833.0,116,77928,3286640.0,2834.0,3,2832.0,3
rb1805,20170623,20170622,210057000,2833.0,116,77928,3286640.0,2833.0,1,2831.0,19
rb1805,20170623,20170622,210057500,2833.0,116,77928,3286640.0,2833.0,1,2831.0,22
rb1805,20170623,20170622,210058000,2833.0,116,77928,3286640.0,2833.0,1,2831.0,22
rb1805,20170623,20170622,210058500,2833.0,116,77928,3286640.0,2833.0,4,2831.0,22
rb1805,20170623,20170622,210059500,2833.0,116,77928,3286640.0,2833.0,4,2831.0,24
rb1805,20170623,20170622,210100000,2833.0,116,77928,3286640.0,2833.0,4,2831.0,24
rb1805,20170623,20170622,210100500,2833.0,116,77928,3286640.0,2833.0,4,2831.0,24
rb1805,20170623,20170622,210101500,2833.0,116,77928,3286640.0,2833.0,4,2831.0,29
rb1805,20170623,20170622,210102000,2833.0,118,77928,3343300.0,2833.0,8,2831.0,21
rb1805,20170623,20170622,210103500,2833.0,118,77928,3343300.0,2833.0,8,2831.0,21
rb1805,20170623,20170622,210104000,2833.0,118,77928,3343300.0,2833.0,8,2831.0,29
rb1805,20170623,20170622,210104500,2833.0,118,77928,3343300.0,2833.0,8,2831.0,21
rb1805,20170623,20170622,210105500,2833.0,118,77928,3343300.0,2833.0,3,2831.0,29
rb1805,20170623,20170622,210106500,2833.0,118,77928,3343300.0,2833.0,3,2831.0,30
rb1805,20170623,20170622,210107500,2833.0,118,77928,3343300.0,2833.0,3,2831.0,31
rb1805,20170623,20170622,210108000,2833.0,120,77930,3399960.0,2833.0,2,2831.0,31
rb1805,20170623,20170622,210108500,2833.0,120,77930,3399960.0,2833.0,2,2831.0,31
rb1805,20170623,20170622,210109000,2833.0,120,77930,3399960.0,2833.0,2,2831.0,31
rb1805,20170623,20170622,210110500,2831.0,128,77932,3626480.0,2833.0,1,2832.0,1
rb1805,20170623,20170622,210111000,2833.0,130,77934,3683140.0,2834.0,5,2833.0,14
rb1805,20170623,20170622,210111500,2833.0,158,77960,4476380.0,2834.0,5,2832.0,1
rb1805,20170623,20170622,210112000,2833.0,158,77960,4476380.0,2834.0,5,2832.0,1
rb1805,20170623,20170622,210112500,2833.0,158,77960,4476380.0,2834.0,5,2833.0,3
rb1805,20170623,20170622,210113000,2833.0,158,77960,4476380.0,2834.0,5,2833.0,2
rb1805,20170623,20170622,210113500,2833.0,162,77964,4589700.0,2834.0,5,2832.0,6
rb1805,20170623,20170622,210114000,2833.0,162,77964,4589700.0,2834.0,5,2832.0,9
rb1805,20170623,20170622,210114500,2833.0,162,77964,4589700.0,2834.0,5,2832.0,10
rb1805,20170623,20170622,210115000,2833.0,162,77964,4589700.0,2833.0,3,2832.0,10
rb1805,20170623,20170622,210115500,2833.0,162,77964,4589700.0,2833.0,3,2832.0,10
rb1805,20170623,20170622,210116500,2833.0,162,77964,4589700.0,2833.0,3,2832.0,10
rb1805,20170623,20170622,210117000,2832.0,164,77966,4646340.0,2833.0,3,2832.0,9
rb1805,20170623,20170622,210119000,2832.0,164,77966,4646340.0,2833.0,3,2832.0,9
rb1805,20170623,20170622,210119500,2833.0,166,77968,4703000.0,2833.0,2,2832.0,4
rb1805,20170623,20170622,210120000,2833.0,168,77970,4759660.0,2833.0,1,2832.0,4
rb1805,20170623,20170622,210122000,2833.0,170,77972,4816320.0,2834.0,5,2833.0,4
rb1805,20170623,20170622,210122500,2833.0,170,77972,4816320.0,2834.0,5,2833.0,7
rb1805,20170623,20170622,210123000,2833.0,170,77972,4816320.0,2834.0,5,2833.0,7
rb1805,20170623,20170622,210124500,2833.0,170,77972,4816320.0,2834.0,5,2833.0,8
rb1805,20170623,20170622,210125500,2833.0,170,77972,4816320.0,2834.0,5,2833.0,8
rb1805,20170623,20170622,210126000,2833.0,172,77972,4872980.0,2834.0,5,2833.0,7
rb1805,20170623,20170622,210127000,2833.0,172,77972,4872980.0,2834.0,5,2833.0,7
rb1805,20170623,20170622,210128500,2833.0,172,77972,4872980.0,2834.0,5,2833.0,12
rb1805,20170623,20170622,210129000,2833.0,172,77972,4872980.0,2834.0,5,2833.0,12
rb1805,20170623,20170622,210130000,2834.0,176,77972,4986340.0,2834.0,3,2833.0,13
rb1805,20170623,20170622,210130500,2834.0,176,77972,4986340.0,2834.0,3,2833.0,13
rb1805,20170623,20170622,210132000,2834.0,180,77972,5099700.0,2834.0,1,2833.0,13
rb1805,20170623,20170622,210132500,2834.0,182,77972,5156380.0,2835.0,1,2834.0,1
rb1805,20170623,20170622,210133000,2835.0,188,77968,5326480.0,2837.0,3,2833.0,10
rb1805,20170623,20170622,210133500,2835.0,188,77968,5326480.0,2837.0,8,2833.0,11
rb1805,20170623,20170622,210135500,2835.0,188,77968,5326480.0,2837.0,8,2833.0,14
rb1805,20170623,20170622,210136000,2835.0,188,77968,5326480.0,2837.0,8,2833.0,14
rb1805,20170623,20170622,210136500,2835.0,188,77968,5326480.0,2837.0,10,2834.0,2
rb1805,20170623,20170622,210137000,2835.0,188,77968,5326480.0,2836.0,2,2834.0,7
rb1805,20170623,20170622,210138000,2835.0,188,77968,5326480.0,2836.0,2,2835.0,2
rb1805,20170623,20170622,210138500,2835.0,188,77968,5326480.0,2836.0,2,2835.0,2
rb1805,20170623,20170622,210139000,2836.0,192,77968,5439920.0,2837.0,10,2835.0,2
rb1805,20170623,20170622,210139500,2836.0,192,77968,5439920.0,2837.0,10,2836.0,5
rb1805,20170623,20170622,210140000,2836.0,194,77968,5496640.0,2837.0,5,2836.0,4
rb1805,20170623,20170622,210140500,2836.0,194,77968,5496640.0,2837.0,5,2836.0,6
rb1805,20170623,20170622,210141000,2836.0,194,77968,5496640.0,2837.0,5,2836.0,11
rb1805,20170623,20170622,210142000,2836.0,194,77968,5496640.0,2837.0,5,2836.0,6
rb1805,20170623,20170622,210142500,2837.0,198,77968,5610120.0,2837.0,3,2836.0,7
rb1805,20170623,20170622,210143000,2837.0,198,77968,5610120.0,2837.0,3,2836.0,7
rb1805,20170623,20170622,210143500,2836.0,222,77968,6290760.0,2836.0,8,2835.0,2
rb1805,20170623,20170622,210144000,2836.0,236,77968,6687800.0,2836.0,1,2835.0,5
rb1805,20170623,20170622,210144500,2836.0,236,77968,6687800.0,2836.0,1,2835.0,5
rb1805,20170623,20170622,210145000,2836.0,236,77968,6687800.0,2836.0,2,2835.0,2
rb1805,20170623,20170622,210146000,2836.0,244,77972,6914680.0,2837.0,3,2836.0,6
rb1805,20170623,20170622,210148000,2836.0,244,77972,6914680.0,2837.0,3,2836.0,7
rb1805,20170623,20170622,210148500,2837.0,248,77972,7028160.0,2837.0,1,2836.0,7
rb1805,20170623,20170622,210149500,2837.0,250,77972,7084900.0,2838.0,4,2837.0,1
rb1805,20170623,20170622,210150000,2837.0,252,77974,7141640.0,2837.0,1,2836.0,7
rb1805,20170623,20170622,210150500,2837.0,252,77974,7141640.0,2838.0,4,2836.0,7
rb1805,20170623,20170622,210151500,2837.0,252,77974,7141640.0,2838.0,4,2836.0,7
rb1805,20170623,20170622,210152000,2837.0,252,77974,7141640.0,2838.0,11,2836.0,7
rb1805,20170623,20170622,210152500,2837.0,252,77974,7141640.0,2838.0,11,2837.0,2
rb1805,20170623,20170622,210153000,2837.0,256,77976,7255120.0,2837.0,3,2836.0,7
rb1805,20170623,20170622,210153500,2837.0,256,77976,7255120.0,2838.0,11,2836.0,7
rb1805,20170623,20170622,210154000,2837.0,256,77976,7255120.0,2838.0,9,2836.0,7
rb1805,20170623,20170622,210154500,2837.0,256,77976,7255120.0,2837.0,2,2836.0,7
rb1805,20170623,20170622,210156000,2837.0,256,77976,7255120.0,2837.0,2,2836.0,7
rb1805,20170623,20170622,210157500,2837.0,256,77976,7255120.0,2837.0,2,2836.0,7
rb1805,20170623,20170622,210159000,2837.0,256,77976,7255120.0,2837.0,2,2836.0,8
rb1805,20170623,20170622,210200500,2837.0,256,77976,7255120.0,2837.0,3,2836.0,8
rb1805,20170623,20170622,210202500,2837.0,256,77976,7255120.0,2837.0,3,2836.0,8
rb1805,20170623,20170622,210203000,2837.0,258,77976,7311860.0,2837.0,2,2836.0,8
rb1805,20170623,20170622,210204000,2837.0,258,77976,7311860.0,2837.0,2,2836.0,8
rb1805,20170623,20170622,210204500,2837.0,258,77976,7311860.0,2837.0,2,2836.0,8
rb1805,20170623,20170622,210205000,2836.0,262,77980,7425300.0,2837.0,2,2836.0,6
rb1805,20170623,20170622,210206000,2836.0,262,77980,7425300.0,2837.0,3,2836.0,6
rb1805,20170623,20170622,210206500,2836.0,262,77980,7425300.0,2837.0,3,2836.0,6
rb1805,20170623,20170622,210207000,2836.0,262,77980,7425300.0,2837.0,3,2836.0,6
rb1805,20170623,20170622,210208000,2836.0,262,77980,7425300.0,2837.0,3,2836.0,6
rb1805,20170623,20170622,210210000,2837.0,266,77980,7538780.0,2837.0,1,2836.0,6
rb1805,20170623,20170622,210210500,2837.0,266,77980,7538780.0,2837.0,6,2836.0,6
rb1805,20170623,20170622,210211000,2837.0,266,77980,7538780.0,2837.0,6,2836.0,6
rb1805,20170623,20170622,210211500,2837.0,266,77980,7538780.0,2837.0,1,2836.0,6
rb1805,20170623,20170622,210212000,2837.0,266,77980,7538780.0,2837.0,1,2836.0,6
rb1805,20170623,20170622,210212500,2836.0,268,77980,7595500.0,2837.0,1,2836.0,1
rb1805,20170623,20170622,210213000,2836.0,268,77980,7595500.0,2837.0,2,2836.0,2
rb1805,20170623,20170622,210213500,2836.0,268,77980,7595500.0,2837.0,7,2836.0,3
rb1805,20170623,20170622,210214000,2837.0,270,77980,7652240.0,2837.0,7,2836.0,4
rb1805,20170623,20170622,210214500,2836.0,278,77988,7879120.0,2837.0,7,2834.0,5
rb1805,20170623,20170622,210215000,2836.0,278,77988,7879120.0,2837.0,7,2835.0,6
rb1805,20170623,20170622,210218000,2836.0,278,77988,7879120.0,2837.0,7,2835.0,6
rb1805,20170623,20170622,210218500,2836.0,278,77988,7879120.0,2837.0,5,2835.0,6
rb1805,20170623,20170622,210219500,2837.0,286,77988,8106060.0,2837.0,2,2835.0,6
rb1805,20170623,20170622,210220500,2837.0,286,77988,8106060.0,2837.0,2,2835.0,6
rb1805,20170623,20170622,210222000,2835.0,298,77976,8446260.0,2835.0,2,2834.0,6
rb1805,20170623,20170622,210222500,2835.0,302,77976,8559660.0,2837.0,2,2835.0,1
rb1805,20170623,20170622,210223000,2835.0,302,77976,8559660.0,2837.0,2,2836.0,2
rb1805,20170623,20170622,210223500,2836.0,306,77976,8673100.0,2837.0,4,2834.0,2
rb1805,20170623,20170622,210224000,2836.0,306,77976,8673100.0,2837.0,2,2835.0,2
rb1805,20170623,20170622,210224500,2836.0,306,77976,8673100.0,2837.0,2,2835.0,2
rb1805,20170623,20170622,210225000,2836.0,306,77976,8673100.0,2837.0,2,2835.0,2
rb1805,20170623,20170622,210228000,2835.0,308,77976,8729800.0,2837.0,2,2835.0,1
rb1805,20170623,20170622,210229000,2835.0,308,77976,8729800.0,2837.0,2,2835.0,1
rb1805,20170623,20170622,210229500,2835.0,308,77976,8729800.0,2837.0,23,2835.0,1
rb1805,20170623,20170622,210231000,2835.0,308,77976,8729800.0,2837.0,23,2834.0,11
rb1805,20170623,20170622,210231500,2835.0,308,77976,8729800.0,2837.0,24,2835.0,1
rb1805,20170623,20170622,210233500,2835.0,308,77976,8729800.0,2836.0,1,2835.0,1
rb1805,20170623,20170622,210234500,2835.0,310,77974,8786500.0,2836.0,1,2834.0,11
rb1805,20170623,20170622,210235000,2835.0,310,77974,8786500.0,2836.0,1,2834.0,11
rb1805,20170623,20170622,210235500,2835.0,310,77974,8786500.0,2837.0,23,2834.0,11
rb1805,20170623,20170622,210236000,2835.0,310,77974,8786500.0,2836.0,2,2834.0,11
rb1805,20170623,20170622,210236500,2835.0,310,77974,8786500.0,2836.0,3,2834.0,11
rb1805,20170623,20170622,210237000,2835.0,310,77974,8786500.0,2836.0,5,2834.0,11
rb1805,20170623,20170622,210237500,2835.0,310,77974,8786500.0,2836.0,5,2834.0,12
rb1805,20170623,20170622,210238000,2835.0,310,77974,8786500.0,2836.0,6,2834.0,12
rb1805,20170623,20170622,210239000,2835.0,310,77974,8786500.0,2836.0,7,2834.0,12
rb1805,20170623,20170622,210239500,2835.0,310,77974,8786500.0,2836.0,7,2834.0,12
rb1805,20170623,20170622,210240500,2836.0,312,77976,8843220.0,2836.0,6,2834.0,12
rb1805,20170623,20170622,210243000,2836.0,312,77976,8843220.0,2836.0,5,2834.0,12
rb1805,20170623,20170622,210244000,2836.0,312,77976,8843220.0,2836.0,5,2834.0,17
rb1805,20170623,20170622,210244500,2836.0,312,77976,8843220.0,2836.0,7,2834.0,12
rb1805,20170623,20170622,210245500,2836.0,312,77976,8843220.0,2835.0,3,2834.0,12
rb1805,20170623,20170622,210246000,2836.0,312,77976,8843220.0,2835.0,3,2834.0,12
rb1805,20170623,20170622,210247000,2836.0,312,77976,8843220.0,2836.0,8,2834.0,12
rb1805,20170623,20170622,210248500,2836.0,312,77976,8843220.0,2836.0,6,2834.0,17
rb1805,20170623,20170622,210249000,2836.0,312,77976,8843220.0,2835.0,2,2834.0,17
rb1805,20170623,20170622,210249500,2836.0,312,77976,8843220.0,2835.0,2,2834.0,12
rb1805,20170623,20170622,210250000,2835.0,316,77976,8956620.0,2836.0,6,2835.0,48
rb1805,20170623,20170622,210250500,2835.0,316,77976,8956620.0,2836.0,4,2835.0,48
rb1805,20170623,20170622,210254000,2835.0,316,77976,8956620.0,2836.0,4,2835.0,48
rb1805,20170623,20170622,210255500,2835.0,320,77976,9070020.0,2836.0,5,2835.0,46
rb1805,20170623,20170622,210256000,2835.0,322,77978,9126720.0,2836.0,6,2835.0,45
rb1805,20170623,20170622,210257500,2835.0,322,77978,9126720.0,2836.0,6,2835.0,45
rb1805,20170623,20170622,210258000,2835.0,322,77978,9126720.0,2836.0,6,2835.0,45
rb1805,20170623,20170622,210258500,2835.0,326,77978,9240120.0,2836.0,6,2835.0,43
rb1805,20170623,20170622,210259500,2835.0,328,77980,9296820.0,2836.0,6,2835.0,42
rb1805,20170623,20170622,210300000,2835.0,328,77980,9296820.0,2836.0,6,2835.0,42
rb1805,20170623,20170622,210300500,2836.0,338,77988,9580420.0,2836.0,1,2835.0,42
rb1805,20170623,20170622,210301500,2835.0,422,77988,11961820.0,2835.0,28,2834.0,11
rb1805,20170623,20170622,210302500,2835.0,426,77988,12075220.0,2835.0,26,2834.0,11
rb1805,20170623,20170622,210303000,2835.0,426,77988,12075220.0,2835.0,31,2834.0,11
rb1805,20170623,20170622,210303500,2835.0,426,77988,12075220.0,2835.0,31,2834.0,11
rb1805,20170623,20170622,210305500,2835.0,438,77988,12415420.0,2835.0,25,2834.0,11
rb1805,20170623,20170622,210307000,2835.0,438,77988,12415420.0,2835.0,25,2834.0,11
rb1805,20170623,20170622,210307500,2835.0,438,77988,12415420.0,2835.0,26,2834.0,11
rb1805,20170623,20170622,210308000,2834.0,440,77990,12472100.0,2835.0,26,2834.0,10
rb1805,20170623,20170622,210308500,2834.0,442,77992,12528780.0,2835.0,26,2834.0,9
rb1805,20170623,20170622,210309500,2834.0,442,77992,12528780.0,2835.0,26,2834.0,9
rb1805,20170623,20170622,210310000,2834.0,442,77992,12528780.0,2835.0,26,2834.0,14
rb1805,20170623,20170622,210311000,2834.0,444,77994,12585460.0,2835.0,26,2834.0,13
rb1805,20170623,20170622,210311500,2835.0,446,77994,12642160.0,2835.0,25,2834.0,13
rb1805,20170623,20170622,210312000,2835.0,454,77988,12868940.0,2835.0,22,2834.0,12
rb1805,20170623,20170622,210314500,2835.0,454,77988,12868940.0,2835.0,22,2834.0,12
rb1805,20170623,20170622,210315500,2835.0,456,77988,12925640.0,2835.0,21,2834.0,12
rb1805,20170623,20170622,210316500,2835.0,456,77988,12925640.0,2835.0,21,2834.0,12
rb1805,20170623,20170622,210317500,2835.0,456,77988,12925640.0,2835.0,21,2834.0,12
rb1805,20170623,20170622,210318000,2835.0,456,77988,12925640.0,2835.0,21,2834.0,13
rb1805,20170623,20170622,210318500,2834.0,458,77990,12982320.0,2835.0,21,2834.0,12
rb1805,20170623,20170622,210319500,2834.0,458,77990,12982320.0,2835.0,21,2834.0,12
rb1805,20170623,20170622,210320000,2834.0,458,77990,12982320.0,2835.0,21,2834.0,12
rb1805,20170623,20170622,210321000,2834.0,460,77990,13039000.0,2835.0,21,2834.0,11
rb1805,20170623,20170622,210322000,2835.0,462,77990,13095700.0,2835.0,20,2834.0,12
rb1805,20170623,20170622,210322500,2835.0,462,77990,13095700.0,2835.0,20,2834.0,12
rb1805,20170623,20170622,210323000,2835.0,462,77990,13095700.0,2835.0,21,2834.0,7
rb1805,20170623,20170622,210323500,2835.0,462,77990,13095700.0,2835.0,21,2834.0,7
rb1805,20170623,20170622,210324000,2835.0,462,77990,13095700.0,2835.0,21,2834.0,7
rb1805,20170623,20170622,210324500,2835.0,462,77990,13095700.0,2835.0,21,2834.0,7
rb1805,20170623,20170622,210325500,2835.0,462,77990,13095700.0,2835.0,21,2834.0,6
rb1805,20170623,20170622,210326000,2835.0,464,77990,13152400.0,2835.0,15,2834.0,6
rb1805,20170623,20170622,210326500,2835.0,464,77990,13152400.0,2835.0,15,2834.0,6
rb1805,20170623,20170622,210327000,2835.0,464,77990,13152400.0,2835.0,15,2834.0,6
rb1805,20170623,20170622,210328000,2835.0,464,77990,13152400.0,2835.0,15,2834.0,6
rb1805,20170623,20170622,210329500,2835.0,464,77990,13152400.0,2835.0,15,2834.0,6
rb1805,20170623,20170622,210330500,2835.0,464,77990,13152400.0,2835.0,15,2834.0,6
rb1805,20170623,20170622,210331500,2835.0,464,77990,13152400.0,2835.0,14,2834.0,6
rb1805,20170623,20170622,210332000,2835.0,464,77990,13152400.0,2835.0,14,2834.0,6
rb1805,20170623,20170622,210332500,2835.0,464,77990,13152400.0,2835.0,14,2834.0,6
rb1805,20170623,20170622,210337500,2835.0,464,77990,13152400.0,2835.0,14,2834.0,11
rb1805,20170623,20170622,210338000,2835.0,464,77990,13152400.0,2835.0,14,2834.0,11
rb1805,20170623,20170622,210339000,2835.0,464,77990,13152400.0,2835.0,14,2834.0,11
rb1805,20170623,20170622,210339500,2835.0,464,77990,13152400.0,2835.0,14,2834.0,14
rb1805,20170623,20170622,210340000,2835.0,470,77984,13322500.0,2835.0,11,2834.0,14
rb1805,20170623,20170622,210340500,2835.0,470,77984,13322500.0,2835.0,11,2834.0,15
rb1805,20170623,20170622,210341500,2835.0,470,77984,13322500.0,2835.0,11,2834.0,15
rb1805,20170623,20170622,210343000,2835.0,470,77984,13322500.0,2835.0,11,2834.0,12
rb1805,20170623,20170622,210343500,2835.0,470,77984,13322500.0,2835.0,11,2834.0,15
rb1805,20170623,20170622,210344000,2835.0,474,77984,13435900.0,2835.0,9,2834.0,18
rb1805,20170623,20170622,210344500,2835.0,474,77984,13435900.0,2835.0,9,2834.0,18
rb1805,20170623,20170622,210345000,2835.0,476,77982,13492600.0,2835.0,8,2834.0,25
rb1805,20170623,20170622,210346000,2835.0,476,77982,13492600.0,2835.0,8,2834.0,25
rb1805,20170623,20170622,210347000,2835.0,476,77982,13492600.0,2835.0,28,2834.0,20
rb1805,20170623,20170622,210348000,2835.0,478,77982,13549300.0,2835.0,27,2834.0,20
rb1805,20170623,20170622,210350000,2835.0,478,77982,13549300.0,2835.0,27,2834.0,20
rb1805,20170623,20170622,210350500,2835.0,478,77982,13549300.0,2835.0,27,2834.0,20
rb1805,20170623,20170622,210352500,2835.0,478,77982,13549300.0,2835.0,7,2834.0,20
rb1805,20170623,20170622,210357000,2835.0,484,77982,13719400.0,2835.0,4,2834.0,20
rb1805,20170623,20170622,210359500,2835.0,484,77982,13719400.0,2835.0,4,2834.0,20
rb1805,20170623,20170622,210400000,2835.0,484,77982,13719400.0,2835.0,5,2834.0,20
rb1805,20170623,20170622,210400500,2835.0,484,77982,13719400.0,2835.0,5,2834.0,17
rb1805,20170623,20170622,210401000,2835.0,484,77982,13719400.0,2835.0,5,2834.0,8
rb1805,20170623,20170622,210404000,2835.0,484,77982,13719400.0,2835.0,5,2834.0,8
rb1805,20170623,20170622,210404500,2835.0,484,77982,13719400.0,2835.0,5,2834.0,16
rb1805,20170623,20170622,210405000,2835.0,484,77982,13719400.0,2835.0,6,2834.0,13
rb1805,20170623,20170622,210405500,2835.0,484,77982,13719400.0,2835.0,6,2834.0,16
rb1805,20170623,20170622,210406000,2835.0,484,77982,13719400.0,2835.0,6,2834.0,13
rb1805,20170623,20170622,210406500,2835.0,484,77982,13719400.0,2835.0,6,2834.0,16
rb1805,20170623,20170622,210407000,2835.0,484,77982,13719400.0,2835.0,6,2834.0,13
rb1805,20170623,20170622,210407500,2835.0,484,77982,13719400.0,2835.0,6,2834.0,16
rb1805,20170623,20170622,210409000,2835.0,484,77982,13719400.0,2835.0,6,2834.0,16
rb1805,20170623,20170622,210412000,2835.0,484,77982,13719400.0,2835.0,6,2834.0,16
rb1805,20170623,20170622,210412500,2835.0,486,77982,13776100.0,2835.0,5,2834.0,16
rb1805,20170623,20170622,210413000,2835.0,486,77982,13776100.0,2835.0,5,2834.0,17
rb1805,20170623,20170622,210413500,2835.0,486,77982,13776100.0,2835.0,5,2834.0,17
rb1805,20170623,20170622,210415500,2835.0,486,77982,13776100.0,2835.0,5,2834.0,22
rb1805,20170623,20170622,210416500,2834.0,490,77982,13889460.0,2835.0,5,2834.0,20
rb1805,20170623,20170622,210417000,2834.0,494,77982,14002820.0,2835.0,5,2834.0,18
rb1805,20170623,20170622,210419000,2835.0,504,77984,14286320.0,2836.0,1,2835.0,1
rb1805,20170623,20170622,210419500,2835.0,504,77984,14286320.0,2836.0,1,2835.0,4
rb1805,20170623,20170622,210420000,2835.0,508,77982,14399720.0,2836.0,1,2835.0,2
rb1805,20170623,20170622,210421000,2835.0,512,77978,14513120.0,2836.0,1,2834.0,15
rb1805,20170623,20170622,210421500,2835.0,512,77978,14513120.0,2836.0,1,2835.0,3
rb1805,20170623,20170622,210424500,2835.0,512,77978,14513120.0,2836.0,1,2834.0,15
rb1805,20170623,20170622,210425000,2835.0,512,77978,14513120.0,2836.0,1,2834.0,18
rb1805,20170623,20170622,210425500,2835.0,512,77978,14513120.0,2835.0,2,2834.0,18
rb1805,20170623,20170622,210427500,2835.0,512,77978,14513120.0,2835.0,2,2834.0,13
rb1805,20170623,20170622,210430500,2835.0,512,77978,14513120.0,2835.0,2,2834.0,13
rb1805,20170623,20170622,210433500,2835.0,514,77978,14569820.0,2835.0,1,2834.0,13
rb1805,20170623,20170622,210434000,2835.0,516,77978,14626520.0,2836.0,1,2834.0,13
rb1805,20170623,20170622,210435000,2835.0,516,77978,14626520.0,2835.0,2,2834.0,13
rb1805,20170623,20170622,210435500,2835.0,516,77978,14626520.0,2835.0,2,2834.0,13
rb1805,20170623,20170622,210436500,2835.0,516,77978,14626520.0,2835.0,2,2834.0,13
rb1805,20170623,20170622,210437000,2834.0,520,77978,14739880.0,2836.0,1,2834.0,11
rb1805,20170623,20170622,210438500,2835.0,522,77978,14796580.0,2835.0,1,2834.0,11
rb1805,20170623,20170622,210440000,2835.0,522,77978,14796580.0,2835.0,1,2834.0,16
rb1805,20170623,20170622,210441000,2835.0,522,77978,14796580.0,2835.0,1,2834.0,16
rb1805,20170623,20170622,210442500,2835.0,524,77978,14853280.0,2836.0,3,2834.0,16
rb1805,20170623,20170622,210443000,2835.0,524,77978,14853280.0,2836.0,3,2834.0,16
rb1805,20170623,20170622,210445000,2835.0,524,77978,14853280.0,2835.0,2,2834.0,16
rb1805,20170623,20170622,210446000,2835.0,524,77978,14853280.0,2835.0,2,2834.0,11
rb1805,20170623,20170622,210447500,2835.0,528,77978,14966680.0,2836.0,3,2834.0,11
rb1805,20170623,20170622,210448000,2834.0,532,77978,15080040.0,2836.0,3,2834.0,9
rb1805,20170623,20170622,210449000,2834.0,532,77978,15080040.0,2836.0,3,2834.0,9
rb1805,20170623,20170622,210450000,2834.0,534,77978,15136720.0,2836.0,3,2834.0,8
rb1805,20170623,20170622,210450500,2834.0,536,77978,15193400.0,2835.0,2,2834.0,7
rb1805,20170623,20170622,210451000,2834.0,536,77978,15193400.0,2835.0,2,2834.0,7
rb1805,20170623,20170622,210453000,2835.0,540,77978,15306800.0,2836.0,8,2835.0,3
rb1805,20170623,20170622,210453500,2835.0,540,77978,15306800.0,2836.0,8,2835.0,6
rb1805,20170623,20170622,210455000,2835.0,544,77978,15420200.0,2836.0,8,2835.0,4
rb1805,20170623,20170622,210455500,2835.0,546,77978,15476900.0,2836.0,8,2835.0,3
rb1805,20170623,20170622,210456500,2835.0,546,77978,15476900.0,2836.0,3,2835.0,3
rb1805,20170623,20170622,210457000,2835.0,550,77980,15590300.0,2836.0,3,2835.0,1
rb1805,20170623,20170622,210457500,2835.0,552,77980,15647000.0,2835.0,1,2834.0,4
rb1805,20170623,20170622,210458000,2835.0,552,77980,15647000.0,2835.0,1,2834.0,4
rb1805,20170623,20170622,210459000,2835.0,552,77980,15647000.0,2835.0,2,2834.0,4
rb1805,20170623,20170622,210501000,2835.0,552,77980,15647000.0,2835.0,2,2834.0,5
rb1805,20170623,20170622,210503000,2835.0,552,77980,15647000.0,2835.0,2,2834.0,6
rb1805,20170623,20170622,210503500,2835.0,552,77980,15647000.0,2835.0,3,2834.0,6
rb1805,20170623,20170622,210506000,2835.0,558,77980,15817100.0,2836.0,3,2835.0,7
rb1805,20170623,20170622,210506500,2835.0,566,77984,16043900.0,2836.0,3,2835.0,5
rb1805,20170623,20170622,210508000,2835.0,566,77984,16043900.0,2836.0,10,2835.0,5
rb1805,20170623,20170622,210508500,2835.0,566,77984,16043900.0,2836.0,10,2835.0,5
rb1805,20170623,20170622,210509000,2835.0,566,77984,16043900.0,2836.0,6,2835.0,5
rb1805,20170623,20170622,210510500,2835.0,566,77984,16043900.0,2836.0,6,2835.0,5
rb1805,20170623,20170622,210511000,2835.0,566,77984,16043900.0,2836.0,6,2835.0,5
rb1805,20170623,20170622,210513000,2835.0,574,77992,16270700.0,2836.0,6,2834.0,10
rb1805,20170623,20170622,210513500,2835.0,574,77992,16270700.0,2836.0,6,2834.0,10
rb1805,20170623,20170622,210514500,2835.0,574,77992,16270700.0,2836.0,6,2834.0,10
rb1805,20170623,20170622,210517000,2835.0,574,77992,16270700.0,2836.0,11,2834.0,10
rb1805,20170623,20170622,210517500,2835.0,574,77992,16270700.0,2835.0,1,2834.0,10
rb1805,20170623,20170622,210518500,2835.0,574,77992,16270700.0,2835.0,1,2834.0,10
rb1805,20170623,20170622,210524000,2835.0,574,77992,16270700.0,2835.0,1,2834.0,10
rb1805,20170623,20170622,210525000,2835.0,574,77992,16270700.0,2835.0,1,2834.0,10
rb1805,20170623,20170622,210526000,2835.0,576,77994,16327400.0,2836.0,10,2834.0,10
rb1805,20170623,20170622,210526500,2835.0,576,77994,16327400.0,2835.0,3,2834.0,10
rb1805,20170623,20170622,210528500,2835.0,576,77994,16327400.0,2835.0,5,2834.0,10
rb1805,20170623,20170622,210531000,2835.0,596,78008,16894300.0,2835.0,7,2834.0,5
rb1805,20170623,20170622,210531500,2834.0,600,78012,17007660.0,2835.0,2,2834.0,5
rb1805,20170623,20170622,210532000,2834.0,600,78012,17007660.0,2835.0,2,2834.0,5
rb1805,20170623,20170622,210532500,2834.0,600,78012,17007660.0,2836.0,9,2834.0,3
rb1805,20170623,20170622,210533500,2834.0,602,78012,17064340.0,2836.0,11,2834.0,2
rb1805,20170623,20170622,210538000,2834.0,602,78012,17064340.0,2835.0,2,2834.0,2
rb1805,20170623,20170622,210538500,2834.0,602,78012,17064340.0,2835.0,2,2834.0,2
rb1805,20170623,20170622,210550500,2835.0,606,78012,17177740.0,2836.0,11,2834.0,2
rb1805,20170623,20170622,210551500,2835.0,606,78012,17177740.0,2835.0,1,2834.0,2
rb1805,20170623,20170622,210552000,2835.0,606,78012,17177740.0,2835.0,3,2834.0,2
rb1805,20170623,20170622,210553000,2835.0,606,78012,17177740.0,2835.0,3,2834.0,2
rb1805,20170623,20170622,210555500,2835.0,606,78012,17177740.0,2835.0,3,2834.0,2
rb1805,20170623,20170622,210557500,2836.0,636,78024,18028480.0,2837.0,2,2836.0,35
rb1805,20170623,20170622,210558000,2836.0,642,78030,18198640.0,2837.0,1,2836.0,32
rb1805,20170623,20170622,210558500,2836.0,672,78060,19049440.0,2838.0,10,2836.0,17
rb1805,20170623,20170622,210559000,2836.0,682,78066,19333040.0,2837.0,1,2836.0,12
rb1805,20170623,20170622,210559500,2836.0,682,78066,19333040.0,2838.0,12,2836.0,12
rb1805,20170623,20170622,210600000,2836.0,682,78066,19333040.0,2838.0,13,2836.0,12
rb1805,20170623,20170622,210600500,2836.0,682,78066,19333040.0,2837.0,2,2836.0,12
rb1805,20170623,20170622,210601000,2836.0,682,78066,19333040.0,2837.0,4,2836.0,12
rb1805,20170623,20170622,210601500,2836.0,682,78066,19333040.0,2837.0,2,2836.0,12
rb1805,20170623,20170622,210602000,2836.0,686,78066,19446480.0,2837.0,2,2836.0,10
rb1805,20170623,20170622,210603000,2836.0,690,78066,19559920.0,2837.0,2,2836.0,8
rb1805,20170623,20170622,210603500,2836.0,698,78066,19786800.0,2837.0,4,2836.0,6
rb1805,20170623,20170622,210604000,2836.0,702,78066,19900240.0,2837.0,4,2836.0,4
rb1805,20170623,20170622,210604500,2836.0,710,78066,20127120.0,2837.0,4,2834.0,2
rb1805,20170623,20170622,210605000,2836.0,710,78066,20127120.0,2837.0,4,2835.0,1
rb1805,20170623,20170622,210606000,2836.0,710,78066,20127120.0,2837.0,4,2835.0,2
rb1805,20170623,20170622,210606500,2836.0,710,78066,20127120.0,2836.0,2,2835.0,2
rb1805,20170623,20170622,210607000,2836.0,712,78066,20183840.0,2836.0,1,2835.0,2
rb1805,20170623,20170622,210608000,2836.0,712,78066,20183840.0,2836.0,1,2835.0,2
rb1805,20170623,20170622,210610500,2836.0,714,78066,20240560.0,2837.0,4,2835.0,2
rb1805,20170623,20170622,210612000,2836.0,714,78066,20240560.0,2836.0,2,2835.0,2
rb1805,20170623,20170622,210612500,2836.0,714,78066,20240560.0,2836.0,2,2835.0,1
rb1805,20170623,20170622,210614000,2835.0,716,78068,20297260.0,2836.0,3,2834.0,7
rb1805,20170623,20170622,210614500,2835.0,716,78068,20297260.0,2835.0,1,2834.0,7
rb1805,20170623,20170622,210615000,2835.0,716,78068,20297260.0,2835.0,3,2834.0,7
rb1805,20170623,20170622,210615500,2835.0,716,78068,20297260.0,2835.0,3,2834.0,2
rb1805,20170623,20170622,210616000,2835.0,716,78068,20297260.0,2835.0,3,2834.0,2
rb1805,20170623,20170622,210616500,2835.0,716,78068,20297260.0,2835.0,3,2834.0,2
rb1805,20170623,20170622,210618000,2835.0,722,78068,20467360.0,2837.0,3,2834.0,2
rb1805,20170623,20170622,210618500,2835.0,722,78068,20467360.0,2836.0,1,2834.0,7
rb1805,20170623,20170622,210620000,2835.0,722,78068,20467360.0,2836.0,1,2834.0,7
rb1805,20170623,20170622,210621000,2835.0,722,78068,20467360.0,2835.0,2,2834.0,7
rb1805,20170623,20170622,210621500,2835.0,722,78068,20467360.0,2835.0,2,2834.0,2
rb1805,20170623,20170622,210626000,2835.0,726,78064,20580760.0,2837.0,3,2835.0,19
rb1805,20170623,20170622,210626500,2835.0,728,78064,20637460.0,2837.0,3,2835.0,19
rb1805,20170623,20170622,210627500,2835.0,728,78064,20637460.0,2837.0,3,2835.0,19
rb1805,20170623,20170622,210628000,2835.0,728,78064,20637460.0,2837.0,3,2835.0,19
rb1805,20170623,20170622,210630500,2835.0,728,78064,20637460.0,2837.0,3,2835.0,19
rb1805,20170623,20170622,210631000,2835.0,728,78064,20637460.0,2837.0,3,2835.0,24
rb1805,20170623,20170622,210632500,2835.0,728,78064,20637460.0,2837.0,3,2835.0,25
rb1805,20170623,20170622,210633500,2835.0,728,78064,20637460.0,2837.0,3,2835.0,24
rb1805,20170623,20170622,210634000,2835.0,728,78064,20637460.0,2837.0,3,2836.0,1
rb1805,20170623,20170622,210634500,2835.0,728,78064,20637460.0,2837.0,3,2836.0,1
rb1805,20170623,20170622,210635000,2835.0,728,78064,20637460.0,2836.0,1,2835.0,22
rb1805,20170623,20170622,210635500,2836.0,730,78066,20694180.0,2837.0,3,2836.0,6
rb1805,20170623,20170622,210636000,2836.0,730,78066,20694180.0,2837.0,3,2836.0,2
rb1805,20170623,20170622,210638500,2836.0,730,78066,20694180.0,2837.0,3,2836.0,21
rb1805,20170623,20170622,210639000,2837.0,736,78062,20864400.0,2838.0,11,2837.0,1
rb1805,20170623,20170622,210639500,2837.0,736,78062,20864400.0,2838.0,11,2836.0,24
rb1805,20170623,20170622,210641500,2837.0,736,78062,20864400.0,2837.0,1,2836.0,24
rb1805,20170623,20170622,210642000,2837.0,738,78062,20921140.0,2838.0,11,2837.0,2
rb1805,20170623,20170622,210642500,2837.0,738,78062,20921140.0,2838.0,11,2837.0,1
rb1805,20170623,20170622,210643500,2837.0,740,78060,20977880.0,2838.0,11,2836.0,24
rb1805,20170623,20170622,210644000,2837.0,740,78060,20977880.0,2838.0,11,2836.0,24
rb1805,20170623,20170622,210644500,2837.0,740,78060,20977880.0,2838.0,11,2836.0,24
rb1805,20170623,20170622,210645500,2837.0,740,78060,20977880.0,2838.0,12,2836.0,24
rb1805,20170623,20170622,210646000,2838.0,742,78062,21034640.0,2838.0,11,2836.0,24
rb1805,20170623,20170622,210646500,2836.0,782,78102,22169040.0,2838.0,11,2836.0,4
rb1805,20170623,20170622,210649000,2836.0,782,78102,22169040.0,2838.0,11,2836.0,4
rb1805,20170623,20170622,210650000,2836.0,782,78102,22169040.0,2838.0,12,2836.0,4
rb1805,20170623,20170622,210650500,2836.0,782,78102,22169040.0,2838.0,12,2836.0,4
rb1805,20170623,20170622,210651000,2836.0,782,78102,22169040.0,2838.0,12,2836.0,4
rb1805,20170623,20170622,210651500,2838.0,786,78102,22282560.0,2838.0,10,2837.0,2
rb1805,20170623,20170622,210652500,2838.0,786,78102,22282560.0,2838.0,11,2836.0,4
rb1805,20170623,20170622,210653000,2838.0,786,78102,22282560.0,2838.0,11,2836.0,4
rb1805,20170623,20170622,210655000,2838.0,800,78100,22679880.0,2838.0,4,2836.0,4
rb1805,20170623,20170622,210656500,2838.0,800,78100,22679880.0,2838.0,4,2836.0,4
rb1805,20170623,20170622,210658000,2838.0,800,78100,22679880.0,2837.0,1,2836.0,4
rb1805,20170623,20170622,210658500,2837.0,802,78100,22736620.0,2838.0,4,2837.0,1
rb1805,20170623,20170622,210659000,2837.0,802,78100,22736620.0,2838.0,4,2837.0,2
rb1805,20170623,20170622,210700000,2837.0,802,78100,22736620.0,2838.0,4,2837.0,2
rb1805,20170623,20170622,210700500,2837.0,802,78100,22736620.0,2838.0,4,2837.0,2
rb1805,20170623,20170622,210701000,2837.0,802,78100,22736620.0,2838.0,4,2837.0,2
rb1805,20170623,20170622,210702500,2837.0,802,78100,22736620.0,2838.0,5,2837.0,1
rb1805,20170623,20170622,210707000,2838.0,804,78098,22793380.0,2838.0,4,2837.0,1
rb1805,20170623,20170622,210707500,2838.0,804,78098,22793380.0,2838.0,4,2837.0,3
rb1805,20170623,20170622,210708000,2838.0,806,78098,22850140.0,2838.0,3,2837.0,3
rb1805,20170623,20170622,210712500,2838.0,808,78098,22906900.0,2838.0,8,2837.0,3
rb1805,20170623,20170622,210713500,2838.0,808,78098,22906900.0,2838.0,8,2837.0,3
rb1805,20170623,20170622,210714000,2838.0,808,78098,22906900.0,2838.0,8,2837.0,3
rb1805,20170623,20170622,210714500,2838.0,808,78098,22906900.0,2838.0,8,2837.0,5
rb1805,20170623,20170622,210715000,2838.0,810,78098,22963660.0,2838.0,7,2837.0,5
rb1805,20170623,20170622,210716000,2838.0,810,78098,22963660.0,2838.0,10,2837.0,5
rb1805,20170623,20170622,210716500,2838.0,812,78096,23020420.0,2838.0,9,2837.0,5
rb1805,20170623,20170622,210718500,2838.0,812,78096,23020420.0,2838.0,9,2837.0,10
rb1805,20170623,20170622,210719000,2838.0,830,78092,23531260.0,2839.0,3,2838.0,9
rb1805,20170623,20170622,210719500,2838.0,832,78090,23588020.0,2839.0,3,2838.0,2
rb1805,20170623,20170622,210720500,2838.0,832,78090,23588020.0,2839.0,3,2838.0,2
rb1805,20170623,20170622,210721000,2838.0,832,78090,23588020.0,2839.0,3,2837.0,10
rb1805,20170623,20170622,210721500,2838.0,832,78090,23588020.0,2839.0,3,2838.0,3
rb1805,20170623,20170622,210722000,2838.0,832,78090,23588020.0,2839.0,3,2838.0,8
rb1805,20170623,20170622,210722500,2839.0,838,78090,23758360.0,2840.0,7,2839.0,1
rb1805,20170623,20170622,210723000,2839.0,838,78090,23758360.0,2840.0,7,2838.0,8
rb1805,20170623,20170622,210723500,2839.0,838,78090,23758360.0,2840.0,9,2838.0,8
rb1805,20170623,20170622,210724500,2839.0,838,78090,23758360.0,2840.0,14,2838.0,8
rb1805,20170623,20170622,210725000,2839.0,838,78090,23758360.0,2840.0,14,2838.0,5
rb1805,20170623,20170622,210725500,2839.0,838,78090,23758360.0,2839.0,1,2838.0,5
rb1805,20170623,20170622,210726500,2839.0,838,78090,23758360.0,2839.0,1,2838.0,6
rb1805,20170623,20170622,210727500,2839.0,838,78090,23758360.0,2839.0,1,2838.0,6
rb1805,20170623,20170622,210729000,2839.0,838,78090,23758360.0,2839.0,1,2838.0,6
rb1805,20170623,20170622,210730000,2839.0,838,78090,23758360.0,2839.0,1,2838.0,6
rb1805,20170623,20170622,210731500,2839.0,838,78090,23758360.0,2839.0,1,2838.0,6
rb1805,20170623,20170622,210732500,2839.0,838,78090,23758360.0,2839.0,6,2838.0,1
rb1805,20170623,20170622,210733000,2838.0,840,78092,23815120.0,2839.0,6,2837.0,13
rb1805,20170623,20170622,210733500,2839.0,842,78094,23871900.0,2839.0,5,2838.0,2
rb1805,20170623,20170622,210734000,2839.0,842,78094,23871900.0,2839.0,6,2838.0,2
rb1805,20170623,20170622,210734500,2839.0,854,78104,24212580.0,2840.0,12,2838.0,2
rb1805,20170623,20170622,210735000,2839.0,854,78104,24212580.0,2840.0,12,2838.0,2
rb1805,20170623,20170622,210735500,2839.0,854,78104,24212580.0,2840.0,12,2838.0,7
rb1805,20170623,20170622,210736000,2839.0,854,78104,24212580.0,2840.0,10,2838.0,7
rb1805,20170623,20170622,210736500,2840.0,856,78104,24269380.0,2839.0,3,2838.0,7
rb1805,20170623,20170622,210737500,2840.0,856,78104,24269380.0,2839.0,3,2838.0,7
rb1805,20170623,20170622,210739000,2840.0,858,78104,24326180.0,2839.0,2,2838.0,7
rb1805,20170623,20170622,210739500,2839.0,860,78104,24382960.0,2839.0,1,2838.0,7
rb1805,20170623,20170622,210740000,2839.0,860,78104,24382960.0,2839.0,1,2838.0,2
rb1805,20170623,20170622,210740500,2839.0,862,78106,24439740.0,2840.0,9,2838.0,2
rb1805,20170623,20170622,210741000,2839.0,862,78106,24439740.0,2840.0,9,2838.0,2
rb1805,20170623,20170622,210742500,2838.0,864,78108,24496500.0,2840.0,9,2838.0,1
rb1805,20170623,20170622,210744000,2838.0,864,78108,24496500.0,2840.0,9,2838.0,1
rb1805,20170623,20170622,210744500,2840.0,866,78106,24553300.0,2840.0,8,2838.0,1
rb1805,20170623,20170622,210745000,2840.0,866,78106,24553300.0,2840.0,8,2838.0,6
rb1805,20170623,20170622,210745500,2840.0,866,78106,24553300.0,2840.0,3,2838.0,6
rb1805,20170623,20170622,210746000,2840.0,866,78106,24553300.0,2840.0,3,2838.0,6
rb1805,20170623,20170622,210748000,2840.0,868,78106,24610100.0,2840.0,2,2838.0,6
rb1805,20170623,20170622,210748500,2838.0,870,78106,24666860.0,2840.0,2,2838.0,5
rb1805,20170623,20170622,210750000,2840.0,872,78106,24723660.0,2840.0,2,2838.0,5
rb1805,20170623,20170622,210750500,2840.0,872,78106,24723660.0,2840.0,2,2838.0,5
rb1805,20170623,20170622,210751000,2840.0,872,78106,24723660.0,2840.0,2,2838.0,7
rb1805,20170623,20170622,210751500,2840.0,872,78106,24723660.0,2840.0,3,2838.0,8
rb1805,20170623,20170622,210752000,2839.0,874,78106,24780440.0,2840.0,3,2838.0,3
rb1805,20170623,20170622,210752500,2839.0,874,78106,24780440.0,2839.0,3,2838.0,3
rb1805,20170623,20170622,210753500,2838.0,876,78106,24837200.0,2839.0,3,2838.0,2
rb1805,20170623,20170622,210754000,2838.0,876,78106,24837200.0,2839.0,3,2838.0,2
rb1805,20170623,20170622,210754500,2838.0,876,78106,24837200.0,2839.0,3,2838.0,2
rb1805,20170623,20170622,210757000,2838.0,882,78106,25007480.0,2838.0,97,2837.0,13
rb1805,20170623,20170622,210757500,2838.0,882,78106,25007480.0,2838.0,97,2837.0,8
rb1805,20170623,20170622,210758500,2838.0,882,78106,25007480.0,2838.0,97,2837.0,8
rb1805,20170623,20170622,210759500,2838.0,882,78106,25007480.0,2838.0,97,2837.0,8
rb1805,20170623,20170622,210800000,2838.0,882,78106,25007480.0,2838.0,97,2837.0,8
rb1805,20170623,20170622,210800500,2838.0,882,78106,25007480.0,2838.0,98,2837.0,8
rb1805,20170623,20170622,210801500,2838.0,882,78106,25007480.0,2838.0,98,2837.0,8
rb1805,20170623,20170622,210802000,2838.0,882,78106,25007480.0,2838.0,98,2837.0,8
rb1805,20170623,20170622,210802500,2838.0,882,78106,25007480.0,2838.0,98,2837.0,8
rb1805,20170623,20170622,210805000,2837.0,884,78104,25064220.0,2838.0,98,2837.0,7
rb1805,20170623,20170622,210806500,2837.0,884,78104,25064220.0,2838.0,98,2837.0,7
rb1805,20170623,20170622,210807500,2837.0,884,78104,25064220.0,2838.0,98,2837.0,7
rb1805,20170623,20170622,210808500,2838.0,894,78104,25348020.0,2838.0,93,2837.0,7
rb1805,20170623,20170622,210809000,2838.0,894,78104,25348020.0,2838.0,93,2837.0,7
rb1805,20170623,20170622,210810500,2838.0,894,78104,25348020.0,2838.0,93,2837.0,7
rb1805,20170623,20170622,210811500,2838.0,894,78104,25348020.0,2838.0,93,2837.0,7
rb1805,20170623,20170622,210812000,2838.0,898,78100,25461540.0,2838.0,91,2837.0,7
rb1805,20170623,20170622,210812500,2838.0,900,78100,25518300.0,2838.0,90,2837.0,8
rb1805,20170623,20170622,210814500,2838.0,900,78100,25518300.0,2838.0,90,2837.0,8
rb1805,20170623,20170622,210817000,2838.0,900,78100,25518300.0,2838.0,90,2837.0,8
rb1805,20170623,20170622,210817500,2838.0,900,78100,25518300.0,2838.0,90,2837.0,8
rb1805,20170623,20170622,210819000,2838.0,900,78100,25518300.0,2838.0,90,2837.0,8
rb1805,20170623,20170622,210819500,2838.0,900,78100,25518300.0,2838.0,90,2837.0,8
rb1805,20170623,20170622,210822000,2838.0,900,78100,25518300.0,2838.0,90,2837.0,8
rb1805,20170623,20170622,210822500,2838.0,900,78100,25518300.0,2838.0,90,2837.0,8
rb1805,20170623,20170622,210823500,2838.0,900,78100,25518300.0,2838.0,90,2837.0,8
rb1805,20170623,20170622,210827500,2837.0,904,78100,25631780.0,2838.0,90,2837.0,6
rb1805,20170623,20170622,210830500,2837.0,904,78100,25631780.0,2838.0,90,2837.0,6
rb1805,20170623,20170622,210833000,2837.0,904,78100,25631780.0,2838.0,90,2837.0,6
rb1805,20170623,20170622,210833500,2837.0,904,78100,25631780.0,2838.0,90,2837.0,6
rb1805,20170623,20170622,210837500,2837.0,904,78100,25631780.0,2838.0,90,2837.0,6
rb1805,20170623,20170622,210839000,2837.0,904,78100,25631780.0,2838.0,90,2837.0,6
rb1805,20170623,20170622,210840000,2837.0,904,78100,25631780.0,2838.0,90,2837.0,6
rb1805,20170623,20170622,210841000,2837.0,906,78100,25688520.0,2838.0,90,2837.0,5
rb1805,20170623,20170622,210842500,2837.0,908,78100,25745260.0,2838.0,90,2837.0,4
rb1805,20170623,20170622,210843000,2837.0,916,78108,25972220.0,2838.0,90,2836.0,15
rb1805,20170623,20170622,210851500,2837.0,918,78106,26028960.0,2838.0,90,2836.0,15
rb1805,20170623,20170622,210854500,2837.0,918,78106,26028960.0,2838.0,90,2836.0,15
rb1805,20170623,20170622,210855000,2837.0,918,78106,26028960.0,2838.0,90,2836.0,16
rb1805,20170623,20170622,210856500,2836.0,922,78106,26142400.0,2838.0,90,2836.0,14
rb1805,20170623,20170622,210859500,2836.0,922,78106,26142400.0,2837.0,2,2836.0,14
rb1805,20170623,20170622,210900000,2836.0,922,78106,26142400.0,2837.0,3,2836.0,12
rb1805,20170623,20170622,210902000,2836.0,924,78106,26199120.0,2837.0,3,2836.0,11
rb1805,20170623,20170622,210903500,2836.0,924,78106,26199120.0,2837.0,3,2836.0,11
rb1805,20170623,20170622,210904000,2836.0,924,78106,26199120.0,2837.0,3,2836.0,11
rb1805,20170623,20170622,210905500,2836.0,924,78106,26199120.0,2837.0,3,2836.0,11
rb1805,20170623,20170622,210906000,2836.0,924,78106,26199120.0,2837.0,4,2836.0,11
rb1805,20170623,20170622,210907000,2836.0,924,78106,26199120.0,2837.0,4,2836.0,11
rb1805,20170623,20170622,210911500,2836.0,924,78106,26199120.0,2837.0,6,2836.0,11
rb1805,20170623,20170622,210913500,2836.0,924,78106,26199120.0,2837.0,6,2836.0,11
rb1805,20170623,20170622,210916500,2836.0,924,78106,26199120.0,2837.0,6,2836.0,11
rb1805,20170623,20170622,210917000,2836.0,924,78106,26199120.0,2837.0,6,2836.0,12
rb1805,20170623,20170622,210918500,2836.0,924,78106,26199120.0,2837.0,6,2836.0,12
rb1805,20170623,20170622,210919000,2836.0,924,78106,26199120.0,2837.0,6,2836.0,12
rb1805,20170623,20170622,210919500,2837.0,926,78104,26255860.0,2837.0,5,2836.0,12
rb1805,20170623,20170622,210923000,2837.0,926,78104,26255860.0,2837.0,3,2836.0,12
rb1805,20170623,20170622,210927500,2837.0,930,78104,26369340.0,2837.0,1,2836.0,12
rb1805,20170623,20170622,210934000,2837.0,932,78104,26426080.0,2838.0,92,2836.0,12
rb1805,20170623,20170622,210934500,2837.0,932,78104,26426080.0,2838.0,92,2837.0,1
rb1805,20170623,20170622,210940500,2838.0,934,78104,26482840.0,2838.0,91,2837.0,1
rb1805,20170623,20170622,210942500,2838.0,934,78104,26482840.0,2838.0,91,2837.0,2
rb1805,20170623,20170622,210943000,2838.0,934,78104,26482840.0,2838.0,91,2837.0,2
rb1805,20170623,20170622,210944000,2838.0,934,78104,26482840.0,2838.0,93,2837.0,2
rb1805,20170623,20170622,210944500,2837.0,938,78102,26596320.0,2837.0,2,2836.0,12
rb1805,20170623,20170622,210945000,2837.0,938,78102,26596320.0,2837.0,3,2836.0,12
rb1805,20170623,20170622,210945500,2837.0,938,78102,26596320.0,2838.0,93,2836.0,12
rb1805,20170623,20170622,210946500,2837.0,938,78102,26596320.0,2838.0,93,2836.0,12
rb1805,20170623,20170622,210947000,2837.0,938,78102,26596320.0,2838.0,93,2836.0,12
rb1805,20170623,20170622,210948000,2837.0,938,78102,26596320.0,2838.0,93,2836.0,12
rb1805,20170623,20170622,210948500,2838.0,952,78102,26993640.0,2838.0,86,2836.0,12
rb1805,20170623,20170622,210949500,2838.0,952,78102,26993640.0,2838.0,86,2836.0,17
rb1805,20170623,20170622,210952500,2838.0,952,78102,26993640.0,2837.0,1,2836.0,17
rb1805,20170623,20170622,210953500,2838.0,952,78102,26993640.0,2837.0,1,2836.0,12
rb1805,20170623,20170622,210957500,2838.0,952,78102,26993640.0,2837.0,1,2836.0,28
rb1805,20170623,20170622,210958000,2838.0,952,78102,26993640.0,2837.0,1,2836.0,28
rb1805,20170623,20170622,211000000,2838.0,952,78102,26993640.0,2837.0,12,2836.0,28
rb1805,20170623,20170622,211002500,2836.0,956,78106,27107080.0,2837.0,12,2836.0,26
rb1805,20170623,20170622,211004000,2837.0,958,78106,27163820.0,2837.0,11,2836.0,26
rb1805,20170623,20170622,211006500,2837.0,960,78106,27220560.0,2837.0,10,2836.0,26
rb1805,20170623,20170622,211007000,2837.0,960,78106,27220560.0,2837.0,10,2836.0,26
rb1805,20170623,20170622,211007500,2837.0,960,78106,27220560.0,2837.0,10,2836.0,26
rb1805,20170623,20170622,211008000,2837.0,960,78106,27220560.0,2837.0,10,2836.0,26
rb1805,20170623,20170622,211010500,2837.0,960,78106,27220560.0,2837.0,10,2836.0,26
rb1805,20170623,20170622,211014000,2837.0,960,78106,27220560.0,2837.0,10,2836.0,31
rb1805,20170623,20170622,211015000,2837.0,960,78106,27220560.0,2837.0,10,2836.0,31
rb1805,20170623,20170622,211016000,2837.0,960,78106,27220560.0,2837.0,10,2836.0,26
rb1805,20170623,20170622,211016500,2837.0,960,78106,27220560.0,2837.0,12,2836.0,26
rb1805,20170623,20170622,211017000,2837.0,960,78106,27220560.0,2837.0,12,2836.0,26
rb1805,20170623,20170622,211019000,2836.0,1012,78114,28695280.0,2836.0,2,2835.0,39
rb1805,20170623,20170622,211019500,2836.0,1012,78114,28695280.0,2837.0,12,2835.0,39
rb1805,20170623,20170622,211020000,2836.0,1012,78114,28695280.0,2837.0,10,2835.0,44
rb1805,20170623,20170622,211021000,2836.0,1012,78114,28695280.0,2836.0,2,2835.0,44
rb1805,20170623,20170622,211021500,2836.0,1012,78114,28695280.0,2837.0,10,2835.0,44
rb1805,20170623,20170622,211023000,2837.0,1018,78108,28865500.0,2837.0,7,2835.0,44
rb1805,20170623,20170622,211025000,2837.0,1018,78108,28865500.0,2837.0,7,2835.0,44
rb1805,20170623,20170622,211025500,2837.0,1018,78108,28865500.0,2837.0,7,2835.0,44
rb1805,20170623,20170622,211026500,2837.0,1018,78108,28865500.0,2837.0,7,2835.0,44
rb1805,20170623,20170622,211027000,2837.0,1018,78108,28865500.0,2836.0,1,2835.0,39
rb1805,20170623,20170622,211028000,2837.0,1018,78108,28865500.0,2836.0,1,2835.0,49
rb1805,20170623,20170622,211029000,2837.0,1018,78108,28865500.0,2836.0,1,2835.0,49
rb1805,20170623,20170622,211030000,2837.0,1018,78108,28865500.0,2836.0,2,2835.0,49
rb1805,20170623,20170622,211031500,2837.0,1018,78108,28865500.0,2836.0,2,2835.0,49
rb1805,20170623,20170622,211033000,2837.0,1018,78108,28865500.0,2836.0,2,2835.0,49
rb1805,20170623,20170622,211033500,2837.0,1018,78108,28865500.0,2836.0,4,2835.0,49
rb1805,20170623,20170622,211034500,2835.0,1024,78102,29035600.0,2836.0,4,2835.0,46
rb1805,20170623,20170622,211036500,2835.0,1024,78102,29035600.0,2836.0,5,2835.0,56
rb1805,20170623,20170622,211043500,2835.0,1024,78102,29035600.0,2836.0,5,2835.0,56
rb1805,20170623,20170622,211044000,2835.0,1026,78100,29092300.0,2836.0,5,2835.0,55
rb1805,20170623,20170622,211044500,2835.0,1028,78098,29149000.0,2836.0,5,2835.0,54
rb1805,20170623,20170622,211045500,2835.0,1030,78098,29205700.0,2836.0,5,2835.0,53
rb1805,20170623,20170622,211046000,2835.0,1030,78098,29205700.0,2836.0,5,2835.0,53
rb1805,20170623,20170622,211047000,2835.0,1030,78098,29205700.0,2836.0,5,2835.0,53
rb1805,20170623,20170622,211048000,2835.0,1030,78098,29205700.0,2836.0,5,2835.0,53
rb1805,20170623,20170622,211048500,2835.0,1032,78098,29262400.0,2836.0,5,2835.0,52
rb1805,20170623,20170622,211051000,2835.0,1032,78098,29262400.0,2836.0,5,2835.0,53
rb1805,20170623,20170622,211053000,2835.0,1032,78098,29262400.0,2836.0,5,2835.0,53
rb1805,20170623,20170622,211053500,2835.0,1032,78098,29262400.0,2836.0,5,2835.0,53
rb1805,20170623,20170622,211054500,2835.0,1032,78098,29262400.0,2836.0,3,2835.0,53
rb1805,20170623,20170622,211055500,2835.0,1032,78098,29262400.0,2836.0,3,2835.0,54
rb1805,20170623,20170622,211056500,2835.0,1032,78098,29262400.0,2836.0,3,2835.0,54
rb1805,20170623,20170622,211059500,2835.0,1034,78098,29319100.0,2836.0,3,2835.0,53
rb1805,20170623,20170622,211100500,2835.0,1068,78108,30283000.0,2836.0,4,2835.0,36
rb1805,20170623,20170622,211101000,2835.0,1068,78108,30283000.0,2836.0,3,2835.0,36
rb1805,20170623,20170622,211102500,2835.0,1070,78108,30339700.0,2836.0,3,2835.0,35
rb1805,20170623,20170622,211103000,2835.0,1070,78108,30339700.0,2836.0,3,2835.0,35
rb1805,20170623,20170622,211104500,2835.0,1072,78108,30396400.0,2836.0,3,2835.0,34
rb1805,20170623,20170622,211105500,2835.0,1072,78108,30396400.0,2836.0,9,2835.0,34
rb1805,20170623,20170622,211109000,2835.0,1072,78108,30396400.0,2836.0,9,2835.0,39
rb1805,20170623,20170622,211111000,2835.0,1072,78108,30396400.0,2836.0,9,2835.0,48
rb1805,20170623,20170622,211113000,2835.0,1074,78110,30453100.0,2836.0,9,2835.0,47
rb1805,20170623,20170622,211118000,2836.0,1080,78108,30623260.0,2836.0,6,2835.0,38
rb1805,20170623,20170622,211119500,2836.0,1080,78108,30623260.0,2836.0,6,2835.0,38
rb1805,20170623,20170622,211121000,2836.0,1080,78108,30623260.0,2836.0,6,2835.0,38
rb1805,20170623,20170622,211122000,2836.0,1080,78108,30623260.0,2836.0,6,2835.0,38
rb1805,20170623,20170622,211127000,2836.0,1082,78108,30679980.0,2836.0,5,2835.0,38
rb1805,20170623,20170622,211129000,2836.0,1082,78108,30679980.0,2836.0,6,2835.0,38
rb1805,20170623,20170622,211131500,2836.0,1082,78108,30679980.0,2836.0,6,2835.0,38
rb1805,20170623,20170622,211132000,2836.0,1082,78108,30679980.0,2836.0,6,2835.0,38
rb1805,20170623,20170622,211133000,2835.0,1084,78110,30736680.0,2836.0,6,2835.0,37
rb1805,20170623,20170622,211135000,2835.0,1158,78100,32834580.0,2835.0,13,2834.0,7
rb1805,20170623,20170622,211135500,2835.0,1168,78100,33118080.0,2835.0,8,2834.0,7
rb1805,20170623,20170622,211136000,2835.0,1174,78100,33288180.0,2835.0,5,2834.0,7
rb1805,20170623,20170622,211136500,2835.0,1174,78100,33288180.0,2835.0,5,2834.0,7
rb1805,20170623,20170622,211139500,2835.0,1174,78100,33288180.0,2835.0,5,2834.0,7
rb1805,20170623,20170622,211140500,2835.0,1174,78100,33288180.0,2835.0,5,2834.0,7
rb1805,20170623,20170622,211144000,2835.0,1174,78100,33288180.0,2835.0,5,2834.0,7
rb1805,20170623,20170622,211144500,2835.0,1174,78100,33288180.0,2835.0,5,2834.0,9
rb1805,20170623,20170622,211145000,2835.0,1174,78100,33288180.0,2835.0,5,2834.0,9
rb1805,20170623,20170622,211148000,2835.0,1180,78100,33458280.0,2835.0,2,2834.0,9
rb1805,20170623,20170622,211149000,2835.0,1180,78100,33458280.0,2835.0,2,2834.0,9
rb1805,20170623,20170622,211149500,2835.0,1182,78098,33514980.0,2835.0,1,2834.0,9
rb1805,20170623,20170622,211150000,2835.0,1182,78098,33514980.0,2835.0,1,2834.0,11
rb1805,20170623,20170622,211152000,2835.0,1184,78098,33571680.0,2836.0,6,2835.0,1
rb1805,20170623,20170622,211152500,2835.0,1184,78098,33571680.0,2836.0,6,2835.0,1
rb1805,20170623,20170622,211155500,2835.0,1184,78098,33571680.0,2836.0,1,2835.0,1
rb1805,20170623,20170622,211156000,2835.0,1184,78098,33571680.0,2836.0,1,2835.0,1
rb1805,20170623,20170622,211157000,2835.0,1184,78098,33571680.0,2836.0,1,2835.0,1
rb1805,20170623,20170622,211157500,2835.0,1184,78098,33571680.0,2836.0,1,2835.0,3
rb1805,20170623,20170622,211158000,2835.0,1184,78098,33571680.0,2836.0,1,2835.0,2
rb1805,20170623,20170622,211200500,2836.0,1186,78096,33628400.0,2837.0,3,2835.0,2
rb1805,20170623,20170622,211201000,2836.0,1186,78096,33628400.0,2837.0,1,2835.0,2
rb1805,20170623,20170622,211202000,2836.0,1186,78096,33628400.0,2837.0,1,2835.0,2
rb1805,20170623,20170622,211205000,2836.0,1186,78096,33628400.0,2838.0,86,2835.0,2
rb1805,20170623,20170622,211205500,2836.0,1186,78096,33628400.0,2837.0,1,2835.0,2
rb1805,20170623,20170622,211206000,2836.0,1186,78096,33628400.0,2837.0,1,2835.0,3
rb1805,20170623,20170622,211206500,2836.0,1186,78096,33628400.0,2837.0,1,2835.0,3
rb1805,20170623,20170622,211208500,2836.0,1186,78096,33628400.0,2837.0,1,2836.0,6
rb1805,20170623,20170622,211209500,2836.0,1186,78096,33628400.0,2837.0,1,2836.0,6
rb1805,20170623,20170622,211211500,2836.0,1186,78096,33628400.0,2837.0,1,2836.0,3
rb1805,20170623,20170622,211212500,2836.0,1186,78096,33628400.0,2838.0,84,2836.0,2
rb1805,20170623,20170622,211213000,2836.0,1186,78096,33628400.0,2838.0,84,2836.0,2
rb1805,20170623,20170622,211213500,2836.0,1186,78096,33628400.0,2838.0,84,2836.0,2
rb1805,20170623,20170622,211217000,2836.0,1186,78096,33628400.0,2838.0,84,2836.0,2
rb1805,20170623,20170622,211218000,2836.0,1186,78096,33628400.0,2838.0,82,2836.0,2
rb1805,20170623,20170622,211219000,2836.0,1186,78096,33628400.0,2838.0,83,2836.0,2
rb1805,20170623,20170622,211219500,2836.0,1186,78096,33628400.0,2838.0,83,2836.0,2
rb1805,20170623,20170622,211220500,2836.0,1186,78096,33628400.0,2838.0,83,2836.0,2
rb1805,20170623,20170622,211221000,2836.0,1186,78096,33628400.0,2838.0,83,2836.0,3
rb1805,20170623,20170622,211221500,2836.0,1186,78096,33628400.0,2838.0,83,2836.0,4
rb1805,20170623,20170622,211224000,2836.0,1186,78096,33628400.0,2838.0,83,2836.0,4
rb1805,20170623,20170622,211224500,2836.0,1186,78096,33628400.0,2838.0,83,2836.0,5
rb1805,20170623,20170622,211225000,2838.0,1188,78094,33685160.0,2838.0,82,2836.0,5
rb1805,20170623,20170622,211226000,2838.0,1188,78094,33685160.0,2838.0,82,2837.0,1
rb1805,20170623,20170622,211228000,2838.0,1188,78094,33685160.0,2838.0,82,2836.0,5
rb1805,20170623,20170622,211229500,2838.0,1188,78094,33685160.0,2838.0,82,2836.0,5
rb1805,20170623,20170622,211232000,2838.0,1188,78094,33685160.0,2838.0,82,2836.0,7
rb1805,20170623,20170622,211232500,2838.0,1188,78094,33685160.0,2838.0,82,2837.0,1
rb1805,20170623,20170622,211233000,2838.0,1188,78094,33685160.0,2838.0,82,2837.0,1
rb1805,20170623,20170622,211234500,2838.0,1188,78094,33685160.0,2838.0,82,2837.0,1
rb1805,20170623,20170622,211236500,2838.0,1188,78094,33685160.0,2838.0,82,2837.0,1
rb1805,20170623,20170622,211237000,2838.0,1188,78094,33685160.0,2838.0,82,2836.0,7
rb1805,20170623,20170622,211237500,2838.0,1188,78094,33685160.0,2838.0,82,2837.0,4
rb1805,20170623,20170622,211238000,2838.0,1188,78094,33685160.0,2838.0,82,2837.0,1
rb1805,20170623,20170622,211239000,2838.0,1188,78094,33685160.0,2838.0,82,2837.0,1
rb1805,20170623,20170622,211240500,2838.0,1188,78094,33685160.0,2838.0,82,2837.0,21
rb1805,20170623,20170622,211242500,2838.0,1188,78094,33685160.0,2838.0,82,2837.0,21
rb1805,20170623,20170622,211243500,2837.0,1190,78092,33741900.0,2838.0,82,2837.0,20
rb1805,20170623,20170622,211244000,2837.0,1190,78092,33741900.0,2838.0,82,2837.0,20
rb1805,20170623,20170622,211246500,2837.0,1190,78092,33741900.0,2838.0,82,2837.0,20
rb1805,20170623,20170622,211247000,2837.0,1190,78092,33741900.0,2838.0,82,2837.0,26
rb1805,20170623,20170622,211247500,2837.0,1190,78092,33741900.0,2838.0,81,2837.0,26
rb1805,20170623,20170622,211248000,2838.0,1210,78084,34309500.0,2838.0,71,2837.0,26
rb1805,20170623,20170622,211248500,2838.0,1210,78084,34309500.0,2838.0,71,2837.0,26
rb1805,20170623,20170622,211249500,2838.0,1210,78084,34309500.0,2838.0,71,2837.0,26
rb1805,20170623,20170622,211251000,2838.0,1212,78084,34366260.0,2838.0,70,2837.0,26
rb1805,20170623,20170622,211251500,2838.0,1212,78084,34366260.0,2838.0,75,2837.0,26
rb1805,20170623,20170622,211252500,2838.0,1212,78084,34366260.0,2838.0,75,2837.0,26
rb1805,20170623,20170622,211253000,2838.0,1322,77976,37488060.0,2838.0,20,2837.0,27
rb1805,20170623,20170622,211253500,2838.0,1322,77976,37488060.0,2838.0,20,2837.0,26
rb1805,20170623,20170622,211254000,2838.0,1322,77976,37488060.0,2838.0,15,2837.0,26
rb1805,20170623,20170622,211254500,2838.0,1322,77976,37488060.0,2838.0,15,2837.0,27
rb1805,20170623,20170622,211255500,2838.0,1334,77964,37828620.0,2838.0,9,2837.0,21
rb1805,20170623,20170622,211256000,2838.0,1334,77964,37828620.0,2838.0,9,2837.0,21
rb1805,20170623,20170622,211256500,2838.0,1334,77964,37828620.0,2838.0,9,2837.0,21
rb1805,20170623,20170622,211257000,2838.0,1334,77964,37828620.0,2838.0,9,2837.0,21
rb1805,20170623,20170622,211258500,2838.0,1334,77964,37828620.0,2838.0,9,2837.0,21
rb1805,20170623,20170622,211259500,2838.0,1334,77964,37828620.0,2838.0,9,2837.0,21
rb1805,20170623,20170622,211300000,2838.0,1352,77946,38339460.0,2839.0,17,2837.0,22
rb1805,20170623,20170622,211300500,2838.0,1352,77946,38339460.0,2839.0,17,2838.0,3
rb1805,20170623,20170622,211301000,2838.0,1352,77946,38339460.0,2839.0,17,2838.0,3
rb1805,20170623,20170622,211301500,2838.0,1354,77946,38396220.0,2839.0,17,2838.0,2
rb1805,20170623,20170622,211302000,2839.0,1388,77920,39361480.0,2840.0,24,2838.0,2
rb1805,20170623,20170622,211302500,2839.0,1388,77920,39361480.0,2840.0,24,2838.0,2
rb1805,20170623,20170622,211303000,2839.0,1388,77920,39361480.0,2840.0,29,2838.0,2
rb1805,20170623,20170622,211304000,2839.0,1388,77920,39361480.0,2840.0,29,2838.0,2
rb1805,20170623,20170622,211304500,2839.0,1388,77920,39361480.0,2840.0,30,2839.0,1
rb1805,20170623,20170622,211305000,2838.0,1394,77918,39531780.0,2838.0,2,2837.0,22
rb1805,20170623,20170622,211305500,2840.0,1464,77918,41519640.0,2841.0,3,2840.0,17
rb1805,20170623,20170622,211306000,2840.0,1498,77936,42485240.0,2839.0,2,2837.0,23
rb1805,20170623,20170622,211307000,2840.0,1498,77936,42485240.0,2839.0,2,2837.0,23
rb1805,20170623,20170622,211307500,2840.0,1498,77936,42485240.0,2839.0,2,2837.0,28
rb1805,20170623,20170622,211308000,2839.0,1500,77936,42542020.0,2839.0,1,2838.0,1
rb1805,20170623,20170622,211308500,2839.0,1500,77936,42542020.0,2839.0,1,2837.0,28
rb1805,20170623,20170622,211310500,2839.0,1500,77936,42542020.0,2839.0,1,2837.0,28
rb1805,20170623,20170622,211312000,2839.0,1500,77936,42542020.0,2839.0,6,2837.0,28
rb1805,20170623,20170622,211312500,2839.0,1502,77938,42598800.0,2839.0,4,2837.0,28
rb1805,20170623,20170622,211313000,2839.0,1502,77938,42598800.0,2839.0,4,2837.0,28
rb1805,20170623,20170622,211313500,2839.0,1502,77938,42598800.0,2839.0,4,2837.0,28
rb1805,20170623,20170622,211314500,2839.0,1502,77938,42598800.0,2839.0,4,2837.0,28
rb1805,20170623,20170622,211315000,2839.0,1502,77938,42598800.0,2839.0,4,2837.0,23
rb1805,20170623,20170622,211316000,2839.0,1502,77938,42598800.0,2839.0,4,2837.0,23
rb1805,20170623,20170622,211316500,2839.0,1502,77938,42598800.0,2839.0,4,2837.0,23
rb1805,20170623,20170622,211317000,2839.0,1502,77938,42598800.0,2839.0,4,2837.0,23
rb1805,20170623,20170622,211319500,2839.0,1502,77938,42598800.0,2839.0,4,2837.0,23
rb1805,20170623,20170622,211320500,2839.0,1502,77938,42598800.0,2839.0,4,2837.0,23
rb1805,20170623,20170622,211323000,2839.0,1502,77938,42598800.0,2839.0,4,2837.0,23
rb1805,20170623,20170622,211323500,2839.0,1502,77938,42598800.0,2839.0,5,2837.0,23
rb1805,20170623,20170622,211325500,2839.0,1502,77938,42598800.0,2839.0,5,2837.0,27
rb1805,20170623,20170622,211326000,2839.0,1502,77938,42598800.0,2839.0,1,2837.0,32
rb1805,20170623,20170622,211326500,2839.0,1502,77938,42598800.0,2839.0,1,2838.0,1
rb1805,20170623,20170622,211327000,2839.0,1502,77938,42598800.0,2839.0,1,2838.0,2
rb1805,20170623,20170622,211328000,2839.0,1502,77938,42598800.0,2839.0,1,2838.0,2
rb1805,20170623,20170622,211328500,2839.0,1502,77938,42598800.0,2839.0,1,2838.0,2
rb1805,20170623,20170622,211329500,2839.0,1504,77938,42655580.0,2840.0,2,2838.0,2
rb1805,20170623,20170622,211331000,2839.0,1504,77938,42655580.0,2840.0,2,2838.0,2
rb1805,20170623,20170622,211331500,2839.0,1504,77938,42655580.0,2840.0,2,2838.0,2
rb1805,20170623,20170622,211332000,2839.0,1504,77938,42655580.0,2840.0,6,2838.0,3
rb1805,20170623,20170622,211333000,2839.0,1504,77938,42655580.0,2840.0,6,2838.0,3
rb1805,20170623,20170622,211333500,2839.0,1504,77938,42655580.0,2839.0,1,2838.0,3
rb1805,20170623,20170622,211334000,2839.0,1504,77938,42655580.0,2839.0,1,2838.0,2
rb1805,20170623,20170622,211336000,2839.0,1504,77938,42655580.0,2839.0,1,2838.0,2
rb1805,20170623,20170622,211336500,2839.0,1504,77938,42655580.0,2839.0,1,2838.0,2
rb1805,20170623,20170622,211338000,2839.0,1504,77938,42655580.0,2839.0,1,2838.0,2
rb1805,20170623,20170622,211338500,2839.0,1504,77938,42655580.0,2839.0,2,2838.0,2
rb1805,20170623,20170622,211339000,2839.0,1508,77934,42769140.0,2840.0,6,2839.0,1
rb1805,20170623,20170622,211339500,2839.0,1508,77934,42769140.0,2840.0,2,2839.0,1
rb1805,20170623,20170622,211341000,2839.0,1516,77940,42996280.0,2840.0,1,2839.0,2
rb1805,20170623,20170622,211341500,2839.0,1518,77942,43053060.0,2840.0,1,2839.0,1
rb1805,20170623,20170622,211342000,2839.0,1518,77942,43053060.0,2840.0,1,2839.0,1
rb1805,20170623,20170622,211342500,2839.0,1518,77942,43053060.0,2840.0,1,2839.0,1
rb1805,20170623,20170622,211343500,2839.0,1518,77942,43053060.0,2840.0,1,2839.0,1
rb1805,20170623,20170622,211344500,2839.0,1518,77942,43053060.0,2840.0,1,2839.0,1
rb1805,20170623,20170622,211346000,2839.0,1520,77942,43109840.0,2840.0,1,2839.0,1
rb1805,20170623,20170622,211346500,2839.0,1522,77942,43166620.0,2839.0,2,2838.0,9
rb1805,20170623,20170622,211347000,2839.0,1526,77942,43280180.0,2840.0,1,2839.0,2
rb1805,20170623,20170622,211347500,2839.0,1526,77942,43280180.0,2840.0,1,2838.0,5
rb1805,20170623,20170622,211348500,2840.0,1528,77940,43336980.0,2841.0,4,2840.0,1
rb1805,20170623,20170622,211349500,2840.0,1528,77940,43336980.0,2841.0,5,2840.0,1
rb1805,20170623,20170622,211350000,2840.0,1528,77940,43336980.0,2841.0,4,2840.0,1
rb1805,20170623,20170622,211350500,2841.0,1530,77938,43393800.0,2841.0,3,2840.0,1
rb1805,20170623,20170622,211351000,2841.0,1538,77936,43620940.0,2841.0,2,2838.0,2
rb1805,20170623,20170622,211351500,2841.0,1538,77936,43620940.0,2841.0,7,2839.0,7
rb1805,20170623,20170622,211352000,2841.0,1538,77936,43620940.0,2841.0,7,2839.0,2
rb1805,20170623,20170622,211352500,2841.0,1538,77936,43620940.0,2841.0,8,2839.0,2
rb1805,20170623,20170622,211353000,2841.0,1538,77936,43620940.0,2841.0,8,2839.0,2
rb1805,20170623,20170622,211354000,2841.0,1538,77936,43620940.0,2841.0,8,2839.0,3
rb1805,20170623,20170622,211354500,2841.0,1538,77936,43620940.0,2841.0,8,2839.0,2
rb1805,20170623,20170622,211355000,2841.0,1538,77936,43620940.0,2841.0,8,2839.0,2
rb1805,20170623,20170622,211357500,2841.0,1538,77936,43620940.0,2841.0,15,2839.0,2
rb1805,20170623,20170622,211359000,2841.0,1538,77936,43620940.0,2841.0,15,2839.0,1
rb1805,20170623,20170622,211401000,2841.0,1538,77936,43620940.0,2841.0,15,2839.0,1
rb1805,20170623,20170622,211401500,2841.0,1562,77914,44302780.0,2841.0,3,2839.0,1
rb1805,20170623,20170622,211402000,2841.0,1562,77914,44302780.0,2841.0,3,2839.0,1
rb1805,20170623,20170622,211403000,2841.0,1562,77914,44302780.0,2841.0,4,2839.0,1
rb1805,20170623,20170622,211403500,2841.0,1562,77914,44302780.0,2841.0,4,2839.0,1
rb1805,20170623,20170622,211404000,2841.0,1562,77914,44302780.0,2841.0,4,2839.0,2
rb1805,20170623,20170622,211405000,2841.0,1562,77914,44302780.0,2841.0,4,2839.0,2
rb1805,20170623,20170622,211406000,2839.0,1568,77912,44473120.0,2839.0,4,2838.0,5
rb1805,20170623,20170622,211406500,2841.0,1584,77908,44927520.0,2842.0,3,2839.0,11
rb1805,20170623,20170622,211407000,2841.0,1584,77908,44927520.0,2841.0,1,2839.0,13
rb1805,20170623,20170622,211407500,2842.0,1588,77904,45041180.0,2842.0,7,2839.0,5
rb1805,20170623,20170622,211408500,2842.0,1588,77904,45041180.0,2842.0,7,2839.0,5
rb1805,20170623,20170622,211409000,2842.0,1588,77904,45041180.0,2842.0,7,2840.0,1
rb1805,20170623,20170622,211410500,2842.0,1588,77904,45041180.0,2842.0,7,2840.0,6
rb1805,20170623,20170622,211411000,2842.0,1588,77904,45041180.0,2842.0,7,2841.0,1
rb1805,20170623,20170622,211411500,2842.0,1588,77904,45041180.0,2842.0,2,2841.0,1
rb1805,20170623,20170622,211413000,2842.0,1588,77904,45041180.0,2842.0,2,2841.0,1
rb1805,20170623,20170622,211413500,2842.0,1588,77904,45041180.0,2842.0,3,2841.0,1
rb1805,20170623,20170622,211414500,2841.0,1590,77904,45098000.0,2842.0,3,2840.0,6
rb1805,20170623,20170622,211416000,2841.0,1590,77904,45098000.0,2842.0,3,2840.0,6
rb1805,20170623,20170622,211418500,2841.0,1590,77904,45098000.0,2842.0,3,2840.0,6
rb1805,20170623,20170622,211419000,2841.0,1590,77904,45098000.0,2842.0,3,2841.0,2
rb1805,20170623,20170622,211419500,2841.0,1590,77904,45098000.0,2842.0,13,2841.0,2
rb1805,20170623,20170622,211420000,2842.0,1594,77900,45211680.0,2842.0,11,2841.0,2
rb1805,20170623,20170622,211420500,2842.0,1594,77900,45211680.0,2842.0,11,2841.0,2
rb1805,20170623,20170622,211423000,2842.0,1594,77900,45211680.0,2842.0,11,2841.0,2
rb1805,20170623,20170622,211423500,2842.0,1600,77896,45382200.0,2842.0,8,2841.0,4
rb1805,20170623,20170622,211424500,2842.0,1600,77896,45382200.0,2842.0,8,2841.0,2
rb1805,20170623,20170622,211425500,2842.0,1602,77896,45439040.0,2842.0,7,2841.0,2
rb1805,20170623,20170622,211426000,2842.0,1602,77896,45439040.0,2842.0,7,2841.0,3
rb1805,20170623,20170622,211426500,2842.0,1602,77896,45439040.0,2842.0,7,2841.0,1
rb1805,20170623,20170622,211427000,2842.0,1602,77896,45439040.0,2842.0,7,2841.0,6
rb1805,20170623,20170622,211427500,2842.0,1602,77896,45439040.0,2842.0,7,2841.0,6
rb1805,20170623,20170622,211428500,2842.0,1602,77896,45439040.0,2842.0,7,2841.0,7
rb1805,20170623,20170622,211429000,2842.0,1602,77896,45439040.0,2842.0,7,2841.0,8
rb1805,20170623,20170622,211430500,2842.0,1602,77896,45439040.0,2842.0,8,2841.0,8
rb1805,20170623,20170622,211431000,2841.0,1604,77896,45495860.0,2842.0,8,2841.0,7
rb1805,20170623,20170622,211431500,2841.0,1604,77896,45495860.0,2842.0,8,2841.0,7
rb1805,20170623,20170622,211432000,2841.0,1604,77896,45495860.0,2842.0,8,2841.0,8
rb1805,20170623,20170622,211433000,2841.0,1606,77896,45552680.0,2842.0,8,2841.0,7
rb1805,20170623,20170622,211434000,2841.0,1606,77896,45552680.0,2842.0,13,2841.0,3
rb1805,20170623,20170622,211435000,2841.0,1606,77896,45552680.0,2842.0,13,2841.0,4
rb1805,20170623,20170622,211435500,2841.0,1606,77896,45552680.0,2842.0,14,2841.0,6
rb1805,20170623,20170622,211436500,2841.0,1606,77896,45552680.0,2842.0,14,2841.0,4
rb1805,20170623,20170622,211437000,2841.0,1606,77896,45552680.0,2842.0,9,2841.0,4
rb1805,20170623,20170622,211439500,2841.0,1606,77896,45552680.0,2842.0,9,2841.0,4
rb1805,20170623,20170622,211440000,2841.0,1606,77896,45552680.0,2842.0,10,2841.0,4
rb1805,20170623,20170622,211440500,2841.0,1610,77892,45666340.0,2842.0,9,2841.0,4
rb1805,20170623,20170622,211441500,2841.0,1610,77892,45666340.0,2842.0,9,2841.0,5
rb1805,20170623,20170622,211445000,2841.0,1610,77892,45666340.0,2842.0,9,2841.0,5
rb1805,20170623,20170622,211445500,2841.0,1612,77892,45723160.0,2842.0,9,2841.0,4
rb1805,20170623,20170622,211447000,2841.0,1612,77892,45723160.0,2842.0,9,2841.0,4
rb1805,20170623,20170622,211447500,2841.0,1612,77892,45723160.0,2842.0,9,2841.0,3
rb1805,20170623,20170622,211448000,2841.0,1612,77892,45723160.0,2842.0,9,2841.0,3
rb1805,20170623,20170622,211450500,2841.0,1612,77892,45723160.0,2842.0,9,2841.0,3
rb1805,20170623,20170622,211453000,2841.0,1614,77894,45779980.0,2842.0,9,2841.0,2
rb1805,20170623,20170622,211454500,2841.0,1614,77894,45779980.0,2842.0,9,2841.0,4
rb1805,20170623,20170622,211455000,2841.0,1614,77894,45779980.0,2842.0,9,2841.0,2
rb1805,20170623,20170622,211455500,2842.0,1618,77894,45893660.0,2842.0,7,2841.0,2
rb1805,20170623,20170622,211456000,2842.0,1618,77894,45893660.0,2842.0,7,2841.0,22
rb1805,20170623,20170622,211456500,2841.0,1620,77896,45950480.0,2842.0,7,2841.0,21
rb1805,20170623,20170622,211457000,2841.0,1620,77896,45950480.0,2842.0,7,2841.0,1
rb1805,20170623,20170622,211457500,2841.0,1620,77896,45950480.0,2842.0,7,2841.0,1
rb1805,20170623,20170622,211458500,2841.0,1620,77896,45950480.0,2842.0,7,2841.0,1
rb1805,20170623,20170622,211501000,2841.0,1620,77896,45950480.0,2842.0,12,2841.0,1
rb1805,20170623,20170622,211504500,2841.0,1620,77896,45950480.0,2842.0,12,2841.0,1
rb1805,20170623,20170622,211505500,2841.0,1622,77898,46007300.0,2841.0,3,2840.0,9
rb1805,20170623,20170622,211506000,2841.0,1622,77898,46007300.0,2842.0,12,2840.0,4
rb1805,20170623,20170622,211506500,2842.0,1624,77898,46064140.0,2842.0,11,2840.0,4
rb1805,20170623,20170622,211507000,2842.0,1626,77898,46120980.0,2842.0,5,2840.0,8
rb1805,20170623,20170622,211507500,2842.0,1626,77898,46120980.0,2842.0,6,2840.0,8
rb1805,20170623,20170622,211509500,2842.0,1626,77898,46120980.0,2842.0,6,2841.0,1
rb1805,20170623,20170622,211511000,2842.0,1626,77898,46120980.0,2842.0,6,2841.0,1
rb1805,20170623,20170622,211512500,2842.0,1626,77898,46120980.0,2842.0,6,2841.0,1
rb1805,20170623,20170622,211513500,2842.0,1626,77898,46120980.0,2842.0,6,2841.0,1
rb1805,20170623,20170622,211519000,2842.0,1632,77898,46291500.0,2842.0,3,2841.0,1
rb1805,20170623,20170622,211519500,2842.0,1632,77898,46291500.0,2842.0,3,2841.0,2
rb1805,20170623,20170622,211522000,2842.0,1632,77898,46291500.0,2842.0,3,2841.0,2
rb1805,20170623,20170622,211523000,2842.0,1632,77898,46291500.0,2842.0,3,2841.0,2
rb1805,20170623,20170622,211525500,2841.0,1636,77898,46405140.0,2841.0,5,2840.0,9
rb1805,20170623,20170622,211526000,2841.0,1636,77898,46405140.0,2841.0,2,2840.0,5
rb1805,20170623,20170622,211527000,2841.0,1636,77898,46405140.0,2841.0,2,2840.0,5
rb1805,20170623,20170622,211527500,2841.0,1636,77898,46405140.0,2842.0,8,2840.0,5
rb1805,20170623,20170622,211528500,2841.0,1636,77898,46405140.0,2841.0,5,2840.0,5
rb1805,20170623,20170622,211535000,2841.0,1636,77898,46405140.0,2841.0,5,2840.0,5
rb1805,20170623,20170622,211536500,2841.0,1638,77900,46461960.0,2841.0,4,2840.0,5
rb1805,20170623,20170622,211537500,2841.0,1638,77900,46461960.0,2841.0,4,2840.0,5
rb1805,20170623,20170622,211538000,2841.0,1638,77900,46461960.0,2841.0,5,2840.0,5
rb1805,20170623,20170622,211540000,2841.0,1638,77900,46461960.0,2841.0,11,2840.0,5
rb1805,20170623,20170622,211543500,2841.0,1640,77902,46518780.0,2841.0,10,2840.0,5
rb1805,20170623,20170622,211544500,2841.0,1640,77902,46518780.0,2841.0,10,2840.0,6
rb1805,20170623,20170622,211545500,2841.0,1640,77902,46518780.0,2841.0,10,2840.0,6
rb1805,20170623,20170622,211546000,2841.0,1640,77902,46518780.0,2841.0,10,2840.0,11
rb1805,20170623,20170622,211546500,2841.0,1640,77902,46518780.0,2841.0,10,2840.0,11
rb1805,20170623,20170622,211548000,2841.0,1654,77912,46916520.0,2841.0,3,2840.0,15
rb1805,20170623,20170622,211548500,2841.0,1654,77912,46916520.0,2841.0,3,2840.0,15
rb1805,20170623,20170622,211549000,2841.0,1654,77912,46916520.0,2841.0,3,2840.0,15
rb1805,20170623,20170622,211550500,2841.0,1658,77914,47030140.0,2841.0,2,2840.0,14
rb1805,20170623,20170622,211551000,2841.0,1658,77914,47030140.0,2841.0,2,2840.0,14
rb1805,20170623,20170622,211551500,2841.0,1658,77914,47030140.0,2841.0,2,2840.0,10
rb1805,20170623,20170622,211553500,2841.0,1660,77916,47086960.0,2841.0,6,2840.0,10
rb1805,20170623,20170622,211554000,2841.0,1660,77916,47086960.0,2841.0,1,2840.0,10
rb1805,20170623,20170622,211555500,2841.0,1662,77918,47143780.0,2842.0,10,2840.0,10
rb1805,20170623,20170622,211556000,2841.0,1662,77918,47143780.0,2841.0,2,2840.0,10
rb1805,20170623,20170622,211557500,2841.0,1664,77918,47200600.0,2841.0,1,2840.0,10
rb1805,20170623,20170622,211558000,2841.0,1666,77918,47257420.0,2842.0,10,2840.0,10
rb1805,20170623,20170622,211558500,2841.0,1666,77918,47257420.0,2842.0,10,2840.0,15
rb1805,20170623,20170622,211600500,2841.0,1666,77918,47257420.0,2842.0,10,2840.0,15
rb1805,20170623,20170622,211602000,2841.0,1666,77918,47257420.0,2842.0,11,2840.0,15
rb1805,20170623,20170622,211603500,2841.0,1666,77918,47257420.0,2842.0,11,2840.0,15
rb1805,20170623,20170622,211605000,2841.0,1666,77918,47257420.0,2842.0,12,2840.0,15
rb1805,20170623,20170622,211605500,2841.0,1666,77918,47257420.0,2842.0,11,2840.0,15
rb1805,20170623,20170622,211606000,2841.0,1666,77918,47257420.0,2842.0,11,2840.0,15
rb1805,20170623,20170622,211607000,2841.0,1666,77918,47257420.0,2842.0,11,2840.0,15
rb1805,20170623,20170622,211610000,2841.0,1666,77918,47257420.0,2842.0,11,2840.0,15
rb1805,20170623,20170622,211611500,2841.0,1666,77918,47257420.0,2842.0,11,2840.0,16
rb1805,20170623,20170622,211612000,2841.0,1666,77918,47257420.0,2841.0,3,2840.0,16
rb1805,20170623,20170622,211612500,2840.0,1668,77918,47314220.0,2841.0,8,2840.0,15
rb1805,20170623,20170622,211613000,2840.0,1668,77918,47314220.0,2841.0,8,2840.0,15
rb1805,20170623,20170622,211614000,2840.0,1676,77918,47541420.0,2841.0,5,2840.0,11
rb1805,20170623,20170622,211614500,2840.0,1676,77918,47541420.0,2841.0,5,2840.0,11
rb1805,20170623,20170622,211615000,2840.0,1688,77918,47882220.0,2841.0,5,2840.0,5
rb1805,20170623,20170622,211615500,2840.0,1688,77918,47882220.0,2842.0,42,2840.0,5
rb1805,20170623,20170622,211616000,2840.0,1688,77918,47882220.0,2842.0,43,2840.0,5
rb1805,20170623,20170622,211617500,2840.0,1688,77918,47882220.0,2842.0,43,2840.0,5
rb1805,20170623,20170622,211618000,2840.0,1688,77918,47882220.0,2842.0,43,2840.0,5
rb1805,20170623,20170622,211618500,2840.0,1688,77918,47882220.0,2842.0,43,2841.0,1
rb1805,20170623,20170622,211619000,2840.0,1688,77918,47882220.0,2842.0,38,2841.0,1
rb1805,20170623,20170622,211619500,2841.0,1690,77920,47939040.0,2842.0,36,2840.0,10
rb1805,20170623,20170622,211620500,2841.0,1690,77920,47939040.0,2841.0,2,2840.0,10
rb1805,20170623,20170622,211621500,2841.0,1690,77920,47939040.0,2841.0,2,2840.0,10
rb1805,20170623,20170622,211622000,2841.0,1690,77920,47939040.0,2841.0,2,2840.0,10
rb1805,20170623,20170622,211622500,2841.0,1694,77922,48052680.0,2842.0,41,2841.0,3
rb1805,20170623,20170622,211623000,2841.0,1694,77922,48052680.0,2842.0,41,2840.0,10
rb1805,20170623,20170622,211623500,2841.0,1694,77922,48052680.0,2841.0,1,2840.0,10
rb1805,20170623,20170622,211624000,2841.0,1698,77922,48166320.0,2841.0,4,2840.0,10
rb1805,20170623,20170622,211624500,2841.0,1698,77922,48166320.0,2841.0,4,2840.0,5
rb1805,20170623,20170622,211630000,2841.0,1698,77922,48166320.0,2841.0,5,2840.0,5
rb1805,20170623,20170622,211630500,2841.0,1698,77922,48166320.0,2841.0,5,2840.0,5
rb1805,20170623,20170622,211633000,2841.0,1698,77922,48166320.0,2841.0,5,2840.0,8
rb1805,20170623,20170622,211634000,2841.0,1698,77922,48166320.0,2841.0,1,2840.0,8
rb1805,20170623,20170622,211635500,2841.0,1698,77922,48166320.0,2841.0,1,2840.0,8
rb1805,20170623,20170622,211636000,2841.0,1698,77922,48166320.0,2841.0,1,2840.0,8
rb1805,20170623,20170622,211636500,2840.0,1706,77926,48393520.0,2841.0,7,2840.0,4
rb1805,20170623,20170622,211637000,2840.0,1706,77926,48393520.0,2841.0,8,2840.0,4
rb1805,20170623,20170622,211637500,2840.0,1706,77926,48393520.0,2841.0,3,2840.0,4
rb1805,20170623,20170622,211638000,2840.0,1706,77926,48393520.0,2841.0,3,2840.0,4
rb1805,20170623,20170622,211640500,2840.0,1706,77926,48393520.0,2841.0,3,2840.0,4
rb1805,20170623,20170622,211642500,2840.0,1706,77926,48393520.0,2841.0,3,2840.0,4
rb1805,20170623,20170622,211643000,2840.0,1706,77926,48393520.0,2841.0,3,2840.0,4
rb1805,20170623,20170622,211644000,2840.0,1706,77926,48393520.0,2841.0,8,2840.0,4
rb1805,20170623,20170622,211645000,2840.0,1708,77926,48450320.0,2841.0,8,2840.0,3
rb1805,20170623,20170622,211645500,2841.0,1712,77926,48563940.0,2841.0,7,2840.0,2
rb1805,20170623,20170622,211646000,2841.0,1712,77926,48563940.0,2841.0,7,2840.0,2
rb1805,20170623,20170622,211647000,2840.0,1714,77926,48620740.0,2841.0,7,2840.0,1
rb1805,20170623,20170622,211649500,2840.0,1716,77928,48677540.0,2840.0,6,2839.0,6
rb1805,20170623,20170622,211650000,2840.0,1716,77928,48677540.0,2840.0,2,2839.0,1
rb1805,20170623,20170622,211651500,2840.0,1716,77928,48677540.0,2840.0,2,2839.0,1
rb1805,20170623,20170622,211653500,2840.0,1716,77928,48677540.0,2841.0,7,2839.0,1
rb1805,20170623,20170622,211655000,2840.0,1716,77928,48677540.0,2840.0,15,2839.0,1
rb1805,20170623,20170622,211656500,2840.0,1716,77928,48677540.0,2840.0,15,2839.0,1
rb1805,20170623,20170622,211658000,2840.0,1722,77934,48847940.0,2840.0,12,2839.0,1
rb1805,20170623,20170622,211700000,2840.0,1722,77934,48847940.0,2840.0,12,2839.0,3
rb1805,20170623,20170622,211701000,2840.0,1722,77934,48847940.0,2840.0,12,2839.0,3
rb1805,20170623,20170622,211703500,2840.0,1722,77934,48847940.0,2840.0,12,2839.0,3
rb1805,20170623,20170622,211705500,2840.0,1724,77934,48904740.0,2840.0,11,2839.0,3
rb1805,20170623,20170622,211706000,2840.0,1724,77934,48904740.0,2840.0,11,2839.0,3
rb1805,20170623,20170622,211706500,2840.0,1724,77934,48904740.0,2840.0,11,2839.0,2
rb1805,20170623,20170622,211709000,2840.0,1724,77934,48904740.0,2840.0,11,2839.0,2
rb1805,20170623,20170622,211712000,2840.0,1724,77934,48904740.0,2840.0,11,2839.0,2
rb1805,20170623,20170622,211713000,2840.0,1726,77936,48961540.0,2840.0,10,2839.0,2
rb1805,20170623,20170622,211715500,2840.0,1726,77936,48961540.0,2840.0,10,2839.0,2
rb1805,20170623,20170622,211716500,2840.0,1746,77956,49529540.0,2841.0,7,2839.0,2
rb1805,20170623,20170622,211725000,2840.0,1746,77956,49529540.0,2841.0,7,2839.0,2
rb1805,20170623,20170622,211725500,2840.0,1746,77956,49529540.0,2841.0,7,2839.0,2
rb1805,20170623,20170622,211728000,2840.0,1746,77956,49529540.0,2841.0,7,2839.0,2
rb1805,20170623,20170622,211729500,2840.0,1746,77956,49529540.0,2841.0,7,2839.0,2
rb1805,20170623,20170622,211731500,2840.0,1746,77956,49529540.0,2841.0,12,2839.0,2
rb1805,20170623,20170622,211733000,2840.0,1746,77956,49529540.0,2841.0,12,2839.0,2
rb1805,20170623,20170622,211733500,2840.0,1746,77956,49529540.0,2840.0,1,2839.0,2
rb1805,20170623,20170622,211737000,2840.0,1746,77956,49529540.0,2840.0,1,2839.0,2
rb1805,20170623,20170622,211737500,2840.0,1748,77956,49586340.0,2841.0,12,2839.0,2
rb1805,20170623,20170622,211738000,2840.0,1748,77956,49586340.0,2841.0,12,2839.0,2
rb1805,20170623,20170622,211741000,2840.0,1748,77956,49586340.0,2841.0,12,2839.0,2
rb1805,20170623,20170622,211744500,2840.0,1748,77956,49586340.0,2841.0,12,2839.0,2
rb1805,20170623,20170622,211747000,2840.0,1748,77956,49586340.0,2841.0,14,2839.0,2
rb1805,20170623,20170622,211747500,2840.0,1748,77956,49586340.0,2841.0,14,2839.0,1
rb1805,20170623,20170622,211748000,2840.0,1748,77956,49586340.0,2841.0,14,2839.0,1
rb1805,20170623,20170622,211749500,2840.0,1748,77956,49586340.0,2841.0,14,2839.0,1
rb1805,20170623,20170622,211751500,2840.0,1748,77956,49586340.0,2841.0,9,2839.0,1
rb1805,20170623,20170622,211753000,2840.0,1748,77956,49586340.0,2841.0,9,2839.0,1
rb1805,20170623,20170622,211754000,2840.0,1748,77956,49586340.0,2841.0,9,2839.0,1
rb1805,20170623,20170622,211755000,2840.0,1748,77956,49586340.0,2841.0,8,2839.0,1
rb1805,20170623,20170622,211757000,2840.0,1748,77956,49586340.0,2841.0,12,2839.0,1
rb1805,20170623,20170622,211800500,2840.0,1748,77956,49586340.0,2841.0,12,2839.0,1
rb1805,20170623,20170622,211803000,2840.0,1748,77956,49586340.0,2841.0,12,2839.0,1
rb1805,20170623,20170622,211804000,2840.0,1748,77956,49586340.0,2841.0,12,2839.0,1
rb1805,20170623,20170622,211806500,2840.0,1748,77956,49586340.0,2841.0,12,2839.0,1
rb1805,20170623,20170622,211807500,2840.0,1748,77956,49586340.0,2841.0,12,2839.0,1
rb1805,20170623,20170622,211809000,2840.0,1748,77956,49586340.0,2841.0,12,2839.0,6
rb1805,20170623,20170622,211809500,2840.0,1748,77956,49586340.0,2841.0,12,2839.0,6
rb1805,20170623,20170622,211811000,2840.0,1748,77956,49586340.0,2841.0,12,2839.0,6
rb1805,20170623,20170622,211812500,2840.0,1748,77956,49586340.0,2841.0,12,2839.0,1
rb1805,20170623,20170622,211813000,2840.0,1748,77956,49586340.0,2841.0,12,2839.0,1
rb1805,20170623,20170622,211815500,2840.0,1748,77956,49586340.0,2841.0,12,2839.0,1
rb1805,20170623,20170622,211819500,2840.0,1748,77956,49586340.0,2841.0,12,2839.0,1
rb1805,20170623,20170622,211820500,2840.0,1748,77956,49586340.0,2841.0,12,2839.0,1
rb1805,20170623,20170622,211821500,2840.0,1748,77956,49586340.0,2841.0,13,2839.0,1
rb1805,20170623,20170622,211826000,2840.0,1748,77956,49586340.0,2841.0,13,2839.0,1
rb1805,20170623,20170622,211829000,2840.0,1748,77956,49586340.0,2841.0,15,2839.0,1
rb1805,20170623,20170622,211830000,2841.0,1758,77954,49870440.0,2841.0,5,2839.0,6
rb1805,20170623,20170622,211830500,2841.0,1758,77954,49870440.0,2841.0,7,2839.0,6
rb1805,20170623,20170622,211831500,2841.0,1758,77954,49870440.0,2841.0,7,2839.0,6
rb1805,20170623,20170622,211833500,2841.0,1758,77954,49870440.0,2841.0,7,2839.0,6
rb1805,20170623,20170622,211837000,2841.0,1758,77954,49870440.0,2841.0,5,2839.0,6
rb1805,20170623,20170622,211839000,2841.0,1758,77954,49870440.0,2841.0,3,2839.0,6
rb1805,20170623,20170622,211839500,2841.0,1758,77954,49870440.0,2841.0,3,2839.0,6
rb1805,20170623,20170622,211841000,2841.0,1758,77954,49870440.0,2841.0,8,2839.0,6
rb1805,20170623,20170622,211841500,2841.0,1758,77954,49870440.0,2841.0,8,2839.0,1
rb1805,20170623,20170622,211842000,2841.0,1758,77954,49870440.0,2841.0,10,2839.0,1
rb1805,20170623,20170622,211842500,2841.0,1758,77954,49870440.0,2841.0,8,2839.0,1
rb1805,20170623,20170622,211843000,2839.0,1760,77954,49927220.0,2841.0,11,2838.0,1
rb1805,20170623,20170622,211843500,2838.0,1766,77954,50097540.0,2841.0,8,2838.0,5
rb1805,20170623,20170622,211845500,2838.0,1766,77954,50097540.0,2841.0,8,2838.0,5
rb1805,20170623,20170622,211846000,2838.0,1766,77954,50097540.0,2840.0,2,2838.0,5
rb1805,20170623,20170622,211847000,2838.0,1766,77954,50097540.0,2839.0,1,2838.0,5
rb1805,20170623,20170622,211847500,2838.0,1766,77954,50097540.0,2839.0,1,2838.0,1
rb1805,20170623,20170622,211849000,2839.0,1768,77954,50154320.0,2840.0,2,2839.0,2
rb1805,20170623,20170622,211849500,2839.0,1768,77954,50154320.0,2840.0,2,2838.0,1
rb1805,20170623,20170622,211850000,2839.0,1768,77954,50154320.0,2840.0,2,2838.0,1
rb1805,20170623,20170622,211853500,2839.0,1768,77954,50154320.0,2841.0,8,2838.0,1
rb1805,20170623,20170622,211854000,2839.0,1768,77954,50154320.0,2840.0,2,2838.0,6
rb1805,20170623,20170622,211858000,2839.0,1768,77954,50154320.0,2840.0,3,2838.0,6
rb1805,20170623,20170622,211858500,2839.0,1768,77954,50154320.0,2840.0,3,2838.0,6
rb1805,20170623,20170622,211900000,2839.0,1768,77954,50154320.0,2839.0,1,2838.0,6
rb1805,20170623,20170622,211901500,2839.0,1768,77954,50154320.0,2839.0,1,2838.0,6
rb1805,20170623,20170622,211902500,2839.0,1768,77954,50154320.0,2839.0,1,2838.0,1
rb1805,20170623,20170622,211904500,2839.0,1768,77954,50154320.0,2839.0,1,2838.0,1
rb1805,20170623,20170622,211906000,2839.0,1768,77954,50154320.0,2839.0,1,2838.0,1
rb1805,20170623,20170622,211906500,2839.0,1768,77954,50154320.0,2839.0,1,2838.0,1
rb1805,20170623,20170622,211907500,2839.0,1768,77954,50154320.0,2839.0,1,2838.0,3
rb1805,20170623,20170622,211911000,2839.0,1768,77954,50154320.0,2839.0,1,2838.0,4
rb1805,20170623,20170622,211913000,2839.0,1770,77954,50211100.0,2840.0,3,2838.0,4
rb1805,20170623,20170622,211913500,2839.0,1770,77954,50211100.0,2840.0,3,2839.0,2
rb1805,20170623,20170622,211914000,2840.0,1774,77956,50324700.0,2840.0,1,2838.0,9
rb1805,20170623,20170622,211914500,2840.0,1774,77956,50324700.0,2840.0,2,2838.0,9
rb1805,20170623,20170622,211915000,2840.0,1774,77956,50324700.0,2840.0,2,2838.0,9
rb1805,20170623,20170622,211917000,2838.0,1778,77954,50438220.0,2840.0,2,2838.0,7
rb1805,20170623,20170622,211918500,2838.0,1778,77954,50438220.0,2840.0,2,2838.0,7
rb1805,20170623,20170622,211922500,2838.0,1778,77954,50438220.0,2839.0,1,2838.0,7
rb1805,20170623,20170622,211923000,2838.0,1778,77954,50438220.0,2839.0,2,2838.0,2
rb1805,20170623,20170622,211925000,2838.0,1778,77954,50438220.0,2839.0,4,2838.0,2
rb1805,20170623,20170622,211926000,2838.0,1778,77954,50438220.0,2839.0,4,2838.0,3
rb1805,20170623,20170622,211926500,2838.0,1782,77954,50551740.0,2839.0,4,2838.0,1
rb1805,20170623,20170622,211927000,2838.0,1782,77954,50551740.0,2839.0,4,2838.0,1
rb1805,20170623,20170622,211928500,2838.0,1784,77956,50608500.0,2838.0,1,2837.0,23
rb1805,20170623,20170622,211929000,2838.0,1786,77956,50665260.0,2839.0,4,2838.0,8
rb1805,20170623,20170622,211929500,2838.0,1786,77956,50665260.0,2839.0,4,2838.0,5
rb1805,20170623,20170622,211932000,2838.0,1786,77956,50665260.0,2839.0,4,2838.0,5
rb1805,20170623,20170622,211933500,2838.0,1786,77956,50665260.0,2839.0,4,2838.0,5
rb1805,20170623,20170622,211934500,2838.0,1786,77956,50665260.0,2839.0,4,2838.0,6
rb1805,20170623,20170622,211936000,2838.0,1798,77962,51005820.0,2838.0,4,2837.0,23
rb1805,20170623,20170622,211936500,2838.0,1804,77968,51176100.0,2838.0,1,2837.0,23
rb1805,20170623,20170622,211937000,2838.0,1806,77970,51232860.0,2839.0,4,2837.0,23
rb1805,20170623,20170622,211937500,2838.0,1806,77970,51232860.0,2839.0,4,2837.0,23
rb1805,20170623,20170622,211938000,2839.0,1808,77970,51289640.0,2839.0,3,2837.0,23
rb1805,20170623,20170622,211940500,2839.0,1808,77970,51289640.0,2839.0,5,2837.0,23
rb1805,20170623,20170622,211941000,2839.0,1808,77970,51289640.0,2839.0,5,2837.0,23
rb1805,20170623,20170622,211943500,2839.0,1808,77970,51289640.0,2839.0,5,2837.0,23
rb1805,20170623,20170622,211944500,2839.0,1808,77970,51289640.0,2839.0,5,2837.0,23
rb1805,20170623,20170622,211945500,2839.0,1808,77970,51289640.0,2839.0,5,2837.0,23
rb1805,20170623,20170622,211947500,2837.0,1810,77972,51346380.0,2839.0,5,2837.0,22
rb1805,20170623,20170622,211948000,2837.0,1814,77972,51459860.0,2839.0,5,2837.0,20
rb1805,20170623,20170622,211949000,2837.0,1814,77972,51459860.0,2839.0,35,2837.0,20
rb1805,20170623,20170622,211950500,2837.0,1814,77972,51459860.0,2839.0,35,2837.0,20
rb1805,20170623,20170622,211951000,2837.0,1814,77972,51459860.0,2839.0,35,2837.0,20
rb1805,20170623,20170622,211952000,2837.0,1814,77972,51459860.0,2839.0,40,2837.0,20
rb1805,20170623,20170622,211952500,2837.0,1816,77974,51516600.0,2838.0,1,2837.0,19
rb1805,20170623,20170622,211953000,2837.0,1816,77974,51516600.0,2838.0,1,2837.0,19
rb1805,20170623,20170622,211953500,2837.0,1816,77974,51516600.0,2838.0,1,2837.0,18
rb1805,20170623,20170622,211955000,2837.0,1816,77974,51516600.0,2838.0,1,2837.0,18
rb1805,20170623,20170622,211956000,2838.0,1818,77974,51573360.0,2839.0,40,2837.0,18
rb1805,20170623,20170622,211957000,2838.0,1818,77974,51573360.0,2839.0,40,2837.0,18
rb1805,20170623,20170622,211958000,2838.0,1818,77974,51573360.0,2839.0,40,2837.0,18
rb1805,20170623,20170622,211959000,2838.0,1818,77974,51573360.0,2839.0,40,2838.0,3
rb1805,20170623,20170622,211959500,2838.0,1824,77978,51743640.0,2838.0,1,2837.0,18
rb1805,20170623,20170622,212000000,2838.0,1824,77978,51743640.0,2839.0,40,2837.0,18
rb1805,20170623,20170622,212002500,2838.0,1824,77978,51743640.0,2839.0,41,2837.0,18
rb1805,20170623,20170622,212004000,2838.0,1824,77978,51743640.0,2839.0,42,2837.0,18
rb1805,20170623,20170622,212004500,2838.0,1824,77978,51743640.0,2839.0,43,2837.0,18
rb1805,20170623,20170622,212006000,2838.0,1824,77978,51743640.0,2839.0,41,2838.0,1
rb1805,20170623,20170622,212006500,2838.0,1826,77980,51800400.0,2838.0,1,2837.0,18
rb1805,20170623,20170622,212007000,2838.0,1826,77980,51800400.0,2839.0,41,2837.0,18
rb1805,20170623,20170622,212009500,2838.0,1826,77980,51800400.0,2838.0,1,2837.0,18
rb1805,20170623,20170622,212012000,2838.0,1826,77980,51800400.0,2838.0,1,2837.0,18
rb1805,20170623,20170622,212012500,2838.0,1828,77982,51857160.0,2838.0,5,2837.0,18
rb1805,20170623,20170622,212016000,2838.0,1828,77982,51857160.0,2838.0,6,2837.0,18
rb1805,20170623,20170622,212017500,2837.0,1836,77986,52084120.0,2838.0,6,2837.0,14
rb1805,20170623,20170622,212019000,2837.0,1842,77986,52254340.0,2838.0,6,2837.0,11
rb1805,20170623,20170622,212019500,2837.0,1848,77992,52424560.0,2838.0,6,2837.0,8
rb1805,20170623,20170622,212020000,2837.0,1864,78004,52878480.0,2837.0,12,2836.0,9
rb1805,20170623,20170622,212020500,2837.0,1866,78006,52935220.0,2837.0,11,2836.0,9
rb1805,20170623,20170622,212021000,2837.0,1868,78008,52991960.0,2837.0,10,2836.0,9
rb1805,20170623,20170622,212021500,2837.0,1868,78008,52991960.0,2837.0,10,2836.0,9
rb1805,20170623,20170622,212024500,2836.0,1870,78008,53048680.0,2837.0,10,2836.0,8
rb1805,20170623,20170622,212025500,2836.0,1870,78008,53048680.0,2837.0,10,2836.0,8
rb1805,20170623,20170622,212030000,2836.0,1874,78004,53162120.0,2837.0,10,2836.0,6
rb1805,20170623,20170622,212030500,2837.0,1884,78014,53445820.0,2837.0,5,2836.0,6
rb1805,20170623,20170622,212031500,2837.0,1884,78014,53445820.0,2837.0,5,2836.0,6
rb1805,20170623,20170622,212034500,2836.0,1888,78010,53559260.0,2837.0,5,2836.0,4
rb1805,20170623,20170622,212040000,2836.0,1888,78010,53559260.0,2837.0,5,2836.0,4
rb1805,20170623,20170622,212043500,2836.0,1890,78012,53615980.0,2837.0,5,2836.0,3
rb1805,20170623,20170622,212047500,2836.0,1890,78012,53615980.0,2837.0,5,2836.0,4
rb1805,20170623,20170622,212048000,2836.0,1890,78012,53615980.0,2837.0,6,2836.0,4
rb1805,20170623,20170622,212051000,2836.0,1890,78012,53615980.0,2837.0,6,2836.0,4
rb1805,20170623,20170622,212051500,2837.0,1898,78012,53842940.0,2837.0,2,2836.0,4
rb1805,20170623,20170622,212052000,2837.0,1902,78010,53956420.0,2838.0,11,2836.0,4
rb1805,20170623,20170622,212053500,2837.0,1902,78010,53956420.0,2838.0,11,2836.0,4
rb1805,20170623,20170622,212054500,2837.0,1902,78010,53956420.0,2838.0,11,2836.0,9
rb1805,20170623,20170622,212056000,2837.0,1902,78010,53956420.0,2838.0,6,2836.0,9
rb1805,20170623,20170622,212057000,2837.0,1902,78010,53956420.0,2838.0,6,2836.0,10
rb1805,20170623,20170622,212059000,2836.0,1904,78008,54013140.0,2838.0,6,2836.0,9
rb1805,20170623,20170622,212102000,2836.0,1904,78008,54013140.0,2838.0,11,2836.0,9
rb1805,20170623,20170622,212103000,2836.0,1904,78008,54013140.0,2838.0,11,2836.0,4
rb1805,20170623,20170622,212104000,2836.0,1904,78008,54013140.0,2838.0,11,2836.0,4
rb1805,20170623,20170622,212105500,2836.0,1904,78008,54013140.0,2838.0,11,2836.0,4
rb1805,20170623,20170622,212107000,2836.0,1904,78008,54013140.0,2838.0,12,2836.0,4
rb1805,20170623,20170622,212108000,2836.0,1904,78008,54013140.0,2838.0,12,2836.0,9
rb1805,20170623,20170622,212108500,2836.0,1904,78008,54013140.0,2838.0,7,2836.0,9
rb1805,20170623,20170622,212109500,2838.0,1910,78008,54183420.0,2838.0,4,2836.0,9
rb1805,20170623,20170622,212111000,2838.0,1910,78008,54183420.0,2838.0,3,2836.0,9
rb1805,20170623,20170622,212112500,2838.0,1910,78008,54183420.0,2839.0,37,2836.0,9
rb1805,20170623,20170622,212113000,2838.0,1910,78008,54183420.0,2838.0,8,2836.0,4
rb1805,20170623,20170622,212113500,2838.0,1910,78008,54183420.0,2838.0,8,2836.0,4
rb1805,20170623,20170622,212114000,2836.0,1914,78010,54296860.0,2838.0,9,2836.0,2
rb1805,20170623,20170622,212115500,2836.0,1914,78010,54296860.0,2838.0,9,2836.0,2
rb1805,20170623,20170622,212116000,2836.0,1914,78010,54296860.0,2838.0,10,2836.0,2
rb1805,20170623,20170622,212116500,2836.0,1916,78010,54353580.0,2837.0,5,2836.0,1
rb1805,20170623,20170622,212117000,2836.0,1918,78010,54410300.0,2837.0,6,2835.0,5
rb1805,20170623,20170622,212117500,2836.0,1918,78010,54410300.0,2837.0,6,2835.0,5
rb1805,20170623,20170622,212118000,2837.0,1922,78006,54523780.0,2837.0,4,2835.0,5
rb1805,20170623,20170622,212118500,2838.0,1932,77998,54807500.0,2838.0,8,2835.0,5
rb1805,20170623,20170622,212119000,2838.0,1934,77996,54864260.0,2838.0,6,2835.0,10
rb1805,20170623,20170622,212119500,2838.0,1934,77996,54864260.0,2837.0,20,2836.0,6
rb1805,20170623,20170622,212120000,2836.0,1936,77996,54920980.0,2837.0,20,2836.0,5
rb1805,20170623,20170622,212120500,2837.0,1956,77996,55488380.0,2837.0,10,2836.0,5
rb1805,20170623,20170622,212121000,2837.0,1974,77996,55999040.0,2837.0,1,2836.0,5
rb1805,20170623,20170622,212122000,2837.0,1974,77996,55999040.0,2837.0,10,2836.0,7
rb1805,20170623,20170622,212122500,2836.0,1988,78006,56396080.0,2837.0,10,2835.0,10
rb1805,20170623,20170622,212123000,2837.0,2002,77994,56793260.0,2837.0,3,2835.0,10
rb1805,20170623,20170622,212123500,2837.0,2004,77992,56850000.0,2837.0,2,2835.0,10
rb1805,20170623,20170622,212126500,2837.0,2004,77992,56850000.0,2836.0,1,2835.0,10
rb1805,20170623,20170622,212127000,2837.0,2010,77986,57020200.0,2838.0,5,2836.0,1
rb1805,20170623,20170622,212127500,2837.0,2010,77986,57020200.0,2838.0,5,2835.0,10
rb1805,20170623,20170622,212128000,2835.0,2018,77986,57247000.0,2838.0,5,2835.0,6
rb1805,20170623,20170622,212128500,2835.0,2018,77986,57247000.0,2837.0,2,2835.0,6
rb1805,20170623,20170622,212129000,2835.0,2018,77986,57247000.0,2837.0,2,2835.0,6
rb1805,20170623,20170622,212129500,2837.0,2020,77986,57303740.0,2837.0,1,2835.0,6
rb1805,20170623,20170622,212130500,2837.0,2020,77986,57303740.0,2837.0,1,2835.0,6
rb1805,20170623,20170622,212131500,2837.0,2020,77986,57303740.0,2837.0,1,2836.0,10
rb1805,20170623,20170622,212132000,2837.0,2022,77988,57360480.0,2838.0,10,2836.0,10
rb1805,20170623,20170622,212133000,2837.0,2022,77988,57360480.0,2838.0,11,2836.0,10
rb1805,20170623,20170622,212135000,2837.0,2022,77988,57360480.0,2838.0,12,2836.0,10
rb1805,20170623,20170622,212136000,2836.0,2024,77990,57417200.0,2838.0,12,2836.0,9
rb1805,20170623,20170622,212139000,2836.0,2024,77990,57417200.0,2838.0,13,2836.0,9
rb1805,20170623,20170622,212140000,2836.0,2024,77990,57417200.0,2838.0,13,2836.0,9
rb1805,20170623,20170622,212141500,2836.0,2024,77990,57417200.0,2838.0,13,2836.0,9
rb1805,20170623,20170622,212142500,2836.0,2024,77990,57417200.0,2838.0,13,2836.0,9
rb1805,20170623,20170622,212143000,2836.0,2040,78006,57870960.0,2838.0,15,2836.0,1
rb1805,20170623,20170622,212143500,2836.0,2040,78006,57870960.0,2838.0,13,2836.0,1
rb1805,20170623,20170622,212144000,2836.0,2040,78006,57870960.0,2838.0,12,2836.0,1
rb1805,20170623,20170622,212147000,2836.0,2040,78006,57870960.0,2838.0,13,2836.0,1
rb1805,20170623,20170622,212148000,2836.0,2040,78006,57870960.0,2838.0,13,2836.0,1
rb1805,20170623,20170622,212149500,2836.0,2040,78006,57870960.0,2838.0,13,2836.0,1
rb1805,20170623,20170622,212150500,2836.0,2040,78006,57870960.0,2838.0,13,2836.0,1
rb1805,20170623,20170622,212151500,2836.0,2040,78006,57870960.0,2837.0,10,2836.0,1
rb1805,20170623,20170622,212152500,2837.0,2046,78006,58041180.0,2837.0,7,2836.0,1
rb1805,20170623,20170622,212154000,2837.0,2046,78006,58041180.0,2837.0,7,2836.0,1
rb1805,20170623,20170622,212154500,2837.0,2046,78006,58041180.0,2837.0,7,2836.0,1
rb1805,20170623,20170622,212155500,2836.0,2048,78008,58097900.0,2837.0,7,2835.0,7
rb1805,20170623,20170622,212203000,2837.0,2050,78010,58154640.0,2837.0,6,2835.0,7
rb1805,20170623,20170622,212204000,2837.0,2050,78010,58154640.0,2837.0,6,2835.0,7
rb1805,20170623,20170622,212205000,2837.0,2050,78010,58154640.0,2837.0,6,2835.0,7
rb1805,20170623,20170622,212207000,2837.0,2050,78010,58154640.0,2837.0,6,2835.0,7
rb1805,20170623,20170622,212208000,2837.0,2050,78010,58154640.0,2837.0,6,2835.0,8
rb1805,20170623,20170622,212211000,2837.0,2050,78010,58154640.0,2837.0,6,2835.0,8
rb1805,20170623,20170622,212215000,2837.0,2050,78010,58154640.0,2837.0,6,2835.0,9
rb1805,20170623,20170622,212216000,2837.0,2050,78010,58154640.0,2837.0,6,2835.0,8
rb1805,20170623,20170622,212216500,2835.0,2060,78010,58438140.0,2837.0,11,2835.0,3
rb1805,20170623,20170622,212217000,2835.0,2060,78010,58438140.0,2837.0,11,2835.0,4
rb1805,20170623,20170622,212218000,2835.0,2060,78010,58438140.0,2836.0,5,2835.0,4
rb1805,20170623,20170622,212218500,2836.0,2064,78006,58551580.0,2836.0,3,2835.0,4
rb1805,20170623,20170622,212219000,2836.0,2064,78006,58551580.0,2836.0,3,2835.0,5
rb1805,20170623,20170622,212219500,2836.0,2064,78006,58551580.0,2836.0,3,2835.0,4
rb1805,20170623,20170622,212221000,2836.0,2064,78006,58551580.0,2836.0,3,2835.0,4
rb1805,20170623,20170622,212222000,2836.0,2064,78006,58551580.0,2836.0,3,2835.0,4
rb1805,20170623,20170622,212222500,2836.0,2064,78006,58551580.0,2836.0,3,2835.0,5
