instrument,tradingday,calendarday,time,lastp,volume,openinterest,turnover,ask1,asksz1,bid1,bidsz1
rb1805,20170526,20170525,183651500,2842.0,0,41782,0.0,0.0,0,0.0,0
rb1805,20170526,20170525,205900500,2842.0,8,41774,227360.0,2845.0,1,2841.0,1
rb1805,20170526,20170525,210000500,2841.0,12,41776,341000.0,2841.0,18,2840.0,2
rb1805,20170526,20170525,210001000,2841.0,22,41786,625100.0,2845.0,1,2841.0,1
rb1805,20170526,20170525,210001500,2845.0,24,41786,682000.0,2849.0,11,2841.0,2
rb1805,20170526,20170525,210002000,2845.0,24,41786,682000.0,2848.0,3,2842.0,2
rb1805,20170526,20170525,210002500,2845.0,24,41786,682000.0,2847.0,2,2842.0,2
rb1805,20170526,20170525,210003000,2845.0,24,41786,682000.0,2847.0,2,2843.0,1
rb1805,20170526,20170525,210003500,2845.0,24,41786,682000.0,2847.0,2,2843.0,1
rb1805,20170526,20170525,210004000,2847.0,34,41792,966700.0,2847.0,1,2843.0,3
rb1805,20170526,20170525,210004500,2847.0,34,41792,966700.0,2847.0,1,2843.0,3
rb1805,20170526,20170525,210005000,2843.0,40,41792,1137280.0,2847.0,1,2843.0,2
rb1805,20170526,20170525,210005500,2843.0,40,41792,1137280.0,2843.0,10,2842.0,1
rb1805,20170526,20170525,210006000,2843.0,48,41792,1364720.0,2847.0,1,2842.0,1
rb1805,20170526,20170525,210006500,2843.0,48,41792,1364720.0,2847.0,3,2845.0,1
rb1805,20170526,20170525,210007000,2845.0,50,41794,1421620.0,2847.0,2,2842.0,3
rb1805,20170526,20170525,210007500,2845.0,50,41794,1421620.0,2849.0,15,2842.0,3
rb1805,20170526,20170525,210008000,2842.0,56,41798,1592180.0,2846.0,5,2842.0,2
rb1805,20170526,20170525,210008500,2842.0,56,41798,1592180.0,2845.0,2,2841.0,15
rb1805,20170526,20170525,210009000,2841.0,86,41828,2444480.0,2845.0,2,2840.0,2
rb1805,20170526,20170525,210009500,2841.0,86,41828,2444480.0,2844.0,5,2841.0,2
rb1805,20170526,20170525,210010000,2841.0,86,41828,2444480.0,2844.0,7,2840.0,4
rb1805,20170526,20170525,210010500,2841.0,86,41828,2444480.0,2844.0,5,2841.0,2
rb1805,20170526,20170525,210011500,2841.0,86,41828,2444480.0,2842.0,1,2841.0,2
rb1805,20170526,20170525,210012000,2842.0,88,41828,2501320.0,2845.0,2,2842.0,2
rb1805,20170526,20170525,210012500,2842.0,88,41828,2501320.0,2846.0,2,2842.0,2
rb1805,20170526,20170525,210013000,2842.0,88,41828,2501320.0,2846.0,2,2841.0,2
rb1805,20170526,20170525,210014000,2842.0,88,41828,2501320.0,2846.0,2,2841.0,2
rb1805,20170526,20170525,210014500,2842.0,88,41828,2501320.0,2846.0,2,2842.0,3
rb1805,20170526,20170525,210015000,2842.0,88,41828,2501320.0,2846.0,2,2842.0,5
rb1805,20170526,20170525,210015500,2842.0,98,41832,2785520.0,2846.0,2,2841.0,1
rb1805,20170526,20170525,210016000,2842.0,98,41832,2785520.0,2849.0,13,2841.0,1
rb1805,20170526,20170525,210016500,2842.0,98,41832,2785520.0,2846.0,1,2842.0,1
rb1805,20170526,20170525,210017000,2842.0,98,41832,2785520.0,2846.0,3,2842.0,7
rb1805,20170526,20170525,210017500,2842.0,98,41832,2785520.0,2846.0,3,2842.0,7
rb1805,20170526,20170525,210018000,2842.0,98,41832,2785520.0,2846.0,3,2843.0,1
rb1805,20170526,20170525,210018500,2842.0,98,41832,2785520.0,2846.0,3,2842.0,1
rb1805,20170526,20170525,210019000,2842.0,98,41832,2785520.0,2845.0,2,2842.0,1
rb1805,20170526,20170525,210019500,2842.0,98,41832,2785520.0,2845.0,2,2842.0,2
rb1805,20170526,20170525,210020000,2842.0,98,41832,2785520.0,2845.0,2,2842.0,2
rb1805,20170526,20170525,210020500,2842.0,98,41832,2785520.0,2845.0,2,2842.0,2
rb1805,20170526,20170525,210021000,2842.0,98,41832,2785520.0,2846.0,3,2842.0,2
rb1805,20170526,20170525,210021500,2842.0,98,41832,2785520.0,2845.0,1,2842.0,2
rb1805,20170526,20170525,210022000,2842.0,98,41832,2785520.0,2845.0,1,2843.0,1
rb1805,20170526,20170525,210022500,2842.0,98,41832,2785520.0,2845.0,1,2843.0,1
rb1805,20170526,20170525,210023000,2842.0,98,41832,2785520.0,2844.0,2,2843.0,1
rb1805,20170526,20170525,210023500,2842.0,98,41832,2785520.0,2844.0,2,2843.0,1
rb1805,20170526,20170525,210024000,2844.0,102,41832,2899280.0,2845.0,1,2843.0,1
rb1805,20170526,20170525,210024500,2844.0,102,41832,2899280.0,2845.0,1,2843.0,1
rb1805,20170526,20170525,210026000,2844.0,102,41832,2899280.0,2845.0,21,2843.0,1
rb1805,20170526,20170525,210028000,2844.0,102,41832,2899280.0,2845.0,1,2843.0,1
rb1805,20170526,20170525,210028500,2844.0,102,41832,2899280.0,2845.0,1,2843.0,1
rb1805,20170526,20170525,210030500,2844.0,102,41832,2899280.0,2845.0,1,2843.0,1
rb1805,20170526,20170525,210031000,2845.0,104,41834,2956180.0,2846.0,1,2843.0,1
rb1805,20170526,20170525,210031500,2845.0,104,41834,2956180.0,2846.0,1,2843.0,1
rb1805,20170526,20170525,210032500,2845.0,104,41834,2956180.0,2846.0,21,2843.0,1
rb1805,20170526,20170525,210034000,2846.0,144,41832,4094580.0,2846.0,1,2843.0,1
rb1805,20170526,20170525,210034500,2846.0,144,41832,4094580.0,2846.0,1,2843.0,1
rb1805,20170526,20170525,210035000,2846.0,144,41832,4094580.0,2846.0,1,2843.0,2
rb1805,20170526,20170525,210036000,2846.0,144,41832,4094580.0,2846.0,1,2844.0,1
rb1805,20170526,20170525,210037000,2846.0,144,41832,4094580.0,2846.0,1,2844.0,1
rb1805,20170526,20170525,210037500,2846.0,144,41832,4094580.0,2846.0,3,2844.0,1
rb1805,20170526,20170525,210038000,2846.0,146,41832,4151500.0,2846.0,2,2844.0,1
rb1805,20170526,20170525,210038500,2846.0,146,41832,4151500.0,2846.0,2,2844.0,1
rb1805,20170526,20170525,210039000,2846.0,146,41832,4151500.0,2846.0,2,2844.0,2
rb1805,20170526,20170525,210041000,2846.0,148,41832,4208420.0,2846.0,1,2844.0,2
rb1805,20170526,20170525,210041500,2846.0,148,41832,4208420.0,2846.0,1,2844.0,2
rb1805,20170526,20170525,210042000,2846.0,148,41832,4208420.0,2846.0,1,2845.0,4
rb1805,20170526,20170525,210042500,2845.0,156,41840,4436020.0,2846.0,1,2844.0,2
rb1805,20170526,20170525,210044000,2845.0,156,41840,4436020.0,2846.0,1,2844.0,2
rb1805,20170526,20170525,210047500,2845.0,156,41840,4436020.0,2846.0,1,2844.0,2
rb1805,20170526,20170525,210048000,2845.0,156,41840,4436020.0,2846.0,1,2845.0,1
rb1805,20170526,20170525,210048500,2845.0,158,41840,4492920.0,2846.0,1,2844.0,1
rb1805,20170526,20170525,210049500,2844.0,160,41842,4549800.0,2846.0,1,2842.0,21
rb1805,20170526,20170525,210050000,2844.0,160,41842,4549800.0,2846.0,1,2842.0,21
rb1805,20170526,20170525,210050500,2844.0,160,41842,4549800.0,2846.0,1,2842.0,21
rb1805,20170526,20170525,210051500,2844.0,160,41842,4549800.0,2846.0,1,2843.0,1
rb1805,20170526,20170525,210052000,2846.0,162,41840,4606720.0,2848.0,2,2846.0,1
rb1805,20170526,20170525,210052500,2846.0,166,41842,4720560.0,2847.0,1,2842.0,21
rb1805,20170526,20170525,210053000,2846.0,166,41842,4720560.0,2846.0,2,2842.0,21
rb1805,20170526,20170525,210053500,2846.0,170,41838,4834400.0,2847.0,3,2846.0,3
rb1805,20170526,20170525,210054000,2846.0,176,41838,5005160.0,2846.0,8,2842.0,21
rb1805,20170526,20170525,210054500,2846.0,176,41838,5005160.0,2849.0,13,2842.0,21
rb1805,20170526,20170525,210055000,2846.0,176,41838,5005160.0,2848.0,4,2843.0,2
rb1805,20170526,20170525,210055500,2846.0,176,41838,5005160.0,2847.0,2,2843.0,2
rb1805,20170526,20170525,210056000,2846.0,176,41838,5005160.0,2847.0,2,2843.0,2
rb1805,20170526,20170525,210056500,2846.0,176,41838,5005160.0,2847.0,2,2842.0,21
rb1805,20170526,20170525,210057000,2846.0,176,41838,5005160.0,2846.0,6,2842.0,21
rb1805,20170526,20170525,210057500,2846.0,176,41838,5005160.0,2845.0,2,2842.0,21
rb1805,20170526,20170525,210058000,2846.0,176,41838,5005160.0,2845.0,2,2843.0,1
rb1805,20170526,20170525,210058500,2843.0,178,41840,5062020.0,2845.0,2,2842.0,21
rb1805,20170526,20170525,210059500,2843.0,178,41840,5062020.0,2845.0,2,2842.0,21
rb1805,20170526,20170525,210100500,2845.0,180,41842,5118920.0,2845.0,1,2842.0,21
rb1805,20170526,20170525,210101000,2845.0,180,41842,5118920.0,2845.0,1,2842.0,22
rb1805,20170526,20170525,210101500,2845.0,180,41842,5118920.0,2845.0,1,2842.0,22
rb1805,20170526,20170525,210102000,2845.0,182,41844,5175820.0,2847.0,2,2843.0,1
rb1805,20170526,20170525,210102500,2845.0,182,41844,5175820.0,2847.0,7,2843.0,8
rb1805,20170526,20170525,210103500,2845.0,182,41844,5175820.0,2846.0,1,2843.0,8
rb1805,20170526,20170525,210104000,2845.0,182,41844,5175820.0,2846.0,8,2843.0,3
rb1805,20170526,20170525,210104500,2845.0,182,41844,5175820.0,2846.0,7,2843.0,1
rb1805,20170526,20170525,210105000,2845.0,182,41844,5175820.0,2846.0,7,2843.0,2
rb1805,20170526,20170525,210105500,2845.0,182,41844,5175820.0,2846.0,7,2844.0,20
rb1805,20170526,20170525,210106000,2844.0,222,41844,6313420.0,2845.0,2,2843.0,2
rb1805,20170526,20170525,210106500,2844.0,222,41844,6313420.0,2845.0,2,2843.0,2
rb1805,20170526,20170525,210107000,2844.0,222,41844,6313420.0,2845.0,7,2843.0,2
rb1805,20170526,20170525,210107500,2844.0,222,41844,6313420.0,2844.0,2,2843.0,2
rb1805,20170526,20170525,210108000,2843.0,226,41848,6427140.0,2844.0,2,2842.0,27
rb1805,20170526,20170525,210109000,2843.0,226,41848,6427140.0,2844.0,7,2842.0,23
rb1805,20170526,20170525,210109500,2843.0,228,41848,6484000.0,2843.0,1,2842.0,22
rb1805,20170526,20170525,210110000,2842.0,264,41882,7507120.0,2843.0,1,2842.0,4
rb1805,20170526,20170525,210110500,2841.0,274,41882,7791300.0,2841.0,1,2840.0,3
rb1805,20170526,20170525,210111000,2841.0,280,41884,7961760.0,2841.0,1,2840.0,5
rb1805,20170526,20170525,210111500,2841.0,284,41886,8075400.0,2844.0,5,2843.0,1
rb1805,20170526,20170525,210112000,2843.0,286,41886,8132260.0,2844.0,5,2840.0,3
rb1805,20170526,20170525,210112500,2844.0,296,41892,8416620.0,2842.0,4,2841.0,4
rb1805,20170526,20170525,210113000,2842.0,304,41884,8643980.0,2844.0,2,2841.0,19
rb1805,20170526,20170525,210113500,2842.0,304,41884,8643980.0,2844.0,2,2841.0,6
rb1805,20170526,20170525,210114000,2842.0,304,41884,8643980.0,2844.0,2,2842.0,10
rb1805,20170526,20170525,210114500,2842.0,304,41884,8643980.0,2844.0,2,2842.0,10
rb1805,20170526,20170525,210115000,2842.0,304,41884,8643980.0,2844.0,2,2842.0,10
rb1805,20170526,20170525,210115500,2842.0,304,41884,8643980.0,2844.0,2,2841.0,4
rb1805,20170526,20170525,210116000,2842.0,304,41884,8643980.0,2844.0,2,2841.0,1
rb1805,20170526,20170525,210116500,2841.0,306,41886,8700800.0,2841.0,10,2840.0,10
rb1805,20170526,20170525,210117000,2841.0,310,41886,8814440.0,2844.0,2,2840.0,8
rb1805,20170526,20170525,210118500,2840.0,332,41878,9439240.0,2840.0,25,2839.0,1
rb1805,20170526,20170525,210119000,2840.0,366,41856,10404840.0,2840.0,8,2839.0,1
rb1805,20170526,20170525,210119500,2839.0,370,41856,10518420.0,2840.0,7,2836.0,23
rb1805,20170526,20170525,210120000,2839.0,370,41856,10518420.0,2840.0,12,2837.0,5
rb1805,20170526,20170525,210120500,2839.0,370,41856,10518420.0,2840.0,12,2837.0,7
rb1805,20170526,20170525,210121000,2839.0,370,41856,10518420.0,2840.0,12,2837.0,7
rb1805,20170526,20170525,210121500,2839.0,370,41856,10518420.0,2840.0,12,2838.0,2
rb1805,20170526,20170525,210122000,2840.0,378,41848,10745620.0,2840.0,8,2838.0,2
rb1805,20170526,20170525,210122500,2840.0,378,41848,10745620.0,2840.0,8,2838.0,2
rb1805,20170526,20170525,210123500,2840.0,378,41848,10745620.0,2840.0,8,2838.0,2
rb1805,20170526,20170525,210124000,2840.0,378,41848,10745620.0,2840.0,8,2838.0,2
rb1805,20170526,20170525,210124500,2840.0,378,41848,10745620.0,2840.0,8,2838.0,52
rb1805,20170526,20170525,210125000,2840.0,378,41848,10745620.0,2840.0,8,2839.0,1
rb1805,20170526,20170525,210126000,2840.0,378,41848,10745620.0,2840.0,3,2839.0,1
rb1805,20170526,20170525,210127500,2840.0,380,41848,10802420.0,2840.0,2,2839.0,1
rb1805,20170526,20170525,210128000,2840.0,384,41848,10916020.0,2844.0,2,2839.0,1
rb1805,20170526,20170525,210128500,2840.0,384,41848,10916020.0,2843.0,1,2840.0,20
rb1805,20170526,20170525,210129000,2840.0,384,41848,10916020.0,2843.0,6,2840.0,33
rb1805,20170526,20170525,210129500,2840.0,384,41848,10916020.0,2843.0,6,2840.0,33
rb1805,20170526,20170525,210130000,2840.0,384,41848,10916020.0,2843.0,6,2840.0,33
rb1805,20170526,20170525,210130500,2840.0,384,41848,10916020.0,2843.0,6,2840.0,33
rb1805,20170526,20170525,210131000,2840.0,400,41848,11370420.0,2843.0,6,2840.0,25
rb1805,20170526,20170525,210132000,2840.0,400,41848,11370420.0,2843.0,6,2840.0,25
rb1805,20170526,20170525,210133000,2840.0,400,41848,11370420.0,2843.0,6,2840.0,25
rb1805,20170526,20170525,210134000,2840.0,400,41848,11370420.0,2843.0,6,2840.0,25
rb1805,20170526,20170525,210134500,2840.0,400,41848,11370420.0,2843.0,6,2840.0,25
rb1805,20170526,20170525,210136000,2840.0,426,41850,12108820.0,2843.0,6,2840.0,12
rb1805,20170526,20170525,210136500,2840.0,426,41850,12108820.0,2843.0,6,2840.0,12
rb1805,20170526,20170525,210137000,2840.0,426,41850,12108820.0,2843.0,7,2840.0,12
rb1805,20170526,20170525,210138000,2840.0,426,41850,12108820.0,2843.0,7,2841.0,1
rb1805,20170526,20170525,210138500,2840.0,426,41850,12108820.0,2843.0,7,2841.0,1
rb1805,20170526,20170525,210139000,2840.0,426,41850,12108820.0,2843.0,7,2842.0,2
rb1805,20170526,20170525,210139500,2841.0,432,41850,12279320.0,2842.0,2,2839.0,6
rb1805,20170526,20170525,210140000,2841.0,432,41850,12279320.0,2842.0,5,2840.0,10
rb1805,20170526,20170525,210141000,2841.0,432,41850,12279320.0,2842.0,5,2839.0,6
rb1805,20170526,20170525,210142500,2841.0,432,41850,12279320.0,2841.0,1,2839.0,8
rb1805,20170526,20170525,210143000,2841.0,434,41850,12336140.0,2842.0,5,2839.0,8
rb1805,20170526,20170525,210143500,2841.0,434,41850,12336140.0,2843.0,7,2839.0,8
rb1805,20170526,20170525,210144000,2841.0,434,41850,12336140.0,2843.0,2,2840.0,11
rb1805,20170526,20170525,210144500,2841.0,434,41850,12336140.0,2843.0,2,2841.0,2
rb1805,20170526,20170525,210145000,2843.0,438,41852,12449860.0,2844.0,2,2841.0,2
rb1805,20170526,20170525,210145500,2843.0,438,41852,12449860.0,2844.0,2,2841.0,2
rb1805,20170526,20170525,210146000,2843.0,438,41852,12449860.0,2844.0,2,2842.0,7
rb1805,20170526,20170525,210146500,2843.0,438,41852,12449860.0,2844.0,2,2842.0,29
rb1805,20170526,20170525,210147500,2843.0,438,41852,12449860.0,2845.0,5,2842.0,29
rb1805,20170526,20170525,210148000,2843.0,438,41852,12449860.0,2845.0,11,2842.0,29
rb1805,20170526,20170525,210148500,2843.0,438,41852,12449860.0,2845.0,11,2842.0,29
rb1805,20170526,20170525,210149000,2843.0,438,41852,12449860.0,2845.0,10,2842.0,22
rb1805,20170526,20170525,210150500,2843.0,438,41852,12449860.0,2845.0,10,2842.0,22
rb1805,20170526,20170525,210151000,2843.0,438,41852,12449860.0,2845.0,10,2842.0,22
rb1805,20170526,20170525,210153000,2843.0,438,41852,12449860.0,2845.0,5,2842.0,2
rb1805,20170526,20170525,210153500,2843.0,438,41852,12449860.0,2845.0,10,2841.0,2
rb1805,20170526,20170525,210154000,2843.0,438,41852,12449860.0,2845.0,10,2841.0,2
rb1805,20170526,20170525,210154500,2843.0,438,41852,12449860.0,2845.0,10,2842.0,1
rb1805,20170526,20170525,210155000,2843.0,438,41852,12449860.0,2845.0,10,2843.0,4
rb1805,20170526,20170525,210155500,2843.0,438,41852,12449860.0,2845.0,10,2843.0,4
rb1805,20170526,20170525,210156500,2843.0,438,41852,12449860.0,2845.0,10,2844.0,2
rb1805,20170526,20170525,210157000,2844.0,442,41848,12563620.0,2844.0,2,2842.0,1
rb1805,20170526,20170525,210157500,2844.0,442,41848,12563620.0,2845.0,10,2842.0,3
rb1805,20170526,20170525,210158500,2844.0,442,41848,12563620.0,2845.0,10,2842.0,3
rb1805,20170526,20170525,210200000,2844.0,442,41848,12563620.0,2845.0,11,2843.0,2
rb1805,20170526,20170525,210200500,2844.0,442,41848,12563620.0,2845.0,10,2843.0,2
rb1805,20170526,20170525,210201000,2844.0,442,41848,12563620.0,2845.0,10,2844.0,2
rb1805,20170526,20170525,210201500,2844.0,442,41848,12563620.0,2845.0,10,2844.0,2
rb1805,20170526,20170525,210202000,2844.0,444,41846,12620500.0,2845.0,10,2844.0,1
rb1805,20170526,20170525,210202500,2844.0,444,41846,12620500.0,2845.0,5,2844.0,1
rb1805,20170526,20170525,210203500,2844.0,444,41846,12620500.0,2845.0,5,2844.0,1
rb1805,20170526,20170525,210204000,2844.0,444,41846,12620500.0,2845.0,5,2844.0,1
rb1805,20170526,20170525,210205500,2845.0,454,41836,12905000.0,2846.0,2,2845.0,11
rb1805,20170526,20170525,210206000,2846.0,472,41836,13417120.0,2846.0,2,2844.0,3
rb1805,20170526,20170525,210206500,2846.0,476,41836,13530960.0,2847.0,10,2845.0,2
rb1805,20170526,20170525,210207000,2846.0,476,41836,13530960.0,2847.0,10,2845.0,2
rb1805,20170526,20170525,210207500,2846.0,476,41836,13530960.0,2847.0,10,2845.0,4
rb1805,20170526,20170525,210208000,2846.0,476,41836,13530960.0,2847.0,10,2845.0,4
rb1805,20170526,20170525,210208500,2846.0,476,41836,13530960.0,2847.0,10,2845.0,4
rb1805,20170526,20170525,210209500,2846.0,476,41836,13530960.0,2846.0,10,2845.0,4
rb1805,20170526,20170525,210210000,2846.0,496,41822,14100160.0,2847.0,10,2846.0,14
rb1805,20170526,20170525,210210500,2846.0,496,41822,14100160.0,2847.0,10,2846.0,10
rb1805,20170526,20170525,210211000,2847.0,502,41826,14270980.0,2847.0,7,2846.0,5
rb1805,20170526,20170525,210211500,2847.0,506,41826,14384860.0,2847.0,5,2846.0,5
rb1805,20170526,20170525,210212500,2847.0,516,41826,14669560.0,2848.0,2,2847.0,3
rb1805,20170526,20170525,210213000,2848.0,520,41824,14783480.0,2849.0,14,2843.0,1
rb1805,20170526,20170525,210213500,2848.0,520,41824,14783480.0,2848.0,1,2844.0,8
rb1805,20170526,20170525,210214000,2848.0,520,41824,14783480.0,2848.0,6,2844.0,10
rb1805,20170526,20170525,210214500,2848.0,520,41824,14783480.0,2848.0,6,2845.0,2
rb1805,20170526,20170525,210215000,2848.0,520,41824,14783480.0,2848.0,6,2845.0,3
rb1805,20170526,20170525,210216000,2848.0,520,41824,14783480.0,2848.0,6,2845.0,3
rb1805,20170526,20170525,210216500,2848.0,524,41828,14897400.0,2848.0,4,2845.0,4
rb1805,20170526,20170525,210217000,2848.0,524,41828,14897400.0,2848.0,4,2845.0,4
rb1805,20170526,20170525,210217500,2848.0,524,41828,14897400.0,2848.0,4,2845.0,4
rb1805,20170526,20170525,210218000,2848.0,524,41828,14897400.0,2848.0,4,2846.0,2
rb1805,20170526,20170525,210218500,2848.0,524,41828,14897400.0,2848.0,4,2846.0,1
rb1805,20170526,20170525,210219000,2848.0,532,41836,15125240.0,2849.0,20,2846.0,1
rb1805,20170526,20170525,210220000,2848.0,532,41836,15125240.0,2849.0,20,2846.0,1
rb1805,20170526,20170525,210220500,2848.0,532,41836,15125240.0,2849.0,20,2846.0,1
rb1805,20170526,20170525,210221000,2848.0,532,41836,15125240.0,2849.0,20,2848.0,1
rb1805,20170526,20170525,210221500,2848.0,534,41838,15182200.0,2848.0,2,2846.0,2
rb1805,20170526,20170525,210222000,2848.0,534,41838,15182200.0,2849.0,15,2846.0,2
rb1805,20170526,20170525,210222500,2848.0,534,41838,15182200.0,2849.0,15,2848.0,4
rb1805,20170526,20170525,210223500,2848.0,534,41838,15182200.0,2849.0,15,2848.0,4
rb1805,20170526,20170525,210224000,2849.0,538,41834,15296160.0,2849.0,13,2848.0,4
rb1805,20170526,20170525,210224500,2848.0,546,41834,15524000.0,2848.0,6,2846.0,4
rb1805,20170526,20170525,210225000,2848.0,552,41840,15694880.0,2848.0,3,2847.0,1
rb1805,20170526,20170525,210225500,2848.0,552,41840,15694880.0,2848.0,3,2847.0,1
rb1805,20170526,20170525,210226000,2848.0,558,41840,15865760.0,2849.0,13,2848.0,17
rb1805,20170526,20170525,210226500,2848.0,558,41840,15865760.0,2849.0,13,2848.0,19
rb1805,20170526,20170525,210227000,2848.0,558,41840,15865760.0,2849.0,13,2848.0,19
rb1805,20170526,20170525,210227500,2848.0,558,41840,15865760.0,2849.0,14,2848.0,19
rb1805,20170526,20170525,210228000,2849.0,562,41836,15979720.0,2849.0,12,2848.0,17
rb1805,20170526,20170525,210228500,2849.0,562,41836,15979720.0,2849.0,12,2848.0,17
rb1805,20170526,20170525,210230000,2849.0,562,41836,15979720.0,2849.0,12,2848.0,17
rb1805,20170526,20170525,210230500,2849.0,570,41830,16207600.0,2849.0,10,2848.0,15
rb1805,20170526,20170525,210232000,2849.0,572,41830,16264580.0,2849.0,9,2848.0,15
rb1805,20170526,20170525,210232500,2849.0,574,41830,16321560.0,2849.0,8,2848.0,15
rb1805,20170526,20170525,210233000,2849.0,594,41824,16891320.0,2850.0,8,2848.0,13
rb1805,20170526,20170525,210233500,2849.0,594,41824,16891320.0,2850.0,8,2848.0,18
rb1805,20170526,20170525,210234000,2849.0,594,41824,16891320.0,2850.0,20,2848.0,18
rb1805,20170526,20170525,210234500,2850.0,634,41790,18031320.0,2851.0,12,2848.0,18
rb1805,20170526,20170525,210235000,2850.0,634,41790,18031320.0,2851.0,12,2848.0,18
rb1805,20170526,20170525,210235500,2850.0,634,41790,18031320.0,2851.0,17,2848.0,18
rb1805,20170526,20170525,210236000,2850.0,636,41792,18088320.0,2851.0,17,2848.0,18
rb1805,20170526,20170525,210236500,2851.0,638,41792,18145340.0,2851.0,16,2848.0,18
rb1805,20170526,20170525,210237000,2851.0,638,41792,18145340.0,2851.0,16,2849.0,2
rb1805,20170526,20170525,210237500,2851.0,638,41792,18145340.0,2851.0,16,2849.0,2
rb1805,20170526,20170525,210239500,2851.0,638,41792,18145340.0,2851.0,16,2849.0,2
rb1805,20170526,20170525,210240500,2851.0,638,41792,18145340.0,2851.0,16,2849.0,3
rb1805,20170526,20170525,210241500,2851.0,638,41792,18145340.0,2851.0,16,2849.0,3
rb1805,20170526,20170525,210242000,2851.0,638,41792,18145340.0,2851.0,16,2849.0,4
rb1805,20170526,20170525,210242500,2851.0,638,41792,18145340.0,2851.0,17,2849.0,4
rb1805,20170526,20170525,210243000,2851.0,638,41792,18145340.0,2851.0,17,2849.0,4
rb1805,20170526,20170525,210243500,2851.0,638,41792,18145340.0,2851.0,17,2850.0,1
rb1805,20170526,20170525,210244000,2850.0,640,41792,18202340.0,2850.0,9,2849.0,4
rb1805,20170526,20170525,210244500,2850.0,640,41792,18202340.0,2851.0,12,2849.0,4
rb1805,20170526,20170525,210245000,2850.0,640,41792,18202340.0,2851.0,12,2849.0,10
rb1805,20170526,20170525,210245500,2850.0,640,41792,18202340.0,2851.0,12,2849.0,10
rb1805,20170526,20170525,210246000,2850.0,640,41792,18202340.0,2851.0,12,2849.0,10
rb1805,20170526,20170525,210246500,2850.0,640,41792,18202340.0,2851.0,18,2849.0,10
rb1805,20170526,20170525,210248000,2850.0,640,41792,18202340.0,2851.0,13,2850.0,1
rb1805,20170526,20170525,210248500,2850.0,640,41792,18202340.0,2851.0,13,2850.0,2
rb1805,20170526,20170525,210249000,2850.0,642,41792,18259340.0,2851.0,13,2850.0,6
rb1805,20170526,20170525,210250000,2850.0,642,41792,18259340.0,2851.0,13,2850.0,6
rb1805,20170526,20170525,210250500,2851.0,668,41788,19000600.0,2852.0,13,2851.0,7
rb1805,20170526,20170525,210251000,2851.0,668,41788,19000600.0,2852.0,13,2851.0,7
rb1805,20170526,20170525,210253000,2851.0,668,41788,19000600.0,2852.0,13,2851.0,7
rb1805,20170526,20170525,210253500,2851.0,668,41788,19000600.0,2852.0,13,2851.0,7
rb1805,20170526,20170525,210255000,2851.0,668,41788,19000600.0,2852.0,13,2851.0,7
rb1805,20170526,20170525,210256500,2851.0,668,41788,19000600.0,2852.0,13,2851.0,12
rb1805,20170526,20170525,210257500,2851.0,668,41788,19000600.0,2852.0,13,2851.0,5
rb1805,20170526,20170525,210258000,2851.0,668,41788,19000600.0,2852.0,13,2851.0,5
rb1805,20170526,20170525,210258500,2851.0,668,41788,19000600.0,2852.0,14,2851.0,5
rb1805,20170526,20170525,210259000,2852.0,672,41786,19114680.0,2852.0,12,2851.0,5
rb1805,20170526,20170525,210300500,2852.0,672,41786,19114680.0,2852.0,12,2851.0,5
rb1805,20170526,20170525,210301000,2852.0,676,41784,19228760.0,2852.0,10,2851.0,5
rb1805,20170526,20170525,210302000,2852.0,676,41784,19228760.0,2852.0,10,2851.0,5
rb1805,20170526,20170525,210302500,2852.0,682,41786,19399880.0,2852.0,7,2851.0,5
rb1805,20170526,20170525,210303000,2852.0,686,41786,19513960.0,2852.0,5,2851.0,55
rb1805,20170526,20170525,210303500,2852.0,686,41786,19513960.0,2852.0,5,2851.0,55
rb1805,20170526,20170525,210304000,2852.0,690,41786,19628040.0,2852.0,3,2851.0,55
rb1805,20170526,20170525,210305000,2852.0,696,41786,19799160.0,2853.0,2,2852.0,1
rb1805,20170526,20170525,210305500,2852.0,696,41786,19799160.0,2853.0,2,2852.0,24
rb1805,20170526,20170525,210306000,2853.0,702,41780,19970340.0,2854.0,1,2853.0,1
rb1805,20170526,20170525,210306500,2853.0,704,41778,20027400.0,2853.0,1,2852.0,3
rb1805,20170526,20170525,210307000,2853.0,704,41778,20027400.0,2854.0,1,2852.0,3
rb1805,20170526,20170525,210307500,2853.0,704,41778,20027400.0,2853.0,1,2852.0,3
rb1805,20170526,20170525,210309000,2852.0,706,41778,20084440.0,2853.0,1,2852.0,2
rb1805,20170526,20170525,210310000,2852.0,706,41778,20084440.0,2853.0,1,2852.0,2
rb1805,20170526,20170525,210310500,2853.0,708,41778,20141500.0,2854.0,1,2853.0,1
rb1805,20170526,20170525,210311000,2853.0,710,41778,20198560.0,2853.0,13,2852.0,2
rb1805,20170526,20170525,210311500,2852.0,712,41776,20255600.0,2853.0,5,2852.0,1
rb1805,20170526,20170525,210312000,2852.0,712,41776,20255600.0,2853.0,1,2852.0,1
rb1805,20170526,20170525,210312500,2852.0,712,41776,20255600.0,2854.0,2,2852.0,1
rb1805,20170526,20170525,210313000,2852.0,712,41776,20255600.0,2854.0,2,2853.0,10
rb1805,20170526,20170525,210313500,2853.0,730,41764,20769140.0,2854.0,6,2853.0,1
rb1805,20170526,20170525,210314000,2853.0,732,41764,20826200.0,2853.0,2,2852.0,1
rb1805,20170526,20170525,210314500,2853.0,732,41764,20826200.0,2853.0,1,2852.0,1
rb1805,20170526,20170525,210315000,2853.0,732,41764,20826200.0,2854.0,6,2852.0,1
rb1805,20170526,20170525,210315500,2853.0,732,41764,20826200.0,2854.0,6,2852.0,2
rb1805,20170526,20170525,210316000,2853.0,732,41764,20826200.0,2854.0,6,2852.0,2
rb1805,20170526,20170525,210316500,2853.0,732,41764,20826200.0,2854.0,6,2853.0,1
rb1805,20170526,20170525,210317000,2853.0,732,41764,20826200.0,2854.0,1,2853.0,1
rb1805,20170526,20170525,210317500,2853.0,734,41762,20883260.0,2854.0,1,2852.0,7
rb1805,20170526,20170525,210318500,2853.0,734,41762,20883260.0,2854.0,1,2852.0,7
rb1805,20170526,20170525,210319000,2853.0,734,41762,20883260.0,2854.0,1,2852.0,7
rb1805,20170526,20170525,210319500,2853.0,734,41762,20883260.0,2854.0,1,2852.0,7
rb1805,20170526,20170525,210320000,2853.0,734,41762,20883260.0,2854.0,6,2852.0,2
rb1805,20170526,20170525,210321000,2852.0,736,41762,20940300.0,2854.0,6,2852.0,1
rb1805,20170526,20170525,210321500,2852.0,736,41762,20940300.0,2854.0,6,2852.0,6
rb1805,20170526,20170525,210322000,2852.0,736,41762,20940300.0,2854.0,1,2852.0,6
rb1805,20170526,20170525,210323500,2852.0,736,41762,20940300.0,2854.0,1,2852.0,6
rb1805,20170526,20170525,210324000,2852.0,736,41762,20940300.0,2854.0,1,2853.0,4
rb1805,20170526,20170525,210325500,2852.0,736,41762,20940300.0,2854.0,1,2853.0,4
rb1805,20170526,20170525,210326500,2853.0,744,41762,21168540.0,2853.0,14,2852.0,11
rb1805,20170526,20170525,210327000,2853.0,744,41762,21168540.0,2853.0,14,2852.0,6
rb1805,20170526,20170525,210327500,2853.0,744,41762,21168540.0,2853.0,16,2852.0,6
rb1805,20170526,20170525,210328000,2853.0,744,41762,21168540.0,2853.0,16,2852.0,6
rb1805,20170526,20170525,210330500,2853.0,744,41762,21168540.0,2853.0,11,2852.0,6
rb1805,20170526,20170525,210331500,2853.0,746,41764,21225600.0,2853.0,10,2852.0,6
rb1805,20170526,20170525,210332000,2853.0,746,41764,21225600.0,2853.0,10,2852.0,6
rb1805,20170526,20170525,210332500,2852.0,748,41764,21282640.0,2853.0,10,2852.0,5
rb1805,20170526,20170525,210333000,2852.0,758,41772,21567840.0,2852.0,9,2851.0,55
rb1805,20170526,20170525,210333500,2851.0,842,41856,23962680.0,2852.0,3,2851.0,8
rb1805,20170526,20170525,210334000,2851.0,842,41856,23962680.0,2852.0,3,2851.0,8
rb1805,20170526,20170525,210334500,2851.0,848,41862,24133740.0,2852.0,55,2851.0,5
rb1805,20170526,20170525,210335000,2851.0,858,41872,24418840.0,2851.0,1,2850.0,8
rb1805,20170526,20170525,210335500,2851.0,858,41872,24418840.0,2852.0,55,2850.0,3
rb1805,20170526,20170525,210337500,2851.0,858,41872,24418840.0,2852.0,50,2850.0,8
rb1805,20170526,20170525,210338000,2852.0,878,41872,24989240.0,2852.0,40,2850.0,8
rb1805,20170526,20170525,210339500,2852.0,878,41872,24989240.0,2852.0,45,2850.0,8
rb1805,20170526,20170525,210340500,2852.0,878,41872,24989240.0,2852.0,45,2850.0,10
rb1805,20170526,20170525,210341000,2852.0,878,41872,24989240.0,2852.0,45,2850.0,5
rb1805,20170526,20170525,210342000,2850.0,888,41882,25274240.0,2852.0,46,2849.0,55
rb1805,20170526,20170525,210342500,2850.0,888,41882,25274240.0,2852.0,46,2849.0,60
rb1805,20170526,20170525,210343000,2850.0,888,41882,25274240.0,2852.0,41,2849.0,60
rb1805,20170526,20170525,210343500,2850.0,888,41882,25274240.0,2852.0,40,2849.0,60
rb1805,20170526,20170525,210344000,2850.0,888,41882,25274240.0,2852.0,40,2849.0,58
rb1805,20170526,20170525,210344500,2850.0,888,41882,25274240.0,2852.0,40,2849.0,58
rb1805,20170526,20170525,210345000,2850.0,888,41882,25274240.0,2852.0,45,2849.0,58
rb1805,20170526,20170525,210345500,2850.0,888,41882,25274240.0,2851.0,10,2849.0,58
rb1805,20170526,20170525,210346000,2850.0,888,41882,25274240.0,2851.0,15,2849.0,53
rb1805,20170526,20170525,210347500,2850.0,888,41882,25274240.0,2851.0,15,2849.0,53
rb1805,20170526,20170525,210348500,2849.0,898,41892,25559140.0,2851.0,5,2849.0,48
rb1805,20170526,20170525,210349500,2849.0,898,41892,25559140.0,2850.0,5,2849.0,48
rb1805,20170526,20170525,210350000,2849.0,898,41892,25559140.0,2851.0,5,2849.0,48
rb1805,20170526,20170525,210353000,2849.0,898,41892,25559140.0,2850.0,5,2849.0,48
rb1805,20170526,20170525,210353500,2849.0,898,41892,25559140.0,2851.0,5,2849.0,48
rb1805,20170526,20170525,210354000,2849.0,906,41892,25787060.0,2850.0,1,2849.0,44
rb1805,20170526,20170525,210355000,2849.0,906,41892,25787060.0,2851.0,5,2849.0,44
rb1805,20170526,20170525,210355500,2849.0,906,41892,25787060.0,2851.0,6,2849.0,44
rb1805,20170526,20170525,210356000,2849.0,906,41892,25787060.0,2851.0,12,2849.0,44
rb1805,20170526,20170525,210357000,2849.0,906,41892,25787060.0,2851.0,13,2849.0,44
rb1805,20170526,20170525,210358500,2849.0,906,41892,25787060.0,2851.0,8,2849.0,49
rb1805,20170526,20170525,210359000,2849.0,906,41892,25787060.0,2850.0,5,2849.0,49
rb1805,20170526,20170525,210401000,2849.0,906,41892,25787060.0,2850.0,5,2849.0,49
rb1805,20170526,20170525,210402000,2849.0,908,41892,25844040.0,2850.0,5,2849.0,48
rb1805,20170526,20170525,210403000,2849.0,908,41892,25844040.0,2850.0,5,2849.0,44
rb1805,20170526,20170525,210404000,2849.0,908,41892,25844040.0,2850.0,5,2849.0,44
rb1805,20170526,20170525,210404500,2849.0,996,41980,28351160.0,2849.0,6,2848.0,10
rb1805,20170526,20170525,210405000,2849.0,996,41980,28351160.0,2849.0,6,2848.0,10
rb1805,20170526,20170525,210405500,2849.0,996,41980,28351160.0,2849.0,6,2848.0,10
rb1805,20170526,20170525,210409000,2849.0,996,41980,28351160.0,2849.0,6,2848.0,10
rb1805,20170526,20170525,210409500,2849.0,996,41980,28351160.0,2849.0,6,2848.0,10
rb1805,20170526,20170525,210410000,2849.0,998,41982,28408140.0,2849.0,5,2848.0,10
rb1805,20170526,20170525,210410500,2849.0,998,41982,28408140.0,2849.0,5,2848.0,10
rb1805,20170526,20170525,210412000,2849.0,998,41982,28408140.0,2849.0,5,2848.0,15
rb1805,20170526,20170525,210413500,2849.0,998,41982,28408140.0,2849.0,5,2848.0,15
rb1805,20170526,20170525,210414000,2849.0,1000,41984,28465120.0,2849.0,4,2848.0,15
rb1805,20170526,20170525,210414500,2849.0,1000,41984,28465120.0,2849.0,4,2848.0,15
rb1805,20170526,20170525,210417000,2849.0,1000,41984,28465120.0,2849.0,4,2848.0,15
rb1805,20170526,20170525,210418000,2849.0,1000,41984,28465120.0,2849.0,4,2848.0,15
rb1805,20170526,20170525,210419000,2849.0,1000,41984,28465120.0,2849.0,4,2848.0,15
rb1805,20170526,20170525,210420000,2849.0,1008,41984,28693040.0,2851.0,7,2849.0,1
rb1805,20170526,20170525,210421500,2849.0,1008,41984,28693040.0,2850.0,5,2849.0,6
rb1805,20170526,20170525,210422500,2850.0,1010,41984,28750040.0,2850.0,4,2849.0,6
rb1805,20170526,20170525,210424500,2850.0,1010,41984,28750040.0,2850.0,4,2849.0,1
rb1805,20170526,20170525,210425500,2849.0,1012,41982,28807020.0,2849.0,3,2848.0,16
rb1805,20170526,20170525,210426000,2849.0,1018,41976,28977960.0,2851.0,7,2849.0,1
rb1805,20170526,20170525,210426500,2849.0,1018,41976,28977960.0,2850.0,4,2848.0,16
rb1805,20170526,20170525,210428000,2849.0,1018,41976,28977960.0,2850.0,4,2848.0,16
rb1805,20170526,20170525,210428500,2850.0,1020,41974,29034960.0,2850.0,3,2849.0,2
rb1805,20170526,20170525,210429500,2850.0,1022,41972,29091960.0,2850.0,2,2849.0,2
rb1805,20170526,20170525,210430000,2850.0,1022,41972,29091960.0,2850.0,7,2849.0,2
rb1805,20170526,20170525,210430500,2850.0,1022,41972,29091960.0,2850.0,5,2849.0,2
rb1805,20170526,20170525,210431500,2850.0,1022,41972,29091960.0,2850.0,11,2849.0,2
rb1805,20170526,20170525,210437500,2850.0,1022,41972,29091960.0,2850.0,11,2849.0,2
rb1805,20170526,20170525,210439500,2849.0,1026,41968,29205920.0,2850.0,11,2848.0,16
rb1805,20170526,20170525,210440000,2849.0,1026,41968,29205920.0,2850.0,11,2848.0,16
rb1805,20170526,20170525,210441000,2848.0,1036,41968,29490720.0,2850.0,12,2848.0,11
rb1805,20170526,20170525,210441500,2848.0,1036,41968,29490720.0,2849.0,5,2848.0,11
rb1805,20170526,20170525,210443000,2848.0,1036,41968,29490720.0,2850.0,12,2848.0,11
rb1805,20170526,20170525,210444000,2848.0,1036,41968,29490720.0,2850.0,12,2848.0,11
rb1805,20170526,20170525,210444500,2848.0,1036,41968,29490720.0,2849.0,40,2848.0,11
rb1805,20170526,20170525,210445000,2848.0,1036,41968,29490720.0,2849.0,40,2848.0,11
rb1805,20170526,20170525,210447500,2848.0,1048,41978,29832480.0,2849.0,40,2848.0,5
rb1805,20170526,20170525,210448500,2848.0,1048,41978,29832480.0,2849.0,40,2848.0,1
rb1805,20170526,20170525,210449500,2848.0,1048,41978,29832480.0,2849.0,40,2848.0,1
rb1805,20170526,20170525,210450000,2848.0,1048,41978,29832480.0,2849.0,40,2848.0,1
rb1805,20170526,20170525,210451000,2848.0,1050,41980,29889440.0,2848.0,4,2847.0,3
rb1805,20170526,20170525,210455500,2848.0,1050,41980,29889440.0,2848.0,4,2847.0,3
rb1805,20170526,20170525,210456500,2848.0,1050,41980,29889440.0,2848.0,4,2847.0,3
rb1805,20170526,20170525,210457000,2848.0,1052,41982,29946400.0,2848.0,3,2847.0,3
rb1805,20170526,20170525,210458000,2848.0,1052,41982,29946400.0,2848.0,3,2847.0,3
rb1805,20170526,20170525,210502000,2848.0,1052,41982,29946400.0,2848.0,3,2847.0,3
rb1805,20170526,20170525,210503500,2848.0,1054,41984,30003360.0,2848.0,2,2847.0,3
rb1805,20170526,20170525,210504000,2848.0,1054,41984,30003360.0,2848.0,2,2847.0,3
rb1805,20170526,20170525,210505000,2848.0,1056,41986,30060320.0,2848.0,1,2847.0,3
rb1805,20170526,20170525,210506000,2849.0,1062,41992,30231240.0,2849.0,38,2847.0,3
rb1805,20170526,20170525,210508500,2849.0,1062,41992,30231240.0,2849.0,43,2847.0,3
rb1805,20170526,20170525,210511000,2849.0,1062,41992,30231240.0,2848.0,2,2847.0,3
rb1805,20170526,20170525,210511500,2848.0,1064,41994,30288200.0,2848.0,1,2847.0,3
rb1805,20170526,20170525,210513000,2848.0,1064,41994,30288200.0,2848.0,7,2847.0,53
rb1805,20170526,20170525,210513500,2847.0,1102,42032,31370060.0,2848.0,12,2847.0,34
rb1805,20170526,20170525,210514000,2847.0,1112,42032,31654760.0,2848.0,12,2847.0,29
rb1805,20170526,20170525,210514500,2847.0,1170,42080,33306020.0,2847.0,1,2846.0,2
rb1805,20170526,20170525,210515000,2846.0,1172,42082,33362940.0,2847.0,2,2846.0,1
rb1805,20170526,20170525,210515500,2846.0,1172,42082,33362940.0,2847.0,3,2846.0,1
rb1805,20170526,20170525,210516000,2846.0,1172,42082,33362940.0,2847.0,3,2846.0,1
rb1805,20170526,20170525,210517000,2846.0,1172,42082,33362940.0,2847.0,3,2846.0,1
rb1805,20170526,20170525,210517500,2846.0,1174,42084,33419860.0,2846.0,1,2845.0,58
rb1805,20170526,20170525,210518000,2846.0,1180,42084,33590620.0,2847.0,3,2845.0,58
rb1805,20170526,20170525,210518500,2846.0,1180,42084,33590620.0,2847.0,3,2845.0,58
rb1805,20170526,20170525,210519000,2846.0,1180,42084,33590620.0,2847.0,3,2845.0,58
rb1805,20170526,20170525,210519500,2846.0,1180,42084,33590620.0,2847.0,3,2845.0,58
rb1805,20170526,20170525,210520000,2846.0,1180,42084,33590620.0,2846.0,1,2845.0,62
rb1805,20170526,20170525,210520500,2846.0,1180,42084,33590620.0,2846.0,1,2845.0,58
rb1805,20170526,20170525,210523000,2846.0,1180,42084,33590620.0,2846.0,6,2845.0,58
rb1805,20170526,20170525,210523500,2845.0,1250,42154,35582120.0,2846.0,8,2845.0,23
rb1805,20170526,20170525,210524500,2845.0,1250,42154,35582120.0,2846.0,8,2845.0,23
rb1805,20170526,20170525,210525000,2845.0,1250,42154,35582120.0,2846.0,8,2845.0,23
rb1805,20170526,20170525,210525500,2845.0,1252,42154,35639020.0,2846.0,8,2845.0,22
rb1805,20170526,20170525,210526000,2845.0,1296,42194,36890820.0,2846.0,7,2844.0,2
rb1805,20170526,20170525,210526500,2845.0,1296,42194,36890820.0,2845.0,2,2844.0,2
rb1805,20170526,20170525,210529000,2845.0,1298,42196,36947720.0,2845.0,1,2844.0,2
rb1805,20170526,20170525,210530000,2845.0,1298,42196,36947720.0,2845.0,1,2844.0,2
rb1805,20170526,20170525,210531500,2845.0,1298,42196,36947720.0,2845.0,1,2844.0,2
rb1805,20170526,20170525,210532000,2845.0,1298,42196,36947720.0,2846.0,7,2845.0,3
rb1805,20170526,20170525,210532500,2845.0,1298,42196,36947720.0,2846.0,7,2844.0,2
rb1805,20170526,20170525,210533000,2845.0,1298,42196,36947720.0,2845.0,7,2844.0,2
rb1805,20170526,20170525,210535000,2845.0,1298,42196,36947720.0,2845.0,7,2844.0,2
rb1805,20170526,20170525,210535500,2844.0,1302,42198,37061480.0,2845.0,7,2842.0,2
rb1805,20170526,20170525,210536000,2844.0,1302,42198,37061480.0,2844.0,2,2842.0,2
rb1805,20170526,20170525,210536500,2844.0,1302,42198,37061480.0,2844.0,7,2842.0,2
rb1805,20170526,20170525,210537000,2844.0,1302,42198,37061480.0,2843.0,7,2842.0,2
rb1805,20170526,20170525,210537500,2844.0,1302,42198,37061480.0,2843.0,7,2842.0,2
rb1805,20170526,20170525,210539500,2842.0,1306,42200,37175160.0,2843.0,2,2841.0,3
rb1805,20170526,20170525,210540000,2842.0,1306,42200,37175160.0,2844.0,7,2843.0,6
rb1805,20170526,20170525,210540500,2843.0,1310,42196,37288880.0,2843.0,1,2841.0,5
rb1805,20170526,20170525,210541000,2843.0,1316,42196,37459460.0,2843.0,5,2841.0,6
rb1805,20170526,20170525,210543000,2843.0,1316,42196,37459460.0,2843.0,5,2841.0,6
rb1805,20170526,20170525,210543500,2843.0,1318,42198,37516320.0,2843.0,4,2841.0,6
rb1805,20170526,20170525,210544500,2843.0,1318,42198,37516320.0,2843.0,4,2841.0,4
rb1805,20170526,20170525,210545000,2843.0,1318,42198,37516320.0,2843.0,4,2841.0,4
rb1805,20170526,20170525,210545500,2843.0,1318,42198,37516320.0,2843.0,4,2841.0,5
rb1805,20170526,20170525,210548000,2842.0,1322,42194,37630000.0,2842.0,1,2841.0,7
rb1805,20170526,20170525,210548500,2842.0,1324,42192,37686840.0,2843.0,4,2842.0,3
rb1805,20170526,20170525,210549000,2842.0,1324,42192,37686840.0,2843.0,4,2841.0,7
rb1805,20170526,20170525,210549500,2842.0,1324,42192,37686840.0,2843.0,4,2841.0,7
rb1805,20170526,20170525,210552000,2842.0,1324,42192,37686840.0,2843.0,4,2841.0,7
rb1805,20170526,20170525,210552500,2842.0,1324,42192,37686840.0,2843.0,4,2841.0,5
rb1805,20170526,20170525,210553500,2842.0,1324,42192,37686840.0,2843.0,4,2841.0,5
rb1805,20170526,20170525,210554000,2842.0,1324,42192,37686840.0,2844.0,43,2841.0,10
rb1805,20170526,20170525,210554500,2842.0,1324,42192,37686840.0,2844.0,44,2841.0,13
rb1805,20170526,20170525,210555000,2842.0,1324,42192,37686840.0,2844.0,43,2841.0,13
rb1805,20170526,20170525,210555500,2842.0,1324,42192,37686840.0,2844.0,38,2841.0,13
rb1805,20170526,20170525,210556000,2842.0,1324,42192,37686840.0,2844.0,38,2841.0,13
rb1805,20170526,20170525,210556500,2842.0,1324,42192,37686840.0,2844.0,38,2841.0,13
rb1805,20170526,20170525,210557000,2842.0,1324,42192,37686840.0,2844.0,42,2842.0,2
rb1805,20170526,20170525,210558500,2842.0,1324,42192,37686840.0,2844.0,42,2842.0,5
rb1805,20170526,20170525,210600000,2842.0,1324,42192,37686840.0,2844.0,42,2842.0,5
rb1805,20170526,20170525,210600500,2842.0,1324,42192,37686840.0,2844.0,42,2842.0,6
rb1805,20170526,20170525,210601000,2842.0,1324,42192,37686840.0,2844.0,42,2842.0,26
rb1805,20170526,20170525,210601500,2842.0,1324,42192,37686840.0,2844.0,42,2842.0,26
rb1805,20170526,20170525,210602500,2842.0,1324,42192,37686840.0,2844.0,42,2843.0,2
rb1805,20170526,20170525,210603000,2843.0,1328,42192,37800560.0,2844.0,38,2842.0,24
rb1805,20170526,20170525,210603500,2843.0,1328,42192,37800560.0,2844.0,38,2842.0,24
rb1805,20170526,20170525,210604000,2843.0,1328,42192,37800560.0,2844.0,38,2842.0,24
rb1805,20170526,20170525,210605500,2843.0,1328,42192,37800560.0,2844.0,38,2843.0,2
rb1805,20170526,20170525,210606000,2843.0,1332,42192,37914280.0,2844.0,38,2842.0,29
rb1805,20170526,20170525,210606500,2843.0,1332,42192,37914280.0,2844.0,38,2842.0,29
rb1805,20170526,20170525,210607500,2843.0,1332,42192,37914280.0,2844.0,42,2842.0,29
rb1805,20170526,20170525,210608000,2843.0,1332,42192,37914280.0,2844.0,42,2842.0,24
rb1805,20170526,20170525,210608500,2843.0,1332,42192,37914280.0,2844.0,42,2842.0,24
rb1805,20170526,20170525,210611500,2843.0,1332,42192,37914280.0,2844.0,42,2842.0,24
rb1805,20170526,20170525,210612000,2842.0,1380,42234,39278440.0,2844.0,43,2841.0,33
rb1805,20170526,20170525,210612500,2842.0,1380,42234,39278440.0,2844.0,42,2841.0,33
rb1805,20170526,20170525,210613000,2842.0,1380,42234,39278440.0,2844.0,42,2841.0,33
rb1805,20170526,20170525,210615500,2842.0,1380,42234,39278440.0,2844.0,42,2841.0,33
rb1805,20170526,20170525,210616500,2842.0,1380,42234,39278440.0,2844.0,42,2842.0,1
rb1805,20170526,20170525,210617000,2842.0,1380,42234,39278440.0,2844.0,42,2843.0,2
rb1805,20170526,20170525,210617500,2843.0,1384,42234,39392160.0,2843.0,4,2842.0,2
rb1805,20170526,20170525,210618000,2843.0,1384,42234,39392160.0,2844.0,42,2842.0,2
rb1805,20170526,20170525,210618500,2843.0,1384,42234,39392160.0,2843.0,4,2842.0,2
rb1805,20170526,20170525,210619000,2842.0,1388,42238,39505840.0,2843.0,4,2841.0,33
rb1805,20170526,20170525,210619500,2842.0,1388,42238,39505840.0,2843.0,4,2841.0,48
rb1805,20170526,20170525,210620000,2842.0,1388,42238,39505840.0,2843.0,10,2841.0,48
rb1805,20170526,20170525,210621500,2842.0,1388,42238,39505840.0,2842.0,40,2841.0,48
rb1805,20170526,20170525,210622500,2842.0,1388,42238,39505840.0,2842.0,44,2841.0,48
rb1805,20170526,20170525,210624000,2841.0,1390,42240,39562660.0,2842.0,44,2841.0,47
rb1805,20170526,20170525,210624500,2841.0,1390,42240,39562660.0,2842.0,44,2841.0,46
rb1805,20170526,20170525,210625000,2841.0,1446,42284,41153620.0,2842.0,44,2841.0,18
rb1805,20170526,20170525,210626000,2841.0,1446,42284,41153620.0,2842.0,40,2841.0,23
rb1805,20170526,20170525,210627500,2842.0,1450,42282,41267300.0,2842.0,38,2841.0,23
rb1805,20170526,20170525,210628000,2842.0,1450,42282,41267300.0,2842.0,38,2841.0,18
rb1805,20170526,20170525,210628500,2842.0,1450,42282,41267300.0,2842.0,42,2841.0,18
rb1805,20170526,20170525,210629000,2842.0,1450,42282,41267300.0,2842.0,38,2841.0,18
rb1805,20170526,20170525,210629500,2841.0,1476,42274,42005980.0,2842.0,38,2841.0,6
rb1805,20170526,20170525,210630000,2841.0,1488,42274,42346900.0,2841.0,14,2840.0,53
rb1805,20170526,20170525,210630500,2841.0,1488,42274,42346900.0,2841.0,14,2840.0,73
rb1805,20170526,20170525,210631000,2841.0,1498,42274,42631000.0,2842.0,38,2841.0,1
rb1805,20170526,20170525,210631500,2841.0,1500,42276,42687820.0,2841.0,1,2840.0,73
rb1805,20170526,20170525,210632000,2841.0,1502,42278,42744640.0,2842.0,39,2841.0,18
rb1805,20170526,20170525,210632500,2841.0,1502,42278,42744640.0,2842.0,39,2841.0,5
rb1805,20170526,20170525,210633000,2841.0,1512,42268,43028740.0,2842.0,39,2840.0,73
rb1805,20170526,20170525,210633500,2842.0,1530,42256,43540300.0,2842.0,30,2841.0,2
rb1805,20170526,20170525,210634500,2842.0,1530,42256,43540300.0,2842.0,30,2840.0,78
rb1805,20170526,20170525,210635000,2842.0,1530,42256,43540300.0,2842.0,30,2840.0,80
rb1805,20170526,20170525,210635500,2842.0,1530,42256,43540300.0,2842.0,34,2840.0,80
rb1805,20170526,20170525,210636000,2842.0,1530,42256,43540300.0,2842.0,34,2840.0,75
rb1805,20170526,20170525,210637000,2840.0,1630,42256,46380300.0,2842.0,34,2840.0,25
rb1805,20170526,20170525,210637500,2840.0,1632,42258,46437100.0,2842.0,34,2840.0,24
rb1805,20170526,20170525,210638000,2842.0,1634,42258,46493940.0,2842.0,33,2840.0,24
rb1805,20170526,20170525,210638500,2842.0,1634,42258,46493940.0,2842.0,33,2840.0,24
rb1805,20170526,20170525,210639000,2841.0,1636,42260,46550760.0,2841.0,5,2840.0,24
rb1805,20170526,20170525,210640000,2841.0,1638,42262,46607580.0,2841.0,8,2840.0,24
rb1805,20170526,20170525,210640500,2841.0,1638,42262,46607580.0,2841.0,8,2840.0,24
rb1805,20170526,20170525,210641000,2841.0,1638,42262,46607580.0,2841.0,4,2840.0,25
rb1805,20170526,20170525,210641500,2840.0,1642,42266,46721180.0,2841.0,8,2840.0,23
rb1805,20170526,20170525,210643000,2840.0,1652,42268,47005180.0,2841.0,8,2840.0,18
rb1805,20170526,20170525,210643500,2840.0,1652,42268,47005180.0,2841.0,8,2840.0,18
rb1805,20170526,20170525,210644000,2840.0,1662,42278,47289180.0,2841.0,8,2840.0,13
rb1805,20170526,20170525,210644500,2840.0,1666,42282,47402780.0,2841.0,8,2840.0,11
rb1805,20170526,20170525,210645000,2840.0,1688,42300,48027580.0,2841.0,8,2839.0,4
rb1805,20170526,20170525,210645500,2840.0,1688,42300,48027580.0,2840.0,10,2839.0,11
rb1805,20170526,20170525,210646000,2840.0,1692,42302,48141180.0,2840.0,8,2839.0,11
rb1805,20170526,20170525,210646500,2840.0,1692,42302,48141180.0,2840.0,8,2839.0,11
rb1805,20170526,20170525,210647000,2840.0,1692,42302,48141180.0,2841.0,4,2839.0,11
rb1805,20170526,20170525,210648500,2840.0,1692,42302,48141180.0,2841.0,4,2839.0,11
rb1805,20170526,20170525,210649000,2840.0,1692,42302,48141180.0,2842.0,33,2839.0,11
rb1805,20170526,20170525,210649500,2840.0,1692,42302,48141180.0,2842.0,33,2839.0,11
rb1805,20170526,20170525,210650000,2840.0,1692,42302,48141180.0,2842.0,33,2839.0,11
rb1805,20170526,20170525,210652000,2840.0,1692,42302,48141180.0,2842.0,29,2839.0,11
rb1805,20170526,20170525,210652500,2839.0,1724,42284,49049700.0,2839.0,34,2838.0,27
rb1805,20170526,20170525,210653000,2839.0,1792,42274,50980220.0,2842.0,29,2841.0,2
rb1805,20170526,20170525,210653500,2839.0,1792,42274,50980220.0,2842.0,29,2841.0,15
rb1805,20170526,20170525,210654000,2842.0,1808,42268,51434940.0,2842.0,21,2841.0,2
rb1805,20170526,20170525,210654500,2842.0,1812,42268,51548620.0,2842.0,19,2841.0,2
rb1805,20170526,20170525,210655000,2842.0,1812,42268,51548620.0,2842.0,19,2841.0,2
rb1805,20170526,20170525,210655500,2842.0,1812,42268,51548620.0,2842.0,19,2841.0,2
rb1805,20170526,20170525,210656500,2842.0,1816,42264,51662300.0,2842.0,17,2841.0,2
rb1805,20170526,20170525,210657500,2842.0,1816,42264,51662300.0,2842.0,27,2841.0,2
rb1805,20170526,20170525,210658000,2841.0,1818,42266,51719120.0,2842.0,27,2841.0,1
rb1805,20170526,20170525,210659500,2841.0,1818,42266,51719120.0,2842.0,27,2841.0,1
rb1805,20170526,20170525,210700000,2841.0,1820,42266,51775940.0,2842.0,27,2840.0,2
rb1805,20170526,20170525,210700500,2841.0,1820,42266,51775940.0,2842.0,17,2840.0,3
rb1805,20170526,20170525,210701500,2841.0,1820,42266,51775940.0,2842.0,17,2840.0,5
rb1805,20170526,20170525,210702000,2842.0,1830,42266,52060140.0,2842.0,12,2840.0,5
rb1805,20170526,20170525,210702500,2842.0,1830,42266,52060140.0,2842.0,12,2840.0,6
rb1805,20170526,20170525,210703000,2842.0,1830,42266,52060140.0,2842.0,12,2840.0,6
rb1805,20170526,20170525,210703500,2842.0,1830,42266,52060140.0,2842.0,14,2841.0,1
rb1805,20170526,20170525,210704000,2842.0,1850,42266,52628540.0,2842.0,4,2841.0,1
rb1805,20170526,20170525,210706500,2842.0,1852,42264,52685380.0,2842.0,1,2841.0,1
rb1805,20170526,20170525,210707500,2842.0,1854,42266,52742220.0,2843.0,6,2842.0,2
rb1805,20170526,20170525,210708000,2842.0,1854,42266,52742220.0,2843.0,2,2842.0,1
rb1805,20170526,20170525,210708500,2842.0,1854,42266,52742220.0,2843.0,2,2842.0,1
rb1805,20170526,20170525,210709000,2842.0,1854,42266,52742220.0,2843.0,2,2842.0,2
rb1805,20170526,20170525,210709500,2843.0,1856,42266,52799080.0,2843.0,1,2842.0,3
rb1805,20170526,20170525,210710500,2843.0,1858,42266,52855940.0,2844.0,39,2842.0,3
rb1805,20170526,20170525,210711000,2844.0,1860,42268,52912820.0,2844.0,38,2843.0,1
rb1805,20170526,20170525,210711500,2843.0,1862,42268,52969680.0,2843.0,2,2842.0,2
rb1805,20170526,20170525,210712000,2842.0,1866,42270,53083360.0,2844.0,43,2840.0,26
rb1805,20170526,20170525,210712500,2842.0,1866,42270,53083360.0,2844.0,43,2841.0,1
rb1805,20170526,20170525,210713000,2844.0,1868,42272,53140240.0,2844.0,42,2841.0,1
rb1805,20170526,20170525,210713500,2844.0,1868,42272,53140240.0,2844.0,37,2841.0,1
rb1805,20170526,20170525,210715000,2844.0,1868,42272,53140240.0,2844.0,37,2841.0,1
rb1805,20170526,20170525,210716000,2844.0,1868,42272,53140240.0,2844.0,37,2841.0,1
rb1805,20170526,20170525,210716500,2841.0,1870,42272,53197060.0,2844.0,37,2840.0,27
rb1805,20170526,20170525,210717000,2841.0,1870,42272,53197060.0,2844.0,37,2841.0,1
rb1805,20170526,20170525,210717500,2841.0,1870,42272,53197060.0,2844.0,42,2841.0,1
rb1805,20170526,20170525,210718000,2841.0,1870,42272,53197060.0,2844.0,42,2840.0,27
rb1805,20170526,20170525,210718500,2841.0,1870,42272,53197060.0,2844.0,42,2840.0,29
rb1805,20170526,20170525,210719500,2841.0,1870,42272,53197060.0,2844.0,42,2841.0,16
rb1805,20170526,20170525,210720000,2841.0,1870,42272,53197060.0,2844.0,42,2841.0,18
rb1805,20170526,20170525,210721000,2841.0,1870,42272,53197060.0,2844.0,42,2841.0,8
rb1805,20170526,20170525,210722000,2841.0,1870,42272,53197060.0,2844.0,42,2841.0,9
rb1805,20170526,20170525,210722500,2841.0,1870,42272,53197060.0,2844.0,42,2841.0,8
rb1805,20170526,20170525,210723000,2841.0,1870,42272,53197060.0,2844.0,42,2841.0,9
rb1805,20170526,20170525,210723500,2841.0,1870,42272,53197060.0,2844.0,42,2841.0,10
rb1805,20170526,20170525,210724500,2841.0,1870,42272,53197060.0,2844.0,42,2841.0,10
rb1805,20170526,20170525,210725000,2841.0,1870,42272,53197060.0,2844.0,42,2841.0,16
rb1805,20170526,20170525,210726000,2841.0,1870,42272,53197060.0,2844.0,42,2841.0,16
rb1805,20170526,20170525,210726500,2841.0,1870,42272,53197060.0,2844.0,42,2841.0,16
rb1805,20170526,20170525,210727000,2841.0,1870,42272,53197060.0,2844.0,42,2841.0,16
rb1805,20170526,20170525,210727500,2841.0,1870,42272,53197060.0,2844.0,42,2841.0,16
rb1805,20170526,20170525,210728000,2841.0,1872,42270,53253880.0,2844.0,42,2841.0,15
rb1805,20170526,20170525,210728500,2841.0,1872,42270,53253880.0,2844.0,42,2841.0,15
rb1805,20170526,20170525,210730000,2841.0,1872,42270,53253880.0,2844.0,42,2841.0,15
rb1805,20170526,20170525,210731500,2841.0,1872,42270,53253880.0,2844.0,42,2841.0,15
rb1805,20170526,20170525,210732500,2841.0,1872,42270,53253880.0,2844.0,42,2841.0,16
rb1805,20170526,20170525,210734000,2841.0,1872,42270,53253880.0,2844.0,42,2841.0,15
rb1805,20170526,20170525,210734500,2841.0,1872,42270,53253880.0,2844.0,42,2841.0,15
rb1805,20170526,20170525,210735500,2841.0,1872,42270,53253880.0,2844.0,42,2841.0,15
rb1805,20170526,20170525,210737000,2841.0,1872,42270,53253880.0,2844.0,42,2841.0,15
rb1805,20170526,20170525,210738000,2841.0,1872,42270,53253880.0,2844.0,42,2841.0,15
rb1805,20170526,20170525,210740500,2841.0,1872,42270,53253880.0,2844.0,42,2841.0,15
rb1805,20170526,20170525,210741500,2841.0,1872,42270,53253880.0,2844.0,42,2841.0,14
rb1805,20170526,20170525,210742000,2841.0,1872,42270,53253880.0,2844.0,42,2842.0,2
rb1805,20170526,20170525,210743500,2841.0,1872,42270,53253880.0,2844.0,44,2842.0,2
rb1805,20170526,20170525,210744000,2841.0,1872,42270,53253880.0,2844.0,42,2842.0,2
rb1805,20170526,20170525,210746500,2841.0,1872,42270,53253880.0,2844.0,42,2842.0,2
rb1805,20170526,20170525,210747000,2841.0,1872,42270,53253880.0,2844.0,42,2842.0,2
rb1805,20170526,20170525,210749500,2841.0,1872,42270,53253880.0,2844.0,42,2842.0,2
rb1805,20170526,20170525,210750500,2841.0,1872,42270,53253880.0,2844.0,42,2841.0,12
rb1805,20170526,20170525,210751500,2841.0,1872,42270,53253880.0,2844.0,42,2841.0,12
rb1805,20170526,20170525,210752000,2841.0,1872,42270,53253880.0,2844.0,42,2841.0,13
rb1805,20170526,20170525,210753000,2841.0,1872,42270,53253880.0,2844.0,42,2841.0,13
rb1805,20170526,20170525,210753500,2841.0,1872,42270,53253880.0,2844.0,42,2841.0,13
rb1805,20170526,20170525,210755000,2841.0,1872,42270,53253880.0,2844.0,42,2841.0,13
rb1805,20170526,20170525,210759000,2841.0,1872,42270,53253880.0,2844.0,42,2841.0,14
rb1805,20170526,20170525,210800500,2841.0,1872,42270,53253880.0,2844.0,42,2841.0,14
rb1805,20170526,20170525,210801000,2841.0,1872,42270,53253880.0,2844.0,42,2841.0,14
rb1805,20170526,20170525,210802000,2841.0,1872,42270,53253880.0,2844.0,42,2841.0,14
rb1805,20170526,20170525,210803500,2841.0,1872,42270,53253880.0,2844.0,42,2842.0,5
rb1805,20170526,20170525,210804000,2841.0,1872,42270,53253880.0,2844.0,42,2842.0,5
rb1805,20170526,20170525,210804500,2841.0,1872,42270,53253880.0,2844.0,42,2842.0,5
rb1805,20170526,20170525,210806000,2841.0,1872,42270,53253880.0,2844.0,42,2842.0,5
rb1805,20170526,20170525,210807000,2841.0,1872,42270,53253880.0,2844.0,42,2842.0,5
rb1805,20170526,20170525,210807500,2841.0,1872,42270,53253880.0,2844.0,42,2842.0,5
rb1805,20170526,20170525,210808500,2841.0,1872,42270,53253880.0,2844.0,42,2842.0,5
rb1805,20170526,20170525,210809000,2841.0,1872,42270,53253880.0,2844.0,37,2842.0,5
rb1805,20170526,20170525,210812000,2841.0,1872,42270,53253880.0,2844.0,37,2842.0,5
rb1805,20170526,20170525,210812500,2841.0,1872,42270,53253880.0,2844.0,37,2842.0,5
rb1805,20170526,20170525,210813000,2841.0,1872,42270,53253880.0,2844.0,37,2842.0,5
rb1805,20170526,20170525,210814500,2841.0,1872,42270,53253880.0,2844.0,37,2842.0,6
rb1805,20170526,20170525,210815000,2841.0,1872,42270,53253880.0,2844.0,37,2842.0,6
rb1805,20170526,20170525,210815500,2841.0,1872,42270,53253880.0,2844.0,37,2842.0,6
rb1805,20170526,20170525,210816500,2844.0,1936,42334,55074040.0,2844.0,5,2842.0,6
rb1805,20170526,20170525,210817000,2844.0,1946,42332,55358440.0,2845.0,1,2844.0,1
rb1805,20170526,20170525,210817500,2844.0,1946,42332,55358440.0,2845.0,1,2844.0,1
rb1805,20170526,20170525,210820000,2845.0,1950,42330,55472220.0,2846.0,1,2845.0,1
rb1805,20170526,20170525,210820500,2845.0,1950,42330,55472220.0,2846.0,1,2842.0,2
rb1805,20170526,20170525,210821000,2845.0,1950,42330,55472220.0,2845.0,8,2842.0,2
rb1805,20170526,20170525,210821500,2845.0,1950,42330,55472220.0,2845.0,10,2842.0,2
rb1805,20170526,20170525,210822000,2845.0,1950,42330,55472220.0,2845.0,5,2844.0,5
rb1805,20170526,20170525,210824500,2845.0,1950,42330,55472220.0,2846.0,6,2844.0,5
rb1805,20170526,20170525,210825000,2845.0,1950,42330,55472220.0,2846.0,8,2844.0,5
rb1805,20170526,20170525,210825500,2844.0,1960,42330,55756620.0,2844.0,3,2842.0,2
rb1805,20170526,20170525,210826000,2844.0,1960,42330,55756620.0,2846.0,8,2842.0,2
rb1805,20170526,20170525,210826500,2844.0,1960,42330,55756620.0,2846.0,8,2842.0,3
rb1805,20170526,20170525,210827000,2844.0,1960,42330,55756620.0,2846.0,6,2842.0,3
rb1805,20170526,20170525,210828000,2844.0,1960,42330,55756620.0,2846.0,6,2843.0,2
rb1805,20170526,20170525,210828500,2843.0,1962,42330,55813480.0,2846.0,6,2843.0,1
rb1805,20170526,20170525,210829500,2843.0,1962,42330,55813480.0,2846.0,6,2844.0,2
rb1805,20170526,20170525,210830000,2843.0,1962,42330,55813480.0,2846.0,6,2844.0,2
rb1805,20170526,20170525,210830500,2843.0,1962,42330,55813480.0,2845.0,1,2844.0,2
rb1805,20170526,20170525,210832000,2843.0,1962,42330,55813480.0,2845.0,1,2844.0,2
rb1805,20170526,20170525,210833000,2844.0,1966,42326,55927240.0,2844.0,1,2843.0,1
rb1805,20170526,20170525,210833500,2844.0,1966,42326,55927240.0,2844.0,1,2843.0,1
rb1805,20170526,20170525,210834000,2844.0,1968,42326,55984120.0,2845.0,6,2843.0,1
rb1805,20170526,20170525,210834500,2844.0,1968,42326,55984120.0,2845.0,6,2843.0,1
rb1805,20170526,20170525,210835000,2844.0,1968,42326,55984120.0,2845.0,6,2843.0,1
rb1805,20170526,20170525,210835500,2844.0,1968,42326,55984120.0,2845.0,8,2843.0,1
rb1805,20170526,20170525,210836500,2844.0,1968,42326,55984120.0,2845.0,3,2843.0,1
rb1805,20170526,20170525,210837000,2844.0,1968,42326,55984120.0,2845.0,3,2844.0,5
rb1805,20170526,20170525,210837500,2844.0,1968,42326,55984120.0,2845.0,1,2844.0,5
rb1805,20170526,20170525,210839000,2845.0,1970,42326,56041020.0,2846.0,6,2844.0,5
rb1805,20170526,20170525,210839500,2845.0,1970,42326,56041020.0,2846.0,6,2844.0,5
rb1805,20170526,20170525,210840000,2845.0,1970,42326,56041020.0,2846.0,8,2844.0,5
rb1805,20170526,20170525,210842500,2845.0,1970,42326,56041020.0,2846.0,8,2844.0,5
rb1805,20170526,20170525,210843000,2844.0,1980,42326,56325420.0,2844.0,11,2843.0,1
rb1805,20170526,20170525,210843500,2844.0,1980,42326,56325420.0,2844.0,5,2843.0,1
rb1805,20170526,20170525,210844000,2844.0,1980,42326,56325420.0,2844.0,5,2843.0,1
rb1805,20170526,20170525,210844500,2844.0,1980,42326,56325420.0,2844.0,5,2843.0,1
rb1805,20170526,20170525,210845000,2844.0,1980,42326,56325420.0,2846.0,8,2843.0,1
rb1805,20170526,20170525,210846000,2844.0,1980,42326,56325420.0,2846.0,8,2844.0,5
rb1805,20170526,20170525,210847000,2846.0,1982,42326,56382340.0,2846.0,7,2844.0,5
rb1805,20170526,20170525,210847500,2846.0,1982,42326,56382340.0,2846.0,7,2844.0,11
rb1805,20170526,20170525,210848000,2846.0,1982,42326,56382340.0,2846.0,7,2844.0,11
rb1805,20170526,20170525,210849000,2846.0,1982,42326,56382340.0,2846.0,2,2844.0,11
rb1805,20170526,20170525,210849500,2846.0,1982,42326,56382340.0,2848.0,3,2844.0,11
rb1805,20170526,20170525,210850000,2846.0,1982,42326,56382340.0,2848.0,14,2844.0,11
rb1805,20170526,20170525,210850500,2846.0,1982,42326,56382340.0,2847.0,1,2844.0,11
rb1805,20170526,20170525,210851000,2846.0,1982,42326,56382340.0,2847.0,3,2844.0,11
rb1805,20170526,20170525,210852500,2846.0,1982,42326,56382340.0,2847.0,3,2844.0,11
rb1805,20170526,20170525,210853500,2848.0,2000,42308,56894920.0,2848.0,2,2844.0,14
rb1805,20170526,20170525,210854000,2848.0,2000,42308,56894920.0,2848.0,4,2847.0,9
rb1805,20170526,20170525,210854500,2847.0,2018,42308,57407380.0,2846.0,2,2845.0,1
rb1805,20170526,20170525,210855000,2846.0,2022,42308,57521200.0,2846.0,1,2844.0,14
rb1805,20170526,20170525,210855500,2844.0,2026,42310,57634960.0,2846.0,1,2844.0,13
rb1805,20170526,20170525,210857000,2844.0,2026,42310,57634960.0,2846.0,1,2844.0,13
rb1805,20170526,20170525,210858000,2844.0,2026,42310,57634960.0,2846.0,1,2844.0,13
rb1805,20170526,20170525,210859000,2844.0,2026,42310,57634960.0,2846.0,1,2844.0,13
rb1805,20170526,20170525,210859500,2844.0,2026,42310,57634960.0,2846.0,1,2845.0,5
rb1805,20170526,20170525,210900000,2846.0,2028,42308,57691880.0,2848.0,1,2846.0,5
rb1805,20170526,20170525,210900500,2846.0,2028,42308,57691880.0,2847.0,2,2846.0,8
rb1805,20170526,20170525,210901000,2846.0,2028,42308,57691880.0,2848.0,1,2846.0,8
rb1805,20170526,20170525,210901500,2846.0,2028,42308,57691880.0,2848.0,1,2846.0,8
rb1805,20170526,20170525,210902000,2846.0,2028,42308,57691880.0,2848.0,1,2846.0,8
rb1805,20170526,20170525,210902500,2846.0,2028,42308,57691880.0,2848.0,1,2846.0,8
rb1805,20170526,20170525,210903000,2846.0,2028,42308,57691880.0,2848.0,1,2846.0,8
rb1805,20170526,20170525,210903500,2846.0,2028,42308,57691880.0,2848.0,1,2846.0,8
rb1805,20170526,20170525,210904500,2846.0,2028,42308,57691880.0,2848.0,1,2846.0,8
rb1805,20170526,20170525,210908500,2846.0,2028,42308,57691880.0,2848.0,1,2846.0,8
rb1805,20170526,20170525,210910500,2846.0,2028,42308,57691880.0,2848.0,1,2846.0,8
rb1805,20170526,20170525,210911000,2846.0,2028,42308,57691880.0,2848.0,1,2847.0,1
rb1805,20170526,20170525,210911500,2846.0,2028,42308,57691880.0,2848.0,1,2847.0,1
rb1805,20170526,20170525,210912000,2846.0,2028,42308,57691880.0,2848.0,1,2847.0,1
rb1805,20170526,20170525,210912500,2846.0,2028,42308,57691880.0,2848.0,1,2847.0,1
rb1805,20170526,20170525,210913000,2846.0,2028,42308,57691880.0,2848.0,1,2847.0,4
rb1805,20170526,20170525,210913500,2846.0,2028,42308,57691880.0,2848.0,1,2847.0,6
rb1805,20170526,20170525,210914000,2846.0,2028,42308,57691880.0,2848.0,1,2847.0,6
rb1805,20170526,20170525,210916000,2846.0,2028,42308,57691880.0,2848.0,1,2847.0,6
rb1805,20170526,20170525,210916500,2848.0,2030,42306,57748840.0,2849.0,2,2848.0,1
rb1805,20170526,20170525,210917000,2848.0,2030,42306,57748840.0,2849.0,2,2847.0,6
rb1805,20170526,20170525,210917500,2848.0,2030,42306,57748840.0,2849.0,2,2848.0,5
rb1805,20170526,20170525,210918000,2848.0,2030,42306,57748840.0,2849.0,2,2848.0,5
rb1805,20170526,20170525,210921000,2848.0,2030,42306,57748840.0,2849.0,2,2848.0,5
rb1805,20170526,20170525,210922500,2848.0,2030,42306,57748840.0,2849.0,2,2848.0,5
rb1805,20170526,20170525,210923000,2849.0,2034,42308,57862800.0,2850.0,16,2849.0,6
rb1805,20170526,20170525,210923500,2849.0,2034,42308,57862800.0,2850.0,16,2849.0,9
rb1805,20170526,20170525,210924000,2849.0,2036,42308,57919780.0,2850.0,16,2849.0,8
rb1805,20170526,20170525,210924500,2849.0,2036,42308,57919780.0,2850.0,16,2849.0,8
rb1805,20170526,20170525,210925000,2849.0,2036,42308,57919780.0,2850.0,16,2849.0,8
rb1805,20170526,20170525,210925500,2849.0,2036,42308,57919780.0,2850.0,16,2849.0,8
rb1805,20170526,20170525,210928500,2849.0,2036,42308,57919780.0,2850.0,16,2849.0,6
rb1805,20170526,20170525,210929000,2849.0,2036,42308,57919780.0,2850.0,21,2849.0,6
rb1805,20170526,20170525,210929500,2849.0,2048,42296,58261660.0,2849.0,5,2848.0,3
rb1805,20170526,20170525,210930000,2849.0,2048,42296,58261660.0,2850.0,21,2848.0,1
rb1805,20170526,20170525,210931000,2849.0,2048,42296,58261660.0,2850.0,22,2848.0,1
rb1805,20170526,20170525,210931500,2848.0,2050,42294,58318620.0,2850.0,22,2847.0,6
rb1805,20170526,20170525,210933500,2848.0,2050,42294,58318620.0,2850.0,21,2847.0,6
rb1805,20170526,20170525,210935500,2848.0,2050,42294,58318620.0,2850.0,22,2847.0,6
rb1805,20170526,20170525,210936000,2848.0,2050,42294,58318620.0,2850.0,22,2847.0,6
rb1805,20170526,20170525,210936500,2848.0,2050,42294,58318620.0,2850.0,22,2847.0,6
rb1805,20170526,20170525,210937000,2848.0,2050,42294,58318620.0,2850.0,22,2847.0,6
rb1805,20170526,20170525,210938000,2848.0,2050,42294,58318620.0,2850.0,22,2847.0,6
rb1805,20170526,20170525,210938500,2848.0,2050,42294,58318620.0,2850.0,22,2847.0,7
rb1805,20170526,20170525,210940000,2848.0,2050,42294,58318620.0,2850.0,22,2847.0,7
rb1805,20170526,20170525,210941500,2848.0,2050,42294,58318620.0,2850.0,22,2847.0,7
rb1805,20170526,20170525,210942000,2848.0,2050,42294,58318620.0,2850.0,22,2847.0,7
rb1805,20170526,20170525,210943000,2848.0,2050,42294,58318620.0,2850.0,22,2848.0,2
rb1805,20170526,20170525,210944000,2848.0,2050,42294,58318620.0,2850.0,22,2848.0,8
rb1805,20170526,20170525,210944500,2848.0,2050,42294,58318620.0,2850.0,22,2848.0,8
rb1805,20170526,20170525,210945000,2848.0,2050,42294,58318620.0,2850.0,17,2848.0,15
rb1805,20170526,20170525,210946000,2848.0,2050,42294,58318620.0,2850.0,22,2848.0,15
rb1805,20170526,20170525,210948000,2848.0,2050,42294,58318620.0,2850.0,22,2848.0,15
rb1805,20170526,20170525,210948500,2848.0,2050,42294,58318620.0,2850.0,22,2849.0,2
rb1805,20170526,20170525,210949000,2848.0,2050,42294,58318620.0,2850.0,22,2849.0,4
rb1805,20170526,20170525,210949500,2848.0,2050,42294,58318620.0,2850.0,22,2849.0,2
rb1805,20170526,20170525,210950000,2850.0,2062,42282,58660620.0,2850.0,16,2848.0,9
rb1805,20170526,20170525,210950500,2850.0,2062,42282,58660620.0,2850.0,16,2849.0,2
rb1805,20170526,20170525,210951500,2850.0,2062,42282,58660620.0,2850.0,16,2849.0,2
rb1805,20170526,20170525,210952000,2850.0,2070,42290,58888620.0,2850.0,12,2849.0,2
rb1805,20170526,20170525,210952500,2850.0,2080,42300,59173620.0,2850.0,7,2849.0,2
rb1805,20170526,20170525,210953500,2849.0,2084,42300,59287580.0,2850.0,12,2848.0,7
rb1805,20170526,20170525,210954500,2849.0,2084,42300,59287580.0,2850.0,12,2848.0,7
rb1805,20170526,20170525,210955500,2849.0,2084,42300,59287580.0,2850.0,12,2848.0,7
rb1805,20170526,20170525,210956000,2849.0,2084,42300,59287580.0,2850.0,12,2848.0,11
rb1805,20170526,20170525,210958000,2849.0,2084,42300,59287580.0,2850.0,7,2848.0,11
rb1805,20170526,20170525,210958500,2848.0,2086,42302,59344540.0,2850.0,7,2848.0,10
rb1805,20170526,20170525,210959500,2848.0,2086,42302,59344540.0,2850.0,7,2848.0,10
rb1805,20170526,20170525,211003500,2848.0,2086,42302,59344540.0,2850.0,12,2848.0,6
rb1805,20170526,20170525,211004000,2850.0,2100,42314,59743540.0,2850.0,5,2848.0,6
rb1805,20170526,20170525,211005500,2850.0,2100,42314,59743540.0,2850.0,5,2848.0,6
rb1805,20170526,20170525,211006000,2850.0,2100,42314,59743540.0,2851.0,4,2848.0,10
rb1805,20170526,20170525,211006500,2850.0,2100,42314,59743540.0,2851.0,11,2848.0,10
rb1805,20170526,20170525,211008000,2850.0,2100,42314,59743540.0,2851.0,11,2848.0,10
rb1805,20170526,20170525,211010500,2850.0,2100,42314,59743540.0,2851.0,12,2848.0,10
rb1805,20170526,20170525,211011000,2850.0,2100,42314,59743540.0,2851.0,12,2848.0,6
rb1805,20170526,20170525,211012000,2851.0,2112,42308,60085660.0,2851.0,7,2848.0,6
rb1805,20170526,20170525,211012500,2851.0,2112,42308,60085660.0,2851.0,7,2848.0,10
rb1805,20170526,20170525,211015000,2851.0,2112,42308,60085660.0,2851.0,7,2848.0,11
rb1805,20170526,20170525,211016000,2851.0,2114,42310,60142680.0,2851.0,13,2848.0,11
rb1805,20170526,20170525,211016500,2851.0,2114,42310,60142680.0,2851.0,17,2848.0,11
rb1805,20170526,20170525,211017000,2851.0,2114,42310,60142680.0,2851.0,6,2848.0,11
rb1805,20170526,20170525,211018000,2851.0,2114,42310,60142680.0,2851.0,7,2848.0,11
rb1805,20170526,20170525,211018500,2851.0,2114,42310,60142680.0,2851.0,6,2848.0,11
rb1805,20170526,20170525,211019500,2851.0,2116,42312,60199700.0,2851.0,5,2848.0,11
rb1805,20170526,20170525,211020000,2851.0,2116,42312,60199700.0,2851.0,4,2848.0,11
rb1805,20170526,20170525,211020500,2851.0,2116,42312,60199700.0,2851.0,6,2848.0,11
rb1805,20170526,20170525,211021500,2851.0,2116,42312,60199700.0,2851.0,6,2848.0,11
rb1805,20170526,20170525,211025500,2851.0,2116,42312,60199700.0,2851.0,13,2848.0,11
rb1805,20170526,20170525,211027000,2851.0,2116,42312,60199700.0,2851.0,21,2848.0,11
rb1805,20170526,20170525,211029000,2848.0,2120,42312,60313620.0,2851.0,21,2848.0,9
rb1805,20170526,20170525,211029500,2848.0,2124,42312,60427540.0,2851.0,21,2848.0,8
rb1805,20170526,20170525,211030000,2848.0,2124,42312,60427540.0,2850.0,1,2848.0,8
rb1805,20170526,20170525,211031500,2848.0,2124,42312,60427540.0,2850.0,1,2848.0,8
rb1805,20170526,20170525,211035500,2848.0,2126,42314,60484500.0,2850.0,1,2848.0,7
rb1805,20170526,20170525,211036500,2848.0,2126,42314,60484500.0,2850.0,1,2848.0,7
rb1805,20170526,20170525,211044500,2848.0,2126,42314,60484500.0,2850.0,1,2849.0,1
rb1805,20170526,20170525,211045000,2848.0,2142,42316,60940200.0,2848.0,3,2847.0,7
rb1805,20170526,20170525,211045500,2850.0,2150,42318,61168080.0,2851.0,6,2848.0,4
rb1805,20170526,20170525,211046000,2850.0,2150,42318,61168080.0,2851.0,6,2848.0,4
rb1805,20170526,20170525,211047000,2850.0,2150,42318,61168080.0,2851.0,3,2848.0,4
rb1805,20170526,20170525,211047500,2850.0,2150,42318,61168080.0,2851.0,1,2848.0,4
rb1805,20170526,20170525,211048000,2850.0,2150,42318,61168080.0,2851.0,1,2848.0,4
rb1805,20170526,20170525,211048500,2850.0,2150,42318,61168080.0,2851.0,1,2848.0,4
rb1805,20170526,20170525,211049500,2850.0,2150,42318,61168080.0,2851.0,1,2849.0,2
rb1805,20170526,20170525,211050000,2850.0,2150,42318,61168080.0,2851.0,1,2849.0,2
rb1805,20170526,20170525,211050500,2850.0,2150,42318,61168080.0,2851.0,1,2849.0,2
rb1805,20170526,20170525,211051000,2850.0,2150,42318,61168080.0,2851.0,1,2849.0,2
rb1805,20170526,20170525,211053500,2850.0,2150,42318,61168080.0,2851.0,2,2849.0,2
rb1805,20170526,20170525,211054000,2850.0,2150,42318,61168080.0,2851.0,2,2849.0,4
rb1805,20170526,20170525,211055000,2850.0,2150,42318,61168080.0,2851.0,2,2849.0,4
rb1805,20170526,20170525,211055500,2850.0,2150,42318,61168080.0,2851.0,2,2849.0,4
rb1805,20170526,20170525,211056000,2851.0,2154,42320,61282120.0,2852.0,23,2851.0,3
rb1805,20170526,20170525,211056500,2851.0,2160,42326,61453180.0,2852.0,23,2849.0,4
rb1805,20170526,20170525,211057000,2851.0,2160,42326,61453180.0,2852.0,43,2849.0,4
rb1805,20170526,20170525,211057500,2850.0,2162,42326,61510180.0,2851.0,5,2850.0,1
rb1805,20170526,20170525,211058000,2850.0,2164,42328,61567180.0,2851.0,5,2850.0,1
rb1805,20170526,20170525,211100500,2850.0,2164,42328,61567180.0,2851.0,5,2850.0,1
rb1805,20170526,20170525,211101000,2850.0,2164,42328,61567180.0,2851.0,5,2850.0,3
rb1805,20170526,20170525,211101500,2850.0,2168,42332,61681180.0,2851.0,5,2849.0,4
rb1805,20170526,20170525,211102000,2850.0,2168,42332,61681180.0,2852.0,39,2849.0,4
rb1805,20170526,20170525,211102500,2850.0,2168,42332,61681180.0,2852.0,34,2849.0,4
rb1805,20170526,20170525,211103000,2850.0,2168,42332,61681180.0,2852.0,23,2849.0,4
rb1805,20170526,20170525,211104000,2850.0,2168,42332,61681180.0,2852.0,23,2850.0,2
rb1805,20170526,20170525,211104500,2850.0,2168,42332,61681180.0,2851.0,2,2850.0,2
rb1805,20170526,20170525,211105000,2850.0,2168,42332,61681180.0,2851.0,2,2850.0,3
rb1805,20170526,20170525,211106000,2850.0,2168,42332,61681180.0,2851.0,2,2850.0,3
rb1805,20170526,20170525,211107000,2851.0,2170,42332,61738200.0,2851.0,1,2850.0,3
rb1805,20170526,20170525,211109000,2851.0,2170,42332,61738200.0,2851.0,1,2850.0,3
rb1805,20170526,20170525,211110500,2851.0,2170,42332,61738200.0,2851.0,1,2850.0,3
rb1805,20170526,20170525,211112500,2851.0,2170,42332,61738200.0,2851.0,1,2850.0,3
rb1805,20170526,20170525,211113500,2851.0,2172,42334,61795220.0,2852.0,23,2851.0,17
rb1805,20170526,20170525,211114000,2851.0,2172,42334,61795220.0,2852.0,23,2851.0,15
rb1805,20170526,20170525,211114500,2851.0,2172,42334,61795220.0,2852.0,23,2851.0,10
rb1805,20170526,20170525,211115000,2852.0,2178,42328,61966340.0,2852.0,20,2851.0,10
rb1805,20170526,20170525,211115500,2852.0,2178,42328,61966340.0,2852.0,20,2850.0,3
rb1805,20170526,20170525,211118000,2852.0,2180,42328,62023380.0,2852.0,19,2851.0,2
rb1805,20170526,20170525,211118500,2852.0,2180,42328,62023380.0,2852.0,19,2851.0,3
rb1805,20170526,20170525,211119500,2852.0,2180,42328,62023380.0,2852.0,19,2851.0,3
rb1805,20170526,20170525,211120500,2852.0,2204,42328,62707860.0,2852.0,7,2851.0,3
rb1805,20170526,20170525,211124000,2852.0,2204,42328,62707860.0,2852.0,7,2851.0,3
rb1805,20170526,20170525,211125000,2852.0,2206,42328,62764900.0,2852.0,6,2851.0,3
rb1805,20170526,20170525,211126000,2852.0,2208,42328,62821940.0,2852.0,5,2851.0,3
rb1805,20170526,20170525,211127500,2852.0,2208,42328,62821940.0,2852.0,5,2851.0,4
rb1805,20170526,20170525,211128000,2852.0,2218,42328,63107140.0,2853.0,7,2852.0,2
rb1805,20170526,20170525,211128500,2852.0,2220,42328,63164180.0,2853.0,7,2852.0,1
rb1805,20170526,20170525,211129000,2852.0,2220,42328,63164180.0,2853.0,7,2852.0,3
rb1805,20170526,20170525,211130000,2853.0,2224,42328,63278300.0,2853.0,5,2852.0,3
rb1805,20170526,20170525,211130500,2853.0,2224,42328,63278300.0,2853.0,5,2852.0,2
rb1805,20170526,20170525,211131000,2853.0,2224,42328,63278300.0,2853.0,5,2852.0,2
rb1805,20170526,20170525,211135500,2853.0,2224,42328,63278300.0,2853.0,4,2852.0,2
rb1805,20170526,20170525,211136500,2853.0,2224,42328,63278300.0,2853.0,4,2852.0,2
rb1805,20170526,20170525,211138000,2853.0,2224,42328,63278300.0,2852.0,10,2851.0,5
rb1805,20170526,20170525,211139000,2852.0,2244,42328,63848720.0,2853.0,4,2852.0,1
rb1805,20170526,20170525,211140500,2852.0,2246,42328,63905760.0,2853.0,4,2851.0,3
rb1805,20170526,20170525,211142000,2852.0,2246,42328,63905760.0,2853.0,9,2851.0,3
rb1805,20170526,20170525,211145500,2852.0,2246,42328,63905760.0,2852.0,1,2851.0,3
rb1805,20170526,20170525,211147000,2852.0,2246,42328,63905760.0,2852.0,1,2851.0,3
rb1805,20170526,20170525,211149000,2852.0,2246,42328,63905760.0,2852.0,1,2851.0,18
rb1805,20170526,20170525,211151000,2852.0,2246,42328,63905760.0,2852.0,1,2851.0,18
rb1805,20170526,20170525,211154500,2852.0,2248,42328,63962800.0,2853.0,9,2851.0,18
rb1805,20170526,20170525,211155000,2852.0,2248,42328,63962800.0,2853.0,10,2851.0,18
rb1805,20170526,20170525,211156000,2852.0,2248,42328,63962800.0,2853.0,10,2851.0,18
rb1805,20170526,20170525,211156500,2851.0,2256,42328,64190880.0,2853.0,10,2851.0,14
rb1805,20170526,20170525,211158000,2851.0,2256,42328,64190880.0,2853.0,10,2851.0,14
rb1805,20170526,20170525,211159000,2851.0,2256,42328,64190880.0,2853.0,16,2851.0,14
rb1805,20170526,20170525,211159500,2851.0,2256,42328,64190880.0,2853.0,16,2851.0,14
rb1805,20170526,20170525,211200000,2851.0,2256,42328,64190880.0,2852.0,2,2851.0,14
rb1805,20170526,20170525,211201000,2851.0,2266,42338,64475980.0,2852.0,2,2851.0,9
rb1805,20170526,20170525,211201500,2851.0,2266,42338,64475980.0,2852.0,2,2851.0,9
rb1805,20170526,20170525,211202000,2851.0,2284,42356,64989160.0,2852.0,2,2850.0,10
rb1805,20170526,20170525,211202500,2851.0,2284,42356,64989160.0,2852.0,4,2850.0,10
rb1805,20170526,20170525,211203000,2851.0,2284,42356,64989160.0,2852.0,9,2850.0,10
rb1805,20170526,20170525,211204500,2851.0,2284,42356,64989160.0,2851.0,2,2850.0,10
rb1805,20170526,20170525,211205000,2851.0,2284,42356,64989160.0,2851.0,7,2850.0,10
rb1805,20170526,20170525,211205500,2851.0,2284,42356,64989160.0,2851.0,7,2850.0,10
rb1805,20170526,20170525,211206500,2851.0,2284,42356,64989160.0,2851.0,5,2850.0,10
rb1805,20170526,20170525,211207500,2851.0,2284,42356,64989160.0,2851.0,5,2850.0,10
rb1805,20170526,20170525,211208500,2850.0,2304,42360,65559160.0,2850.0,3,2849.0,4
rb1805,20170526,20170525,211209000,2850.0,2304,42360,65559160.0,2851.0,5,2849.0,4
rb1805,20170526,20170525,211209500,2850.0,2304,42360,65559160.0,2850.0,2,2849.0,4
rb1805,20170526,20170525,211210000,2849.0,2312,42366,65787080.0,2850.0,5,2848.0,4
rb1805,20170526,20170525,211210500,2848.0,2320,42368,66014920.0,2850.0,5,2847.0,14
rb1805,20170526,20170525,211211000,2848.0,2320,42368,66014920.0,2850.0,5,2847.0,14
rb1805,20170526,20170525,211211500,2848.0,2320,42368,66014920.0,2850.0,11,2847.0,14
rb1805,20170526,20170525,211212000,2848.0,2320,42368,66014920.0,2850.0,11,2847.0,14
rb1805,20170526,20170525,211212500,2848.0,2320,42368,66014920.0,2850.0,11,2847.0,14
rb1805,20170526,20170525,211213000,2848.0,2320,42368,66014920.0,2850.0,6,2848.0,2
rb1805,20170526,20170525,211213500,2848.0,2320,42368,66014920.0,2850.0,6,2848.0,2
rb1805,20170526,20170525,211214000,2848.0,2320,42368,66014920.0,2851.0,5,2848.0,2
rb1805,20170526,20170525,211214500,2848.0,2320,42368,66014920.0,2851.0,5,2848.0,2
rb1805,20170526,20170525,211216000,2848.0,2320,42368,66014920.0,2851.0,11,2848.0,2
rb1805,20170526,20170525,211216500,2848.0,2320,42368,66014920.0,2850.0,11,2848.0,2
rb1805,20170526,20170525,211217000,2848.0,2320,42368,66014920.0,2850.0,11,2847.0,16
rb1805,20170526,20170525,211217500,2848.0,2320,42368,66014920.0,2850.0,16,2847.0,16
rb1805,20170526,20170525,211218500,2848.0,2320,42368,66014920.0,2850.0,16,2847.0,16
rb1805,20170526,20170525,211219000,2848.0,2320,42368,66014920.0,2850.0,16,2847.0,16
rb1805,20170526,20170525,211222000,2848.0,2320,42368,66014920.0,2850.0,16,2847.0,16
rb1805,20170526,20170525,211224500,2848.0,2320,42368,66014920.0,2850.0,16,2848.0,1
rb1805,20170526,20170525,211225000,2848.0,2320,42368,66014920.0,2850.0,16,2848.0,3
rb1805,20170526,20170525,211227000,2848.0,2320,42368,66014920.0,2850.0,16,2848.0,1
rb1805,20170526,20170525,211227500,2848.0,2320,42368,66014920.0,2850.0,16,2848.0,1
rb1805,20170526,20170525,211228000,2848.0,2320,42368,66014920.0,2850.0,16,2848.0,1
rb1805,20170526,20170525,211229500,2848.0,2320,42368,66014920.0,2850.0,16,2848.0,1
rb1805,20170526,20170525,211230000,2850.0,2324,42372,66128920.0,2850.0,14,2848.0,1
rb1805,20170526,20170525,211231500,2850.0,2324,42372,66128920.0,2850.0,14,2848.0,3
rb1805,20170526,20170525,211232500,2850.0,2324,42372,66128920.0,2850.0,14,2848.0,4
rb1805,20170526,20170525,211234000,2850.0,2324,42372,66128920.0,2850.0,14,2848.0,4
rb1805,20170526,20170525,211235000,2850.0,2324,42372,66128920.0,2850.0,14,2848.0,4
rb1805,20170526,20170525,211236000,2850.0,2324,42372,66128920.0,2850.0,14,2848.0,4
rb1805,20170526,20170525,211236500,2850.0,2324,42372,66128920.0,2850.0,9,2848.0,4
rb1805,20170526,20170525,211237500,2850.0,2324,42372,66128920.0,2850.0,14,2848.0,4
rb1805,20170526,20170525,211239000,2850.0,2324,42372,66128920.0,2850.0,14,2848.0,5
rb1805,20170526,20170525,211242000,2850.0,2324,42372,66128920.0,2850.0,19,2848.0,5
rb1805,20170526,20170525,211245000,2850.0,2324,42372,66128920.0,2850.0,19,2848.0,5
rb1805,20170526,20170525,211246000,2850.0,2324,42372,66128920.0,2850.0,19,2848.0,5
rb1805,20170526,20170525,211247000,2850.0,2324,42372,66128920.0,2850.0,25,2848.0,5
rb1805,20170526,20170525,211248500,2850.0,2324,42372,66128920.0,2850.0,25,2848.0,5
rb1805,20170526,20170525,211249500,2850.0,2324,42372,66128920.0,2850.0,25,2848.0,5
rb1805,20170526,20170525,211252000,2850.0,2324,42372,66128920.0,2850.0,25,2848.0,5
rb1805,20170526,20170525,211254500,2850.0,2324,42372,66128920.0,2850.0,25,2848.0,5
rb1805,20170526,20170525,211255000,2850.0,2324,42372,66128920.0,2850.0,25,2848.0,5
rb1805,20170526,20170525,211259000,2850.0,2324,42372,66128920.0,2850.0,20,2848.0,5
rb1805,20170526,20170525,211301000,2850.0,2324,42372,66128920.0,2850.0,25,2848.0,5
rb1805,20170526,20170525,211303500,2850.0,2324,42372,66128920.0,2849.0,1,2848.0,5
rb1805,20170526,20170525,211304000,2849.0,2326,42372,66185900.0,2850.0,25,2849.0,2
rb1805,20170526,20170525,211304500,2849.0,2330,42376,66299860.0,2850.0,25,2848.0,4
rb1805,20170526,20170525,211305000,2849.0,2330,42376,66299860.0,2850.0,20,2848.0,4
rb1805,20170526,20170525,211307000,2849.0,2330,42376,66299860.0,2850.0,14,2848.0,4
rb1805,20170526,20170525,211307500,2848.0,2332,42378,66356820.0,2850.0,14,2848.0,3
rb1805,20170526,20170525,211308000,2848.0,2338,42382,66527700.0,2850.0,25,2847.0,19
rb1805,20170526,20170525,211308500,2848.0,2338,42382,66527700.0,2850.0,34,2847.0,19
rb1805,20170526,20170525,211309500,2848.0,2338,42382,66527700.0,2850.0,19,2847.0,19
rb1805,20170526,20170525,211311500,2848.0,2338,42382,66527700.0,2850.0,19,2847.0,19
rb1805,20170526,20170525,211314000,2848.0,2338,42382,66527700.0,2850.0,19,2847.0,19
rb1805,20170526,20170525,211316000,2848.0,2338,42382,66527700.0,2850.0,19,2848.0,1
rb1805,20170526,20170525,211318000,2848.0,2340,42384,66584660.0,2849.0,5,2847.0,19
rb1805,20170526,20170525,211318500,2848.0,2340,42384,66584660.0,2850.0,30,2847.0,19
rb1805,20170526,20170525,211319000,2848.0,2340,42384,66584660.0,2849.0,6,2848.0,5
rb1805,20170526,20170525,211319500,2848.0,2346,42390,66755540.0,2849.0,6,2848.0,2
rb1805,20170526,20170525,211320500,2848.0,2346,42390,66755540.0,2849.0,6,2848.0,2
rb1805,20170526,20170525,211321500,2848.0,2346,42390,66755540.0,2849.0,6,2848.0,2
rb1805,20170526,20170525,211322000,2848.0,2346,42390,66755540.0,2849.0,6,2848.0,2
rb1805,20170526,20170525,211322500,2848.0,2350,42394,66869460.0,2848.0,3,2847.0,20
rb1805,20170526,20170525,211323000,2848.0,2356,42400,67040340.0,2849.0,6,2848.0,2
rb1805,20170526,20170525,211323500,2848.0,2356,42400,67040340.0,2849.0,6,2848.0,10
rb1805,20170526,20170525,211324500,2848.0,2356,42400,67040340.0,2850.0,19,2848.0,10
rb1805,20170526,20170525,211325000,2848.0,2356,42400,67040340.0,2850.0,19,2848.0,10
rb1805,20170526,20170525,211325500,2848.0,2356,42400,67040340.0,2850.0,19,2848.0,5
rb1805,20170526,20170525,211326000,2848.0,2356,42400,67040340.0,2850.0,14,2848.0,5
rb1805,20170526,20170525,211327000,2848.0,2366,42400,67325140.0,2848.0,4,2847.0,20
rb1805,20170526,20170525,211327500,2848.0,2374,42400,67552980.0,2850.0,14,2849.0,1
rb1805,20170526,20170525,211328000,2848.0,2374,42400,67552980.0,2850.0,14,2849.0,1
rb1805,20170526,20170525,211330000,2850.0,2402,42428,68350980.0,2851.0,10,2850.0,5
rb1805,20170526,20170525,211331000,2850.0,2402,42428,68350980.0,2851.0,10,2850.0,5
rb1805,20170526,20170525,211333000,2850.0,2402,42428,68350980.0,2851.0,5,2850.0,5
rb1805,20170526,20170525,211333500,2850.0,2402,42428,68350980.0,2851.0,5,2850.0,5
rb1805,20170526,20170525,211335000,2850.0,2402,42428,68350980.0,2851.0,11,2850.0,5
rb1805,20170526,20170525,211336000,2850.0,2402,42428,68350980.0,2851.0,11,2850.0,5
rb1805,20170526,20170525,211337500,2850.0,2404,42430,68407980.0,2851.0,11,2850.0,4
rb1805,20170526,20170525,211340500,2850.0,2404,42430,68407980.0,2851.0,11,2850.0,4
rb1805,20170526,20170525,211341500,2850.0,2404,42430,68407980.0,2851.0,21,2850.0,4
rb1805,20170526,20170525,211346000,2850.0,2404,42430,68407980.0,2851.0,15,2850.0,4
rb1805,20170526,20170525,211350000,2850.0,2404,42430,68407980.0,2851.0,35,2850.0,4
rb1805,20170526,20170525,211351500,2850.0,2404,42430,68407980.0,2851.0,35,2850.0,4
rb1805,20170526,20170525,211355500,2850.0,2412,42438,68635980.0,2850.0,2,2849.0,3
rb1805,20170526,20170525,211356000,2850.0,2416,42440,68749980.0,2851.0,35,2850.0,2
rb1805,20170526,20170525,211356500,2850.0,2416,42440,68749980.0,2851.0,35,2850.0,4
rb1805,20170526,20170525,211358500,2850.0,2418,42440,68806980.0,2851.0,35,2850.0,3
rb1805,20170526,20170525,211400000,2850.0,2418,42440,68806980.0,2851.0,35,2850.0,3
rb1805,20170526,20170525,211400500,2850.0,2418,42440,68806980.0,2851.0,35,2850.0,2
rb1805,20170526,20170525,211401000,2850.0,2422,42440,68920980.0,2850.0,4,2849.0,4
rb1805,20170526,20170525,211401500,2850.0,2422,42440,68920980.0,2850.0,1,2849.0,4
rb1805,20170526,20170525,211403000,2850.0,2424,42442,68977980.0,2850.0,10,2849.0,4
rb1805,20170526,20170525,211406000,2850.0,2444,42442,69547980.0,2851.0,35,2849.0,4
rb1805,20170526,20170525,211411500,2850.0,2444,42442,69547980.0,2851.0,40,2849.0,4
rb1805,20170526,20170525,211412000,2850.0,2444,42442,69547980.0,2850.0,1,2849.0,4
rb1805,20170526,20170525,211414500,2850.0,2444,42442,69547980.0,2850.0,1,2849.0,4
rb1805,20170526,20170525,211417500,2849.0,2452,42438,69775900.0,2850.0,6,2848.0,1
rb1805,20170526,20170525,211418000,2848.0,2454,42438,69832860.0,2850.0,8,2847.0,21
rb1805,20170526,20170525,211418500,2848.0,2454,42438,69832860.0,2849.0,1,2847.0,21
rb1805,20170526,20170525,211419000,2848.0,2454,42438,69832860.0,2849.0,8,2847.0,21
rb1805,20170526,20170525,211424000,2848.0,2454,42438,69832860.0,2849.0,8,2847.0,21
rb1805,20170526,20170525,211424500,2848.0,2454,42438,69832860.0,2849.0,8,2847.0,21
rb1805,20170526,20170525,211425000,2848.0,2454,42438,69832860.0,2849.0,8,2847.0,21
rb1805,20170526,20170525,211428000,2848.0,2454,42438,69832860.0,2848.0,1,2847.0,21
rb1805,20170526,20170525,211429000,2848.0,2454,42438,69832860.0,2848.0,1,2847.0,21
rb1805,20170526,20170525,211434500,2848.0,2454,42438,69832860.0,2848.0,1,2847.0,21
rb1805,20170526,20170525,211435000,2848.0,2454,42438,69832860.0,2848.0,1,2847.0,21
rb1805,20170526,20170525,211436000,2848.0,2454,42438,69832860.0,2848.0,6,2847.0,21
rb1805,20170526,20170525,211438000,2848.0,2454,42438,69832860.0,2848.0,6,2847.0,21
rb1805,20170526,20170525,211439000,2848.0,2454,42438,69832860.0,2848.0,6,2847.0,21
rb1805,20170526,20170525,211440500,2848.0,2454,42438,69832860.0,2848.0,6,2847.0,21
rb1805,20170526,20170525,211444000,2848.0,2454,42438,69832860.0,2848.0,6,2847.0,20
rb1805,20170526,20170525,211446000,2848.0,2454,42438,69832860.0,2848.0,14,2847.0,20
rb1805,20170526,20170525,211447000,2848.0,2454,42438,69832860.0,2848.0,14,2847.0,20
rb1805,20170526,20170525,211451000,2847.0,2494,42476,70971660.0,2848.0,14,2846.0,2
rb1805,20170526,20170525,211454500,2846.0,2496,42478,71028580.0,2848.0,14,2846.0,1
rb1805,20170526,20170525,211455500,2846.0,2496,42478,71028580.0,2848.0,25,2846.0,1
rb1805,20170526,20170525,211456000,2846.0,2496,42478,71028580.0,2848.0,27,2846.0,1
rb1805,20170526,20170525,211457500,2846.0,2496,42478,71028580.0,2848.0,14,2846.0,1
rb1805,20170526,20170525,211459500,2846.0,2496,42478,71028580.0,2848.0,14,2846.0,1
rb1805,20170526,20170525,211502500,2846.0,2496,42478,71028580.0,2848.0,14,2846.0,1
rb1805,20170526,20170525,211503500,2846.0,2496,42478,71028580.0,2848.0,9,2846.0,1
rb1805,20170526,20170525,211504500,2846.0,2496,42478,71028580.0,2848.0,9,2846.0,1
rb1805,20170526,20170525,211505000,2846.0,2496,42478,71028580.0,2848.0,9,2846.0,1
rb1805,20170526,20170525,211510500,2846.0,2496,42478,71028580.0,2847.0,5,2846.0,1
rb1805,20170526,20170525,211511000,2846.0,2496,42478,71028580.0,2847.0,7,2846.0,1
rb1805,20170526,20170525,211514500,2846.0,2496,42478,71028580.0,2847.0,7,2846.0,1
rb1805,20170526,20170525,211519500,2846.0,2496,42478,71028580.0,2847.0,5,2846.0,1
rb1805,20170526,20170525,211520500,2846.0,2496,42478,71028580.0,2847.0,5,2846.0,21
rb1805,20170526,20170525,211521500,2846.0,2496,42478,71028580.0,2847.0,5,2846.0,21
rb1805,20170526,20170525,211523500,2847.0,2498,42480,71085520.0,2847.0,4,2846.0,21
rb1805,20170526,20170525,211525000,2847.0,2498,42480,71085520.0,2847.0,4,2846.0,22
rb1805,20170526,20170525,211527500,2847.0,2500,42482,71142460.0,2847.0,3,2846.0,22
rb1805,20170526,20170525,211528000,2847.0,2504,42486,71256340.0,2847.0,1,2846.0,22
rb1805,20170526,20170525,211529500,2847.0,2504,42486,71256340.0,2847.0,6,2846.0,22
rb1805,20170526,20170525,211530000,2847.0,2504,42486,71256340.0,2847.0,7,2846.0,22
rb1805,20170526,20170525,211530500,2847.0,2504,42486,71256340.0,2847.0,7,2846.0,22
rb1805,20170526,20170525,211531500,2846.0,2528,42484,71939380.0,2847.0,7,2846.0,10
rb1805,20170526,20170525,211532000,2846.0,2530,42486,71996300.0,2847.0,9,2846.0,9
rb1805,20170526,20170525,211534500,2846.0,2548,42504,72508580.0,2847.0,9,2845.0,37
rb1805,20170526,20170525,211535000,2846.0,2548,42504,72508580.0,2847.0,9,2845.0,37
rb1805,20170526,20170525,211537500,2846.0,2548,42504,72508580.0,2847.0,4,2845.0,37
rb1805,20170526,20170525,211538000,2846.0,2548,42504,72508580.0,2847.0,4,2845.0,44
rb1805,20170526,20170525,211538500,2846.0,2548,42504,72508580.0,2847.0,4,2845.0,44
rb1805,20170526,20170525,211539000,2846.0,2548,42504,72508580.0,2847.0,4,2845.0,49
rb1805,20170526,20170525,211541500,2846.0,2548,42504,72508580.0,2847.0,4,2845.0,49
rb1805,20170526,20170525,211542000,2846.0,2548,42504,72508580.0,2847.0,4,2845.0,49
rb1805,20170526,20170525,211543000,2845.0,2550,42506,72565480.0,2847.0,4,2845.0,48
rb1805,20170526,20170525,211543500,2845.0,2550,42506,72565480.0,2847.0,4,2845.0,48
rb1805,20170526,20170525,211545000,2845.0,2550,42506,72565480.0,2847.0,4,2845.0,48
rb1805,20170526,20170525,211545500,2847.0,2552,42508,72622420.0,2847.0,3,2845.0,48
rb1805,20170526,20170525,211546500,2847.0,2552,42508,72622420.0,2847.0,3,2846.0,1
rb1805,20170526,20170525,211547000,2846.0,2554,42510,72679340.0,2847.0,3,2845.0,48
rb1805,20170526,20170525,211548000,2846.0,2554,42510,72679340.0,2847.0,3,2846.0,1
rb1805,20170526,20170525,211548500,2846.0,2556,42512,72736260.0,2847.0,3,2845.0,48
rb1805,20170526,20170525,211549500,2846.0,2556,42512,72736260.0,2847.0,3,2845.0,48
rb1805,20170526,20170525,211555000,2846.0,2556,42512,72736260.0,2847.0,3,2845.0,48
rb1805,20170526,20170525,211555500,2846.0,2556,42512,72736260.0,2847.0,8,2845.0,48
rb1805,20170526,20170525,211557000,2845.0,2562,42512,72906960.0,2846.0,4,2845.0,45
rb1805,20170526,20170525,211557500,2845.0,2562,42512,72906960.0,2846.0,7,2845.0,45
rb1805,20170526,20170525,211600000,2845.0,2562,42512,72906960.0,2846.0,5,2845.0,45
rb1805,20170526,20170525,211600500,2845.0,2562,42512,72906960.0,2846.0,5,2845.0,45
rb1805,20170526,20170525,211601000,2845.0,2562,42512,72906960.0,2847.0,8,2845.0,45
rb1805,20170526,20170525,211602500,2847.0,2564,42512,72963900.0,2847.0,2,2845.0,45
rb1805,20170526,20170525,211604500,2847.0,2564,42512,72963900.0,2846.0,1,2845.0,40
rb1805,20170526,20170525,211606500,2846.0,2566,42514,73020820.0,2847.0,2,2845.0,40
rb1805,20170526,20170525,211608000,2846.0,2566,42514,73020820.0,2846.0,2,2845.0,40
rb1805,20170526,20170525,211609500,2846.0,2568,42516,73077740.0,2846.0,1,2845.0,40
rb1805,20170526,20170525,211610000,2846.0,2568,42516,73077740.0,2846.0,1,2845.0,40
rb1805,20170526,20170525,211613000,2846.0,2568,42516,73077740.0,2846.0,1,2845.0,40
rb1805,20170526,20170525,211614500,2846.0,2568,42516,73077740.0,2846.0,1,2845.0,40
rb1805,20170526,20170525,211616500,2845.0,2588,42514,73646740.0,2846.0,1,2845.0,30
rb1805,20170526,20170525,211618000,2845.0,2588,42514,73646740.0,2846.0,1,2845.0,30
rb1805,20170526,20170525,211621500,2845.0,2588,42514,73646740.0,2846.0,1,2845.0,30
rb1805,20170526,20170525,211623500,2845.0,2588,42514,73646740.0,2846.0,1,2845.0,30
rb1805,20170526,20170525,211624500,2845.0,2588,42514,73646740.0,2846.0,1,2845.0,30
rb1805,20170526,20170525,211626000,2845.0,2588,42514,73646740.0,2846.0,1,2845.0,30
rb1805,20170526,20170525,211627500,2846.0,2590,42516,73703660.0,2849.0,9,2845.0,30
rb1805,20170526,20170525,211628000,2846.0,2590,42516,73703660.0,2849.0,20,2845.0,30
rb1805,20170526,20170525,211628500,2846.0,2590,42516,73703660.0,2849.0,24,2845.0,30
rb1805,20170526,20170525,211631000,2846.0,2590,42516,73703660.0,2848.0,2,2845.0,30
rb1805,20170526,20170525,211631500,2846.0,2590,42516,73703660.0,2848.0,7,2845.0,30
rb1805,20170526,20170525,211636000,2846.0,2590,42516,73703660.0,2848.0,7,2845.0,30
rb1805,20170526,20170525,211637500,2848.0,2592,42518,73760620.0,2848.0,6,2845.0,30
rb1805,20170526,20170525,211638000,2848.0,2592,42518,73760620.0,2849.0,9,2845.0,30
rb1805,20170526,20170525,211638500,2848.0,2592,42518,73760620.0,2849.0,9,2846.0,2
rb1805,20170526,20170525,211639000,2848.0,2592,42518,73760620.0,2848.0,2,2846.0,2
rb1805,20170526,20170525,211639500,2848.0,2592,42518,73760620.0,2848.0,2,2846.0,2
rb1805,20170526,20170525,211640000,2848.0,2592,42518,73760620.0,2848.0,4,2846.0,2
rb1805,20170526,20170525,211640500,2848.0,2592,42518,73760620.0,2848.0,4,2846.0,1
rb1805,20170526,20170525,211642500,2848.0,2594,42520,73817580.0,2848.0,3,2846.0,1
rb1805,20170526,20170525,211645000,2848.0,2594,42520,73817580.0,2848.0,8,2846.0,1
rb1805,20170526,20170525,211650000,2848.0,2594,42520,73817580.0,2848.0,8,2846.0,6
rb1805,20170526,20170525,211651000,2848.0,2594,42520,73817580.0,2848.0,8,2846.0,26
rb1805,20170526,20170525,211652500,2848.0,2594,42520,73817580.0,2848.0,8,2846.0,26
rb1805,20170526,20170525,211654000,2848.0,2594,42520,73817580.0,2848.0,8,2846.0,26
rb1805,20170526,20170525,211655000,2848.0,2594,42520,73817580.0,2847.0,30,2846.0,26
rb1805,20170526,20170525,211656000,2848.0,2594,42520,73817580.0,2847.0,30,2846.0,26
rb1805,20170526,20170525,211657500,2848.0,2594,42520,73817580.0,2847.0,30,2846.0,46
rb1805,20170526,20170525,211700500,2848.0,2594,42520,73817580.0,2847.0,30,2846.0,46
rb1805,20170526,20170525,211703000,2848.0,2594,42520,73817580.0,2847.0,30,2846.0,46
rb1805,20170526,20170525,211703500,2847.0,2596,42520,73874520.0,2847.0,29,2846.0,46
rb1805,20170526,20170525,211704500,2847.0,2596,42520,73874520.0,2847.0,29,2846.0,46
rb1805,20170526,20170525,211706000,2846.0,2602,42526,74045280.0,2847.0,29,2846.0,43
rb1805,20170526,20170525,211710000,2847.0,2604,42528,74102220.0,2847.0,28,2846.0,43
rb1805,20170526,20170525,211712500,2847.0,2604,42528,74102220.0,2847.0,28,2846.0,43
rb1805,20170526,20170525,211716000,2847.0,2604,42528,74102220.0,2847.0,28,2846.0,43
rb1805,20170526,20170525,211717000,2847.0,2604,42528,74102220.0,2847.0,28,2846.0,43
rb1805,20170526,20170525,211719000,2846.0,2606,42528,74159140.0,2847.0,28,2846.0,42
rb1805,20170526,20170525,211720500,2846.0,2622,42528,74614500.0,2847.0,33,2846.0,34
rb1805,20170526,20170525,211722000,2846.0,2622,42528,74614500.0,2847.0,28,2846.0,34
rb1805,20170526,20170525,211722500,2846.0,2666,42572,75866740.0,2847.0,28,2846.0,12
rb1805,20170526,20170525,211727000,2846.0,2666,42572,75866740.0,2847.0,28,2846.0,12
rb1805,20170526,20170525,211728500,2846.0,2678,42584,76208260.0,2847.0,28,2846.0,6
rb1805,20170526,20170525,211731500,2846.0,2680,42586,76265180.0,2847.0,28,2846.0,5
rb1805,20170526,20170525,211732500,2846.0,2680,42586,76265180.0,2847.0,28,2846.0,5
rb1805,20170526,20170525,211734500,2846.0,2684,42590,76379020.0,2847.0,28,2846.0,3
rb1805,20170526,20170525,211736000,2846.0,2690,42590,76549780.0,2847.0,28,2845.0,32
rb1805,20170526,20170525,211742000,2846.0,2690,42590,76549780.0,2847.0,28,2845.0,31
rb1805,20170526,20170525,211744500,2846.0,2690,42590,76549780.0,2847.0,28,2845.0,31
rb1805,20170526,20170525,211748000,2847.0,2694,42594,76663660.0,2847.0,26,2845.0,31
rb1805,20170526,20170525,211752000,2847.0,2694,42594,76663660.0,2846.0,5,2845.0,31
rb1805,20170526,20170525,211758500,2847.0,2694,42594,76663660.0,2846.0,6,2845.0,31
rb1805,20170526,20170525,211759000,2847.0,2694,42594,76663660.0,2846.0,8,2845.0,31
rb1805,20170526,20170525,211802000,2847.0,2694,42594,76663660.0,2846.0,8,2845.0,31
rb1805,20170526,20170525,211804000,2846.0,2696,42594,76720580.0,2846.0,7,2845.0,31
rb1805,20170526,20170525,211807500,2846.0,2696,42594,76720580.0,2846.0,7,2845.0,30
rb1805,20170526,20170525,211808500,2846.0,2696,42594,76720580.0,2846.0,7,2845.0,30
rb1805,20170526,20170525,211810000,2845.0,2698,42596,76777480.0,2846.0,7,2845.0,29
rb1805,20170526,20170525,211816500,2845.0,2698,42596,76777480.0,2846.0,7,2845.0,29
rb1805,20170526,20170525,211817500,2845.0,2702,42600,76891280.0,2846.0,7,2845.0,27
rb1805,20170526,20170525,211819000,2845.0,2706,42604,77005080.0,2846.0,7,2845.0,25
rb1805,20170526,20170525,211820000,2845.0,2706,42604,77005080.0,2846.0,7,2845.0,25
rb1805,20170526,20170525,211822500,2845.0,2706,42604,77005080.0,2846.0,7,2845.0,25
rb1805,20170526,20170525,211824000,2845.0,2706,42604,77005080.0,2846.0,7,2845.0,25
rb1805,20170526,20170525,211826500,2845.0,2706,42604,77005080.0,2846.0,7,2845.0,25
rb1805,20170526,20170525,211827000,2845.0,2706,42604,77005080.0,2846.0,12,2845.0,25
rb1805,20170526,20170525,211827500,2845.0,2708,42604,77061980.0,2846.0,12,2845.0,27
rb1805,20170526,20170525,211829000,2846.0,2712,42608,77175820.0,2846.0,10,2845.0,27
rb1805,20170526,20170525,211829500,2846.0,2714,42610,77232740.0,2846.0,9,2845.0,27
rb1805,20170526,20170525,211831500,2846.0,2714,42610,77232740.0,2846.0,8,2845.0,27
rb1805,20170526,20170525,211832500,2845.0,2716,42612,77289640.0,2846.0,8,2845.0,26
rb1805,20170526,20170525,211834000,2846.0,2718,42614,77346560.0,2846.0,7,2845.0,26
rb1805,20170526,20170525,211834500,2846.0,2718,42614,77346560.0,2846.0,7,2845.0,26
rb1805,20170526,20170525,211835000,2846.0,2730,42626,77688080.0,2846.0,1,2845.0,26
rb1805,20170526,20170525,211835500,2846.0,2730,42626,77688080.0,2846.0,1,2845.0,26
rb1805,20170526,20170525,211838500,2846.0,2730,42626,77688080.0,2846.0,1,2845.0,27
rb1805,20170526,20170525,211840000,2846.0,2730,42626,77688080.0,2846.0,1,2845.0,28
rb1805,20170526,20170525,211843000,2846.0,2732,42628,77745000.0,2847.0,26,2845.0,28
rb1805,20170526,20170525,211845500,2846.0,2732,42628,77745000.0,2847.0,26,2845.0,28
rb1805,20170526,20170525,211846500,2846.0,2732,42628,77745000.0,2847.0,26,2845.0,28
rb1805,20170526,20170525,211847000,2846.0,2732,42628,77745000.0,2847.0,26,2846.0,1
rb1805,20170526,20170525,211847500,2847.0,2736,42632,77858880.0,2847.0,24,2846.0,1
rb1805,20170526,20170525,211852500,2847.0,2736,42632,77858880.0,2847.0,24,2846.0,1
rb1805,20170526,20170525,211853500,2847.0,2736,42632,77858880.0,2847.0,24,2846.0,2
rb1805,20170526,20170525,211855000,2847.0,2736,42632,77858880.0,2847.0,24,2846.0,2
rb1805,20170526,20170525,211857000,2846.0,2740,42636,77972720.0,2846.0,3,2845.0,28
rb1805,20170526,20170525,211857500,2846.0,2746,42642,78143480.0,2847.0,24,2846.0,7
rb1805,20170526,20170525,211858000,2846.0,2746,42642,78143480.0,2847.0,24,2846.0,2
rb1805,20170526,20170525,211901000,2846.0,2746,42642,78143480.0,2847.0,24,2846.0,2
rb1805,20170526,20170525,211901500,2847.0,2748,42644,78200420.0,2847.0,28,2846.0,2
rb1805,20170526,20170525,211902000,2847.0,2748,42644,78200420.0,2847.0,28,2846.0,2
rb1805,20170526,20170525,211903000,2847.0,2750,42646,78257360.0,2847.0,27,2846.0,2
rb1805,20170526,20170525,211903500,2846.0,2754,42646,78371200.0,2846.0,4,2845.0,29
rb1805,20170526,20170525,211904000,2846.0,2754,42646,78371200.0,2846.0,3,2845.0,32
rb1805,20170526,20170525,211904500,2846.0,2754,42646,78371200.0,2847.0,27,2845.0,29
rb1805,20170526,20170525,211907000,2846.0,2754,42646,78371200.0,2847.0,27,2845.0,29
rb1805,20170526,20170525,211907500,2846.0,2754,42646,78371200.0,2847.0,27,2845.0,29
rb1805,20170526,20170525,211913000,2846.0,2754,42646,78371200.0,2847.0,27,2845.0,29
rb1805,20170526,20170525,211913500,2846.0,2754,42646,78371200.0,2847.0,22,2845.0,29
rb1805,20170526,20170525,211914500,2846.0,2754,42646,78371200.0,2847.0,22,2845.0,29
rb1805,20170526,20170525,211915000,2846.0,2754,42646,78371200.0,2847.0,22,2845.0,29
rb1805,20170526,20170525,211917000,2846.0,2754,42646,78371200.0,2847.0,22,2845.0,29
rb1805,20170526,20170525,211917500,2846.0,2754,42646,78371200.0,2847.0,22,2845.0,29
rb1805,20170526,20170525,211918000,2845.0,2774,42666,78940200.0,2847.0,22,2845.0,19
rb1805,20170526,20170525,211920000,2845.0,2774,42666,78940200.0,2847.0,22,2845.0,19
rb1805,20170526,20170525,211922000,2847.0,2776,42668,78997140.0,2847.0,21,2845.0,19
rb1805,20170526,20170525,211925000,2847.0,2776,42668,78997140.0,2847.0,21,2845.0,20
rb1805,20170526,20170525,211926000,2847.0,2778,42670,79054080.0,2847.0,20,2845.0,20
rb1805,20170526,20170525,211931000,2847.0,2784,42670,79224900.0,2847.0,17,2845.0,20
rb1805,20170526,20170525,211933000,2847.0,2784,42670,79224900.0,2848.0,5,2845.0,20
rb1805,20170526,20170525,211935000,2847.0,2784,42670,79224900.0,2848.0,7,2845.0,20
rb1805,20170526,20170525,211938500,2847.0,2784,42670,79224900.0,2848.0,7,2845.0,20
rb1805,20170526,20170525,211940500,2847.0,2784,42670,79224900.0,2848.0,7,2845.0,20
rb1805,20170526,20170525,211941000,2847.0,2784,42670,79224900.0,2848.0,7,2845.0,21
rb1805,20170526,20170525,211941500,2847.0,2784,42670,79224900.0,2848.0,7,2845.0,21
rb1805,20170526,20170525,211942000,2845.0,2812,42698,80021500.0,2848.0,7,2845.0,7
rb1805,20170526,20170525,211942500,2845.0,2824,42710,80362900.0,2848.0,7,2845.0,1
rb1805,20170526,20170525,211944000,2845.0,2824,42710,80362900.0,2848.0,7,2845.0,1
rb1805,20170526,20170525,211945000,2845.0,2824,42710,80362900.0,2848.0,7,2845.0,1
rb1805,20170526,20170525,211949000,2845.0,2824,42710,80362900.0,2848.0,7,2844.0,6
rb1805,20170526,20170525,211949500,2845.0,2824,42710,80362900.0,2848.0,7,2844.0,8
rb1805,20170526,20170525,211955500,2845.0,2824,42710,80362900.0,2848.0,7,2844.0,9
rb1805,20170526,20170525,211956000,2845.0,2824,42710,80362900.0,2848.0,7,2844.0,8
rb1805,20170526,20170525,211956500,2845.0,2824,42710,80362900.0,2848.0,7,2844.0,9
rb1805,20170526,20170525,211957000,2845.0,2824,42710,80362900.0,2848.0,7,2845.0,1
rb1805,20170526,20170525,211957500,2845.0,2824,42710,80362900.0,2848.0,7,2845.0,2
rb1805,20170526,20170525,211958000,2845.0,2824,42710,80362900.0,2848.0,12,2844.0,9
rb1805,20170526,20170525,211958500,2845.0,2824,42710,80362900.0,2848.0,12,2845.0,1
rb1805,20170526,20170525,211959000,2845.0,2824,42710,80362900.0,2848.0,12,2845.0,3
rb1805,20170526,20170525,212000000,2845.0,2824,42710,80362900.0,2848.0,17,2845.0,3
rb1805,20170526,20170525,212000500,2845.0,2824,42710,80362900.0,2848.0,17,2845.0,4
rb1805,20170526,20170525,212001000,2845.0,2824,42710,80362900.0,2848.0,17,2845.0,3
rb1805,20170526,20170525,212002000,2845.0,2824,42710,80362900.0,2848.0,17,2845.0,4
rb1805,20170526,20170525,212003000,2845.0,2824,42710,80362900.0,2848.0,17,2845.0,3
rb1805,20170526,20170525,212004000,2845.0,2824,42710,80362900.0,2848.0,17,2845.0,8
rb1805,20170526,20170525,212005000,2845.0,2824,42710,80362900.0,2848.0,15,2845.0,8
rb1805,20170526,20170525,212005500,2845.0,2824,42710,80362900.0,2848.0,15,2846.0,2
rb1805,20170526,20170525,212006000,2845.0,2824,42710,80362900.0,2848.0,15,2846.0,7
rb1805,20170526,20170525,212009500,2846.0,2828,42710,80476740.0,2848.0,15,2846.0,5
rb1805,20170526,20170525,212010500,2846.0,2828,42710,80476740.0,2848.0,15,2846.0,5
rb1805,20170526,20170525,212011000,2846.0,2828,42710,80476740.0,2848.0,15,2846.0,10
rb1805,20170526,20170525,212011500,2846.0,2828,42710,80476740.0,2848.0,15,2846.0,10
rb1805,20170526,20170525,212013500,2846.0,2828,42710,80476740.0,2848.0,15,2846.0,10
rb1805,20170526,20170525,212015000,2846.0,2828,42710,80476740.0,2848.0,15,2846.0,5
rb1805,20170526,20170525,212015500,2846.0,2828,42710,80476740.0,2848.0,15,2847.0,2
rb1805,20170526,20170525,212016000,2847.0,2832,42706,80590620.0,2847.0,10,2845.0,2
rb1805,20170526,20170525,212016500,2847.0,2832,42706,80590620.0,2848.0,15,2845.0,2
rb1805,20170526,20170525,212017000,2847.0,2832,42706,80590620.0,2848.0,15,2845.0,2
rb1805,20170526,20170525,212018000,2847.0,2832,42706,80590620.0,2848.0,15,2846.0,5
rb1805,20170526,20170525,212019000,2847.0,2832,42706,80590620.0,2848.0,15,2846.0,5
rb1805,20170526,20170525,212020000,2847.0,2832,42706,80590620.0,2848.0,15,2845.0,3
rb1805,20170526,20170525,212022000,2847.0,2832,42706,80590620.0,2848.0,15,2845.0,3
rb1805,20170526,20170525,212023500,2847.0,2832,42706,80590620.0,2846.0,1,2845.0,3
rb1805,20170526,20170525,212025500,2846.0,2834,42706,80647540.0,2848.0,15,2846.0,3
rb1805,20170526,20170525,212026000,2846.0,2834,42706,80647540.0,2848.0,15,2846.0,4
rb1805,20170526,20170525,212029500,2848.0,2838,42702,80761460.0,2847.0,1,2846.0,4
rb1805,20170526,20170525,212030000,2848.0,2838,42702,80761460.0,2847.0,1,2846.0,4
rb1805,20170526,20170525,212033000,2846.0,2840,42702,80818380.0,2847.0,1,2846.0,4
rb1805,20170526,20170525,212034500,2846.0,2840,42702,80818380.0,2847.0,1,2846.0,4
rb1805,20170526,20170525,212036000,2846.0,2840,42702,80818380.0,2847.0,1,2846.0,14
rb1805,20170526,20170525,212037000,2846.0,2840,42702,80818380.0,2847.0,1,2846.0,14
rb1805,20170526,20170525,212037500,2846.0,2840,42702,80818380.0,2847.0,1,2846.0,11
rb1805,20170526,20170525,212040000,2846.0,2840,42702,80818380.0,2847.0,1,2846.0,11
rb1805,20170526,20170525,212041000,2847.0,2842,42702,80875320.0,2848.0,13,2846.0,11
