instrument,tradingday,calendarday,time,lastp,volume,openinterest,turnover,ask1,asksz1,bid1,bidsz1
rb1805,20170602,20170601,183350500,2742.0,0,60590,0.0,0.0,0,0.0,0
rb1805,20170602,20170601,205900500,2747.0,10,60582,274700.0,2747.0,1,2740.0,6
rb1805,20170602,20170601,210000500,2747.0,16,60578,439520.0,2748.0,7,2747.0,2
rb1805,20170602,20170601,210001000,2747.0,20,60578,549400.0,2748.0,5,2741.0,1
rb1805,20170602,20170601,210001500,2747.0,20,60578,549400.0,2747.0,1,2741.0,1
rb1805,20170602,20170601,210002000,2747.0,20,60578,549400.0,2747.0,2,2741.0,1
rb1805,20170602,20170601,210002500,2747.0,20,60578,549400.0,2746.0,2,2742.0,5
rb1805,20170602,20170601,210003000,2747.0,20,60578,549400.0,2747.0,3,2743.0,2
rb1805,20170602,20170601,210003500,2747.0,20,60578,549400.0,2747.0,3,2743.0,10
rb1805,20170602,20170601,210004000,2747.0,20,60578,549400.0,2747.0,3,2743.0,2
rb1805,20170602,20170601,210004500,2747.0,20,60578,549400.0,2746.0,2,2742.0,3
rb1805,20170602,20170601,210005500,2747.0,20,60578,549400.0,2746.0,2,2742.0,3
rb1805,20170602,20170601,210006000,2747.0,20,60578,549400.0,2746.0,2,2743.0,1
rb1805,20170602,20170601,210006500,2747.0,20,60578,549400.0,2746.0,2,2743.0,1
rb1805,20170602,20170601,210007000,2747.0,20,60578,549400.0,2745.0,1,2742.0,3
rb1805,20170602,20170601,210007500,2747.0,20,60578,549400.0,2745.0,3,2742.0,3
rb1805,20170602,20170601,210008000,2747.0,20,60578,549400.0,2745.0,3,2742.0,3
rb1805,20170602,20170601,210008500,2747.0,20,60578,549400.0,2746.0,2,2743.0,1
rb1805,20170602,20170601,210009000,2747.0,20,60578,549400.0,2747.0,4,2743.0,3
rb1805,20170602,20170601,210009500,2747.0,20,60578,549400.0,2747.0,4,2743.0,3
rb1805,20170602,20170601,210010500,2747.0,20,60578,549400.0,2747.0,4,2743.0,3
rb1805,20170602,20170601,210011000,2747.0,20,60578,549400.0,2746.0,1,2743.0,2
rb1805,20170602,20170601,210011500,2747.0,20,60578,549400.0,2746.0,3,2742.0,3
rb1805,20170602,20170601,210012000,2747.0,20,60578,549400.0,2746.0,3,2742.0,3
rb1805,20170602,20170601,210012500,2747.0,20,60578,549400.0,2746.0,3,2742.0,3
rb1805,20170602,20170601,210013000,2747.0,20,60578,549400.0,2746.0,3,2742.0,4
rb1805,20170602,20170601,210014000,2747.0,20,60578,549400.0,2746.0,3,2742.0,4
rb1805,20170602,20170601,210014500,2747.0,20,60578,549400.0,2746.0,3,2743.0,2
rb1805,20170602,20170601,210015000,2747.0,20,60578,549400.0,2746.0,3,2743.0,2
rb1805,20170602,20170601,210015500,2746.0,22,60580,604320.0,2746.0,1,2744.0,1
rb1805,20170602,20170601,210016000,2746.0,22,60580,604320.0,2747.0,4,2744.0,3
rb1805,20170602,20170601,210016500,2746.0,22,60580,604320.0,2746.0,1,2744.0,2
rb1805,20170602,20170601,210017000,2746.0,22,60580,604320.0,2746.0,3,2743.0,2
rb1805,20170602,20170601,210017500,2746.0,22,60580,604320.0,2746.0,2,2744.0,1
rb1805,20170602,20170601,210018000,2746.0,22,60580,604320.0,2747.0,5,2744.0,3
rb1805,20170602,20170601,210018500,2746.0,22,60580,604320.0,2746.0,1,2743.0,2
rb1805,20170602,20170601,210019000,2746.0,22,60580,604320.0,2746.0,3,2742.0,4
rb1805,20170602,20170601,210019500,2746.0,22,60580,604320.0,2746.0,3,2742.0,4
rb1805,20170602,20170601,210020000,2746.0,30,60586,824000.0,2747.0,3,2746.0,1
rb1805,20170602,20170601,210020500,2746.0,32,60588,878920.0,2746.0,2,2745.0,1
rb1805,20170602,20170601,210021000,2746.0,32,60588,878920.0,2747.0,3,2745.0,1
rb1805,20170602,20170601,210021500,2746.0,32,60588,878920.0,2747.0,3,2745.0,3
rb1805,20170602,20170601,210022000,2746.0,32,60588,878920.0,2747.0,3,2745.0,3
rb1805,20170602,20170601,210022500,2745.0,36,60586,988720.0,2747.0,3,2745.0,1
rb1805,20170602,20170601,210023000,2745.0,36,60586,988720.0,2747.0,10,2743.0,2
rb1805,20170602,20170601,210023500,2745.0,36,60586,988720.0,2746.0,1,2743.0,2
rb1805,20170602,20170601,210024000,2745.0,36,60586,988720.0,2746.0,2,2743.0,2
rb1805,20170602,20170601,210024500,2745.0,36,60586,988720.0,2746.0,2,2743.0,2
rb1805,20170602,20170601,210026000,2745.0,36,60586,988720.0,2746.0,2,2742.0,4
rb1805,20170602,20170601,210026500,2745.0,36,60586,988720.0,2746.0,2,2742.0,4
rb1805,20170602,20170601,210027000,2745.0,36,60586,988720.0,2745.0,1,2742.0,4
rb1805,20170602,20170601,210028000,2745.0,36,60586,988720.0,2745.0,1,2742.0,3
rb1805,20170602,20170601,210029500,2745.0,36,60586,988720.0,2745.0,1,2742.0,1
rb1805,20170602,20170601,210030000,2745.0,36,60586,988720.0,2745.0,1,2742.0,1
rb1805,20170602,20170601,210030500,2745.0,36,60586,988720.0,2745.0,2,2742.0,1
rb1805,20170602,20170601,210031000,2745.0,36,60586,988720.0,2744.0,1,2742.0,1
rb1805,20170602,20170601,210031500,2745.0,36,60586,988720.0,2744.0,1,2742.0,1
rb1805,20170602,20170601,210032000,2745.0,36,60586,988720.0,2744.0,1,2742.0,1
rb1805,20170602,20170601,210032500,2745.0,36,60586,988720.0,2744.0,1,2742.0,1
rb1805,20170602,20170601,210033500,2742.0,38,60588,1043560.0,2742.0,1,2741.0,1
rb1805,20170602,20170601,210034000,2742.0,38,60588,1043560.0,2743.0,2,2741.0,1
rb1805,20170602,20170601,210034500,2742.0,38,60588,1043560.0,2744.0,1,2741.0,1
rb1805,20170602,20170601,210035000,2742.0,38,60588,1043560.0,2744.0,1,2742.0,2
rb1805,20170602,20170601,210035500,2742.0,42,60592,1153240.0,2742.0,1,2741.0,3
rb1805,20170602,20170601,210036000,2741.0,48,60596,1317740.0,2744.0,1,2740.0,12
rb1805,20170602,20170601,210036500,2741.0,48,60596,1317740.0,2744.0,2,2741.0,2
rb1805,20170602,20170601,210037000,2741.0,48,60596,1317740.0,2744.0,2,2741.0,2
rb1805,20170602,20170601,210037500,2741.0,48,60596,1317740.0,2744.0,2,2740.0,12
rb1805,20170602,20170601,210038000,2741.0,48,60596,1317740.0,2743.0,4,2740.0,12
rb1805,20170602,20170601,210038500,2741.0,48,60596,1317740.0,2743.0,2,2740.0,12
rb1805,20170602,20170601,210039000,2741.0,48,60596,1317740.0,2743.0,3,2740.0,12
rb1805,20170602,20170601,210039500,2741.0,48,60596,1317740.0,2743.0,9,2740.0,12
rb1805,20170602,20170601,210040000,2740.0,72,60610,1975340.0,2742.0,2,2738.0,12
rb1805,20170602,20170601,210040500,2740.0,72,60610,1975340.0,2742.0,1,2737.0,1
rb1805,20170602,20170601,210041000,2740.0,72,60610,1975340.0,2742.0,1,2738.0,2
rb1805,20170602,20170601,210041500,2740.0,72,60610,1975340.0,2742.0,1,2738.0,2
rb1805,20170602,20170601,210042500,2740.0,72,60610,1975340.0,2742.0,1,2738.0,2
rb1805,20170602,20170601,210043000,2740.0,72,60610,1975340.0,2742.0,1,2738.0,2
rb1805,20170602,20170601,210043500,2740.0,72,60610,1975340.0,2742.0,1,2738.0,2
rb1805,20170602,20170601,210045000,2742.0,74,60612,2030180.0,2743.0,8,2742.0,1
rb1805,20170602,20170601,210045500,2742.0,78,60614,2139860.0,2741.0,1,2740.0,1
rb1805,20170602,20170601,210046000,2742.0,78,60614,2139860.0,2741.0,1,2740.0,1
rb1805,20170602,20170601,210046500,2742.0,78,60614,2139860.0,2743.0,9,2740.0,1
rb1805,20170602,20170601,210047000,2740.0,80,60616,2194660.0,2743.0,10,2738.0,2
rb1805,20170602,20170601,210049000,2740.0,80,60616,2194660.0,2742.0,7,2738.0,2
rb1805,20170602,20170601,210049500,2740.0,80,60616,2194660.0,2741.0,2,2738.0,2
rb1805,20170602,20170601,210050000,2740.0,80,60616,2194660.0,2741.0,2,2738.0,2
rb1805,20170602,20170601,210052000,2740.0,80,60616,2194660.0,2741.0,2,2738.0,2
rb1805,20170602,20170601,210052500,2740.0,80,60616,2194660.0,2741.0,2,2739.0,1
rb1805,20170602,20170601,210053000,2740.0,80,60616,2194660.0,2741.0,3,2739.0,1
rb1805,20170602,20170601,210053500,2740.0,80,60616,2194660.0,2741.0,3,2739.0,1
rb1805,20170602,20170601,210054000,2739.0,82,60618,2249440.0,2741.0,3,2738.0,3
rb1805,20170602,20170601,210055000,2739.0,82,60618,2249440.0,2741.0,3,2738.0,3
rb1805,20170602,20170601,210055500,2739.0,82,60618,2249440.0,2741.0,3,2740.0,1
rb1805,20170602,20170601,210056000,2740.0,84,60620,2304240.0,2741.0,3,2738.0,3
rb1805,20170602,20170601,210058500,2740.0,84,60620,2304240.0,2741.0,3,2739.0,2
rb1805,20170602,20170601,210100000,2740.0,84,60620,2304240.0,2740.0,5,2739.0,2
rb1805,20170602,20170601,210100500,2740.0,86,60618,2359040.0,2740.0,4,2739.0,2
rb1805,20170602,20170601,210103000,2740.0,90,60618,2468640.0,2740.0,2,2739.0,6
rb1805,20170602,20170601,210103500,2740.0,94,60618,2578240.0,2741.0,3,2740.0,4
rb1805,20170602,20170601,210104000,2740.0,94,60618,2578240.0,2741.0,3,2740.0,5
rb1805,20170602,20170601,210104500,2741.0,98,60620,2687880.0,2741.0,1,2740.0,5
rb1805,20170602,20170601,210105000,2741.0,100,60622,2742700.0,2743.0,6,2741.0,2
rb1805,20170602,20170601,210105500,2741.0,100,60622,2742700.0,2743.0,6,2741.0,5
rb1805,20170602,20170601,210106000,2741.0,100,60622,2742700.0,2743.0,6,2741.0,5
rb1805,20170602,20170601,210106500,2743.0,122,60634,3346160.0,2745.0,8,2741.0,5
rb1805,20170602,20170601,210107000,2743.0,122,60634,3346160.0,2745.0,8,2742.0,2
rb1805,20170602,20170601,210107500,2743.0,122,60634,3346160.0,2745.0,7,2742.0,7
rb1805,20170602,20170601,210108000,2743.0,122,60634,3346160.0,2745.0,8,2742.0,7
rb1805,20170602,20170601,210108500,2742.0,126,60630,3455840.0,2745.0,2,2742.0,5
rb1805,20170602,20170601,210109500,2742.0,126,60630,3455840.0,2745.0,3,2743.0,2
rb1805,20170602,20170601,210110000,2745.0,132,60636,3620540.0,2746.0,1,2745.0,5
rb1805,20170602,20170601,210110500,2745.0,142,60646,3895040.0,2746.0,1,2745.0,8
rb1805,20170602,20170601,210111000,2746.0,144,60646,3949960.0,2747.0,2,2746.0,1
rb1805,20170602,20170601,210111500,2745.0,146,60646,4004860.0,2747.0,7,2743.0,7
rb1805,20170602,20170601,210112000,2745.0,146,60646,4004860.0,2747.0,7,2745.0,6
rb1805,20170602,20170601,210112500,2745.0,146,60646,4004860.0,2747.0,7,2745.0,5
rb1805,20170602,20170601,210113000,2745.0,146,60646,4004860.0,2746.0,2,2744.0,2
rb1805,20170602,20170601,210114000,2745.0,146,60646,4004860.0,2746.0,2,2744.0,2
rb1805,20170602,20170601,210115000,2745.0,146,60646,4004860.0,2746.0,7,2744.0,2
rb1805,20170602,20170601,210115500,2745.0,146,60646,4004860.0,2746.0,7,2744.0,2
rb1805,20170602,20170601,210116000,2745.0,146,60646,4004860.0,2746.0,2,2744.0,2
rb1805,20170602,20170601,210116500,2746.0,150,60646,4114700.0,2747.0,8,2746.0,6
rb1805,20170602,20170601,210117000,2747.0,156,60648,4279520.0,2749.0,3,2747.0,3
rb1805,20170602,20170601,210117500,2747.0,156,60648,4279520.0,2749.0,3,2748.0,2
rb1805,20170602,20170601,210118000,2748.0,160,60648,4389440.0,2748.0,3,2746.0,1
rb1805,20170602,20170601,210118500,2748.0,162,60650,4444400.0,2749.0,3,2747.0,2
rb1805,20170602,20170601,210119500,2748.0,162,60650,4444400.0,2749.0,8,2747.0,2
rb1805,20170602,20170601,210120000,2748.0,162,60650,4444400.0,2749.0,3,2747.0,2
rb1805,20170602,20170601,210120500,2748.0,162,60650,4444400.0,2749.0,3,2747.0,2
rb1805,20170602,20170601,210121000,2748.0,162,60650,4444400.0,2749.0,3,2747.0,2
rb1805,20170602,20170601,210121500,2748.0,162,60650,4444400.0,2749.0,8,2747.0,2
rb1805,20170602,20170601,210122000,2748.0,162,60650,4444400.0,2749.0,8,2747.0,2
rb1805,20170602,20170601,210122500,2748.0,162,60650,4444400.0,2749.0,8,2747.0,2
rb1805,20170602,20170601,210123000,2748.0,162,60650,4444400.0,2749.0,9,2746.0,3
rb1805,20170602,20170601,210123500,2748.0,162,60650,4444400.0,2749.0,9,2746.0,1
rb1805,20170602,20170601,210124000,2746.0,164,60650,4499320.0,2746.0,1,2744.0,3
rb1805,20170602,20170601,210124500,2746.0,164,60650,4499320.0,2749.0,9,2745.0,2
rb1805,20170602,20170601,210125000,2746.0,164,60650,4499320.0,2749.0,9,2746.0,2
rb1805,20170602,20170601,210125500,2749.0,166,60650,4554300.0,2749.0,8,2745.0,5
rb1805,20170602,20170601,210126000,2749.0,166,60650,4554300.0,2749.0,8,2745.0,4
rb1805,20170602,20170601,210126500,2749.0,166,60650,4554300.0,2749.0,8,2746.0,2
rb1805,20170602,20170601,210128000,2749.0,166,60650,4554300.0,2749.0,9,2746.0,2
rb1805,20170602,20170601,210128500,2749.0,166,60650,4554300.0,2749.0,9,2747.0,2
rb1805,20170602,20170601,210129000,2749.0,166,60650,4554300.0,2749.0,9,2747.0,2
rb1805,20170602,20170601,210129500,2749.0,166,60650,4554300.0,2749.0,4,2747.0,2
rb1805,20170602,20170601,210130500,2749.0,166,60650,4554300.0,2749.0,4,2747.0,2
rb1805,20170602,20170601,210131000,2749.0,166,60650,4554300.0,2749.0,9,2747.0,2
rb1805,20170602,20170601,210132000,2749.0,166,60650,4554300.0,2749.0,9,2747.0,2
rb1805,20170602,20170601,210132500,2749.0,176,60650,4829200.0,2749.0,4,2747.0,2
rb1805,20170602,20170601,210133000,2749.0,176,60650,4829200.0,2749.0,4,2747.0,2
rb1805,20170602,20170601,210133500,2749.0,180,60650,4939160.0,2749.0,2,2747.0,3
rb1805,20170602,20170601,210134500,2749.0,180,60650,4939160.0,2749.0,2,2747.0,3
rb1805,20170602,20170601,210135000,2747.0,182,60650,4994100.0,2749.0,2,2747.0,2
rb1805,20170602,20170601,210135500,2747.0,182,60650,4994100.0,2749.0,2,2747.0,2
rb1805,20170602,20170601,210136500,2749.0,186,60650,5104060.0,2750.0,17,2747.0,2
rb1805,20170602,20170601,210137000,2749.0,186,60650,5104060.0,2749.0,1,2748.0,1
rb1805,20170602,20170601,210137500,2749.0,186,60650,5104060.0,2749.0,1,2748.0,1
rb1805,20170602,20170601,210139500,2749.0,186,60650,5104060.0,2749.0,1,2748.0,2
rb1805,20170602,20170601,210140000,2749.0,186,60650,5104060.0,2749.0,1,2748.0,2
rb1805,20170602,20170601,210140500,2748.0,190,60650,5213980.0,2748.0,1,2747.0,1
rb1805,20170602,20170601,210141000,2748.0,190,60650,5213980.0,2748.0,1,2747.0,3
rb1805,20170602,20170601,210141500,2748.0,190,60650,5213980.0,2748.0,1,2747.0,3
rb1805,20170602,20170601,210142500,2748.0,190,60650,5213980.0,2748.0,1,2747.0,3
rb1805,20170602,20170601,210143000,2748.0,190,60650,5213980.0,2748.0,2,2747.0,3
rb1805,20170602,20170601,210143500,2748.0,190,60650,5213980.0,2748.0,2,2747.0,1
rb1805,20170602,20170601,210144000,2748.0,190,60650,5213980.0,2748.0,2,2747.0,1
rb1805,20170602,20170601,210145500,2748.0,194,60650,5323900.0,2749.0,15,2747.0,1
rb1805,20170602,20170601,210146000,2748.0,194,60650,5323900.0,2749.0,15,2747.0,1
rb1805,20170602,20170601,210146500,2749.0,196,60652,5378880.0,2749.0,14,2748.0,1
rb1805,20170602,20170601,210147000,2749.0,196,60652,5378880.0,2749.0,14,2748.0,6
rb1805,20170602,20170601,210148000,2748.0,198,60650,5433840.0,2749.0,14,2748.0,5
rb1805,20170602,20170601,210148500,2748.0,198,60650,5433840.0,2749.0,14,2748.0,5
rb1805,20170602,20170601,210149000,2749.0,202,60654,5543800.0,2749.0,10,2748.0,5
rb1805,20170602,20170601,210150000,2749.0,204,60656,5598780.0,2749.0,9,2748.0,5
rb1805,20170602,20170601,210150500,2749.0,204,60656,5598780.0,2749.0,9,2748.0,5
rb1805,20170602,20170601,210151000,2749.0,204,60656,5598780.0,2749.0,9,2748.0,5
rb1805,20170602,20170601,210152000,2749.0,204,60656,5598780.0,2749.0,9,2748.0,5
rb1805,20170602,20170601,210153500,2749.0,204,60656,5598780.0,2749.0,9,2748.0,6
rb1805,20170602,20170601,210154500,2748.0,216,60666,5928640.0,2749.0,4,2748.0,5
rb1805,20170602,20170601,210155000,2748.0,216,60666,5928640.0,2749.0,4,2748.0,5
rb1805,20170602,20170601,210156000,2748.0,216,60666,5928640.0,2749.0,9,2748.0,5
rb1805,20170602,20170601,210156500,2748.0,226,60670,6203440.0,2748.0,3,2747.0,1
rb1805,20170602,20170601,210157000,2748.0,226,60670,6203440.0,2749.0,4,2747.0,1
rb1805,20170602,20170601,210157500,2748.0,226,60670,6203440.0,2747.0,1,2746.0,5
rb1805,20170602,20170601,210158000,2748.0,226,60670,6203440.0,2749.0,9,2746.0,5
rb1805,20170602,20170601,210158500,2748.0,226,60670,6203440.0,2748.0,2,2746.0,5
rb1805,20170602,20170601,210159000,2748.0,226,60670,6203440.0,2748.0,7,2746.0,5
rb1805,20170602,20170601,210159500,2749.0,246,60686,6753100.0,2749.0,6,2746.0,5
rb1805,20170602,20170601,210200000,2749.0,246,60686,6753100.0,2749.0,6,2748.0,7
rb1805,20170602,20170601,210200500,2748.0,260,60698,7137820.0,2747.0,3,2746.0,5
rb1805,20170602,20170601,210201000,2748.0,260,60698,7137820.0,2749.0,6,2746.0,5
rb1805,20170602,20170601,210201500,2748.0,260,60698,7137820.0,2749.0,6,2746.0,10
rb1805,20170602,20170601,210202000,2749.0,272,60710,7467700.0,2750.0,24,2749.0,4
rb1805,20170602,20170601,210202500,2749.0,282,60710,7742600.0,2748.0,5,2747.0,1
rb1805,20170602,20170601,210203000,2749.0,282,60710,7742600.0,2749.0,3,2747.0,1
rb1805,20170602,20170601,210203500,2749.0,282,60710,7742600.0,2749.0,8,2747.0,1
rb1805,20170602,20170601,210204500,2747.0,284,60710,7797540.0,2747.0,4,2746.0,10
rb1805,20170602,20170601,210205000,2747.0,284,60710,7797540.0,2748.0,2,2746.0,10
rb1805,20170602,20170601,210205500,2747.0,284,60710,7797540.0,2748.0,2,2746.0,10
rb1805,20170602,20170601,210206000,2747.0,284,60710,7797540.0,2748.0,2,2746.0,11
rb1805,20170602,20170601,210206500,2747.0,284,60710,7797540.0,2748.0,2,2746.0,6
rb1805,20170602,20170601,210207000,2747.0,284,60710,7797540.0,2748.0,2,2746.0,6
rb1805,20170602,20170601,210207500,2746.0,292,60710,8017220.0,2747.0,2,2746.0,2
rb1805,20170602,20170601,210208000,2746.0,296,60710,8127060.0,2746.0,3,2745.0,2
rb1805,20170602,20170601,210208500,2746.0,296,60710,8127060.0,2747.0,4,2745.0,2
rb1805,20170602,20170601,210209000,2746.0,296,60710,8127060.0,2748.0,3,2745.0,2
rb1805,20170602,20170601,210209500,2746.0,296,60710,8127060.0,2748.0,3,2745.0,2
rb1805,20170602,20170601,210210500,2746.0,296,60710,8127060.0,2748.0,3,2745.0,9
rb1805,20170602,20170601,210211500,2745.0,298,60710,8181960.0,2748.0,3,2745.0,8
rb1805,20170602,20170601,210213500,2745.0,298,60710,8181960.0,2748.0,3,2745.0,8
rb1805,20170602,20170601,210215500,2745.0,298,60710,8181960.0,2748.0,3,2745.0,6
rb1805,20170602,20170601,210216000,2745.0,298,60710,8181960.0,2747.0,33,2745.0,6
rb1805,20170602,20170601,210218000,2745.0,298,60710,8181960.0,2747.0,33,2745.0,6
rb1805,20170602,20170601,210218500,2745.0,298,60710,8181960.0,2747.0,33,2745.0,1
rb1805,20170602,20170601,210219500,2745.0,298,60710,8181960.0,2747.0,33,2745.0,1
rb1805,20170602,20170601,210220500,2745.0,298,60710,8181960.0,2747.0,33,2745.0,1
rb1805,20170602,20170601,210222000,2747.0,302,60714,8291840.0,2747.0,31,2745.0,1
rb1805,20170602,20170601,210222500,2747.0,302,60714,8291840.0,2747.0,32,2745.0,1
rb1805,20170602,20170601,210223500,2747.0,304,60716,8346780.0,2747.0,31,2745.0,1
rb1805,20170602,20170601,210224000,2747.0,304,60716,8346780.0,2746.0,1,2745.0,1
rb1805,20170602,20170601,210224500,2747.0,304,60716,8346780.0,2746.0,2,2745.0,22
rb1805,20170602,20170601,210225000,2746.0,306,60716,8401700.0,2747.0,31,2746.0,3
rb1805,20170602,20170601,210225500,2746.0,306,60716,8401700.0,2747.0,31,2745.0,17
rb1805,20170602,20170601,210226500,2746.0,306,60716,8401700.0,2747.0,31,2745.0,18
rb1805,20170602,20170601,210228500,2746.0,306,60716,8401700.0,2747.0,31,2745.0,18
rb1805,20170602,20170601,210229000,2746.0,306,60716,8401700.0,2747.0,31,2745.0,18
rb1805,20170602,20170601,210233000,2746.0,306,60716,8401700.0,2747.0,31,2745.0,18
rb1805,20170602,20170601,210234500,2746.0,306,60716,8401700.0,2747.0,31,2745.0,19
rb1805,20170602,20170601,210236500,2746.0,306,60716,8401700.0,2747.0,31,2745.0,19
rb1805,20170602,20170601,210240000,2746.0,306,60716,8401700.0,2746.0,1,2745.0,19
rb1805,20170602,20170601,210241000,2746.0,306,60716,8401700.0,2747.0,31,2745.0,19
rb1805,20170602,20170601,210242000,2746.0,306,60716,8401700.0,2747.0,31,2745.0,19
rb1805,20170602,20170601,210243000,2746.0,306,60716,8401700.0,2747.0,31,2745.0,19
rb1805,20170602,20170601,210243500,2746.0,306,60716,8401700.0,2746.0,2,2745.0,19
rb1805,20170602,20170601,210244500,2745.0,312,60716,8566400.0,2746.0,2,2745.0,16
rb1805,20170602,20170601,210245000,2745.0,312,60716,8566400.0,2746.0,2,2745.0,16
rb1805,20170602,20170601,210247000,2745.0,324,60716,8895800.0,2746.0,2,2745.0,10
rb1805,20170602,20170601,210247500,2745.0,324,60716,8895800.0,2746.0,3,2745.0,10
rb1805,20170602,20170601,210249000,2745.0,324,60716,8895800.0,2746.0,3,2745.0,10
rb1805,20170602,20170601,210250000,2745.0,324,60716,8895800.0,2746.0,3,2745.0,10
rb1805,20170602,20170601,210253500,2745.0,344,60736,9444800.0,2745.0,1,2742.0,17
rb1805,20170602,20170601,210254000,2745.0,344,60736,9444800.0,2745.0,2,2743.0,11
rb1805,20170602,20170601,210254500,2745.0,344,60736,9444800.0,2746.0,5,2743.0,11
rb1805,20170602,20170601,210255500,2745.0,344,60736,9444800.0,2746.0,5,2743.0,16
rb1805,20170602,20170601,210256000,2745.0,344,60736,9444800.0,2746.0,5,2743.0,16
rb1805,20170602,20170601,210256500,2745.0,344,60736,9444800.0,2745.0,2,2743.0,16
rb1805,20170602,20170601,210257000,2745.0,344,60736,9444800.0,2744.0,2,2743.0,11
rb1805,20170602,20170601,210257500,2745.0,350,60742,9609460.0,2745.0,1,2743.0,2
rb1805,20170602,20170601,210258500,2745.0,350,60742,9609460.0,2745.0,1,2744.0,2
rb1805,20170602,20170601,210259000,2744.0,352,60744,9664340.0,2745.0,1,2744.0,1
rb1805,20170602,20170601,210300500,2744.0,352,60744,9664340.0,2745.0,1,2744.0,2
rb1805,20170602,20170601,210301500,2744.0,356,60744,9774100.0,2744.0,1,2743.0,7
rb1805,20170602,20170601,210302000,2744.0,356,60744,9774100.0,2744.0,5,2743.0,7
rb1805,20170602,20170601,210303500,2744.0,366,60754,10048500.0,2745.0,1,2744.0,7
rb1805,20170602,20170601,210304000,2744.0,368,60752,10103380.0,2745.0,1,2744.0,1
rb1805,20170602,20170601,210305500,2744.0,368,60752,10103380.0,2745.0,1,2744.0,1
rb1805,20170602,20170601,210306000,2744.0,370,60754,10158260.0,2744.0,7,2743.0,7
rb1805,20170602,20170601,210306500,2744.0,370,60754,10158260.0,2745.0,1,2743.0,7
rb1805,20170602,20170601,210307000,2744.0,370,60754,10158260.0,2744.0,1,2743.0,7
rb1805,20170602,20170601,210307500,2743.0,372,60752,10213120.0,2744.0,1,2743.0,6
rb1805,20170602,20170601,210308000,2743.0,372,60752,10213120.0,2744.0,1,2743.0,6
rb1805,20170602,20170601,210308500,2743.0,380,60752,10432580.0,2745.0,1,2743.0,3
rb1805,20170602,20170601,210310000,2743.0,380,60752,10432580.0,2745.0,1,2744.0,1
rb1805,20170602,20170601,210311000,2743.0,380,60752,10432580.0,2745.0,1,2744.0,1
rb1805,20170602,20170601,210312000,2743.0,380,60752,10432580.0,2746.0,1,2744.0,1
rb1805,20170602,20170601,210313000,2743.0,380,60752,10432580.0,2746.0,2,2744.0,1
rb1805,20170602,20170601,210313500,2743.0,380,60752,10432580.0,2746.0,2,2744.0,6
rb1805,20170602,20170601,210314500,2743.0,380,60752,10432580.0,2746.0,2,2744.0,6
rb1805,20170602,20170601,210315000,2746.0,382,60752,10487500.0,2746.0,1,2744.0,6
rb1805,20170602,20170601,210316000,2746.0,384,60752,10542420.0,2747.0,32,2746.0,2
rb1805,20170602,20170601,210316500,2746.0,388,60756,10652260.0,2746.0,2,2744.0,6
rb1805,20170602,20170601,210317000,2746.0,388,60756,10652260.0,2746.0,8,2744.0,6
rb1805,20170602,20170601,210317500,2746.0,388,60756,10652260.0,2746.0,6,2744.0,6
rb1805,20170602,20170601,210318000,2746.0,388,60756,10652260.0,2746.0,6,2744.0,1
rb1805,20170602,20170601,210318500,2746.0,388,60756,10652260.0,2746.0,1,2744.0,1
rb1805,20170602,20170601,210319000,2746.0,390,60758,10707180.0,2747.0,32,2744.0,1
rb1805,20170602,20170601,210319500,2746.0,390,60758,10707180.0,2747.0,32,2744.0,6
rb1805,20170602,20170601,210320000,2746.0,390,60758,10707180.0,2746.0,3,2744.0,6
rb1805,20170602,20170601,210321500,2746.0,392,60760,10762100.0,2746.0,2,2744.0,6
rb1805,20170602,20170601,210322000,2746.0,394,60762,10817020.0,2746.0,1,2744.0,8
rb1805,20170602,20170601,210322500,2746.0,396,60762,10871940.0,2747.0,32,2746.0,2
rb1805,20170602,20170601,210323000,2746.0,396,60762,10871940.0,2747.0,32,2744.0,8
rb1805,20170602,20170601,210324000,2746.0,396,60762,10871940.0,2747.0,32,2744.0,9
rb1805,20170602,20170601,210325000,2746.0,396,60762,10871940.0,2747.0,32,2744.0,10
rb1805,20170602,20170601,210325500,2746.0,396,60762,10871940.0,2747.0,32,2744.0,10
rb1805,20170602,20170601,210326500,2746.0,396,60762,10871940.0,2747.0,32,2744.0,10
rb1805,20170602,20170601,210327000,2746.0,396,60762,10871940.0,2747.0,32,2745.0,1
rb1805,20170602,20170601,210327500,2746.0,396,60762,10871940.0,2747.0,32,2745.0,3
rb1805,20170602,20170601,210328000,2747.0,398,60764,10926880.0,2747.0,31,2745.0,3
rb1805,20170602,20170601,210330500,2747.0,398,60764,10926880.0,2747.0,31,2745.0,1
rb1805,20170602,20170601,210332500,2747.0,398,60764,10926880.0,2747.0,31,2745.0,2
rb1805,20170602,20170601,210333000,2747.0,398,60764,10926880.0,2746.0,1,2745.0,2
rb1805,20170602,20170601,210335000,2747.0,398,60764,10926880.0,2746.0,1,2745.0,2
rb1805,20170602,20170601,210335500,2747.0,398,60764,10926880.0,2746.0,1,2745.0,2
rb1805,20170602,20170601,210336000,2747.0,398,60764,10926880.0,2746.0,1,2745.0,4
rb1805,20170602,20170601,210337500,2747.0,398,60764,10926880.0,2746.0,1,2745.0,6
rb1805,20170602,20170601,210338000,2746.0,400,60764,10981800.0,2747.0,31,2745.0,6
rb1805,20170602,20170601,210338500,2746.0,400,60764,10981800.0,2747.0,31,2745.0,6
rb1805,20170602,20170601,210339000,2746.0,400,60764,10981800.0,2747.0,31,2745.0,6
rb1805,20170602,20170601,210342500,2746.0,400,60764,10981800.0,2746.0,1,2745.0,9
rb1805,20170602,20170601,210344000,2746.0,402,60762,11036720.0,2747.0,31,2745.0,9
rb1805,20170602,20170601,210344500,2746.0,402,60762,11036720.0,2747.0,31,2746.0,16
rb1805,20170602,20170601,210345000,2746.0,402,60762,11036720.0,2747.0,31,2746.0,10
rb1805,20170602,20170601,210345500,2746.0,402,60762,11036720.0,2747.0,31,2745.0,9
rb1805,20170602,20170601,210346000,2746.0,402,60762,11036720.0,2747.0,31,2745.0,9
rb1805,20170602,20170601,210346500,2746.0,402,60762,11036720.0,2747.0,31,2745.0,9
rb1805,20170602,20170601,210347500,2746.0,402,60762,11036720.0,2747.0,31,2745.0,4
rb1805,20170602,20170601,210348000,2746.0,402,60762,11036720.0,2746.0,2,2745.0,4
rb1805,20170602,20170601,210349500,2746.0,402,60762,11036720.0,2746.0,13,2745.0,4
rb1805,20170602,20170601,210350500,2746.0,402,60762,11036720.0,2746.0,13,2745.0,4
rb1805,20170602,20170601,210352000,2746.0,402,60762,11036720.0,2746.0,13,2745.0,4
rb1805,20170602,20170601,210355500,2745.0,410,60770,11256320.0,2745.0,4,2744.0,7
rb1805,20170602,20170601,210356000,2745.0,410,60770,11256320.0,2745.0,4,2744.0,2
rb1805,20170602,20170601,210356500,2745.0,418,60778,11475920.0,2746.0,13,2744.0,3
rb1805,20170602,20170601,210357000,2745.0,418,60778,11475920.0,2745.0,1,2744.0,3
rb1805,20170602,20170601,210357500,2745.0,418,60778,11475920.0,2745.0,1,2744.0,2
rb1805,20170602,20170601,210358500,2745.0,418,60778,11475920.0,2745.0,1,2744.0,2
rb1805,20170602,20170601,210400000,2745.0,418,60778,11475920.0,2745.0,1,2744.0,2
rb1805,20170602,20170601,210400500,2745.0,418,60778,11475920.0,2745.0,1,2744.0,2
rb1805,20170602,20170601,210401000,2745.0,418,60778,11475920.0,2745.0,1,2744.0,2
rb1805,20170602,20170601,210402500,2745.0,418,60778,11475920.0,2746.0,13,2744.0,2
rb1805,20170602,20170601,210403000,2744.0,434,60784,11914920.0,2745.0,1,2742.0,10
rb1805,20170602,20170601,210403500,2744.0,434,60784,11914920.0,2746.0,14,2742.0,10
rb1805,20170602,20170601,210404000,2744.0,434,60784,11914920.0,2746.0,13,2742.0,10
rb1805,20170602,20170601,210404500,2744.0,434,60784,11914920.0,2746.0,13,2742.0,11
rb1805,20170602,20170601,210405000,2744.0,434,60784,11914920.0,2746.0,14,2742.0,10
rb1805,20170602,20170601,210406000,2744.0,434,60784,11914920.0,2746.0,14,2742.0,10
rb1805,20170602,20170601,210407000,2744.0,434,60784,11914920.0,2746.0,14,2742.0,10
rb1805,20170602,20170601,210409000,2744.0,434,60784,11914920.0,2745.0,6,2742.0,6
rb1805,20170602,20170601,210409500,2744.0,434,60784,11914920.0,2744.0,2,2742.0,6
rb1805,20170602,20170601,210410000,2742.0,446,60796,12243960.0,2744.0,2,2741.0,1
rb1805,20170602,20170601,210410500,2742.0,446,60796,12243960.0,2744.0,2,2741.0,1
rb1805,20170602,20170601,210411000,2741.0,458,60798,12572880.0,2743.0,1,2741.0,5
rb1805,20170602,20170601,210411500,2741.0,458,60798,12572880.0,2744.0,3,2741.0,5
rb1805,20170602,20170601,210412000,2741.0,458,60798,12572880.0,2744.0,2,2741.0,5
rb1805,20170602,20170601,210412500,2741.0,458,60798,12572880.0,2744.0,2,2741.0,5
rb1805,20170602,20170601,210413000,2741.0,458,60798,12572880.0,2744.0,2,2741.0,6
rb1805,20170602,20170601,210414000,2741.0,458,60798,12572880.0,2744.0,3,2742.0,1
rb1805,20170602,20170601,210414500,2741.0,458,60798,12572880.0,2744.0,3,2742.0,1
rb1805,20170602,20170601,210415000,2741.0,458,60798,12572880.0,2744.0,3,2742.0,1
rb1805,20170602,20170601,210415500,2741.0,458,60798,12572880.0,2744.0,3,2742.0,1
rb1805,20170602,20170601,210416000,2741.0,458,60798,12572880.0,2744.0,3,2742.0,1
rb1805,20170602,20170601,210416500,2741.0,458,60798,12572880.0,2743.0,3,2742.0,1
rb1805,20170602,20170601,210417000,2743.0,460,60798,12627740.0,2743.0,2,2742.0,1
rb1805,20170602,20170601,210417500,2742.0,462,60798,12682580.0,2743.0,2,2741.0,5
rb1805,20170602,20170601,210418000,2742.0,462,60798,12682580.0,2743.0,2,2741.0,5
rb1805,20170602,20170601,210418500,2742.0,462,60798,12682580.0,2742.0,4,2741.0,5
rb1805,20170602,20170601,210419000,2742.0,462,60798,12682580.0,2742.0,4,2740.0,2
rb1805,20170602,20170601,210420000,2742.0,462,60798,12682580.0,2742.0,5,2740.0,2
rb1805,20170602,20170601,210420500,2742.0,462,60798,12682580.0,2742.0,1,2741.0,1
rb1805,20170602,20170601,210422000,2742.0,462,60798,12682580.0,2742.0,1,2741.0,1
rb1805,20170602,20170601,210422500,2741.0,464,60800,12737400.0,2742.0,1,2740.0,1
rb1805,20170602,20170601,210423000,2741.0,464,60800,12737400.0,2741.0,3,2740.0,1
rb1805,20170602,20170601,210423500,2740.0,466,60800,12792200.0,2741.0,8,2738.0,8
rb1805,20170602,20170601,210424000,2740.0,466,60800,12792200.0,2741.0,10,2738.0,8
rb1805,20170602,20170601,210424500,2740.0,466,60800,12792200.0,2741.0,10,2738.0,8
rb1805,20170602,20170601,210425000,2741.0,468,60802,12847020.0,2741.0,9,2738.0,8
rb1805,20170602,20170601,210425500,2741.0,468,60802,12847020.0,2741.0,9,2738.0,9
rb1805,20170602,20170601,210426000,2741.0,468,60802,12847020.0,2741.0,9,2738.0,14
rb1805,20170602,20170601,210426500,2741.0,468,60802,12847020.0,2741.0,7,2739.0,1
rb1805,20170602,20170601,210427000,2741.0,468,60802,12847020.0,2741.0,8,2739.0,1
rb1805,20170602,20170601,210427500,2741.0,468,60802,12847020.0,2741.0,8,2739.0,1
rb1805,20170602,20170601,210428000,2739.0,470,60804,12901800.0,2741.0,8,2738.0,13
rb1805,20170602,20170601,210429000,2739.0,470,60804,12901800.0,2741.0,8,2738.0,14
rb1805,20170602,20170601,210429500,2739.0,470,60804,12901800.0,2741.0,8,2738.0,14
rb1805,20170602,20170601,210430000,2739.0,470,60804,12901800.0,2741.0,7,2738.0,14
rb1805,20170602,20170601,210430500,2739.0,470,60804,12901800.0,2741.0,7,2738.0,13
rb1805,20170602,20170601,210431000,2738.0,472,60804,12956560.0,2741.0,7,2738.0,12
rb1805,20170602,20170601,210431500,2738.0,472,60804,12956560.0,2741.0,7,2738.0,13
rb1805,20170602,20170601,210432000,2738.0,472,60804,12956560.0,2741.0,7,2738.0,12
rb1805,20170602,20170601,210433000,2741.0,476,60804,13066200.0,2741.0,5,2738.0,12
rb1805,20170602,20170601,210433500,2741.0,476,60804,13066200.0,2741.0,2,2739.0,1
rb1805,20170602,20170601,210434000,2739.0,478,60806,13120980.0,2741.0,2,2738.0,11
rb1805,20170602,20170601,210434500,2738.0,500,60816,13723340.0,2741.0,2,2738.0,4
rb1805,20170602,20170601,210435000,2738.0,500,60816,13723340.0,2741.0,2,2738.0,5
rb1805,20170602,20170601,210435500,2738.0,500,60816,13723340.0,2741.0,2,2738.0,8
rb1805,20170602,20170601,210436000,2738.0,500,60816,13723340.0,2741.0,2,2738.0,8
rb1805,20170602,20170601,210436500,2738.0,500,60816,13723340.0,2740.0,10,2738.0,8
rb1805,20170602,20170601,210437000,2738.0,500,60816,13723340.0,2740.0,11,2738.0,5
rb1805,20170602,20170601,210437500,2738.0,502,60816,13778100.0,2738.0,2,2737.0,2
rb1805,20170602,20170601,210438000,2740.0,510,60816,13997220.0,2740.0,14,2738.0,12
rb1805,20170602,20170601,210438500,2740.0,510,60816,13997220.0,2740.0,14,2738.0,6
rb1805,20170602,20170601,210439000,2740.0,510,60816,13997220.0,2740.0,14,2738.0,1
rb1805,20170602,20170601,210440000,2740.0,510,60816,13997220.0,2740.0,14,2738.0,2
rb1805,20170602,20170601,210440500,2738.0,514,60820,14106740.0,2740.0,14,2737.0,2
rb1805,20170602,20170601,210441000,2738.0,514,60820,14106740.0,2740.0,14,2737.0,2
rb1805,20170602,20170601,210441500,2738.0,514,60820,14106740.0,2740.0,14,2737.0,7
rb1805,20170602,20170601,210442000,2738.0,514,60820,14106740.0,2740.0,14,2737.0,7
rb1805,20170602,20170601,210442500,2737.0,520,60820,14270960.0,2740.0,14,2737.0,4
rb1805,20170602,20170601,210443000,2737.0,520,60820,14270960.0,2740.0,14,2738.0,5
rb1805,20170602,20170601,210443500,2738.0,536,60820,14709040.0,2740.0,14,2737.0,8
rb1805,20170602,20170601,210444000,2738.0,536,60820,14709040.0,2740.0,14,2737.0,9
rb1805,20170602,20170601,210444500,2738.0,536,60820,14709040.0,2740.0,14,2737.0,9
rb1805,20170602,20170601,210445000,2738.0,536,60820,14709040.0,2739.0,2,2737.0,7
rb1805,20170602,20170601,210445500,2738.0,536,60820,14709040.0,2739.0,4,2737.0,7
rb1805,20170602,20170601,210446000,2738.0,536,60820,14709040.0,2739.0,4,2737.0,6
rb1805,20170602,20170601,210446500,2738.0,536,60820,14709040.0,2739.0,4,2737.0,6
rb1805,20170602,20170601,210447000,2738.0,536,60820,14709040.0,2739.0,10,2737.0,6
rb1805,20170602,20170601,210447500,2738.0,536,60820,14709040.0,2738.0,5,2737.0,6
rb1805,20170602,20170601,210448000,2738.0,536,60820,14709040.0,2738.0,5,2737.0,6
rb1805,20170602,20170601,210448500,2738.0,536,60820,14709040.0,2738.0,5,2737.0,3
rb1805,20170602,20170601,210449500,2738.0,536,60820,14709040.0,2738.0,6,2737.0,3
rb1805,20170602,20170601,210450000,2737.0,540,60824,14818520.0,2738.0,6,2737.0,1
rb1805,20170602,20170601,210450500,2737.0,542,60826,14873260.0,2738.0,6,2737.0,1
rb1805,20170602,20170601,210451000,2737.0,542,60826,14873260.0,2738.0,6,2737.0,1
rb1805,20170602,20170601,210452000,2737.0,542,60826,14873260.0,2738.0,6,2737.0,1
rb1805,20170602,20170601,210453500,2737.0,544,60828,14928000.0,2738.0,6,2736.0,3
rb1805,20170602,20170601,210454000,2737.0,544,60828,14928000.0,2738.0,6,2736.0,4
rb1805,20170602,20170601,210454500,2737.0,544,60828,14928000.0,2738.0,6,2736.0,4
rb1805,20170602,20170601,210455000,2737.0,544,60828,14928000.0,2738.0,11,2736.0,3
rb1805,20170602,20170601,210455500,2737.0,544,60828,14928000.0,2738.0,11,2736.0,5
rb1805,20170602,20170601,210456000,2737.0,544,60828,14928000.0,2738.0,11,2736.0,6
rb1805,20170602,20170601,210456500,2736.0,548,60826,15037440.0,2738.0,11,2736.0,3
rb1805,20170602,20170601,210457000,2736.0,548,60826,15037440.0,2738.0,11,2736.0,3
rb1805,20170602,20170601,210457500,2736.0,548,60826,15037440.0,2738.0,11,2736.0,1
rb1805,20170602,20170601,210458000,2736.0,548,60826,15037440.0,2738.0,11,2736.0,1
rb1805,20170602,20170601,210458500,2736.0,548,60826,15037440.0,2737.0,2,2736.0,1
rb1805,20170602,20170601,210459000,2736.0,550,60828,15092160.0,2737.0,2,2735.0,1
rb1805,20170602,20170601,210459500,2737.0,554,60832,15201640.0,2738.0,11,2735.0,1
rb1805,20170602,20170601,210500000,2737.0,554,60832,15201640.0,2737.0,5,2735.0,1
rb1805,20170602,20170601,210500500,2737.0,554,60832,15201640.0,2737.0,5,2735.0,1
rb1805,20170602,20170601,210501500,2737.0,554,60832,15201640.0,2737.0,5,2735.0,1
rb1805,20170602,20170601,210502000,2737.0,554,60832,15201640.0,2737.0,5,2735.0,2
rb1805,20170602,20170601,210502500,2737.0,554,60832,15201640.0,2737.0,5,2735.0,2
rb1805,20170602,20170601,210503000,2735.0,558,60836,15311040.0,2737.0,5,2734.0,6
rb1805,20170602,20170601,210503500,2735.0,558,60836,15311040.0,2737.0,5,2734.0,6
rb1805,20170602,20170601,210504000,2735.0,558,60836,15311040.0,2737.0,5,2734.0,6
rb1805,20170602,20170601,210504500,2735.0,558,60836,15311040.0,2736.0,5,2734.0,6
rb1805,20170602,20170601,210505000,2734.0,570,60846,15639120.0,2736.0,10,2733.0,2
rb1805,20170602,20170601,210505500,2736.0,588,60846,16131020.0,2736.0,5,2731.0,18
rb1805,20170602,20170601,210506000,2736.0,588,60846,16131020.0,2736.0,10,2732.0,1
rb1805,20170602,20170601,210506500,2736.0,588,60846,16131020.0,2736.0,10,2732.0,1
rb1805,20170602,20170601,210507000,2732.0,590,60846,16185660.0,2735.0,1,2731.0,6
rb1805,20170602,20170601,210507500,2731.0,594,60846,16294900.0,2735.0,11,2731.0,4
rb1805,20170602,20170601,210508000,2731.0,594,60846,16294900.0,2735.0,12,2731.0,4
rb1805,20170602,20170601,210508500,2731.0,602,60854,16513380.0,2734.0,1,2730.0,64
rb1805,20170602,20170601,210509000,2731.0,602,60854,16513380.0,2734.0,8,2730.0,66
rb1805,20170602,20170601,210509500,2731.0,602,60854,16513380.0,2734.0,10,2730.0,66
rb1805,20170602,20170601,210510000,2730.0,734,60980,20116980.0,2733.0,2,2728.0,1
rb1805,20170602,20170601,210510500,2732.0,738,60982,20226180.0,2733.0,5,2728.0,2
rb1805,20170602,20170601,210511000,2732.0,738,60982,20226180.0,2733.0,5,2729.0,2
rb1805,20170602,20170601,210511500,2732.0,738,60982,20226180.0,2733.0,6,2729.0,2
rb1805,20170602,20170601,210512000,2732.0,738,60982,20226180.0,2733.0,12,2730.0,2
rb1805,20170602,20170601,210512500,2730.0,742,60982,20335380.0,2730.0,1,2729.0,2
rb1805,20170602,20170601,210513000,2730.0,744,60984,20389980.0,2733.0,5,2730.0,9
rb1805,20170602,20170601,210513500,2730.0,744,60984,20389980.0,2733.0,5,2731.0,5
rb1805,20170602,20170601,210514000,2730.0,744,60984,20389980.0,2733.0,5,2731.0,5
rb1805,20170602,20170601,210514500,2731.0,748,60984,20499220.0,2733.0,5,2730.0,1
rb1805,20170602,20170601,210515000,2731.0,748,60984,20499220.0,2733.0,5,2729.0,2
rb1805,20170602,20170601,210515500,2731.0,748,60984,20499220.0,2733.0,5,2731.0,1
rb1805,20170602,20170601,210516000,2731.0,750,60986,20553840.0,2733.0,5,2730.0,2
rb1805,20170602,20170601,210516500,2731.0,750,60986,20553840.0,2732.0,23,2729.0,2
rb1805,20170602,20170601,210517000,2729.0,758,60990,20772200.0,2732.0,13,2727.0,4
rb1805,20170602,20170601,210517500,2729.0,758,60990,20772200.0,2731.0,5,2727.0,5
rb1805,20170602,20170601,210518000,2730.0,766,60988,20990660.0,2731.0,3,2730.0,4
rb1805,20170602,20170601,210518500,2732.0,774,60990,21209160.0,2732.0,4,2731.0,4
rb1805,20170602,20170601,210519000,2732.0,774,60990,21209160.0,2733.0,5,2731.0,5
rb1805,20170602,20170601,210519500,2731.0,786,61000,21536880.0,2729.0,1,2727.0,7
rb1805,20170602,20170601,210520000,2729.0,788,60998,21591460.0,2738.0,12,2730.0,23
rb1805,20170602,20170601,210520500,2729.0,788,60998,21591460.0,2736.0,5,2731.0,4
rb1805,20170602,20170601,210521000,2729.0,788,60998,21591460.0,2736.0,11,2731.0,14
rb1805,20170602,20170601,210521500,2729.0,788,60998,21591460.0,2736.0,12,2731.0,14
rb1805,20170602,20170601,210522000,2729.0,788,60998,21591460.0,2735.0,2,2731.0,10
rb1805,20170602,20170601,210522500,2729.0,788,60998,21591460.0,2735.0,9,2731.0,10
rb1805,20170602,20170601,210523000,2731.0,808,61018,22137660.0,2731.0,1,2727.0,8
rb1805,20170602,20170601,210523500,2731.0,808,61018,22137660.0,2731.0,6,2730.0,4
rb1805,20170602,20170601,210524000,2731.0,808,61018,22137660.0,2731.0,1,2729.0,2
rb1805,20170602,20170601,210524500,2731.0,808,61018,22137660.0,2729.0,1,2727.0,8
rb1805,20170602,20170601,210525000,2729.0,810,61018,22192240.0,2731.0,1,2729.0,10
rb1805,20170602,20170601,210525500,2729.0,810,61018,22192240.0,2731.0,1,2729.0,5
rb1805,20170602,20170601,210526000,2729.0,810,61018,22192240.0,2731.0,1,2729.0,4
rb1805,20170602,20170601,210526500,2729.0,810,61018,22192240.0,2731.0,1,2729.0,5
rb1805,20170602,20170601,210527000,2729.0,810,61018,22192240.0,2731.0,1,2729.0,5
rb1805,20170602,20170601,210527500,2731.0,814,61020,22301480.0,2735.0,15,2729.0,1
rb1805,20170602,20170601,210528000,2731.0,814,61020,22301480.0,2734.0,10,2730.0,1
rb1805,20170602,20170601,210528500,2731.0,814,61020,22301480.0,2733.0,2,2731.0,2
rb1805,20170602,20170601,210529000,2731.0,814,61020,22301480.0,2733.0,13,2731.0,2
rb1805,20170602,20170601,210529500,2731.0,814,61020,22301480.0,2733.0,13,2731.0,2
rb1805,20170602,20170601,210530000,2731.0,814,61020,22301480.0,2733.0,13,2731.0,2
rb1805,20170602,20170601,210531000,2731.0,814,61020,22301480.0,2733.0,18,2731.0,2
rb1805,20170602,20170601,210531500,2731.0,826,61028,22629200.0,2733.0,18,2729.0,2
rb1805,20170602,20170601,210532500,2731.0,826,61028,22629200.0,2733.0,18,2729.0,2
rb1805,20170602,20170601,210533000,2731.0,826,61028,22629200.0,2733.0,18,2729.0,2
rb1805,20170602,20170601,210534500,2731.0,826,61028,22629200.0,2733.0,18,2730.0,1
rb1805,20170602,20170601,210535000,2731.0,826,61028,22629200.0,2733.0,18,2730.0,2
rb1805,20170602,20170601,210535500,2731.0,826,61028,22629200.0,2733.0,18,2730.0,2
rb1805,20170602,20170601,210536000,2731.0,826,61028,22629200.0,2733.0,18,2730.0,2
rb1805,20170602,20170601,210536500,2731.0,826,61028,22629200.0,2733.0,18,2730.0,2
rb1805,20170602,20170601,210537000,2731.0,826,61028,22629200.0,2733.0,18,2730.0,2
rb1805,20170602,20170601,210538000,2731.0,826,61028,22629200.0,2733.0,18,2730.0,3
rb1805,20170602,20170601,210538500,2731.0,826,61028,22629200.0,2733.0,18,2730.0,3
rb1805,20170602,20170601,210539500,2731.0,826,61028,22629200.0,2733.0,18,2731.0,10
rb1805,20170602,20170601,210540000,2730.0,852,61052,23339200.0,2732.0,14,2729.0,6
rb1805,20170602,20170601,210540500,2732.0,854,61054,23393840.0,2732.0,11,2729.0,6
rb1805,20170602,20170601,210541000,2732.0,854,61054,23393840.0,2732.0,10,2729.0,6
rb1805,20170602,20170601,210541500,2732.0,854,61054,23393840.0,2732.0,10,2729.0,7
rb1805,20170602,20170601,210542000,2732.0,854,61054,23393840.0,2732.0,10,2730.0,5
rb1805,20170602,20170601,210543000,2732.0,854,61054,23393840.0,2732.0,10,2730.0,5
rb1805,20170602,20170601,210544000,2732.0,854,61054,23393840.0,2732.0,10,2730.0,5
rb1805,20170602,20170601,210545500,2732.0,854,61054,23393840.0,2732.0,10,2731.0,100
rb1805,20170602,20170601,210546000,2731.0,946,61146,25906360.0,2732.0,10,2731.0,54
rb1805,20170602,20170601,210546500,2731.0,946,61146,25906360.0,2732.0,10,2731.0,54
rb1805,20170602,20170601,210548000,2732.0,950,61150,26015640.0,2732.0,8,2731.0,54
rb1805,20170602,20170601,210548500,2731.0,954,61152,26124880.0,2732.0,8,2731.0,52
rb1805,20170602,20170601,210549000,2731.0,994,61192,27217280.0,2732.0,8,2731.0,32
rb1805,20170602,20170601,210549500,2731.0,994,61192,27217280.0,2733.0,18,2731.0,32
rb1805,20170602,20170601,210551500,2731.0,1006,61204,27545000.0,2733.0,18,2731.0,26
rb1805,20170602,20170601,210552000,2731.0,1032,61228,28255060.0,2733.0,25,2731.0,13
rb1805,20170602,20170601,210552500,2731.0,1058,61254,28965120.0,2733.0,26,2730.0,5
rb1805,20170602,20170601,210553000,2731.0,1058,61254,28965120.0,2733.0,26,2730.0,5
rb1805,20170602,20170601,210554000,2731.0,1058,61254,28965120.0,2732.0,1,2730.0,5
rb1805,20170602,20170601,210555000,2731.0,1058,61254,28965120.0,2732.0,1,2730.0,5
rb1805,20170602,20170601,210556000,2731.0,1058,61254,28965120.0,2732.0,1,2730.0,5
rb1805,20170602,20170601,210556500,2731.0,1058,61254,28965120.0,2732.0,1,2730.0,5
rb1805,20170602,20170601,210557000,2732.0,1060,61252,29019760.0,2733.0,18,2732.0,1
rb1805,20170602,20170601,210557500,2732.0,1060,61252,29019760.0,2733.0,13,2730.0,5
rb1805,20170602,20170601,210558500,2732.0,1060,61252,29019760.0,2733.0,17,2730.0,5
rb1805,20170602,20170601,210559000,2732.0,1060,61252,29019760.0,2733.0,18,2730.0,5
rb1805,20170602,20170601,210600000,2733.0,1106,61298,30276940.0,2734.0,5,2733.0,7
rb1805,20170602,20170601,210600500,2733.0,1120,61312,30659560.0,2734.0,12,2730.0,10
rb1805,20170602,20170601,210601000,2733.0,1120,61312,30659560.0,2733.0,2,2730.0,11
rb1805,20170602,20170601,210601500,2733.0,1120,61312,30659560.0,2733.0,5,2731.0,1
rb1805,20170602,20170601,210602000,2733.0,1120,61312,30659560.0,2733.0,2,2731.0,7
rb1805,20170602,20170601,210602500,2731.0,1144,61326,31315000.0,2733.0,9,2730.0,11
rb1805,20170602,20170601,210603000,2731.0,1144,61326,31315000.0,2733.0,2,2731.0,2
rb1805,20170602,20170601,210603500,2731.0,1144,61326,31315000.0,2733.0,2,2731.0,2
rb1805,20170602,20170601,210604000,2731.0,1144,61326,31315000.0,2733.0,2,2731.0,2
rb1805,20170602,20170601,210604500,2731.0,1144,61326,31315000.0,2733.0,2,2731.0,2
rb1805,20170602,20170601,210605500,2731.0,1144,61326,31315000.0,2733.0,2,2731.0,2
rb1805,20170602,20170601,210606000,2731.0,1144,61326,31315000.0,2733.0,2,2731.0,2
rb1805,20170602,20170601,210607000,2731.0,1144,61326,31315000.0,2734.0,5,2731.0,2
rb1805,20170602,20170601,210607500,2731.0,1144,61326,31315000.0,2734.0,5,2731.0,3
rb1805,20170602,20170601,210608500,2731.0,1144,61326,31315000.0,2734.0,7,2733.0,2
rb1805,20170602,20170601,210609000,2731.0,1154,61326,31588180.0,2731.0,52,2730.0,12
rb1805,20170602,20170601,210609500,2731.0,1158,61324,31697420.0,2731.0,50,2730.0,7
rb1805,20170602,20170601,210610000,2731.0,1162,61324,31806660.0,2731.0,48,2730.0,7
rb1805,20170602,20170601,210610500,2731.0,1162,61324,31806660.0,2731.0,53,2730.0,7
rb1805,20170602,20170601,210611000,2730.0,1164,61326,31861260.0,2731.0,53,2730.0,7
rb1805,20170602,20170601,210611500,2730.0,1178,61340,32243460.0,2731.0,53,2729.0,12
rb1805,20170602,20170601,210612000,2730.0,1178,61340,32243460.0,2730.0,2,2729.0,12
rb1805,20170602,20170601,210612500,2729.0,1202,61364,32898420.0,2730.0,9,2727.0,29
rb1805,20170602,20170601,210613000,2729.0,1202,61364,32898420.0,2730.0,12,2727.0,29
rb1805,20170602,20170601,210613500,2730.0,1212,61366,33171420.0,2730.0,7,2727.0,29
rb1805,20170602,20170601,210614000,2730.0,1212,61366,33171420.0,2730.0,7,2727.0,29
rb1805,20170602,20170601,210615000,2730.0,1212,61366,33171420.0,2730.0,7,2727.0,29
rb1805,20170602,20170601,210616000,2730.0,1212,61366,33171420.0,2730.0,8,2727.0,29
rb1805,20170602,20170601,210616500,2730.0,1212,61366,33171420.0,2730.0,8,2728.0,2
rb1805,20170602,20170601,210619000,2730.0,1212,61366,33171420.0,2730.0,4,2728.0,9
rb1805,20170602,20170601,210620000,2730.0,1212,61366,33171420.0,2730.0,4,2728.0,9
rb1805,20170602,20170601,210620500,2730.0,1214,61366,33226020.0,2730.0,8,2728.0,5
rb1805,20170602,20170601,210621000,2730.0,1214,61366,33226020.0,2730.0,8,2728.0,3
rb1805,20170602,20170601,210622000,2730.0,1216,61366,33280620.0,2730.0,7,2728.0,3
rb1805,20170602,20170601,210622500,2728.0,1222,61372,33444300.0,2729.0,5,2727.0,29
rb1805,20170602,20170601,210623000,2728.0,1222,61372,33444300.0,2728.0,2,2727.0,27
rb1805,20170602,20170601,210623500,2727.0,1276,61424,34916880.0,2728.0,7,2726.0,6
rb1805,20170602,20170601,210624000,2727.0,1284,61430,35135000.0,2727.0,2,2726.0,4
rb1805,20170602,20170601,210624500,2726.0,1292,61438,35353080.0,2727.0,7,2725.0,4
rb1805,20170602,20170601,210625500,2725.0,1300,61442,35571080.0,2727.0,13,2723.0,2
rb1805,20170602,20170601,210626000,2725.0,1300,61442,35571080.0,2727.0,14,2723.0,9
rb1805,20170602,20170601,210626500,2725.0,1300,61442,35571080.0,2727.0,9,2724.0,2
rb1805,20170602,20170601,210627000,2725.0,1300,61442,35571080.0,2727.0,9,2724.0,7
rb1805,20170602,20170601,210627500,2725.0,1300,61442,35571080.0,2725.0,1,2724.0,7
rb1805,20170602,20170601,210628000,2725.0,1302,61442,35625580.0,2727.0,14,2725.0,2
rb1805,20170602,20170601,210628500,2725.0,1302,61442,35625580.0,2727.0,14,2723.0,9
rb1805,20170602,20170601,210629500,2725.0,1302,61442,35625580.0,2727.0,14,2723.0,7
rb1805,20170602,20170601,210630000,2725.0,1302,61442,35625580.0,2726.0,11,2723.0,7
rb1805,20170602,20170601,210630500,2725.0,1302,61442,35625580.0,2726.0,16,2723.0,7
rb1805,20170602,20170601,210631500,2723.0,1304,61442,35680040.0,2726.0,16,2723.0,6
rb1805,20170602,20170601,210632000,2723.0,1304,61442,35680040.0,2725.0,5,2723.0,8
rb1805,20170602,20170601,210632500,2725.0,1306,61440,35734540.0,2726.0,27,2723.0,8
rb1805,20170602,20170601,210633000,2725.0,1306,61440,35734540.0,2726.0,27,2723.0,9
rb1805,20170602,20170601,210633500,2725.0,1306,61440,35734540.0,2726.0,27,2725.0,3
rb1805,20170602,20170601,210634000,2725.0,1312,61446,35898040.0,2726.0,25,2723.0,8
rb1805,20170602,20170601,210634500,2725.0,1312,61446,35898040.0,2726.0,25,2723.0,9
rb1805,20170602,20170601,210635000,2725.0,1312,61446,35898040.0,2726.0,25,2724.0,2
rb1805,20170602,20170601,210635500,2724.0,1326,61446,36279600.0,2726.0,20,2724.0,5
rb1805,20170602,20170601,210636000,2726.0,1346,61448,36824800.0,2726.0,10,2725.0,4
rb1805,20170602,20170601,210636500,2726.0,1346,61448,36824800.0,2726.0,10,2725.0,9
rb1805,20170602,20170601,210637000,2726.0,1366,61468,37370000.0,2727.0,7,2725.0,7
rb1805,20170602,20170601,210637500,2726.0,1366,61468,37370000.0,2727.0,7,2725.0,5
rb1805,20170602,20170601,210638500,2726.0,1366,61468,37370000.0,2727.0,2,2725.0,7
rb1805,20170602,20170601,210639000,2726.0,1366,61468,37370000.0,2727.0,2,2726.0,1
rb1805,20170602,20170601,210639500,2726.0,1368,61468,37424520.0,2727.0,9,2725.0,1
rb1805,20170602,20170601,210640000,2725.0,1370,61466,37479020.0,2725.0,6,2724.0,7
rb1805,20170602,20170601,210640500,2725.0,1382,61460,37806020.0,2727.0,2,2725.0,3
rb1805,20170602,20170601,210641000,2725.0,1382,61460,37806020.0,2727.0,7,2725.0,1
rb1805,20170602,20170601,210642000,2725.0,1382,61460,37806020.0,2727.0,7,2725.0,2
rb1805,20170602,20170601,210643000,2725.0,1382,61460,37806020.0,2727.0,7,2725.0,2
rb1805,20170602,20170601,210643500,2725.0,1382,61460,37806020.0,2726.0,1,2725.0,2
rb1805,20170602,20170601,210644000,2726.0,1384,61458,37860540.0,2727.0,7,2725.0,2
rb1805,20170602,20170601,210644500,2727.0,1386,61456,37915080.0,2727.0,6,2725.0,2
rb1805,20170602,20170601,210645000,2727.0,1386,61456,37915080.0,2727.0,6,2726.0,2
rb1805,20170602,20170601,210645500,2727.0,1386,61456,37915080.0,2727.0,1,2726.0,2
rb1805,20170602,20170601,210646500,2727.0,1386,61456,37915080.0,2727.0,1,2726.0,2
rb1805,20170602,20170601,210647000,2727.0,1386,61456,37915080.0,2727.0,1,2726.0,2
rb1805,20170602,20170601,210647500,2726.0,1390,61456,38024120.0,2726.0,4,2725.0,13
rb1805,20170602,20170601,210648000,2726.0,1390,61456,38024120.0,2726.0,4,2725.0,8
rb1805,20170602,20170601,210648500,2726.0,1392,61454,38078640.0,2726.0,3,2725.0,8
rb1805,20170602,20170601,210649000,2726.0,1392,61454,38078640.0,2726.0,3,2725.0,8
rb1805,20170602,20170601,210649500,2726.0,1392,61454,38078640.0,2726.0,3,2725.0,8
rb1805,20170602,20170601,210650000,2726.0,1394,61452,38133160.0,2726.0,5,2725.0,8
rb1805,20170602,20170601,210650500,2726.0,1404,61458,38405760.0,2727.0,2,2726.0,1
rb1805,20170602,20170601,210651000,2725.0,1414,61456,38678280.0,2727.0,2,2725.0,4
rb1805,20170602,20170601,210651500,2725.0,1414,61456,38678280.0,2727.0,2,2725.0,5
rb1805,20170602,20170601,210652000,2725.0,1414,61456,38678280.0,2727.0,1,2726.0,3
rb1805,20170602,20170601,210652500,2727.0,1416,61458,38732820.0,2728.0,17,2727.0,3
rb1805,20170602,20170601,210653000,2728.0,1418,61458,38787380.0,2728.0,16,2726.0,3
rb1805,20170602,20170601,210653500,2728.0,1418,61458,38787380.0,2728.0,16,2727.0,3
rb1805,20170602,20170601,210654000,2727.0,1420,61458,38841920.0,2728.0,12,2726.0,1
rb1805,20170602,20170601,210654500,2727.0,1420,61458,38841920.0,2728.0,1,2726.0,7
rb1805,20170602,20170601,210655000,2728.0,1422,61458,38896480.0,2730.0,6,2726.0,7
rb1805,20170602,20170601,210655500,2728.0,1422,61458,38896480.0,2728.0,4,2727.0,3
rb1805,20170602,20170601,210656000,2728.0,1422,61458,38896480.0,2728.0,6,2727.0,3
rb1805,20170602,20170601,210656500,2728.0,1422,61458,38896480.0,2728.0,2,2727.0,3
rb1805,20170602,20170601,210657000,2727.0,1424,61460,38951020.0,2728.0,4,2727.0,2
rb1805,20170602,20170601,210657500,2727.0,1424,61460,38951020.0,2728.0,6,2727.0,2
rb1805,20170602,20170601,210658000,2727.0,1424,61460,38951020.0,2728.0,2,2727.0,3
rb1805,20170602,20170601,210658500,2727.0,1424,61460,38951020.0,2729.0,3,2727.0,3
rb1805,20170602,20170601,210659000,2729.0,1426,61460,39005600.0,2729.0,2,2728.0,1
rb1805,20170602,20170601,210659500,2728.0,1428,61462,39060160.0,2728.0,1,2727.0,3
rb1805,20170602,20170601,210700000,2728.0,1428,61462,39060160.0,2730.0,11,2728.0,1
rb1805,20170602,20170601,210700500,2728.0,1430,61464,39114720.0,2730.0,18,2727.0,3
rb1805,20170602,20170601,210701000,2728.0,1430,61464,39114720.0,2730.0,18,2728.0,1
rb1805,20170602,20170601,210701500,2728.0,1434,61468,39223840.0,2730.0,19,2727.0,3
rb1805,20170602,20170601,210702000,2728.0,1434,61468,39223840.0,2730.0,19,2727.0,8
rb1805,20170602,20170601,210703000,2727.0,1436,61470,39278380.0,2729.0,2,2727.0,7
rb1805,20170602,20170601,210703500,2727.0,1436,61470,39278380.0,2729.0,6,2727.0,7
rb1805,20170602,20170601,210704000,2727.0,1436,61470,39278380.0,2729.0,6,2728.0,1
rb1805,20170602,20170601,210704500,2727.0,1436,61470,39278380.0,2729.0,2,2728.0,1
rb1805,20170602,20170601,210705000,2728.0,1438,61472,39332940.0,2729.0,2,2727.0,7
rb1805,20170602,20170601,210705500,2728.0,1438,61472,39332940.0,2730.0,19,2727.0,7
rb1805,20170602,20170601,210706000,2728.0,1438,61472,39332940.0,2730.0,19,2727.0,7
rb1805,20170602,20170601,210706500,2728.0,1438,61472,39332940.0,2730.0,11,2728.0,2
rb1805,20170602,20170601,210707000,2728.0,1438,61472,39332940.0,2730.0,11,2728.0,2
rb1805,20170602,20170601,210708000,2728.0,1438,61472,39332940.0,2730.0,7,2728.0,9
rb1805,20170602,20170601,210708500,2728.0,1438,61472,39332940.0,2730.0,7,2728.0,9
rb1805,20170602,20170601,210709000,2728.0,1438,61472,39332940.0,2729.0,11,2728.0,4
rb1805,20170602,20170601,210709500,2728.0,1438,61472,39332940.0,2729.0,11,2728.0,4
rb1805,20170602,20170601,210710000,2728.0,1438,61472,39332940.0,2729.0,11,2728.0,4
rb1805,20170602,20170601,210710500,2728.0,1438,61472,39332940.0,2729.0,11,2728.0,4
rb1805,20170602,20170601,210711000,2729.0,1440,61474,39387520.0,2729.0,10,2728.0,4
rb1805,20170602,20170601,210713000,2729.0,1440,61474,39387520.0,2729.0,10,2728.0,4
rb1805,20170602,20170601,210713500,2729.0,1440,61474,39387520.0,2729.0,10,2728.0,4
rb1805,20170602,20170601,210714000,2729.0,1440,61474,39387520.0,2729.0,10,2728.0,4
rb1805,20170602,20170601,210714500,2729.0,1440,61474,39387520.0,2729.0,10,2728.0,4
rb1805,20170602,20170601,210716000,2729.0,1444,61474,39496680.0,2729.0,8,2728.0,4
rb1805,20170602,20170601,210716500,2729.0,1444,61474,39496680.0,2729.0,8,2728.0,5
rb1805,20170602,20170601,210718000,2729.0,1448,61478,39605840.0,2729.0,6,2728.0,5
rb1805,20170602,20170601,210718500,2729.0,1448,61478,39605840.0,2729.0,6,2728.0,5
rb1805,20170602,20170601,210719500,2729.0,1448,61478,39605840.0,2729.0,6,2728.0,5
rb1805,20170602,20170601,210721500,2729.0,1448,61478,39605840.0,2729.0,6,2728.0,5
rb1805,20170602,20170601,210722500,2729.0,1450,61480,39660420.0,2729.0,5,2728.0,5
rb1805,20170602,20170601,210724500,2729.0,1450,61480,39660420.0,2729.0,5,2728.0,8
rb1805,20170602,20170601,210725000,2729.0,1452,61482,39715000.0,2729.0,4,2728.0,8
rb1805,20170602,20170601,210727500,2729.0,1454,61484,39769580.0,2729.0,3,2728.0,8
rb1805,20170602,20170601,210728000,2729.0,1454,61484,39769580.0,2729.0,7,2728.0,8
rb1805,20170602,20170601,210728500,2728.0,1470,61484,40206060.0,2728.0,4,2727.0,19
rb1805,20170602,20170601,210729000,2728.0,1472,61486,40260620.0,2728.0,7,2727.0,14
rb1805,20170602,20170601,210729500,2728.0,1474,61488,40315180.0,2728.0,4,2727.0,14
rb1805,20170602,20170601,210730000,2728.0,1476,61490,40369740.0,2728.0,3,2727.0,14
rb1805,20170602,20170601,210731000,2728.0,1476,61490,40369740.0,2729.0,9,2727.0,14
rb1805,20170602,20170601,210731500,2728.0,1476,61490,40369740.0,2729.0,15,2727.0,14
rb1805,20170602,20170601,210732000,2728.0,1476,61490,40369740.0,2728.0,2,2727.0,14
rb1805,20170602,20170601,210732500,2728.0,1476,61490,40369740.0,2728.0,3,2727.0,14
rb1805,20170602,20170601,210733000,2727.0,1488,61502,40696980.0,2728.0,3,2727.0,8
rb1805,20170602,20170601,210733500,2728.0,1490,61504,40751540.0,2728.0,2,2727.0,8
rb1805,20170602,20170601,210734000,2728.0,1490,61504,40751540.0,2728.0,3,2727.0,8
rb1805,20170602,20170601,210734500,2728.0,1492,61504,40806100.0,2728.0,2,2727.0,8
rb1805,20170602,20170601,210735000,2728.0,1492,61504,40806100.0,2728.0,3,2727.0,8
rb1805,20170602,20170601,210735500,2728.0,1492,61504,40806100.0,2728.0,3,2727.0,8
rb1805,20170602,20170601,210736500,2728.0,1492,61504,40806100.0,2728.0,3,2727.0,8
rb1805,20170602,20170601,210737000,2727.0,1508,61512,41242420.0,2727.0,6,2726.0,19
rb1805,20170602,20170601,210737500,2727.0,1508,61512,41242420.0,2727.0,5,2726.0,14
rb1805,20170602,20170601,210738000,2727.0,1508,61512,41242420.0,2727.0,5,2726.0,14
rb1805,20170602,20170601,210739000,2727.0,1508,61512,41242420.0,2727.0,9,2726.0,14
rb1805,20170602,20170601,210739500,2726.0,1536,61536,42005700.0,2726.0,1,2725.0,11
rb1805,20170602,20170601,210740000,2726.0,1538,61536,42060220.0,2727.0,5,2726.0,3
rb1805,20170602,20170601,210740500,2726.0,1538,61536,42060220.0,2727.0,9,2725.0,11
rb1805,20170602,20170601,210741000,2727.0,1540,61538,42114760.0,2727.0,8,2725.0,11
rb1805,20170602,20170601,210742000,2725.0,1542,61538,42169260.0,2727.0,8,2725.0,10
rb1805,20170602,20170601,210742500,2725.0,1542,61538,42169260.0,2727.0,3,2725.0,10
rb1805,20170602,20170601,210743000,2725.0,1542,61538,42169260.0,2727.0,3,2726.0,1
rb1805,20170602,20170601,210743500,2726.0,1544,61540,42223780.0,2727.0,10,2726.0,5
rb1805,20170602,20170601,210744000,2726.0,1544,61540,42223780.0,2727.0,3,2725.0,15
rb1805,20170602,20170601,210745500,2725.0,1554,61540,42496280.0,2726.0,4,2725.0,10
rb1805,20170602,20170601,210746000,2726.0,1560,61540,42659840.0,2726.0,1,2725.0,5
rb1805,20170602,20170601,210746500,2726.0,1562,61542,42714360.0,2727.0,3,2726.0,2
rb1805,20170602,20170601,210747000,2726.0,1562,61542,42714360.0,2727.0,3,2726.0,1
rb1805,20170602,20170601,210748500,2726.0,1562,61542,42714360.0,2727.0,3,2726.0,1
rb1805,20170602,20170601,210750000,2726.0,1562,61542,42714360.0,2727.0,3,2726.0,1
rb1805,20170602,20170601,210750500,2726.0,1564,61542,42768880.0,2726.0,9,2725.0,5
rb1805,20170602,20170601,210751000,2726.0,1566,61540,42823400.0,2726.0,8,2725.0,5
rb1805,20170602,20170601,210752500,2726.0,1566,61540,42823400.0,2726.0,8,2725.0,5
rb1805,20170602,20170601,210754000,2726.0,1574,61534,43041480.0,2726.0,4,2725.0,5
rb1805,20170602,20170601,210754500,2726.0,1574,61534,43041480.0,2726.0,4,2725.0,5
rb1805,20170602,20170601,210758500,2725.0,1578,61538,43150480.0,2726.0,4,2725.0,3
rb1805,20170602,20170601,210759000,2726.0,1580,61538,43205000.0,2726.0,4,2725.0,3
rb1805,20170602,20170601,210759500,2726.0,1582,61538,43259520.0,2726.0,3,2725.0,3
rb1805,20170602,20170601,210800000,2726.0,1582,61538,43259520.0,2726.0,3,2725.0,3
rb1805,20170602,20170601,210800500,2726.0,1582,61538,43259520.0,2726.0,3,2725.0,3
rb1805,20170602,20170601,210801500,2726.0,1582,61538,43259520.0,2726.0,3,2725.0,3
rb1805,20170602,20170601,210802000,2726.0,1582,61538,43259520.0,2726.0,3,2725.0,3
rb1805,20170602,20170601,210802500,2726.0,1582,61538,43259520.0,2726.0,3,2725.0,3
rb1805,20170602,20170601,210803000,2726.0,1582,61538,43259520.0,2726.0,3,2725.0,3
rb1805,20170602,20170601,210803500,2726.0,1582,61538,43259520.0,2726.0,3,2725.0,3
rb1805,20170602,20170601,210804000,2726.0,1584,61536,43314040.0,2726.0,2,2725.0,4
rb1805,20170602,20170601,210804500,2726.0,1584,61536,43314040.0,2726.0,2,2725.0,14
rb1805,20170602,20170601,210805500,2726.0,1588,61532,43423080.0,2728.0,1,2725.0,19
rb1805,20170602,20170601,210806000,2726.0,1588,61532,43423080.0,2728.0,3,2725.0,19
rb1805,20170602,20170601,210806500,2726.0,1588,61532,43423080.0,2728.0,3,2726.0,4
rb1805,20170602,20170601,210807000,2726.0,1588,61532,43423080.0,2728.0,3,2726.0,4
rb1805,20170602,20170601,210807500,2726.0,1588,61532,43423080.0,2728.0,3,2726.0,4
rb1805,20170602,20170601,210808000,2726.0,1588,61532,43423080.0,2728.0,3,2726.0,4
rb1805,20170602,20170601,210808500,2726.0,1588,61532,43423080.0,2728.0,3,2726.0,4
rb1805,20170602,20170601,210810000,2726.0,1588,61532,43423080.0,2728.0,3,2726.0,4
rb1805,20170602,20170601,210811000,2726.0,1588,61532,43423080.0,2728.0,3,2726.0,3
rb1805,20170602,20170601,210811500,2726.0,1590,61532,43477600.0,2728.0,3,2726.0,2
rb1805,20170602,20170601,210812500,2726.0,1590,61532,43477600.0,2728.0,1,2726.0,2
rb1805,20170602,20170601,210814500,2726.0,1590,61532,43477600.0,2728.0,1,2726.0,2
rb1805,20170602,20170601,210815000,2726.0,1590,61532,43477600.0,2728.0,1,2726.0,7
rb1805,20170602,20170601,210816000,2726.0,1590,61532,43477600.0,2729.0,5,2726.0,7
rb1805,20170602,20170601,210816500,2726.0,1590,61532,43477600.0,2729.0,5,2726.0,7
rb1805,20170602,20170601,210818000,2726.0,1590,61532,43477600.0,2729.0,1,2726.0,7
rb1805,20170602,20170601,210819000,2726.0,1590,61532,43477600.0,2729.0,1,2726.0,7
rb1805,20170602,20170601,210819500,2726.0,1590,61532,43477600.0,2729.0,1,2726.0,7
rb1805,20170602,20170601,210820000,2726.0,1590,61532,43477600.0,2729.0,1,2728.0,2
rb1805,20170602,20170601,210820500,2726.0,1590,61532,43477600.0,2729.0,1,2728.0,4
rb1805,20170602,20170601,210821000,2729.0,1592,61532,43532180.0,2730.0,10,2729.0,5
rb1805,20170602,20170601,210821500,2730.0,1594,61532,43586780.0,2730.0,5,2729.0,5
rb1805,20170602,20170601,210822000,2730.0,1594,61532,43586780.0,2730.0,5,2729.0,205
rb1805,20170602,20170601,210823000,2730.0,1594,61532,43586780.0,2730.0,5,2729.0,205
rb1805,20170602,20170601,210823500,2730.0,1594,61532,43586780.0,2730.0,5,2729.0,205
rb1805,20170602,20170601,210824000,2730.0,1594,61532,43586780.0,2730.0,5,2729.0,205
rb1805,20170602,20170601,210824500,2730.0,1596,61532,43641380.0,2730.0,4,2729.0,205
rb1805,20170602,20170601,210825000,2729.0,1600,61534,43750540.0,2730.0,5,2729.0,203
rb1805,20170602,20170601,210825500,2730.0,1602,61534,43805140.0,2730.0,3,2729.0,203
rb1805,20170602,20170601,210826000,2730.0,1604,61534,43859740.0,2730.0,2,2729.0,203
rb1805,20170602,20170601,210826500,2730.0,1604,61534,43859740.0,2730.0,2,2729.0,203
rb1805,20170602,20170601,210827500,2730.0,1604,61534,43859740.0,2730.0,2,2729.0,203
rb1805,20170602,20170601,210828000,2729.0,1608,61534,43968900.0,2730.0,2,2729.0,201
rb1805,20170602,20170601,210828500,2730.0,1612,61532,44078100.0,2731.0,48,2729.0,201
rb1805,20170602,20170601,210829000,2730.0,1612,61532,44078100.0,2731.0,49,2729.0,201
rb1805,20170602,20170601,210830500,2730.0,1612,61532,44078100.0,2731.0,49,2729.0,201
rb1805,20170602,20170601,210831000,2730.0,1612,61532,44078100.0,2731.0,49,2729.0,201
rb1805,20170602,20170601,210832000,2729.0,1630,61532,44569320.0,2731.0,49,2729.0,192
rb1805,20170602,20170601,210832500,2729.0,1638,61538,44787640.0,2730.0,4,2729.0,188
rb1805,20170602,20170601,210833000,2730.0,1640,61538,44842240.0,2730.0,13,2729.0,188
rb1805,20170602,20170601,210833500,2729.0,1668,61558,45606360.0,2730.0,5,2729.0,174
rb1805,20170602,20170601,210834000,2729.0,1692,61582,46261320.0,2730.0,6,2729.0,162
rb1805,20170602,20170601,210834500,2729.0,1692,61582,46261320.0,2730.0,5,2729.0,162
rb1805,20170602,20170601,210835000,2730.0,1696,61580,46370520.0,2730.0,4,2729.0,162
rb1805,20170602,20170601,210835500,2729.0,1872,61756,51173560.0,2730.0,9,2729.0,74
rb1805,20170602,20170601,210836000,2729.0,1872,61756,51173560.0,2730.0,4,2729.0,74
rb1805,20170602,20170601,210836500,2729.0,1880,61764,51391880.0,2730.0,6,2729.0,70
rb1805,20170602,20170601,210837000,2729.0,1880,61764,51391880.0,2730.0,3,2729.0,70
rb1805,20170602,20170601,210837500,2729.0,1888,61772,51610200.0,2730.0,6,2729.0,66
rb1805,20170602,20170601,210838000,2729.0,1888,61772,51610200.0,2730.0,3,2729.0,66
rb1805,20170602,20170601,210838500,2729.0,1888,61772,51610200.0,2730.0,3,2729.0,66
rb1805,20170602,20170601,210839500,2729.0,1946,61830,53193020.0,2730.0,10,2729.0,42
rb1805,20170602,20170601,210840000,2729.0,1946,61830,53193020.0,2730.0,3,2729.0,42
rb1805,20170602,20170601,210840500,2729.0,1946,61830,53193020.0,2730.0,1,2729.0,42
rb1805,20170602,20170601,210841000,2729.0,1946,61830,53193020.0,2730.0,1,2729.0,37
rb1805,20170602,20170601,210841500,2730.0,1948,61828,53247620.0,2731.0,49,2729.0,37
rb1805,20170602,20170601,210842000,2729.0,1984,61864,54230060.0,2730.0,7,2729.0,19
rb1805,20170602,20170601,210842500,2729.0,1984,61864,54230060.0,2730.0,4,2729.0,19
rb1805,20170602,20170601,210843000,2729.0,1984,61864,54230060.0,2730.0,2,2729.0,19
rb1805,20170602,20170601,210843500,2730.0,1986,61864,54284660.0,2730.0,1,2729.0,19
rb1805,20170602,20170601,210845000,2730.0,1986,61864,54284660.0,2730.0,2,2729.0,19
rb1805,20170602,20170601,210845500,2729.0,2024,61892,55321680.0,2730.0,8,2727.0,2
rb1805,20170602,20170601,210846000,2729.0,2024,61892,55321680.0,2729.0,1,2727.0,7
rb1805,20170602,20170601,210846500,2729.0,2024,61892,55321680.0,2729.0,2,2727.0,2
rb1805,20170602,20170601,210847000,2729.0,2024,61892,55321680.0,2729.0,2,2727.0,2
rb1805,20170602,20170601,210847500,2729.0,2024,61892,55321680.0,2729.0,3,2727.0,2
rb1805,20170602,20170601,210848000,2729.0,2024,61892,55321680.0,2729.0,1,2727.0,7
rb1805,20170602,20170601,210848500,2729.0,2024,61892,55321680.0,2729.0,2,2727.0,7
rb1805,20170602,20170601,210849000,2727.0,2038,61896,55703460.0,2728.0,5,2727.0,4
rb1805,20170602,20170601,210849500,2728.0,2040,61898,55758020.0,2729.0,2,2727.0,4
rb1805,20170602,20170601,210850000,2728.0,2040,61898,55758020.0,2729.0,1,2727.0,4
rb1805,20170602,20170601,210850500,2728.0,2040,61898,55758020.0,2730.0,3,2727.0,4
rb1805,20170602,20170601,210851000,2728.0,2040,61898,55758020.0,2730.0,5,2727.0,4
rb1805,20170602,20170601,210851500,2728.0,2040,61898,55758020.0,2730.0,8,2727.0,6
rb1805,20170602,20170601,210852000,2728.0,2040,61898,55758020.0,2730.0,6,2727.0,6
rb1805,20170602,20170601,210852500,2728.0,2040,61898,55758020.0,2730.0,6,2728.0,2
rb1805,20170602,20170601,210854500,2728.0,2040,61898,55758020.0,2730.0,6,2728.0,2
rb1805,20170602,20170601,210855500,2728.0,2040,61898,55758020.0,2730.0,6,2728.0,2
rb1805,20170602,20170601,210856000,2730.0,2042,61898,55812620.0,2730.0,10,2728.0,2
rb1805,20170602,20170601,210856500,2730.0,2042,61898,55812620.0,2730.0,10,2728.0,2
rb1805,20170602,20170601,210857500,2730.0,2042,61898,55812620.0,2730.0,10,2728.0,2
rb1805,20170602,20170601,210858000,2730.0,2042,61898,55812620.0,2730.0,10,2728.0,7
rb1805,20170602,20170601,210858500,2730.0,2042,61898,55812620.0,2730.0,10,2728.0,7
rb1805,20170602,20170601,210859500,2730.0,2042,61898,55812620.0,2730.0,5,2728.0,7
rb1805,20170602,20170601,210900000,2730.0,2046,61902,55921820.0,2730.0,3,2728.0,9
rb1805,20170602,20170601,210900500,2730.0,2046,61902,55921820.0,2730.0,3,2728.0,9
rb1805,20170602,20170601,210902000,2730.0,2046,61902,55921820.0,2730.0,3,2729.0,5
rb1805,20170602,20170601,210902500,2730.0,2046,61902,55921820.0,2730.0,3,2729.0,7
rb1805,20170602,20170601,210904000,2730.0,2048,61904,55976420.0,2730.0,2,2729.0,7
rb1805,20170602,20170601,210904500,2730.0,2048,61904,55976420.0,2730.0,2,2729.0,7
rb1805,20170602,20170601,210905500,2730.0,2048,61904,55976420.0,2731.0,49,2729.0,7
rb1805,20170602,20170601,210907000,2730.0,2048,61904,55976420.0,2731.0,49,2729.0,7
rb1805,20170602,20170601,210909500,2730.0,2048,61904,55976420.0,2731.0,49,2729.0,7
rb1805,20170602,20170601,210910000,2730.0,2048,61904,55976420.0,2731.0,49,2730.0,10
rb1805,20170602,20170601,210910500,2730.0,2048,61904,55976420.0,2731.0,48,2730.0,10
rb1805,20170602,20170601,210912000,2730.0,2050,61906,56031020.0,2731.0,48,2730.0,9
rb1805,20170602,20170601,210912500,2731.0,2068,61888,56522600.0,2731.0,39,2730.0,14
rb1805,20170602,20170601,210913000,2731.0,2078,61878,56795700.0,2731.0,34,2730.0,14
rb1805,20170602,20170601,210913500,2730.0,2084,61878,56959500.0,2731.0,34,2730.0,11
rb1805,20170602,20170601,210914000,2730.0,2084,61878,56959500.0,2731.0,34,2730.0,11
rb1805,20170602,20170601,210914500,2730.0,2084,61878,56959500.0,2731.0,34,2730.0,12
rb1805,20170602,20170601,210915000,2730.0,2084,61878,56959500.0,2731.0,34,2730.0,12
rb1805,20170602,20170601,210915500,2730.0,2084,61878,56959500.0,2731.0,34,2730.0,12
rb1805,20170602,20170601,210916500,2730.0,2084,61878,56959500.0,2731.0,34,2730.0,7
rb1805,20170602,20170601,210918000,2730.0,2084,61878,56959500.0,2731.0,34,2730.0,7
rb1805,20170602,20170601,210918500,2730.0,2098,61892,57341700.0,2731.0,34,2729.0,5
rb1805,20170602,20170601,210919000,2730.0,2098,61892,57341700.0,2731.0,34,2729.0,5
rb1805,20170602,20170601,210920000,2730.0,2098,61892,57341700.0,2731.0,34,2729.0,7
rb1805,20170602,20170601,210920500,2730.0,2098,61892,57341700.0,2731.0,34,2729.0,12
rb1805,20170602,20170601,210921000,2730.0,2098,61892,57341700.0,2731.0,39,2729.0,6
rb1805,20170602,20170601,210921500,2731.0,2100,61890,57396320.0,2731.0,38,2729.0,6
rb1805,20170602,20170601,210923500,2731.0,2100,61890,57396320.0,2731.0,39,2729.0,6
rb1805,20170602,20170601,210924000,2731.0,2100,61890,57396320.0,2731.0,39,2729.0,6
rb1805,20170602,20170601,210924500,2731.0,2100,61890,57396320.0,2731.0,39,2729.0,6
rb1805,20170602,20170601,210926500,2731.0,2100,61890,57396320.0,2731.0,34,2729.0,11
rb1805,20170602,20170601,210927000,2731.0,2100,61890,57396320.0,2731.0,34,2729.0,12
rb1805,20170602,20170601,210928000,2731.0,2104,61890,57505560.0,2731.0,32,2729.0,12
rb1805,20170602,20170601,210928500,2731.0,2104,61890,57505560.0,2731.0,32,2730.0,1
rb1805,20170602,20170601,210929000,2730.0,2106,61892,57560160.0,2730.0,1,2729.0,12
rb1805,20170602,20170601,210929500,2730.0,2106,61892,57560160.0,2730.0,1,2729.0,14
rb1805,20170602,20170601,210930000,2730.0,2106,61892,57560160.0,2731.0,32,2729.0,14
rb1805,20170602,20170601,210935500,2730.0,2106,61892,57560160.0,2731.0,32,2729.0,14
rb1805,20170602,20170601,210937500,2730.0,2106,61892,57560160.0,2731.0,32,2729.0,14
rb1805,20170602,20170601,210938500,2731.0,2108,61892,57614780.0,2731.0,31,2729.0,14
rb1805,20170602,20170601,210939500,2731.0,2108,61892,57614780.0,2731.0,31,2729.0,14
rb1805,20170602,20170601,210942000,2731.0,2108,61892,57614780.0,2731.0,31,2730.0,2
rb1805,20170602,20170601,210943000,2731.0,2108,61892,57614780.0,2731.0,31,2730.0,2
rb1805,20170602,20170601,210943500,2731.0,2108,61892,57614780.0,2731.0,31,2730.0,2
rb1805,20170602,20170601,210944500,2730.0,2112,61896,57723980.0,2730.0,1,2729.0,12
rb1805,20170602,20170601,210945000,2730.0,2112,61896,57723980.0,2730.0,1,2729.0,7
rb1805,20170602,20170601,210946000,2730.0,2114,61898,57778580.0,2730.0,1,2729.0,6
rb1805,20170602,20170601,210947000,2730.0,2116,61900,57833180.0,2731.0,31,2730.0,1
rb1805,20170602,20170601,210947500,2730.0,2118,61902,57887780.0,2730.0,2,2729.0,6
rb1805,20170602,20170601,210948000,2730.0,2120,61904,57942380.0,2730.0,1,2729.0,6
rb1805,20170602,20170601,210950000,2730.0,2122,61906,57996980.0,2730.0,5,2729.0,6
rb1805,20170602,20170601,210952000,2730.0,2124,61906,58051580.0,2730.0,5,2729.0,6
rb1805,20170602,20170601,210952500,2730.0,2124,61906,58051580.0,2730.0,5,2729.0,6
rb1805,20170602,20170601,210953000,2729.0,2136,61918,58379060.0,2730.0,5,2728.0,7
rb1805,20170602,20170601,210953500,2729.0,2136,61918,58379060.0,2730.0,5,2728.0,7
rb1805,20170602,20170601,210954500,2730.0,2138,61918,58433660.0,2730.0,4,2728.0,7
rb1805,20170602,20170601,210955000,2730.0,2138,61918,58433660.0,2730.0,1,2728.0,7
rb1805,20170602,20170601,210955500,2730.0,2138,61918,58433660.0,2730.0,1,2728.0,7
rb1805,20170602,20170601,210957500,2730.0,2140,61918,58488260.0,2731.0,31,2730.0,1
rb1805,20170602,20170601,210958000,2730.0,2144,61920,58597460.0,2730.0,2,2728.0,7
rb1805,20170602,20170601,210958500,2730.0,2144,61920,58597460.0,2730.0,1,2728.0,7
rb1805,20170602,20170601,210959000,2730.0,2144,61920,58597460.0,2731.0,31,2728.0,7
rb1805,20170602,20170601,210959500,2730.0,2144,61920,58597460.0,2731.0,34,2728.0,9
rb1805,20170602,20170601,211001000,2730.0,2144,61920,58597460.0,2731.0,31,2728.0,9
rb1805,20170602,20170601,211001500,2730.0,2144,61920,58597460.0,2731.0,31,2728.0,9
rb1805,20170602,20170601,211002500,2730.0,2144,61920,58597460.0,2731.0,31,2730.0,2
rb1805,20170602,20170601,211003000,2730.0,2148,61924,58706660.0,2730.0,2,2728.0,9
rb1805,20170602,20170601,211003500,2730.0,2148,61924,58706660.0,2731.0,31,2728.0,9
rb1805,20170602,20170601,211004000,2730.0,2148,61924,58706660.0,2731.0,34,2728.0,9
rb1805,20170602,20170601,211004500,2730.0,2148,61924,58706660.0,2731.0,34,2729.0,2
rb1805,20170602,20170601,211005000,2730.0,2148,61924,58706660.0,2731.0,34,2729.0,3
rb1805,20170602,20170601,211006000,2730.0,2148,61924,58706660.0,2731.0,34,2729.0,3
rb1805,20170602,20170601,211006500,2730.0,2148,61924,58706660.0,2731.0,34,2729.0,3
rb1805,20170602,20170601,211008000,2730.0,2148,61924,58706660.0,2731.0,34,2729.0,3
rb1805,20170602,20170601,211008500,2730.0,2148,61924,58706660.0,2730.0,5,2729.0,3
rb1805,20170602,20170601,211009000,2730.0,2148,61924,58706660.0,2730.0,5,2729.0,3
rb1805,20170602,20170601,211009500,2730.0,2148,61924,58706660.0,2730.0,7,2729.0,3
rb1805,20170602,20170601,211010000,2730.0,2148,61924,58706660.0,2730.0,7,2729.0,3
rb1805,20170602,20170601,211011500,2729.0,2154,61926,58870400.0,2730.0,7,2728.0,9
rb1805,20170602,20170601,211012500,2729.0,2154,61926,58870400.0,2730.0,7,2729.0,1
rb1805,20170602,20170601,211013000,2729.0,2156,61928,58924980.0,2730.0,7,2728.0,9
rb1805,20170602,20170601,211014500,2729.0,2156,61928,58924980.0,2730.0,7,2728.0,9
rb1805,20170602,20170601,211016000,2729.0,2156,61928,58924980.0,2730.0,7,2728.0,9
rb1805,20170602,20170601,211017000,2729.0,2156,61928,58924980.0,2730.0,7,2728.0,8
rb1805,20170602,20170601,211019000,2729.0,2156,61928,58924980.0,2730.0,7,2728.0,8
rb1805,20170602,20170601,211019500,2729.0,2156,61928,58924980.0,2729.0,5,2728.0,8
rb1805,20170602,20170601,211020500,2729.0,2158,61928,58979560.0,2729.0,4,2728.0,8
rb1805,20170602,20170601,211021000,2729.0,2158,61928,58979560.0,2729.0,4,2728.0,10
rb1805,20170602,20170601,211023000,2729.0,2160,61928,59034140.0,2729.0,3,2728.0,10
rb1805,20170602,20170601,211024000,2729.0,2160,61928,59034140.0,2729.0,3,2728.0,11
rb1805,20170602,20170601,211024500,2729.0,2164,61924,59143300.0,2729.0,1,2728.0,11
rb1805,20170602,20170601,211025000,2729.0,2166,61924,59197880.0,2730.0,2,2729.0,2
rb1805,20170602,20170601,211025500,2729.0,2166,61924,59197880.0,2730.0,2,2728.0,6
rb1805,20170602,20170601,211026000,2729.0,2166,61924,59197880.0,2730.0,2,2729.0,2
rb1805,20170602,20170601,211027000,2729.0,2166,61924,59197880.0,2730.0,2,2729.0,7
rb1805,20170602,20170601,211027500,2729.0,2166,61924,59197880.0,2730.0,2,2729.0,10
rb1805,20170602,20170601,211028000,2730.0,2170,61928,59307080.0,2731.0,33,2730.0,4
rb1805,20170602,20170601,211028500,2730.0,2170,61928,59307080.0,2731.0,30,2729.0,10
rb1805,20170602,20170601,211029000,2730.0,2170,61928,59307080.0,2731.0,30,2729.0,10
rb1805,20170602,20170601,211030000,2730.0,2170,61928,59307080.0,2731.0,30,2729.0,11
rb1805,20170602,20170601,211030500,2731.0,2172,61928,59361700.0,2731.0,29,2729.0,11
rb1805,20170602,20170601,211031000,2731.0,2172,61928,59361700.0,2731.0,29,2729.0,11
rb1805,20170602,20170601,211031500,2731.0,2172,61928,59361700.0,2731.0,29,2729.0,11
rb1805,20170602,20170601,211032000,2731.0,2172,61928,59361700.0,2731.0,29,2729.0,11
rb1805,20170602,20170601,211032500,2731.0,2172,61928,59361700.0,2731.0,29,2729.0,11
rb1805,20170602,20170601,211035000,2731.0,2172,61928,59361700.0,2731.0,29,2729.0,11
rb1805,20170602,20170601,211035500,2731.0,2172,61928,59361700.0,2731.0,29,2730.0,1
rb1805,20170602,20170601,211036000,2730.0,2174,61928,59416300.0,2731.0,29,2729.0,11
rb1805,20170602,20170601,211039000,2730.0,2174,61928,59416300.0,2731.0,29,2729.0,11
rb1805,20170602,20170601,211039500,2730.0,2174,61928,59416300.0,2731.0,29,2729.0,11
rb1805,20170602,20170601,211041500,2730.0,2174,61928,59416300.0,2731.0,29,2730.0,1
rb1805,20170602,20170601,211042500,2730.0,2174,61928,59416300.0,2731.0,29,2730.0,1
rb1805,20170602,20170601,211043000,2730.0,2176,61928,59470900.0,2730.0,1,2729.0,9
rb1805,20170602,20170601,211043500,2730.0,2176,61928,59470900.0,2731.0,29,2730.0,3
rb1805,20170602,20170601,211044000,2730.0,2176,61928,59470900.0,2730.0,24,2729.0,11
rb1805,20170602,20170601,211044500,2730.0,2182,61928,59634700.0,2730.0,21,2729.0,9
rb1805,20170602,20170601,211045000,2730.0,2182,61928,59634700.0,2730.0,21,2729.0,9
rb1805,20170602,20170601,211047000,2730.0,2224,61958,60781300.0,2731.0,29,2730.0,4
rb1805,20170602,20170601,211049000,2730.0,2224,61958,60781300.0,2731.0,29,2729.0,11
rb1805,20170602,20170601,211049500,2730.0,2224,61958,60781300.0,2731.0,29,2730.0,2
rb1805,20170602,20170601,211050000,2730.0,2224,61958,60781300.0,2731.0,29,2730.0,2
rb1805,20170602,20170601,211050500,2730.0,2224,61958,60781300.0,2731.0,29,2730.0,3
rb1805,20170602,20170601,211051500,2730.0,2224,61958,60781300.0,2731.0,29,2730.0,3
rb1805,20170602,20170601,211052000,2730.0,2224,61958,60781300.0,2731.0,29,2730.0,1
rb1805,20170602,20170601,211052500,2730.0,2226,61958,60835900.0,2731.0,29,2729.0,11
rb1805,20170602,20170601,211053000,2730.0,2226,61958,60835900.0,2731.0,29,2729.0,11
rb1805,20170602,20170601,211055000,2730.0,2226,61958,60835900.0,2731.0,29,2730.0,1
rb1805,20170602,20170601,211055500,2730.0,2228,61958,60890500.0,2731.0,29,2729.0,11
rb1805,20170602,20170601,211057000,2730.0,2228,61958,60890500.0,2731.0,29,2729.0,9
rb1805,20170602,20170601,211058000,2730.0,2228,61958,60890500.0,2731.0,29,2729.0,9
rb1805,20170602,20170601,211058500,2730.0,2228,61958,60890500.0,2731.0,29,2729.0,9
rb1805,20170602,20170601,211059000,2730.0,2228,61958,60890500.0,2731.0,29,2729.0,9
rb1805,20170602,20170601,211059500,2730.0,2228,61958,60890500.0,2731.0,29,2729.0,9
rb1805,20170602,20170601,211100000,2730.0,2228,61958,60890500.0,2731.0,29,2729.0,9
rb1805,20170602,20170601,211101000,2730.0,2228,61958,60890500.0,2731.0,29,2729.0,10
rb1805,20170602,20170601,211102000,2730.0,2228,61958,60890500.0,2731.0,29,2729.0,10
rb1805,20170602,20170601,211103000,2730.0,2228,61958,60890500.0,2731.0,29,2730.0,1
rb1805,20170602,20170601,211105000,2730.0,2228,61958,60890500.0,2731.0,29,2730.0,1
rb1805,20170602,20170601,211106000,2730.0,2228,61958,60890500.0,2731.0,29,2730.0,1
rb1805,20170602,20170601,211107500,2731.0,2232,61958,60999740.0,2731.0,27,2730.0,1
rb1805,20170602,20170601,211109500,2731.0,2232,61958,60999740.0,2731.0,27,2730.0,6
rb1805,20170602,20170601,211110000,2731.0,2232,61958,60999740.0,2731.0,27,2730.0,6
rb1805,20170602,20170601,211111000,2730.0,2244,61958,61327340.0,2730.0,3,2729.0,9
rb1805,20170602,20170601,211111500,2730.0,2244,61958,61327340.0,2731.0,27,2729.0,11
rb1805,20170602,20170601,211112500,2730.0,2244,61958,61327340.0,2731.0,27,2730.0,1
rb1805,20170602,20170601,211113000,2730.0,2244,61958,61327340.0,2731.0,27,2730.0,1
rb1805,20170602,20170601,211113500,2730.0,2244,61958,61327340.0,2731.0,27,2730.0,1
rb1805,20170602,20170601,211115000,2730.0,2244,61958,61327340.0,2731.0,27,2730.0,6
rb1805,20170602,20170601,211116000,2730.0,2244,61958,61327340.0,2731.0,27,2730.0,6
rb1805,20170602,20170601,211118000,2730.0,2244,61958,61327340.0,2731.0,27,2730.0,6
rb1805,20170602,20170601,211119000,2730.0,2244,61958,61327340.0,2731.0,27,2730.0,6
rb1805,20170602,20170601,211121000,2730.0,2244,61958,61327340.0,2731.0,27,2730.0,6
rb1805,20170602,20170601,211123500,2730.0,2244,61958,61327340.0,2731.0,27,2730.0,7
rb1805,20170602,20170601,211124000,2731.0,2248,61954,61436580.0,2731.0,25,2730.0,9
rb1805,20170602,20170601,211124500,2731.0,2248,61954,61436580.0,2731.0,25,2730.0,9
rb1805,20170602,20170601,211125000,2731.0,2266,61940,61928160.0,2731.0,16,2730.0,9
rb1805,20170602,20170601,211125500,2731.0,2294,61936,62692840.0,2731.0,2,2730.0,9
rb1805,20170602,20170601,211126000,2731.0,2298,61936,62802080.0,2733.0,2,2731.0,17
rb1805,20170602,20170601,211126500,2731.0,2298,61936,62802080.0,2733.0,2,2731.0,7
rb1805,20170602,20170601,211127000,2731.0,2298,61936,62802080.0,2733.0,2,2731.0,7
rb1805,20170602,20170601,211127500,2731.0,2298,61936,62802080.0,2733.0,2,2730.0,9
rb1805,20170602,20170601,211128000,2731.0,2298,61936,62802080.0,2733.0,7,2730.0,9
rb1805,20170602,20170601,211128500,2731.0,2298,61936,62802080.0,2733.0,7,2730.0,9
rb1805,20170602,20170601,211129000,2731.0,2298,61936,62802080.0,2733.0,7,2731.0,1
rb1805,20170602,20170601,211129500,2731.0,2298,61936,62802080.0,2733.0,7,2731.0,6
rb1805,20170602,20170601,211130000,2733.0,2300,61936,62856740.0,2733.0,6,2731.0,6
rb1805,20170602,20170601,211130500,2733.0,2300,61936,62856740.0,2733.0,1,2731.0,8
rb1805,20170602,20170601,211131500,2733.0,2300,61936,62856740.0,2733.0,2,2731.0,8
rb1805,20170602,20170601,211132500,2733.0,2300,61936,62856740.0,2733.0,2,2731.0,8
rb1805,20170602,20170601,211137000,2733.0,2300,61936,62856740.0,2733.0,2,2731.0,8
rb1805,20170602,20170601,211137500,2733.0,2300,61936,62856740.0,2733.0,2,2731.0,9
rb1805,20170602,20170601,211138000,2733.0,2300,61936,62856740.0,2733.0,3,2731.0,9
rb1805,20170602,20170601,211139000,2733.0,2300,61936,62856740.0,2733.0,4,2731.0,9
rb1805,20170602,20170601,211139500,2733.0,2300,61936,62856740.0,2733.0,4,2731.0,10
rb1805,20170602,20170601,211141500,2733.0,2300,61936,62856740.0,2733.0,4,2731.0,10
rb1805,20170602,20170601,211142000,2733.0,2302,61936,62911400.0,2733.0,8,2731.0,5
rb1805,20170602,20170601,211142500,2733.0,2302,61936,62911400.0,2733.0,8,2731.0,3
rb1805,20170602,20170601,211143000,2733.0,2302,61936,62911400.0,2733.0,8,2731.0,2
rb1805,20170602,20170601,211143500,2733.0,2302,61936,62911400.0,2733.0,14,2731.0,2
rb1805,20170602,20170601,211144000,2731.0,2306,61934,63020640.0,2733.0,14,2730.0,10
rb1805,20170602,20170601,211146000,2731.0,2306,61934,63020640.0,2733.0,14,2730.0,10
rb1805,20170602,20170601,211146500,2733.0,2308,61934,63075300.0,2733.0,13,2731.0,2
rb1805,20170602,20170601,211147500,2733.0,2308,61934,63075300.0,2733.0,13,2731.0,2
rb1805,20170602,20170601,211149000,2733.0,2308,61934,63075300.0,2733.0,12,2731.0,2
rb1805,20170602,20170601,211149500,2733.0,2308,61934,63075300.0,2733.0,12,2731.0,7
rb1805,20170602,20170601,211151000,2733.0,2308,61934,63075300.0,2733.0,12,2731.0,7
rb1805,20170602,20170601,211151500,2733.0,2308,61934,63075300.0,2733.0,6,2731.0,7
rb1805,20170602,20170601,211152000,2731.0,2310,61934,63129920.0,2733.0,6,2731.0,6
rb1805,20170602,20170601,211153000,2731.0,2310,61934,63129920.0,2733.0,1,2731.0,6
rb1805,20170602,20170601,211155500,2731.0,2310,61934,63129920.0,2733.0,1,2732.0,1
rb1805,20170602,20170601,211156000,2731.0,2310,61934,63129920.0,2733.0,1,2732.0,6
rb1805,20170602,20170601,211156500,2733.0,2312,61934,63184580.0,2734.0,1,2733.0,2
rb1805,20170602,20170601,211157000,2733.0,2312,61934,63184580.0,2734.0,1,2732.0,8
rb1805,20170602,20170601,211158000,2733.0,2312,61934,63184580.0,2734.0,1,2732.0,8
rb1805,20170602,20170601,211158500,2733.0,2312,61934,63184580.0,2734.0,1,2732.0,6
rb1805,20170602,20170601,211159000,2733.0,2312,61934,63184580.0,2734.0,6,2732.0,6
rb1805,20170602,20170601,211159500,2733.0,2312,61934,63184580.0,2734.0,6,2732.0,1
rb1805,20170602,20170601,211200000,2733.0,2312,61934,63184580.0,2733.0,1,2732.0,1
rb1805,20170602,20170601,211200500,2733.0,2312,61934,63184580.0,2733.0,6,2732.0,1
rb1805,20170602,20170601,211201000,2732.0,2314,61934,63239220.0,2733.0,8,2731.0,5
rb1805,20170602,20170601,211201500,2732.0,2314,61934,63239220.0,2732.0,1,2731.0,5
rb1805,20170602,20170601,211202000,2732.0,2316,61934,63293860.0,2733.0,1,2732.0,2
rb1805,20170602,20170601,211202500,2732.0,2316,61934,63293860.0,2733.0,1,2731.0,7
rb1805,20170602,20170601,211207500,2732.0,2316,61934,63293860.0,2733.0,1,2731.0,7
rb1805,20170602,20170601,211209000,2732.0,2316,61934,63293860.0,2733.0,1,2732.0,1
rb1805,20170602,20170601,211209500,2732.0,2318,61936,63348500.0,2733.0,1,2731.0,7
rb1805,20170602,20170601,211210000,2731.0,2332,61944,63730840.0,2733.0,2,2730.0,8
rb1805,20170602,20170601,211210500,2731.0,2332,61944,63730840.0,2733.0,6,2730.0,8
rb1805,20170602,20170601,211215000,2731.0,2332,61944,63730840.0,2733.0,6,2730.0,9
rb1805,20170602,20170601,211215500,2731.0,2332,61944,63730840.0,2733.0,5,2731.0,1
rb1805,20170602,20170601,211216000,2731.0,2332,61944,63730840.0,2733.0,5,2731.0,3
rb1805,20170602,20170601,211216500,2731.0,2332,61944,63730840.0,2733.0,5,2731.0,4
rb1805,20170602,20170601,211217000,2731.0,2334,61944,63785460.0,2733.0,5,2731.0,3
rb1805,20170602,20170601,211220000,2731.0,2334,61944,63785460.0,2733.0,5,2731.0,3
rb1805,20170602,20170601,211221000,2731.0,2334,61944,63785460.0,2734.0,6,2731.0,3
rb1805,20170602,20170601,211221500,2731.0,2338,61944,63894700.0,2734.0,8,2731.0,1
rb1805,20170602,20170601,211224000,2731.0,2338,61944,63894700.0,2733.0,20,2731.0,1
rb1805,20170602,20170601,211226000,2731.0,2338,61944,63894700.0,2733.0,25,2731.0,1
rb1805,20170602,20170601,211227000,2731.0,2340,61944,63949320.0,2733.0,25,2730.0,10
rb1805,20170602,20170601,211227500,2731.0,2340,61944,63949320.0,2732.0,2,2730.0,10
rb1805,20170602,20170601,211228000,2731.0,2340,61944,63949320.0,2732.0,4,2730.0,10
rb1805,20170602,20170601,211228500,2731.0,2340,61944,63949320.0,2732.0,9,2730.0,10
rb1805,20170602,20170601,211229000,2731.0,2340,61944,63949320.0,2732.0,9,2730.0,10
rb1805,20170602,20170601,211229500,2731.0,2340,61944,63949320.0,2732.0,9,2730.0,10
rb1805,20170602,20170601,211230000,2731.0,2340,61944,63949320.0,2732.0,9,2730.0,10
rb1805,20170602,20170601,211230500,2731.0,2340,61944,63949320.0,2732.0,9,2730.0,10
rb1805,20170602,20170601,211231000,2731.0,2340,61944,63949320.0,2732.0,4,2730.0,10
rb1805,20170602,20170601,211232000,2731.0,2340,61944,63949320.0,2732.0,9,2730.0,5
rb1805,20170602,20170601,211233000,2730.0,2350,61942,64222320.0,2732.0,9,2729.0,2
rb1805,20170602,20170601,211233500,2732.0,2352,61942,64276960.0,2732.0,8,2729.0,2
rb1805,20170602,20170601,211234000,2732.0,2352,61942,64276960.0,2732.0,9,2729.0,2
rb1805,20170602,20170601,211234500,2732.0,2352,61942,64276960.0,2732.0,8,2729.0,2
rb1805,20170602,20170601,211236000,2732.0,2352,61942,64276960.0,2732.0,8,2729.0,2
rb1805,20170602,20170601,211236500,2732.0,2352,61942,64276960.0,2732.0,8,2729.0,2
rb1805,20170602,20170601,211238000,2732.0,2352,61942,64276960.0,2732.0,8,2729.0,2
rb1805,20170602,20170601,211241000,2732.0,2352,61942,64276960.0,2730.0,20,2729.0,2
rb1805,20170602,20170601,211241500,2732.0,2352,61942,64276960.0,2730.0,20,2729.0,2
rb1805,20170602,20170601,211243500,2732.0,2352,61942,64276960.0,2730.0,20,2729.0,2
rb1805,20170602,20170601,211244000,2732.0,2352,61942,64276960.0,2730.0,20,2729.0,2
rb1805,20170602,20170601,211247500,2732.0,2352,61942,64276960.0,2730.0,20,2729.0,2
rb1805,20170602,20170601,211248000,2730.0,2356,61946,64386160.0,2730.0,18,2729.0,2
rb1805,20170602,20170601,211250500,2730.0,2356,61946,64386160.0,2730.0,18,2729.0,2
rb1805,20170602,20170601,211251500,2730.0,2356,61946,64386160.0,2730.0,18,2729.0,2
rb1805,20170602,20170601,211252000,2730.0,2356,61946,64386160.0,2730.0,18,2729.0,2
rb1805,20170602,20170601,211256000,2730.0,2358,61948,64440760.0,2730.0,17,2729.0,2
rb1805,20170602,20170601,211257500,2730.0,2358,61948,64440760.0,2730.0,17,2729.0,3
rb1805,20170602,20170601,211258500,2730.0,2358,61948,64440760.0,2730.0,17,2729.0,8
rb1805,20170602,20170601,211259500,2730.0,2358,61948,64440760.0,2730.0,17,2729.0,9
rb1805,20170602,20170601,211303000,2730.0,2358,61948,64440760.0,2730.0,17,2729.0,9
rb1805,20170602,20170601,211303500,2730.0,2358,61948,64440760.0,2730.0,17,2729.0,9
rb1805,20170602,20170601,211306000,2730.0,2358,61948,64440760.0,2730.0,17,2729.0,9
rb1805,20170602,20170601,211307500,2730.0,2358,61948,64440760.0,2730.0,17,2729.0,9
rb1805,20170602,20170601,211310000,2730.0,2358,61948,64440760.0,2730.0,17,2729.0,11
rb1805,20170602,20170601,211311000,2730.0,2358,61948,64440760.0,2730.0,17,2729.0,11
rb1805,20170602,20170601,211312000,2730.0,2358,61948,64440760.0,2730.0,17,2729.0,10
rb1805,20170602,20170601,211314500,2730.0,2358,61948,64440760.0,2730.0,17,2729.0,10
rb1805,20170602,20170601,211315500,2730.0,2364,61948,64604560.0,2730.0,14,2729.0,10
rb1805,20170602,20170601,211316500,2730.0,2366,61948,64659160.0,2730.0,13,2729.0,10
rb1805,20170602,20170601,211319500,2730.0,2366,61948,64659160.0,2730.0,13,2729.0,11
rb1805,20170602,20170601,211323000,2730.0,2366,61948,64659160.0,2730.0,13,2729.0,11
rb1805,20170602,20170601,211323500,2730.0,2366,61948,64659160.0,2732.0,7,2729.0,11
rb1805,20170602,20170601,211326000,2730.0,2366,61948,64659160.0,2732.0,7,2730.0,2
rb1805,20170602,20170601,211327000,2730.0,2366,61948,64659160.0,2732.0,7,2730.0,2
rb1805,20170602,20170601,211328500,2730.0,2366,61948,64659160.0,2732.0,7,2730.0,2
rb1805,20170602,20170601,211329500,2730.0,2366,61948,64659160.0,2731.0,1,2730.0,2
rb1805,20170602,20170601,211333000,2730.0,2366,61948,64659160.0,2731.0,1,2730.0,2
rb1805,20170602,20170601,211336500,2730.0,2366,61948,64659160.0,2731.0,1,2730.0,2
rb1805,20170602,20170601,211337500,2730.0,2366,61948,64659160.0,2731.0,1,2730.0,2
rb1805,20170602,20170601,211342500,2730.0,2366,61948,64659160.0,2731.0,1,2730.0,2
rb1805,20170602,20170601,211343000,2730.0,2366,61948,64659160.0,2731.0,1,2730.0,4
rb1805,20170602,20170601,211345500,2731.0,2368,61950,64713780.0,2732.0,7,2730.0,4
rb1805,20170602,20170601,211351000,2731.0,2368,61950,64713780.0,2732.0,2,2730.0,4
rb1805,20170602,20170601,211351500,2731.0,2368,61950,64713780.0,2733.0,12,2730.0,5
rb1805,20170602,20170601,211352000,2731.0,2368,61950,64713780.0,2733.0,12,2732.0,1
rb1805,20170602,20170601,211352500,2732.0,2370,61950,64768420.0,2732.0,2,2731.0,1
rb1805,20170602,20170601,211353500,2732.0,2370,61950,64768420.0,2732.0,2,2731.0,1
rb1805,20170602,20170601,211354000,2732.0,2370,61950,64768420.0,2733.0,7,2731.0,1
rb1805,20170602,20170601,211356000,2732.0,2370,61950,64768420.0,2733.0,7,2731.0,1
rb1805,20170602,20170601,211358500,2732.0,2370,61950,64768420.0,2733.0,7,2731.0,1
rb1805,20170602,20170601,211359000,2732.0,2370,61950,64768420.0,2733.0,7,2731.0,1
rb1805,20170602,20170601,211359500,2732.0,2370,61950,64768420.0,2733.0,7,2731.0,1
rb1805,20170602,20170601,211402500,2732.0,2370,61950,64768420.0,2733.0,7,2731.0,1
rb1805,20170602,20170601,211404000,2732.0,2370,61950,64768420.0,2733.0,7,2731.0,1
rb1805,20170602,20170601,211405000,2732.0,2370,61950,64768420.0,2733.0,7,2731.0,1
rb1805,20170602,20170601,211405500,2732.0,2370,61950,64768420.0,2733.0,12,2731.0,1
rb1805,20170602,20170601,211407500,2731.0,2372,61948,64823040.0,2733.0,12,2730.0,7
rb1805,20170602,20170601,211408000,2731.0,2372,61948,64823040.0,2732.0,2,2730.0,7
rb1805,20170602,20170601,211408500,2732.0,2376,61948,64932320.0,2732.0,2,2730.0,6
rb1805,20170602,20170601,211409000,2732.0,2376,61948,64932320.0,2733.0,12,2730.0,6
rb1805,20170602,20170601,211410000,2732.0,2376,61948,64932320.0,2733.0,12,2730.0,5
rb1805,20170602,20170601,211414500,2732.0,2376,61948,64932320.0,2733.0,12,2730.0,5
rb1805,20170602,20170601,211415000,2732.0,2376,61948,64932320.0,2733.0,12,2730.0,5
rb1805,20170602,20170601,211419000,2732.0,2376,61948,64932320.0,2733.0,12,2730.0,5
rb1805,20170602,20170601,211420500,2733.0,2378,61948,64986980.0,2733.0,11,2730.0,5
rb1805,20170602,20170601,211423500,2733.0,2378,61948,64986980.0,2733.0,11,2730.0,6
rb1805,20170602,20170601,211424000,2733.0,2378,61948,64986980.0,2733.0,11,2731.0,2
rb1805,20170602,20170601,211427500,2731.0,2382,61944,65096220.0,2731.0,3,2730.0,6
rb1805,20170602,20170601,211428000,2731.0,2388,61944,65260080.0,2733.0,11,2731.0,8
rb1805,20170602,20170601,211428500,2731.0,2388,61944,65260080.0,2733.0,11,2730.0,6
rb1805,20170602,20170601,211429000,2731.0,2388,61944,65260080.0,2733.0,6,2730.0,6
rb1805,20170602,20170601,211431500,2731.0,2388,61944,65260080.0,2733.0,6,2730.0,6
rb1805,20170602,20170601,211432000,2731.0,2388,61944,65260080.0,2733.0,6,2730.0,6
rb1805,20170602,20170601,211434000,2733.0,2390,61944,65314740.0,2733.0,5,2730.0,6
rb1805,20170602,20170601,211435500,2733.0,2390,61944,65314740.0,2733.0,10,2732.0,10
rb1805,20170602,20170601,211436000,2732.0,2410,61964,65861140.0,2733.0,10,2730.0,6
rb1805,20170602,20170601,211436500,2732.0,2410,61964,65861140.0,2732.0,2,2730.0,6
rb1805,20170602,20170601,211437000,2732.0,2410,61964,65861140.0,2732.0,7,2730.0,6
rb1805,20170602,20170601,211441000,2732.0,2414,61968,65970420.0,2732.0,5,2730.0,6
rb1805,20170602,20170601,211442000,2732.0,2414,61968,65970420.0,2732.0,5,2730.0,7
rb1805,20170602,20170601,211442500,2732.0,2414,61968,65970420.0,2732.0,5,2730.0,7
rb1805,20170602,20170601,211444500,2732.0,2414,61968,65970420.0,2732.0,7,2730.0,7
rb1805,20170602,20170601,211450000,2732.0,2414,61968,65970420.0,2732.0,9,2730.0,7
rb1805,20170602,20170601,211450500,2732.0,2414,61968,65970420.0,2732.0,9,2730.0,9
rb1805,20170602,20170601,211451500,2732.0,2414,61968,65970420.0,2731.0,1,2730.0,9
rb1805,20170602,20170601,211455000,2731.0,2416,61968,66025040.0,2732.0,9,2730.0,8
rb1805,20170602,20170601,211455500,2731.0,2416,61968,66025040.0,2732.0,9,2730.0,9
rb1805,20170602,20170601,211456000,2731.0,2416,61968,66025040.0,2732.0,7,2730.0,9
rb1805,20170602,20170601,211500000,2731.0,2416,61968,66025040.0,2732.0,7,2730.0,10
rb1805,20170602,20170601,211500500,2731.0,2416,61968,66025040.0,2732.0,7,2730.0,10
rb1805,20170602,20170601,211501000,2731.0,2416,61968,66025040.0,2732.0,7,2730.0,11
rb1805,20170602,20170601,211501500,2731.0,2416,61968,66025040.0,2732.0,7,2730.0,11
rb1805,20170602,20170601,211503000,2731.0,2416,61968,66025040.0,2732.0,7,2730.0,11
rb1805,20170602,20170601,211504500,2731.0,2416,61968,66025040.0,2732.0,2,2730.0,11
rb1805,20170602,20170601,211505000,2731.0,2416,61968,66025040.0,2733.0,10,2730.0,11
rb1805,20170602,20170601,211507000,2731.0,2416,61968,66025040.0,2733.0,10,2730.0,11
rb1805,20170602,20170601,211507500,2731.0,2416,61968,66025040.0,2733.0,10,2731.0,1
rb1805,20170602,20170601,211511000,2731.0,2416,61968,66025040.0,2733.0,10,2731.0,1
rb1805,20170602,20170601,211511500,2731.0,2418,61968,66079660.0,2731.0,7,2730.0,10
rb1805,20170602,20170601,211512000,2731.0,2420,61966,66134280.0,2731.0,1,2730.0,10
rb1805,20170602,20170601,211513500,2731.0,2420,61966,66134280.0,2731.0,1,2730.0,11
rb1805,20170602,20170601,211514000,2731.0,2420,61966,66134280.0,2731.0,6,2730.0,11
rb1805,20170602,20170601,211515500,2731.0,2420,61966,66134280.0,2731.0,6,2730.0,12
rb1805,20170602,20170601,211516500,2731.0,2420,61966,66134280.0,2731.0,1,2730.0,12
rb1805,20170602,20170601,211517000,2731.0,2420,61966,66134280.0,2731.0,1,2730.0,12
rb1805,20170602,20170601,211517500,2730.0,2438,61970,66625680.0,2731.0,5,2730.0,3
rb1805,20170602,20170601,211518000,2730.0,2442,61970,66734880.0,2731.0,5,2730.0,1
rb1805,20170602,20170601,211518500,2730.0,2444,61970,66789480.0,2731.0,5,2729.0,6
rb1805,20170602,20170601,211520500,2730.0,2444,61970,66789480.0,2731.0,5,2729.0,6
rb1805,20170602,20170601,211521500,2730.0,2444,61970,66789480.0,2731.0,6,2729.0,6
rb1805,20170602,20170601,211524000,2730.0,2444,61970,66789480.0,2731.0,6,2729.0,6
rb1805,20170602,20170601,211524500,2730.0,2444,61970,66789480.0,2731.0,6,2729.0,6
rb1805,20170602,20170601,211526000,2730.0,2444,61970,66789480.0,2731.0,6,2729.0,6
rb1805,20170602,20170601,211526500,2730.0,2444,61970,66789480.0,2731.0,6,2729.0,6
rb1805,20170602,20170601,211527000,2730.0,2444,61970,66789480.0,2731.0,7,2729.0,6
rb1805,20170602,20170601,211527500,2730.0,2444,61970,66789480.0,2731.0,7,2729.0,6
rb1805,20170602,20170601,211528500,2730.0,2444,61970,66789480.0,2731.0,7,2729.0,6
rb1805,20170602,20170601,211529000,2730.0,2444,61970,66789480.0,2731.0,7,2729.0,6
rb1805,20170602,20170601,211530000,2730.0,2444,61970,66789480.0,2731.0,7,2729.0,6
rb1805,20170602,20170601,211530500,2730.0,2444,61970,66789480.0,2731.0,7,2729.0,6
rb1805,20170602,20170601,211534000,2730.0,2444,61970,66789480.0,2731.0,7,2729.0,5
rb1805,20170602,20170601,211535000,2730.0,2444,61970,66789480.0,2731.0,2,2729.0,10
rb1805,20170602,20170601,211535500,2730.0,2444,61970,66789480.0,2731.0,2,2730.0,2
rb1805,20170602,20170601,211536000,2730.0,2444,61970,66789480.0,2731.0,2,2730.0,7
rb1805,20170602,20170601,211537500,2730.0,2444,61970,66789480.0,2731.0,2,2730.0,7
rb1805,20170602,20170601,211539500,2731.0,2446,61970,66844100.0,2731.0,1,2730.0,7
rb1805,20170602,20170601,211540000,2731.0,2446,61970,66844100.0,2731.0,1,2730.0,2
rb1805,20170602,20170601,211540500,2731.0,2446,61970,66844100.0,2731.0,6,2730.0,2
rb1805,20170602,20170601,211541000,2730.0,2450,61966,66953300.0,2731.0,6,2729.0,11
rb1805,20170602,20170601,211543000,2730.0,2450,61966,66953300.0,2731.0,7,2729.0,6
rb1805,20170602,20170601,211544500,2730.0,2450,61966,66953300.0,2731.0,7,2729.0,6
rb1805,20170602,20170601,211545000,2730.0,2450,61966,66953300.0,2731.0,3,2729.0,11
rb1805,20170602,20170601,211546000,2730.0,2450,61966,66953300.0,2730.0,1,2729.0,11
rb1805,20170602,20170601,211546500,2730.0,2452,61966,67007900.0,2731.0,4,2730.0,3
rb1805,20170602,20170601,211547000,2731.0,2454,61964,67062520.0,2731.0,3,2729.0,11
rb1805,20170602,20170601,211548000,2731.0,2454,61964,67062520.0,2731.0,3,2729.0,11
rb1805,20170602,20170601,211552500,2731.0,2454,61964,67062520.0,2731.0,3,2729.0,11
rb1805,20170602,20170601,211553500,2731.0,2454,61964,67062520.0,2731.0,3,2729.0,11
rb1805,20170602,20170601,211554500,2731.0,2454,61964,67062520.0,2731.0,4,2729.0,11
rb1805,20170602,20170601,211555000,2731.0,2454,61964,67062520.0,2731.0,4,2729.0,12
rb1805,20170602,20170601,211556000,2731.0,2454,61964,67062520.0,2731.0,4,2729.0,12
rb1805,20170602,20170601,211557000,2731.0,2454,61964,67062520.0,2731.0,4,2729.0,12
rb1805,20170602,20170601,211557500,2731.0,2456,61962,67117140.0,2731.0,3,2729.0,12
rb1805,20170602,20170601,211600000,2731.0,2456,61962,67117140.0,2731.0,3,2729.0,13
rb1805,20170602,20170601,211603000,2731.0,2458,61960,67171760.0,2731.0,2,2729.0,13
rb1805,20170602,20170601,211604000,2731.0,2458,61960,67171760.0,2731.0,2,2729.0,14
rb1805,20170602,20170601,211606000,2731.0,2462,61956,67281000.0,2732.0,1,2731.0,15
rb1805,20170602,20170601,211606500,2731.0,2462,61956,67281000.0,2732.0,1,2731.0,10
rb1805,20170602,20170601,211608000,2732.0,2464,61956,67335640.0,2733.0,12,2732.0,9
rb1805,20170602,20170601,211608500,2732.0,2464,61956,67335640.0,2733.0,12,2732.0,5
rb1805,20170602,20170601,211609000,2732.0,2464,61956,67335640.0,2733.0,12,2731.0,1
rb1805,20170602,20170601,211609500,2732.0,2464,61956,67335640.0,2733.0,12,2731.0,1
rb1805,20170602,20170601,211610000,2732.0,2464,61956,67335640.0,2733.0,12,2731.0,6
rb1805,20170602,20170601,211611500,2732.0,2464,61956,67335640.0,2733.0,12,2731.0,6
rb1805,20170602,20170601,211612500,2732.0,2464,61956,67335640.0,2733.0,12,2731.0,6
rb1805,20170602,20170601,211613000,2732.0,2464,61956,67335640.0,2733.0,12,2731.0,6
rb1805,20170602,20170601,211613500,2732.0,2464,61956,67335640.0,2733.0,14,2731.0,6
rb1805,20170602,20170601,211614500,2732.0,2464,61956,67335640.0,2733.0,14,2731.0,1
rb1805,20170602,20170601,211615000,2732.0,2464,61956,67335640.0,2732.0,2,2731.0,1
rb1805,20170602,20170601,211615500,2731.0,2466,61956,67390260.0,2732.0,7,2730.0,3
rb1805,20170602,20170601,211617000,2731.0,2466,61956,67390260.0,2732.0,7,2731.0,1
rb1805,20170602,20170601,211617500,2731.0,2468,61954,67444880.0,2731.0,5,2730.0,3
rb1805,20170602,20170601,211618000,2731.0,2468,61954,67444880.0,2732.0,7,2730.0,3
rb1805,20170602,20170601,211619500,2731.0,2468,61954,67444880.0,2732.0,7,2730.0,8
rb1805,20170602,20170601,211620000,2731.0,2468,61954,67444880.0,2732.0,2,2730.0,8
rb1805,20170602,20170601,211624500,2731.0,2468,61954,67444880.0,2732.0,2,2730.0,8
rb1805,20170602,20170601,211625500,2731.0,2468,61954,67444880.0,2732.0,22,2730.0,8
rb1805,20170602,20170601,211627000,2731.0,2468,61954,67444880.0,2731.0,1,2730.0,8
rb1805,20170602,20170601,211627500,2731.0,2468,61954,67444880.0,2731.0,1,2730.0,3
rb1805,20170602,20170601,211629000,2731.0,2468,61954,67444880.0,2731.0,1,2730.0,4
rb1805,20170602,20170601,211629500,2731.0,2468,61954,67444880.0,2731.0,1,2730.0,4
rb1805,20170602,20170601,211631500,2731.0,2468,61954,67444880.0,2731.0,1,2730.0,9
rb1805,20170602,20170601,211632500,2732.0,2476,61960,67663420.0,2732.0,19,2731.0,21
rb1805,20170602,20170601,211633000,2732.0,2476,61960,67663420.0,2732.0,19,2731.0,2
rb1805,20170602,20170601,211639000,2732.0,2476,61960,67663420.0,2732.0,19,2731.0,2
rb1805,20170602,20170601,211639500,2731.0,2480,61964,67772660.0,2731.0,2,2730.0,10
rb1805,20170602,20170601,211640000,2731.0,2480,61964,67772660.0,2732.0,24,2730.0,5
rb1805,20170602,20170601,211642500,2731.0,2480,61964,67772660.0,2732.0,24,2730.0,5
rb1805,20170602,20170601,211647500,2731.0,2480,61964,67772660.0,2732.0,24,2730.0,10
rb1805,20170602,20170601,211648000,2731.0,2480,61964,67772660.0,2732.0,24,2730.0,11
rb1805,20170602,20170601,211648500,2731.0,2480,61964,67772660.0,2732.0,19,2730.0,11
rb1805,20170602,20170601,211649500,2731.0,2480,61964,67772660.0,2732.0,19,2730.0,11
rb1805,20170602,20170601,211650500,2731.0,2480,61964,67772660.0,2732.0,19,2730.0,11
rb1805,20170602,20170601,211653000,2731.0,2480,61964,67772660.0,2732.0,19,2730.0,11
rb1805,20170602,20170601,211654500,2731.0,2480,61964,67772660.0,2732.0,19,2730.0,12
rb1805,20170602,20170601,211655000,2731.0,2480,61964,67772660.0,2733.0,14,2730.0,12
rb1805,20170602,20170601,211658000,2731.0,2480,61964,67772660.0,2733.0,14,2730.0,11
rb1805,20170602,20170601,211659000,2731.0,2480,61964,67772660.0,2733.0,14,2730.0,11
rb1805,20170602,20170601,211701000,2731.0,2480,61964,67772660.0,2733.0,14,2730.0,12
rb1805,20170602,20170601,211701500,2731.0,2480,61964,67772660.0,2733.0,14,2731.0,5
rb1805,20170602,20170601,211702000,2731.0,2480,61964,67772660.0,2733.0,14,2731.0,5
rb1805,20170602,20170601,211706500,2731.0,2480,61964,67772660.0,2733.0,14,2731.0,5
rb1805,20170602,20170601,211709000,2731.0,2480,61964,67772660.0,2732.0,1,2731.0,10
rb1805,20170602,20170601,211710500,2731.0,2480,61964,67772660.0,2732.0,1,2731.0,5
rb1805,20170602,20170601,211712000,2731.0,2486,61964,67936520.0,2732.0,1,2731.0,2
rb1805,20170602,20170601,211713000,2731.0,2486,61964,67936520.0,2732.0,21,2731.0,2
rb1805,20170602,20170601,211714500,2731.0,2488,61964,67991140.0,2732.0,21,2731.0,1
rb1805,20170602,20170601,211715000,2731.0,2490,61966,68045760.0,2731.0,2,2730.0,11
rb1805,20170602,20170601,211715500,2731.0,2490,61966,68045760.0,2732.0,21,2730.0,11
rb1805,20170602,20170601,211717000,2731.0,2490,61966,68045760.0,2732.0,26,2730.0,6
