instrument,tradingday,calendarday,time,lastp,volume,openinterest,turnover,ask1,asksz1,bid1,bidsz1
rb1805,20170720,20170719,183331500,3325.0,0,87088,0.0,0.0,0,0.0,0
rb1805,20170720,20170719,205900500,3325.0,74,87130,2460500.0,3325.0,2,3324.0,3
rb1805,20170720,20170719,210000500,3323.0,90,87142,2992160.0,3323.0,44,3321.0,10
rb1805,20170720,20170719,210001000,3315.0,166,87180,5515040.0,3323.0,40,3315.0,2
rb1805,20170720,20170719,210001500,3315.0,170,87178,5647640.0,3322.0,4,3315.0,1
rb1805,20170720,20170719,210002000,3315.0,172,87178,5713940.0,3322.0,4,3310.0,8
rb1805,20170720,20170719,210002500,3315.0,172,87178,5713940.0,3322.0,1,3318.0,1
rb1805,20170720,20170719,210003000,3315.0,172,87178,5713940.0,3322.0,1,3318.0,6
rb1805,20170720,20170719,210003500,3315.0,172,87178,5713940.0,3322.0,1,3318.0,6
rb1805,20170720,20170719,210004000,3315.0,172,87178,5713940.0,3322.0,1,3318.0,6
rb1805,20170720,20170719,210004500,3315.0,172,87178,5713940.0,3322.0,1,3318.0,1
rb1805,20170720,20170719,210005000,3315.0,172,87178,5713940.0,3322.0,1,3318.0,1
rb1805,20170720,20170719,210005500,3315.0,172,87178,5713940.0,3322.0,4,3318.0,1
rb1805,20170720,20170719,210006000,3315.0,172,87178,5713940.0,3322.0,1,3321.0,5
rb1805,20170720,20170719,210006500,3315.0,172,87178,5713940.0,3321.0,5,3319.0,8
rb1805,20170720,20170719,210007000,3323.0,182,87176,6046220.0,3323.0,36,3318.0,2
rb1805,20170720,20170719,210007500,3323.0,182,87176,6046220.0,3323.0,36,3318.0,2
rb1805,20170720,20170719,210009500,3323.0,182,87176,6046220.0,3323.0,6,3318.0,2
rb1805,20170720,20170719,210010000,3323.0,182,87176,6046220.0,3323.0,9,3320.0,1
rb1805,20170720,20170719,210010500,3323.0,182,87176,6046220.0,3323.0,6,3320.0,1
rb1805,20170720,20170719,210011000,3323.0,182,87176,6046220.0,3323.0,6,3320.0,1
rb1805,20170720,20170719,210011500,3323.0,182,87176,6046220.0,3322.0,1,3320.0,1
rb1805,20170720,20170719,210012000,3323.0,182,87176,6046220.0,3322.0,1,3320.0,1
rb1805,20170720,20170719,210014000,3323.0,182,87176,6046220.0,3322.0,1,3320.0,1
rb1805,20170720,20170719,210014500,3323.0,182,87176,6046220.0,3322.0,1,3320.0,3
rb1805,20170720,20170719,210015000,3323.0,182,87176,6046220.0,3322.0,1,3320.0,3
rb1805,20170720,20170719,210015500,3323.0,182,87176,6046220.0,3322.0,1,3320.0,3
rb1805,20170720,20170719,210016000,3323.0,184,87174,6112680.0,3324.0,2,3323.0,13
rb1805,20170720,20170719,210016500,3323.0,210,87164,6976660.0,3322.0,1,3320.0,3
rb1805,20170720,20170719,210017000,3323.0,210,87164,6976660.0,3322.0,1,3320.0,3
rb1805,20170720,20170719,210017500,3323.0,210,87164,6976660.0,3323.0,7,3320.0,4
rb1805,20170720,20170719,210019000,3323.0,210,87164,6976660.0,3323.0,7,3320.0,4
rb1805,20170720,20170719,210020000,3323.0,210,87164,6976660.0,3323.0,7,3320.0,5
rb1805,20170720,20170719,210021000,3323.0,210,87164,6976660.0,3323.0,13,3320.0,6
rb1805,20170720,20170719,210021500,3323.0,210,87164,6976660.0,3323.0,13,3320.0,6
rb1805,20170720,20170719,210022000,3323.0,210,87164,6976660.0,3323.0,13,3321.0,1
rb1805,20170720,20170719,210022500,3321.0,212,87164,7043080.0,3323.0,13,3320.0,6
rb1805,20170720,20170719,210023500,3321.0,212,87164,7043080.0,3323.0,7,3320.0,6
rb1805,20170720,20170719,210024000,3321.0,212,87164,7043080.0,3323.0,7,3320.0,6
rb1805,20170720,20170719,210024500,3321.0,212,87164,7043080.0,3323.0,7,3320.0,6
rb1805,20170720,20170719,210025000,3321.0,212,87164,7043080.0,3322.0,4,3320.0,6
rb1805,20170720,20170719,210027500,3320.0,214,87164,7109480.0,3322.0,4,3320.0,5
rb1805,20170720,20170719,210028000,3320.0,214,87164,7109480.0,3322.0,4,3320.0,5
rb1805,20170720,20170719,210028500,3320.0,214,87164,7109480.0,3322.0,4,3320.0,5
rb1805,20170720,20170719,210029000,3320.0,216,87166,7175880.0,3322.0,4,3320.0,4
rb1805,20170720,20170719,210031000,3320.0,216,87166,7175880.0,3322.0,4,3320.0,4
rb1805,20170720,20170719,210032000,3320.0,216,87166,7175880.0,3322.0,4,3320.0,4
rb1805,20170720,20170719,210032500,3320.0,216,87166,7175880.0,3322.0,24,3320.0,4
rb1805,20170720,20170719,210033000,3320.0,216,87166,7175880.0,3322.0,24,3320.0,4
rb1805,20170720,20170719,210033500,3320.0,216,87166,7175880.0,3322.0,24,3320.0,3
rb1805,20170720,20170719,210034000,3320.0,216,87166,7175880.0,3322.0,24,3320.0,3
rb1805,20170720,20170719,210034500,3320.0,216,87166,7175880.0,3322.0,24,3320.0,3
rb1805,20170720,20170719,210035000,3320.0,216,87166,7175880.0,3322.0,24,3320.0,2
rb1805,20170720,20170719,210035500,3320.0,218,87166,7242280.0,3322.0,20,3320.0,1
rb1805,20170720,20170719,210036000,3320.0,218,87166,7242280.0,3321.0,1,3320.0,1
rb1805,20170720,20170719,210038000,3320.0,218,87166,7242280.0,3321.0,1,3320.0,2
rb1805,20170720,20170719,210039000,3320.0,218,87166,7242280.0,3321.0,1,3320.0,7
rb1805,20170720,20170719,210039500,3320.0,218,87166,7242280.0,3321.0,1,3320.0,26
rb1805,20170720,20170719,210040000,3320.0,222,87166,7375080.0,3321.0,1,3320.0,24
rb1805,20170720,20170719,210040500,3320.0,222,87166,7375080.0,3322.0,20,3320.0,24
rb1805,20170720,20170719,210041000,3320.0,222,87166,7375080.0,3322.0,21,3320.0,24
rb1805,20170720,20170719,210042500,3320.0,222,87166,7375080.0,3322.0,20,3320.0,24
rb1805,20170720,20170719,210045000,3320.0,222,87166,7375080.0,3322.0,20,3320.0,24
rb1805,20170720,20170719,210046000,3320.0,222,87166,7375080.0,3323.0,9,3320.0,24
rb1805,20170720,20170719,210046500,3320.0,222,87166,7375080.0,3323.0,9,3321.0,2
rb1805,20170720,20170719,210049000,3320.0,224,87166,7441480.0,3323.0,9,3321.0,1
rb1805,20170720,20170719,210050500,3320.0,224,87166,7441480.0,3323.0,9,3321.0,1
rb1805,20170720,20170719,210051500,3320.0,224,87166,7441480.0,3323.0,9,3321.0,2
rb1805,20170720,20170719,210052000,3320.0,224,87166,7441480.0,3323.0,9,3321.0,2
rb1805,20170720,20170719,210053000,3320.0,224,87166,7441480.0,3323.0,9,3321.0,2
rb1805,20170720,20170719,210053500,3320.0,224,87166,7441480.0,3323.0,9,3321.0,2
rb1805,20170720,20170719,210054500,3320.0,224,87166,7441480.0,3323.0,9,3321.0,2
rb1805,20170720,20170719,210055500,3320.0,224,87166,7441480.0,3323.0,9,3321.0,20
rb1805,20170720,20170719,210056000,3321.0,230,87164,7640740.0,3323.0,9,3321.0,17
rb1805,20170720,20170719,210058000,3321.0,230,87164,7640740.0,3323.0,29,3321.0,17
rb1805,20170720,20170719,210058500,3321.0,230,87164,7640740.0,3323.0,30,3321.0,17
rb1805,20170720,20170719,210059000,3321.0,232,87164,7707160.0,3323.0,30,3321.0,16
rb1805,20170720,20170719,210059500,3321.0,232,87164,7707160.0,3322.0,1,3321.0,16
rb1805,20170720,20170719,210100000,3321.0,258,87190,8570620.0,3322.0,1,3321.0,3
rb1805,20170720,20170719,210101500,3321.0,260,87190,8637040.0,3322.0,1,3321.0,2
rb1805,20170720,20170719,210103000,3321.0,262,87190,8703460.0,3322.0,2,3321.0,1
rb1805,20170720,20170719,210103500,3321.0,262,87190,8703460.0,3322.0,2,3321.0,1
rb1805,20170720,20170719,210104000,3321.0,264,87190,8769880.0,3322.0,2,3320.0,9
rb1805,20170720,20170719,210105000,3322.0,266,87188,8836320.0,3322.0,3,3320.0,9
rb1805,20170720,20170719,210107000,3322.0,266,87188,8836320.0,3322.0,3,3320.0,9
rb1805,20170720,20170719,210108000,3322.0,266,87188,8836320.0,3322.0,3,3320.0,9
rb1805,20170720,20170719,210109500,3322.0,266,87188,8836320.0,3322.0,9,3320.0,9
rb1805,20170720,20170719,210110000,3322.0,266,87188,8836320.0,3322.0,6,3320.0,9
rb1805,20170720,20170719,210110500,3320.0,268,87188,8902720.0,3322.0,7,3320.0,8
rb1805,20170720,20170719,210111000,3320.0,268,87188,8902720.0,3321.0,20,3320.0,8
rb1805,20170720,20170719,210113000,3320.0,268,87188,8902720.0,3321.0,20,3320.0,8
rb1805,20170720,20170719,210117500,3320.0,268,87188,8902720.0,3321.0,21,3320.0,8
rb1805,20170720,20170719,210118500,3320.0,268,87188,8902720.0,3321.0,21,3320.0,10
rb1805,20170720,20170719,210119000,3320.0,290,87186,9633120.0,3320.0,18,3315.0,1
rb1805,20170720,20170719,210119500,3320.0,290,87186,9633120.0,3320.0,19,3317.0,3
rb1805,20170720,20170719,210120000,3320.0,290,87186,9633120.0,3320.0,20,3317.0,3
rb1805,20170720,20170719,210120500,3320.0,290,87186,9633120.0,3319.0,2,3315.0,2
rb1805,20170720,20170719,210121000,3320.0,292,87186,9699520.0,3319.0,1,3316.0,3
rb1805,20170720,20170719,210121500,3320.0,292,87186,9699520.0,3319.0,1,3315.0,2
rb1805,20170720,20170719,210122000,3320.0,292,87186,9699520.0,3319.0,1,3315.0,5
rb1805,20170720,20170719,210122500,3320.0,292,87186,9699520.0,3319.0,1,3315.0,6
rb1805,20170720,20170719,210123000,3320.0,292,87186,9699520.0,3319.0,1,3315.0,5
rb1805,20170720,20170719,210123500,3320.0,292,87186,9699520.0,3319.0,1,3315.0,6
rb1805,20170720,20170719,210124000,3320.0,292,87186,9699520.0,3319.0,2,3315.0,6
rb1805,20170720,20170719,210124500,3320.0,292,87186,9699520.0,3319.0,2,3315.0,6
rb1805,20170720,20170719,210125000,3320.0,292,87186,9699520.0,3319.0,2,3315.0,6
rb1805,20170720,20170719,210126000,3320.0,292,87186,9699520.0,3319.0,2,3315.0,7
rb1805,20170720,20170719,210127500,3320.0,292,87186,9699520.0,3319.0,2,3315.0,7
rb1805,20170720,20170719,210128000,3320.0,292,87186,9699520.0,3319.0,2,3315.0,7
rb1805,20170720,20170719,210128500,3320.0,292,87186,9699520.0,3319.0,22,3315.0,7
rb1805,20170720,20170719,210130000,3320.0,292,87186,9699520.0,3319.0,22,3315.0,4
rb1805,20170720,20170719,210130500,3320.0,292,87186,9699520.0,3319.0,22,3315.0,4
rb1805,20170720,20170719,210131000,3320.0,292,87186,9699520.0,3319.0,22,3315.0,7
rb1805,20170720,20170719,210132000,3320.0,292,87186,9699520.0,3319.0,22,3315.0,4
rb1805,20170720,20170719,210133000,3320.0,292,87186,9699520.0,3319.0,21,3315.0,4
rb1805,20170720,20170719,210134000,3320.0,292,87186,9699520.0,3319.0,21,3315.0,5
rb1805,20170720,20170719,210134500,3320.0,292,87186,9699520.0,3319.0,21,3315.0,5
rb1805,20170720,20170719,210135000,3320.0,292,87186,9699520.0,3319.0,21,3315.0,5
rb1805,20170720,20170719,210135500,3320.0,292,87186,9699520.0,3319.0,21,3315.0,8
rb1805,20170720,20170719,210136500,3320.0,292,87186,9699520.0,3319.0,21,3315.0,5
rb1805,20170720,20170719,210137000,3320.0,292,87186,9699520.0,3319.0,21,3315.0,8
rb1805,20170720,20170719,210137500,3320.0,292,87186,9699520.0,3318.0,1,3315.0,5
rb1805,20170720,20170719,210138000,3320.0,292,87186,9699520.0,3319.0,21,3316.0,1
rb1805,20170720,20170719,210138500,3315.0,294,87188,9765820.0,3318.0,2,3315.0,4
rb1805,20170720,20170719,210139000,3315.0,294,87188,9765820.0,3316.0,1,3315.0,4
rb1805,20170720,20170719,210139500,3316.0,296,87186,9832140.0,3318.0,2,3316.0,1
rb1805,20170720,20170719,210140000,3316.0,296,87186,9832140.0,3318.0,1,3315.0,4
rb1805,20170720,20170719,210141000,3316.0,296,87186,9832140.0,3318.0,2,3315.0,4
rb1805,20170720,20170719,210142000,3315.0,302,87188,10031040.0,3318.0,21,3315.0,1
rb1805,20170720,20170719,210142500,3315.0,302,87188,10031040.0,3318.0,22,3316.0,2
rb1805,20170720,20170719,210143000,3316.0,306,87192,10163680.0,3318.0,22,3315.0,1
rb1805,20170720,20170719,210143500,3316.0,326,87212,10826880.0,3318.0,25,3316.0,2
rb1805,20170720,20170719,210144000,3316.0,330,87216,10959520.0,3317.0,3,3315.0,1
rb1805,20170720,20170719,210144500,3315.0,332,87218,11025820.0,3315.0,3,3314.0,2
rb1805,20170720,20170719,210145000,3314.0,336,87218,11158380.0,3314.0,3,3313.0,5
rb1805,20170720,20170719,210145500,3313.0,346,87218,11489680.0,3312.0,3,3310.0,32
rb1805,20170720,20170719,210146000,3310.0,348,87218,11555880.0,3312.0,3,3310.0,11
rb1805,20170720,20170719,210146500,3310.0,348,87218,11555880.0,3311.0,3,3310.0,11
rb1805,20170720,20170719,210147000,3310.0,348,87218,11555880.0,3311.0,3,3310.0,11
rb1805,20170720,20170719,210147500,3311.0,350,87220,11622100.0,3311.0,5,3310.0,11
rb1805,20170720,20170719,210148000,3310.0,354,87218,11754520.0,3311.0,5,3310.0,11
rb1805,20170720,20170719,210148500,3311.0,362,87224,12019400.0,3316.0,5,3310.0,11
rb1805,20170720,20170719,210149000,3311.0,362,87224,12019400.0,3315.0,3,3311.0,1
rb1805,20170720,20170719,210149500,3311.0,364,87224,12085620.0,3315.0,4,3310.0,10
rb1805,20170720,20170719,210150000,3315.0,366,87224,12151920.0,3316.0,5,3310.0,10
rb1805,20170720,20170719,210150500,3315.0,366,87224,12151920.0,3315.0,2,3311.0,16
rb1805,20170720,20170719,210151000,3315.0,376,87234,12483420.0,3315.0,6,3311.0,16
rb1805,20170720,20170719,210151500,3315.0,376,87234,12483420.0,3314.0,1,3311.0,16
rb1805,20170720,20170719,210152000,3315.0,376,87234,12483420.0,3315.0,24,3311.0,16
rb1805,20170720,20170719,210152500,3315.0,376,87234,12483420.0,3314.0,1,3311.0,16
rb1805,20170720,20170719,210153000,3315.0,376,87234,12483420.0,3315.0,20,3312.0,1
rb1805,20170720,20170719,210153500,3311.0,378,87236,12549640.0,3314.0,2,3311.0,14
rb1805,20170720,20170719,210154000,3312.0,380,87236,12615880.0,3314.0,1,3311.0,15
rb1805,20170720,20170719,210155000,3314.0,382,87238,12682160.0,3315.0,21,3311.0,15
rb1805,20170720,20170719,210155500,3314.0,382,87238,12682160.0,3315.0,24,3311.0,15
rb1805,20170720,20170719,210156000,3311.0,384,87240,12748380.0,3315.0,23,3311.0,14
rb1805,20170720,20170719,210156500,3311.0,384,87240,12748380.0,3315.0,24,3311.0,15
rb1805,20170720,20170719,210157000,3311.0,386,87242,12814600.0,3315.0,24,3311.0,15
rb1805,20170720,20170719,210157500,3311.0,386,87242,12814600.0,3315.0,21,3311.0,15
rb1805,20170720,20170719,210158000,3311.0,390,87242,12947040.0,3315.0,21,3311.0,13
rb1805,20170720,20170719,210158500,3311.0,390,87242,12947040.0,3315.0,21,3311.0,12
rb1805,20170720,20170719,210159000,3311.0,390,87242,12947040.0,3315.0,21,3311.0,12
rb1805,20170720,20170719,210159500,3311.0,390,87242,12947040.0,3315.0,21,3311.0,15
rb1805,20170720,20170719,210200000,3312.0,392,87242,13013280.0,3315.0,21,3312.0,1
rb1805,20170720,20170719,210200500,3311.0,402,87250,13344400.0,3315.0,21,3311.0,10
rb1805,20170720,20170719,210201000,3312.0,404,87248,13410640.0,3315.0,21,3311.0,11
rb1805,20170720,20170719,210201500,3312.0,404,87248,13410640.0,3315.0,21,3311.0,11
rb1805,20170720,20170719,210202000,3311.0,406,87250,13476860.0,3315.0,21,3311.0,9
rb1805,20170720,20170719,210202500,3311.0,408,87252,13543080.0,3315.0,20,3311.0,8
rb1805,20170720,20170719,210203000,3311.0,408,87252,13543080.0,3315.0,20,3311.0,8
rb1805,20170720,20170719,210203500,3311.0,408,87252,13543080.0,3315.0,20,3311.0,8
rb1805,20170720,20170719,210204000,3311.0,408,87252,13543080.0,3315.0,20,3311.0,9
rb1805,20170720,20170719,210204500,3311.0,408,87252,13543080.0,3315.0,20,3311.0,9
rb1805,20170720,20170719,210205000,3311.0,408,87252,13543080.0,3315.0,20,3311.0,9
rb1805,20170720,20170719,210206000,3311.0,408,87252,13543080.0,3315.0,21,3311.0,9
rb1805,20170720,20170719,210207000,3311.0,408,87252,13543080.0,3315.0,21,3311.0,9
rb1805,20170720,20170719,210207500,3311.0,408,87252,13543080.0,3315.0,21,3311.0,9
rb1805,20170720,20170719,210210000,3311.0,408,87252,13543080.0,3315.0,25,3311.0,9
rb1805,20170720,20170719,210210500,3311.0,408,87252,13543080.0,3315.0,25,3311.0,9
rb1805,20170720,20170719,210211000,3311.0,408,87252,13543080.0,3315.0,25,3312.0,1
rb1805,20170720,20170719,210211500,3312.0,410,87252,13609320.0,3314.0,2,3311.0,9
rb1805,20170720,20170719,210212500,3312.0,410,87252,13609320.0,3314.0,2,3312.0,1
rb1805,20170720,20170719,210213000,3312.0,410,87252,13609320.0,3314.0,2,3312.0,1
rb1805,20170720,20170719,210213500,3312.0,412,87250,13675560.0,3314.0,2,3311.0,9
rb1805,20170720,20170719,210214000,3312.0,412,87250,13675560.0,3312.0,1,3311.0,12
rb1805,20170720,20170719,210214500,3312.0,414,87248,13741800.0,3314.0,2,3312.0,4
rb1805,20170720,20170719,210215000,3312.0,414,87248,13741800.0,3314.0,3,3312.0,5
rb1805,20170720,20170719,210215500,3312.0,414,87248,13741800.0,3314.0,3,3312.0,4
rb1805,20170720,20170719,210216000,3314.0,420,87250,13940640.0,3315.0,25,3314.0,1
rb1805,20170720,20170719,210216500,3314.0,422,87248,14006920.0,3315.0,25,3312.0,4
rb1805,20170720,20170719,210217000,3314.0,422,87248,14006920.0,3315.0,25,3313.0,2
rb1805,20170720,20170719,210218500,3314.0,422,87248,14006920.0,3315.0,25,3313.0,2
rb1805,20170720,20170719,210219000,3313.0,424,87246,14073180.0,3314.0,1,3313.0,1
rb1805,20170720,20170719,210219500,3313.0,424,87246,14073180.0,3314.0,1,3313.0,1
rb1805,20170720,20170719,210221500,3313.0,424,87246,14073180.0,3314.0,1,3313.0,1
rb1805,20170720,20170719,210222000,3312.0,428,87242,14205680.0,3314.0,1,3312.0,3
rb1805,20170720,20170719,210222500,3312.0,428,87242,14205680.0,3314.0,1,3312.0,4
rb1805,20170720,20170719,210223000,3312.0,428,87242,14205680.0,3314.0,2,3312.0,4
rb1805,20170720,20170719,210223500,3312.0,428,87242,14205680.0,3314.0,2,3312.0,4
rb1805,20170720,20170719,210224000,3312.0,428,87242,14205680.0,3314.0,2,3312.0,4
rb1805,20170720,20170719,210224500,3312.0,428,87242,14205680.0,3314.0,1,3312.0,4
rb1805,20170720,20170719,210225000,3312.0,430,87242,14271920.0,3314.0,5,3312.0,7
rb1805,20170720,20170719,210225500,3312.0,430,87242,14271920.0,3314.0,5,3312.0,7
rb1805,20170720,20170719,210226500,3312.0,430,87242,14271920.0,3314.0,5,3312.0,7
rb1805,20170720,20170719,210227500,3312.0,432,87242,14338160.0,3314.0,5,3312.0,6
rb1805,20170720,20170719,210228500,3312.0,432,87242,14338160.0,3314.0,5,3312.0,6
rb1805,20170720,20170719,210229000,3312.0,434,87242,14404400.0,3314.0,5,3312.0,5
rb1805,20170720,20170719,210229500,3312.0,434,87242,14404400.0,3314.0,6,3312.0,6
rb1805,20170720,20170719,210230000,3312.0,436,87242,14470640.0,3314.0,6,3312.0,5
rb1805,20170720,20170719,210230500,3312.0,438,87242,14536880.0,3313.0,2,3312.0,4
rb1805,20170720,20170719,210231000,3312.0,438,87242,14536880.0,3313.0,3,3312.0,4
rb1805,20170720,20170719,210231500,3312.0,446,87248,14801840.0,3313.0,3,3311.0,11
rb1805,20170720,20170719,210232000,3312.0,446,87248,14801840.0,3313.0,3,3311.0,11
rb1805,20170720,20170719,210232500,3311.0,448,87248,14868060.0,3313.0,3,3311.0,10
rb1805,20170720,20170719,210234000,3311.0,448,87248,14868060.0,3313.0,4,3311.0,10
rb1805,20170720,20170719,210234500,3311.0,448,87248,14868060.0,3313.0,4,3311.0,10
rb1805,20170720,20170719,210235000,3311.0,448,87248,14868060.0,3313.0,3,3311.0,10
rb1805,20170720,20170719,210235500,3311.0,448,87248,14868060.0,3313.0,4,3311.0,10
rb1805,20170720,20170719,210236000,3313.0,450,87250,14934320.0,3313.0,3,3311.0,10
rb1805,20170720,20170719,210237500,3311.0,454,87252,15066760.0,3313.0,3,3311.0,8
rb1805,20170720,20170719,210238000,3311.0,454,87252,15066760.0,3313.0,3,3312.0,1
rb1805,20170720,20170719,210238500,3311.0,466,87254,15464080.0,3312.0,3,3311.0,4
rb1805,20170720,20170719,210239000,3311.0,466,87254,15464080.0,3312.0,4,3311.0,3
rb1805,20170720,20170719,210239500,3312.0,470,87256,15596540.0,3312.0,2,3311.0,2
rb1805,20170720,20170719,210240000,3311.0,472,87256,15662760.0,3312.0,2,3311.0,1
rb1805,20170720,20170719,210240500,3311.0,472,87256,15662760.0,3312.0,2,3311.0,1
rb1805,20170720,20170719,210242000,3311.0,472,87256,15662760.0,3312.0,2,3311.0,2
rb1805,20170720,20170719,210242500,3310.0,480,87258,15927600.0,3312.0,2,3310.0,25
rb1805,20170720,20170719,210243000,3310.0,480,87258,15927600.0,3311.0,2,3310.0,25
rb1805,20170720,20170719,210243500,3310.0,482,87256,15993800.0,3312.0,23,3310.0,24
rb1805,20170720,20170719,210244000,3310.0,492,87258,16324800.0,3312.0,26,3310.0,19
rb1805,20170720,20170719,210244500,3310.0,494,87258,16391000.0,3311.0,2,3310.0,18
rb1805,20170720,20170719,210245000,3310.0,494,87258,16391000.0,3311.0,2,3310.0,18
rb1805,20170720,20170719,210245500,3310.0,498,87260,16523400.0,3311.0,2,3310.0,16
rb1805,20170720,20170719,210246000,3310.0,498,87260,16523400.0,3311.0,1,3310.0,16
rb1805,20170720,20170719,210246500,3311.0,502,87258,16655840.0,3312.0,23,3310.0,15
rb1805,20170720,20170719,210247000,3310.0,534,87266,17715040.0,3310.0,8,3309.0,19
rb1805,20170720,20170719,210247500,3310.0,550,87258,18244640.0,3311.0,1,3310.0,6
rb1805,20170720,20170719,210248000,3310.0,550,87258,18244640.0,3311.0,1,3309.0,19
rb1805,20170720,20170719,210248500,3310.0,550,87258,18244640.0,3311.0,2,3309.0,19
rb1805,20170720,20170719,210249000,3310.0,550,87258,18244640.0,3311.0,2,3309.0,19
rb1805,20170720,20170719,210249500,3311.0,552,87258,18310860.0,3311.0,1,3309.0,19
rb1805,20170720,20170719,210250000,3311.0,552,87258,18310860.0,3311.0,1,3309.0,19
rb1805,20170720,20170719,210251000,3311.0,552,87258,18310860.0,3311.0,1,3309.0,19
rb1805,20170720,20170719,210251500,3311.0,552,87258,18310860.0,3311.0,1,3309.0,19
rb1805,20170720,20170719,210252000,3311.0,552,87258,18310860.0,3311.0,1,3310.0,10
rb1805,20170720,20170719,210252500,3309.0,574,87256,19039040.0,3311.0,1,3309.0,18
rb1805,20170720,20170719,210253000,3311.0,576,87256,19105260.0,3312.0,4,3309.0,18
rb1805,20170720,20170719,210253500,3311.0,576,87256,19105260.0,3311.0,1,3309.0,18
rb1805,20170720,20170719,210254000,3311.0,576,87256,19105260.0,3311.0,1,3309.0,18
rb1805,20170720,20170719,210254500,3310.0,580,87252,19237680.0,3310.0,18,3309.0,18
rb1805,20170720,20170719,210255000,3310.0,590,87244,19568680.0,3310.0,13,3309.0,18
rb1805,20170720,20170719,210255500,3310.0,590,87244,19568680.0,3310.0,13,3309.0,19
rb1805,20170720,20170719,210256000,3310.0,590,87244,19568680.0,3310.0,13,3309.0,19
rb1805,20170720,20170719,210256500,3310.0,590,87244,19568680.0,3310.0,13,3309.0,19
rb1805,20170720,20170719,210257500,3309.0,628,87246,20826100.0,3309.0,31,3308.0,9
rb1805,20170720,20170719,210258000,3309.0,628,87246,20826100.0,3309.0,31,3308.0,10
rb1805,20170720,20170719,210258500,3309.0,628,87246,20826100.0,3309.0,31,3308.0,12
rb1805,20170720,20170719,210259000,3309.0,630,87246,20892280.0,3309.0,30,3308.0,15
rb1805,20170720,20170719,210259500,3308.0,640,87256,21223080.0,3309.0,30,3308.0,7
rb1805,20170720,20170719,210300000,3308.0,640,87256,21223080.0,3309.0,30,3308.0,7
rb1805,20170720,20170719,210300500,3308.0,648,87264,21487720.0,3309.0,30,3308.0,3
rb1805,20170720,20170719,210301000,3308.0,652,87264,21620040.0,3309.0,30,3308.0,1
rb1805,20170720,20170719,210301500,3308.0,654,87264,21686200.0,3308.0,1,3306.0,2
rb1805,20170720,20170719,210302000,3308.0,654,87264,21686200.0,3308.0,1,3306.0,5
rb1805,20170720,20170719,210302500,3308.0,656,87264,21752360.0,3309.0,33,3306.0,5
rb1805,20170720,20170719,210303000,3308.0,656,87264,21752360.0,3308.0,2,3306.0,2
rb1805,20170720,20170719,210303500,3308.0,658,87264,21818520.0,3308.0,1,3306.0,5
rb1805,20170720,20170719,210304000,3308.0,658,87264,21818520.0,3308.0,2,3306.0,5
rb1805,20170720,20170719,210304500,3306.0,670,87270,22215240.0,3306.0,14,3305.0,7
rb1805,20170720,20170719,210305000,3306.0,700,87294,23207040.0,3308.0,1,3306.0,44
rb1805,20170720,20170719,210305500,3306.0,706,87292,23405400.0,3308.0,1,3306.0,54
rb1805,20170720,20170719,210306000,3306.0,706,87292,23405400.0,3308.0,1,3306.0,56
rb1805,20170720,20170719,210306500,3306.0,706,87292,23405400.0,3308.0,1,3306.0,56
rb1805,20170720,20170719,210307000,3306.0,706,87292,23405400.0,3308.0,1,3306.0,56
rb1805,20170720,20170719,210307500,3306.0,706,87292,23405400.0,3308.0,1,3306.0,56
rb1805,20170720,20170719,210308000,3306.0,706,87292,23405400.0,3308.0,1,3306.0,56
rb1805,20170720,20170719,210308500,3306.0,706,87292,23405400.0,3308.0,1,3306.0,56
rb1805,20170720,20170719,210309000,3306.0,706,87292,23405400.0,3308.0,1,3306.0,57
rb1805,20170720,20170719,210310000,3306.0,706,87292,23405400.0,3308.0,1,3307.0,1
rb1805,20170720,20170719,210310500,3306.0,706,87292,23405400.0,3308.0,1,3307.0,1
rb1805,20170720,20170719,210311000,3306.0,710,87296,23537640.0,3308.0,1,3306.0,54
rb1805,20170720,20170719,210311500,3306.0,710,87296,23537640.0,3308.0,1,3306.0,56
rb1805,20170720,20170719,210312500,3308.0,712,87298,23603800.0,3309.0,30,3308.0,1
rb1805,20170720,20170719,210313000,3308.0,714,87298,23669960.0,3307.0,40,3306.0,54
rb1805,20170720,20170719,210313500,3308.0,716,87296,23736120.0,3307.0,39,3306.0,56
rb1805,20170720,20170719,210316000,3308.0,716,87296,23736120.0,3307.0,39,3306.0,54
rb1805,20170720,20170719,210316500,3307.0,724,87296,24000680.0,3307.0,35,3306.0,54
rb1805,20170720,20170719,210317500,3307.0,726,87296,24066820.0,3307.0,34,3306.0,56
rb1805,20170720,20170719,210318000,3307.0,730,87296,24199100.0,3307.0,32,3306.0,56
rb1805,20170720,20170719,210319000,3307.0,730,87296,24199100.0,3307.0,32,3306.0,56
rb1805,20170720,20170719,210320500,3307.0,730,87296,24199100.0,3307.0,32,3306.0,56
rb1805,20170720,20170719,210321000,3306.0,732,87298,24265220.0,3307.0,32,3306.0,53
rb1805,20170720,20170719,210321500,3306.0,732,87298,24265220.0,3307.0,32,3306.0,53
rb1805,20170720,20170719,210322000,3307.0,740,87304,24529720.0,3307.0,31,3306.0,52
rb1805,20170720,20170719,210322500,3307.0,740,87304,24529720.0,3307.0,31,3306.0,52
rb1805,20170720,20170719,210324000,3307.0,740,87304,24529720.0,3307.0,31,3306.0,54
rb1805,20170720,20170719,210324500,3307.0,742,87302,24595860.0,3307.0,30,3306.0,54
rb1805,20170720,20170719,210325000,3307.0,742,87302,24595860.0,3307.0,31,3306.0,54
rb1805,20170720,20170719,210325500,3307.0,742,87302,24595860.0,3307.0,31,3306.0,54
rb1805,20170720,20170719,210327000,3307.0,742,87302,24595860.0,3307.0,31,3306.0,54
rb1805,20170720,20170719,210327500,3306.0,750,87302,24860340.0,3307.0,31,3306.0,50
rb1805,20170720,20170719,210328500,3306.0,752,87304,24926460.0,3307.0,31,3306.0,49
rb1805,20170720,20170719,210329000,3306.0,752,87304,24926460.0,3307.0,31,3306.0,47
rb1805,20170720,20170719,210329500,3307.0,754,87302,24992600.0,3307.0,30,3306.0,47
rb1805,20170720,20170719,210330000,3307.0,756,87300,25058740.0,3307.0,29,3306.0,49
rb1805,20170720,20170719,210331000,3307.0,758,87300,25124880.0,3307.0,28,3306.0,49
rb1805,20170720,20170719,210331500,3307.0,758,87300,25124880.0,3307.0,28,3306.0,51
rb1805,20170720,20170719,210332000,3307.0,758,87300,25124880.0,3307.0,28,3306.0,51
rb1805,20170720,20170719,210332500,3307.0,758,87300,25124880.0,3307.0,28,3306.0,51
rb1805,20170720,20170719,210334000,3307.0,760,87298,25191020.0,3307.0,27,3306.0,53
rb1805,20170720,20170719,210334500,3307.0,814,87292,26976800.0,3308.0,1,3307.0,2
rb1805,20170720,20170719,210335000,3308.0,816,87292,27042960.0,3309.0,30,3308.0,2
rb1805,20170720,20170719,210335500,3308.0,816,87292,27042960.0,3309.0,30,3308.0,2
rb1805,20170720,20170719,210336000,3308.0,816,87292,27042960.0,3309.0,30,3308.0,2
rb1805,20170720,20170719,210336500,3308.0,816,87292,27042960.0,3309.0,30,3308.0,2
rb1805,20170720,20170719,210338000,3308.0,816,87292,27042960.0,3309.0,30,3308.0,2
rb1805,20170720,20170719,210338500,3308.0,816,87292,27042960.0,3309.0,30,3308.0,2
rb1805,20170720,20170719,210339500,3308.0,818,87292,27109120.0,3309.0,31,3308.0,1
rb1805,20170720,20170719,210340000,3309.0,822,87294,27241480.0,3309.0,29,3308.0,1
rb1805,20170720,20170719,210341000,3309.0,822,87294,27241480.0,3309.0,29,3308.0,1
rb1805,20170720,20170719,210342000,3309.0,822,87294,27241480.0,3309.0,29,3308.0,1
rb1805,20170720,20170719,210343500,3309.0,824,87294,27307660.0,3309.0,27,3308.0,1
rb1805,20170720,20170719,210344000,3309.0,834,87304,27638560.0,3309.0,22,3308.0,2
rb1805,20170720,20170719,210345000,3309.0,834,87304,27638560.0,3309.0,22,3308.0,2
rb1805,20170720,20170719,210345500,3309.0,834,87304,27638560.0,3309.0,22,3308.0,2
rb1805,20170720,20170719,210346000,3309.0,834,87304,27638560.0,3309.0,22,3308.0,2
rb1805,20170720,20170719,210346500,3309.0,834,87304,27638560.0,3309.0,22,3308.0,5
rb1805,20170720,20170719,210347000,3309.0,834,87304,27638560.0,3309.0,22,3308.0,2
rb1805,20170720,20170719,210347500,3309.0,834,87304,27638560.0,3309.0,22,3308.0,6
rb1805,20170720,20170719,210348000,3309.0,834,87304,27638560.0,3309.0,22,3308.0,3
rb1805,20170720,20170719,210348500,3309.0,834,87304,27638560.0,3309.0,22,3308.0,4
rb1805,20170720,20170719,210349000,3309.0,834,87304,27638560.0,3309.0,22,3308.0,5
rb1805,20170720,20170719,210349500,3308.0,836,87304,27704720.0,3309.0,22,3308.0,4
rb1805,20170720,20170719,210350000,3308.0,836,87304,27704720.0,3309.0,23,3308.0,4
rb1805,20170720,20170719,210350500,3308.0,844,87302,27969360.0,3308.0,26,3307.0,6
rb1805,20170720,20170719,210351000,3308.0,848,87298,28101680.0,3308.0,24,3307.0,9
rb1805,20170720,20170719,210351500,3308.0,848,87298,28101680.0,3308.0,24,3307.0,8
rb1805,20170720,20170719,210352000,3308.0,852,87296,28234000.0,3308.0,22,3307.0,5
rb1805,20170720,20170719,210353000,3308.0,852,87296,28234000.0,3308.0,22,3307.0,5
rb1805,20170720,20170719,210353500,3308.0,852,87296,28234000.0,3308.0,22,3307.0,5
rb1805,20170720,20170719,210354000,3308.0,852,87296,28234000.0,3308.0,23,3307.0,5
rb1805,20170720,20170719,210355000,3308.0,852,87296,28234000.0,3308.0,23,3307.0,4
rb1805,20170720,20170719,210356000,3308.0,852,87296,28234000.0,3308.0,23,3307.0,4
rb1805,20170720,20170719,210358000,3308.0,852,87296,28234000.0,3308.0,23,3307.0,4
rb1805,20170720,20170719,210359000,3308.0,852,87296,28234000.0,3308.0,23,3307.0,4
rb1805,20170720,20170719,210359500,3307.0,858,87298,28432420.0,3308.0,23,3307.0,1
rb1805,20170720,20170719,210400000,3307.0,858,87298,28432420.0,3308.0,23,3307.0,1
rb1805,20170720,20170719,210400500,3307.0,860,87298,28498560.0,3307.0,1,3306.0,51
rb1805,20170720,20170719,210401000,3307.0,860,87298,28498560.0,3308.0,23,3307.0,1
rb1805,20170720,20170719,210402000,3307.0,860,87298,28498560.0,3308.0,23,3307.0,1
rb1805,20170720,20170719,210402500,3307.0,860,87298,28498560.0,3308.0,26,3307.0,1
rb1805,20170720,20170719,210403000,3308.0,872,87298,28895460.0,3308.0,24,3306.0,52
rb1805,20170720,20170719,210403500,3306.0,874,87300,28961580.0,3308.0,25,3306.0,51
rb1805,20170720,20170719,210404000,3306.0,874,87300,28961580.0,3308.0,25,3306.0,51
rb1805,20170720,20170719,210404500,3306.0,874,87300,28961580.0,3308.0,25,3306.0,51
rb1805,20170720,20170719,210405000,3306.0,874,87300,28961580.0,3308.0,25,3306.0,51
rb1805,20170720,20170719,210405500,3306.0,880,87306,29159940.0,3308.0,25,3306.0,48
rb1805,20170720,20170719,210409000,3308.0,922,87346,30548500.0,3308.0,24,3306.0,28
rb1805,20170720,20170719,210409500,3308.0,922,87346,30548500.0,3307.0,4,3306.0,28
rb1805,20170720,20170719,210410000,3308.0,922,87346,30548500.0,3307.0,5,3306.0,28
rb1805,20170720,20170719,210410500,3306.0,964,87368,31937020.0,3307.0,6,3306.0,7
rb1805,20170720,20170719,210411000,3305.0,992,87368,32862560.0,3306.0,12,3305.0,12
rb1805,20170720,20170719,210411500,3305.0,996,87368,32994760.0,3306.0,3,3305.0,10
rb1805,20170720,20170719,210412000,3305.0,1000,87368,33126960.0,3306.0,3,3305.0,8
rb1805,20170720,20170719,210412500,3305.0,1002,87368,33193060.0,3306.0,3,3305.0,7
rb1805,20170720,20170719,210413000,3305.0,1004,87368,33259160.0,3306.0,3,3305.0,6
rb1805,20170720,20170719,210413500,3305.0,1008,87368,33391360.0,3306.0,4,3305.0,4
rb1805,20170720,20170719,210414000,3305.0,1010,87368,33457460.0,3306.0,4,3305.0,3
rb1805,20170720,20170719,210414500,3305.0,1012,87368,33523560.0,3306.0,4,3305.0,2
rb1805,20170720,20170719,210415000,3303.0,1018,87370,33721820.0,3305.0,20,3303.0,8
rb1805,20170720,20170719,210415500,3303.0,1026,87368,33986100.0,3305.0,19,3303.0,5
rb1805,20170720,20170719,210417000,3303.0,1026,87368,33986100.0,3305.0,20,3303.0,5
rb1805,20170720,20170719,210417500,3305.0,1048,87346,34713200.0,3305.0,9,3303.0,5
rb1805,20170720,20170719,210418000,3305.0,1054,87344,34911500.0,3305.0,6,3303.0,5
rb1805,20170720,20170719,210418500,3305.0,1066,87344,35308100.0,3306.0,5,3303.0,5
rb1805,20170720,20170719,210419000,3305.0,1066,87344,35308100.0,3306.0,2,3304.0,2
rb1805,20170720,20170719,210420000,3305.0,1066,87344,35308100.0,3306.0,2,3304.0,2
rb1805,20170720,20170719,210420500,3305.0,1066,87344,35308100.0,3306.0,7,3304.0,2
rb1805,20170720,20170719,210421000,3305.0,1066,87344,35308100.0,3306.0,7,3304.0,2
rb1805,20170720,20170719,210421500,3305.0,1066,87344,35308100.0,3306.0,7,3304.0,3
rb1805,20170720,20170719,210422000,3305.0,1066,87344,35308100.0,3306.0,6,3304.0,2
rb1805,20170720,20170719,210423000,3305.0,1066,87344,35308100.0,3306.0,1,3304.0,7
rb1805,20170720,20170719,210423500,3304.0,1068,87344,35374180.0,3305.0,2,3304.0,6
rb1805,20170720,20170719,210424000,3304.0,1068,87344,35374180.0,3305.0,2,3304.0,7
rb1805,20170720,20170719,210424500,3304.0,1070,87342,35440260.0,3305.0,2,3304.0,5
rb1805,20170720,20170719,210425000,3304.0,1070,87342,35440260.0,3305.0,2,3304.0,5
rb1805,20170720,20170719,210425500,3304.0,1070,87342,35440260.0,3305.0,2,3304.0,5
rb1805,20170720,20170719,210426000,3304.0,1070,87342,35440260.0,3305.0,2,3303.0,8
rb1805,20170720,20170719,210426500,3305.0,1072,87344,35506360.0,3305.0,1,3303.0,8
rb1805,20170720,20170719,210427000,3305.0,1072,87344,35506360.0,3305.0,1,3303.0,8
rb1805,20170720,20170719,210427500,3305.0,1074,87344,35572460.0,3306.0,1,3303.0,9
rb1805,20170720,20170719,210428000,3305.0,1074,87344,35572460.0,3306.0,7,3303.0,14
rb1805,20170720,20170719,210428500,3305.0,1074,87344,35572460.0,3306.0,7,3303.0,15
rb1805,20170720,20170719,210429000,3303.0,1076,87344,35638520.0,3306.0,7,3303.0,24
rb1805,20170720,20170719,210429500,3303.0,1078,87344,35704580.0,3306.0,7,3303.0,23
rb1805,20170720,20170719,210430000,3303.0,1078,87344,35704580.0,3306.0,7,3303.0,23
rb1805,20170720,20170719,210431000,3303.0,1078,87344,35704580.0,3306.0,7,3304.0,1
rb1805,20170720,20170719,210431500,3303.0,1078,87344,35704580.0,3305.0,1,3304.0,2
rb1805,20170720,20170719,210432500,3305.0,1080,87344,35770680.0,3306.0,7,3304.0,2
rb1805,20170720,20170719,210433000,3305.0,1080,87344,35770680.0,3306.0,7,3304.0,2
rb1805,20170720,20170719,210433500,3305.0,1080,87344,35770680.0,3306.0,7,3304.0,2
rb1805,20170720,20170719,210434500,3305.0,1080,87344,35770680.0,3306.0,7,3304.0,2
rb1805,20170720,20170719,210435000,3305.0,1080,87344,35770680.0,3306.0,8,3304.0,2
rb1805,20170720,20170719,210435500,3305.0,1080,87344,35770680.0,3306.0,8,3304.0,2
rb1805,20170720,20170719,210436000,3305.0,1080,87344,35770680.0,3305.0,1,3304.0,2
rb1805,20170720,20170719,210436500,3305.0,1082,87344,35836780.0,3306.0,8,3304.0,2
rb1805,20170720,20170719,210437000,3305.0,1082,87344,35836780.0,3306.0,8,3304.0,2
rb1805,20170720,20170719,210438000,3305.0,1082,87344,35836780.0,3306.0,8,3304.0,2
rb1805,20170720,20170719,210438500,3305.0,1082,87344,35836780.0,3306.0,8,3304.0,2
rb1805,20170720,20170719,210439000,3304.0,1086,87344,35968940.0,3306.0,8,3303.0,26
rb1805,20170720,20170719,210439500,3304.0,1086,87344,35968940.0,3305.0,4,3303.0,26
rb1805,20170720,20170719,210440500,3304.0,1086,87344,35968940.0,3305.0,4,3303.0,26
rb1805,20170720,20170719,210441000,3304.0,1086,87344,35968940.0,3305.0,9,3303.0,21
rb1805,20170720,20170719,210442500,3304.0,1086,87344,35968940.0,3305.0,9,3303.0,21
rb1805,20170720,20170719,210443500,3304.0,1086,87344,35968940.0,3305.0,9,3303.0,21
rb1805,20170720,20170719,210444000,3304.0,1086,87344,35968940.0,3304.0,1,3303.0,21
rb1805,20170720,20170719,210444500,3304.0,1086,87344,35968940.0,3304.0,1,3303.0,21
rb1805,20170720,20170719,210445000,3304.0,1088,87346,36035020.0,3305.0,19,3303.0,21
rb1805,20170720,20170719,210446000,3305.0,1090,87346,36101120.0,3305.0,19,3303.0,21
rb1805,20170720,20170719,210447000,3305.0,1090,87346,36101120.0,3305.0,19,3303.0,26
rb1805,20170720,20170719,210448000,3305.0,1090,87346,36101120.0,3305.0,19,3303.0,25
rb1805,20170720,20170719,210448500,3305.0,1092,87346,36167220.0,3305.0,18,3303.0,25
rb1805,20170720,20170719,210449000,3305.0,1092,87346,36167220.0,3305.0,18,3304.0,1
rb1805,20170720,20170719,210450000,3305.0,1092,87346,36167220.0,3305.0,19,3304.0,1
rb1805,20170720,20170719,210450500,3305.0,1094,87344,36233320.0,3305.0,18,3304.0,1
rb1805,20170720,20170719,210451000,3304.0,1096,87342,36299400.0,3304.0,3,3303.0,24
rb1805,20170720,20170719,210451500,3304.0,1096,87342,36299400.0,3305.0,18,3303.0,24
rb1805,20170720,20170719,210452000,3304.0,1096,87342,36299400.0,3305.0,18,3303.0,19
rb1805,20170720,20170719,210452500,3304.0,1096,87342,36299400.0,3304.0,1,3303.0,19
rb1805,20170720,20170719,210453000,3304.0,1096,87342,36299400.0,3304.0,1,3303.0,19
rb1805,20170720,20170719,210454000,3303.0,1132,87318,37488480.0,3304.0,1,3303.0,1
rb1805,20170720,20170719,210455000,3304.0,1134,87318,37554560.0,3305.0,18,3303.0,1
rb1805,20170720,20170719,210455500,3304.0,1134,87318,37554560.0,3304.0,7,3303.0,1
rb1805,20170720,20170719,210456500,3304.0,1134,87318,37554560.0,3304.0,7,3303.0,1
rb1805,20170720,20170719,210457000,3303.0,1136,87316,37620620.0,3303.0,18,3302.0,3
rb1805,20170720,20170719,210457500,3303.0,1136,87316,37620620.0,3303.0,20,3302.0,3
rb1805,20170720,20170719,210458000,3303.0,1136,87316,37620620.0,3303.0,25,3302.0,3
rb1805,20170720,20170719,210458500,3302.0,1140,87316,37752700.0,3303.0,25,3302.0,1
rb1805,20170720,20170719,210459000,3302.0,1142,87316,37818740.0,3302.0,5,3301.0,2
rb1805,20170720,20170719,210459500,3301.0,1146,87316,37950780.0,3302.0,7,3300.0,24
rb1805,20170720,20170719,210500000,3299.0,1196,87356,39600760.0,3300.0,1,3299.0,10
rb1805,20170720,20170719,210500500,3301.0,1242,87380,41118340.0,3302.0,8,3301.0,10
rb1805,20170720,20170719,210501000,3295.0,1278,87404,42305740.0,3298.0,2,3293.0,36
rb1805,20170720,20170719,210501500,3296.0,1304,87418,43162040.0,3297.0,6,3293.0,1
rb1805,20170720,20170719,210502000,3296.0,1306,87418,43227960.0,3293.0,2,3292.0,2
rb1805,20170720,20170719,210502500,3292.0,1340,87422,44347540.0,3293.0,4,3291.0,8
rb1805,20170720,20170719,210503000,3291.0,1364,87436,45137460.0,3291.0,4,3290.0,22
rb1805,20170720,20170719,210503500,3290.0,1412,87476,46716700.0,3293.0,4,3288.0,2
rb1805,20170720,20170719,210504000,3291.0,1432,87472,47374740.0,3291.0,1,3290.0,6
rb1805,20170720,20170719,210504500,3290.0,1444,87474,47769540.0,3290.0,12,3288.0,7
rb1805,20170720,20170719,210505000,3288.0,1446,87474,47835300.0,3289.0,3,3288.0,1
rb1805,20170720,20170719,210505500,3287.0,1504,87512,49741520.0,3287.0,280,3281.0,25
rb1805,20170720,20170719,210506000,3280.0,1588,87500,52499360.0,3281.0,1,3280.0,15
rb1805,20170720,20170719,210506500,3280.0,1782,87442,58852100.0,3280.0,117,3271.0,3
rb1805,20170720,20170719,210507000,3280.0,1864,87494,61541700.0,3279.0,1,3272.0,1
rb1805,20170720,20170719,210507500,3279.0,1866,87494,61607280.0,3280.0,112,3279.0,3
rb1805,20170720,20170719,210508000,3279.0,1904,87486,62852940.0,3278.0,4,3272.0,5
rb1805,20170720,20170719,210508500,3279.0,1904,87486,62852940.0,3278.0,4,3273.0,10
rb1805,20170720,20170719,210509000,3279.0,1916,87480,63246340.0,3277.0,20,3273.0,6
rb1805,20170720,20170719,210509500,3279.0,1918,87480,63311920.0,3277.0,19,3273.0,5
rb1805,20170720,20170719,210510000,3277.0,1920,87478,63377460.0,3277.0,21,3273.0,1
rb1805,20170720,20170719,210510500,3277.0,1948,87478,64295020.0,3277.0,10,3273.0,5
rb1805,20170720,20170719,210511000,3277.0,1960,87468,64688180.0,3277.0,73,3273.0,4
rb1805,20170720,20170719,210511500,3273.0,2016,87480,66522820.0,3274.0,1,3273.0,5
rb1805,20170720,20170719,210512000,3274.0,2054,87452,67768520.0,3280.0,82,3277.0,70
rb1805,20170720,20170719,210512500,3277.0,2108,87458,69538800.0,3280.0,78,3278.0,4
rb1805,20170720,20170719,210513000,3280.0,2200,87448,72556400.0,3279.0,2,3278.0,9
rb1805,20170720,20170719,210513500,3280.0,2284,87374,75311460.0,3280.0,1,3279.0,4
rb1805,20170720,20170719,210514000,3280.0,2286,87372,75377060.0,3286.0,1,3281.0,3
rb1805,20170720,20170719,210514500,3281.0,2288,87372,75442680.0,3285.0,1,3281.0,6
rb1805,20170720,20170719,210515000,3281.0,2288,87372,75442680.0,3285.0,5,3281.0,6
rb1805,20170720,20170719,210515500,3281.0,2294,87378,75639540.0,3285.0,5,3281.0,3
rb1805,20170720,20170719,210516000,3285.0,2298,87378,75770920.0,3285.0,4,3281.0,3
rb1805,20170720,20170719,210516500,3285.0,2298,87378,75770920.0,3285.0,4,3281.0,3
rb1805,20170720,20170719,210517000,3281.0,2300,87380,75836540.0,3285.0,4,3281.0,2
rb1805,20170720,20170719,210517500,3281.0,2302,87380,75902160.0,3286.0,6,3285.0,1
rb1805,20170720,20170719,210518000,3281.0,2308,87378,76099180.0,3286.0,1,3280.0,5
rb1805,20170720,20170719,210518500,3281.0,2308,87378,76099180.0,3286.0,6,3282.0,5
rb1805,20170720,20170719,210519000,3281.0,2308,87378,76099180.0,3286.0,6,3282.0,3
rb1805,20170720,20170719,210519500,3286.0,2312,87374,76230620.0,3286.0,4,3282.0,2
rb1805,20170720,20170719,210520000,3286.0,2312,87374,76230620.0,3286.0,4,3283.0,1
rb1805,20170720,20170719,210520500,3286.0,2312,87374,76230620.0,3286.0,4,3284.0,2
rb1805,20170720,20170719,210521000,3286.0,2312,87374,76230620.0,3286.0,4,3284.0,2
rb1805,20170720,20170719,210521500,3287.0,2330,87366,76822200.0,3288.0,1,3287.0,13
rb1805,20170720,20170719,210522000,3286.0,2398,87310,79057140.0,3286.0,3,3285.0,2
rb1805,20170720,20170719,210522500,3286.0,2404,87310,79254300.0,3287.0,26,3286.0,7
rb1805,20170720,20170719,210523000,3286.0,2410,87304,79451460.0,3287.0,23,3286.0,2
rb1805,20170720,20170719,210523500,3286.0,2412,87304,79517180.0,3287.0,53,3286.0,1
rb1805,20170720,20170719,210524000,3286.0,2414,87304,79582900.0,3287.0,53,3285.0,7
rb1805,20170720,20170719,210524500,3286.0,2414,87304,79582900.0,3287.0,53,3285.0,5
rb1805,20170720,20170719,210525000,3286.0,2414,87304,79582900.0,3287.0,53,3285.0,7
rb1805,20170720,20170719,210525500,3286.0,2414,87304,79582900.0,3287.0,54,3285.0,7
rb1805,20170720,20170719,210526000,3287.0,2416,87304,79648640.0,3287.0,53,3285.0,7
rb1805,20170720,20170719,210526500,3287.0,2416,87304,79648640.0,3287.0,53,3285.0,7
rb1805,20170720,20170719,210527000,3287.0,2416,87304,79648640.0,3287.0,58,3285.0,2
rb1805,20170720,20170719,210527500,3287.0,2418,87302,79714380.0,3287.0,58,3285.0,2
rb1805,20170720,20170719,210528000,3287.0,2420,87302,79780120.0,3287.0,58,3285.0,2
rb1805,20170720,20170719,210528500,3287.0,2422,87302,79845860.0,3287.0,58,3285.0,2
rb1805,20170720,20170719,210529000,3287.0,2438,87286,80371780.0,3287.0,56,3285.0,2
rb1805,20170720,20170719,210529500,3285.0,2450,87280,80766020.0,3287.0,55,3286.0,1
rb1805,20170720,20170719,210530000,3285.0,2454,87280,80897440.0,3285.0,17,3284.0,2
rb1805,20170720,20170719,210530500,3285.0,2458,87280,81028840.0,3285.0,45,3284.0,2
rb1805,20170720,20170719,210531000,3285.0,2550,87312,84051040.0,3287.0,61,3286.0,13
rb1805,20170720,20170719,210531500,3285.0,2576,87328,84905280.0,3285.0,24,3284.0,2
rb1805,20170720,20170719,210532000,3285.0,2580,87330,85036680.0,3285.0,22,3284.0,2
rb1805,20170720,20170719,210532500,3285.0,2580,87330,85036680.0,3285.0,22,3283.0,54
rb1805,20170720,20170719,210533000,3285.0,2590,87340,85365180.0,3285.0,17,3284.0,2
rb1805,20170720,20170719,210534000,3285.0,2590,87340,85365180.0,3285.0,17,3284.0,2
rb1805,20170720,20170719,210535000,3285.0,2590,87340,85365180.0,3285.0,17,3284.0,8
rb1805,20170720,20170719,210535500,3285.0,2590,87340,85365180.0,3285.0,17,3284.0,10
rb1805,20170720,20170719,210536500,3285.0,2592,87342,85430880.0,3285.0,16,3284.0,13
rb1805,20170720,20170719,210537000,3285.0,2594,87344,85496580.0,3285.0,15,3284.0,14
rb1805,20170720,20170719,210537500,3285.0,2620,87368,86350680.0,3285.0,2,3284.0,14
rb1805,20170720,20170719,210538000,3285.0,2624,87370,86482080.0,3287.0,27,3284.0,12
rb1805,20170720,20170719,210538500,3285.0,2624,87370,86482080.0,3287.0,27,3284.0,15
rb1805,20170720,20170719,210539000,3285.0,2626,87370,86547780.0,3287.0,27,3285.0,1
rb1805,20170720,20170719,210539500,3285.0,2626,87370,86547780.0,3286.0,1,3285.0,3
rb1805,20170720,20170719,210540000,3285.0,2626,87370,86547780.0,3286.0,4,3285.0,3
rb1805,20170720,20170719,210540500,3285.0,2626,87370,86547780.0,3286.0,1,3285.0,3
rb1805,20170720,20170719,210541000,3287.0,2636,87360,86876480.0,3287.0,22,3285.0,6
rb1805,20170720,20170719,210541500,3287.0,2636,87360,86876480.0,3287.0,22,3285.0,6
rb1805,20170720,20170719,210542000,3287.0,2636,87360,86876480.0,3287.0,23,3285.0,8
rb1805,20170720,20170719,210542500,3285.0,2638,87360,86942180.0,3287.0,22,3285.0,8
rb1805,20170720,20170719,210543000,3285.0,2638,87360,86942180.0,3287.0,23,3285.0,15
rb1805,20170720,20170719,210543500,3285.0,2638,87360,86942180.0,3287.0,22,3286.0,1
rb1805,20170720,20170719,210544000,3287.0,2650,87360,87336620.0,3287.0,16,3286.0,3
rb1805,20170720,20170719,210544500,3287.0,2650,87360,87336620.0,3287.0,16,3286.0,3
rb1805,20170720,20170719,210545000,3287.0,2654,87360,87468100.0,3287.0,14,3286.0,3
rb1805,20170720,20170719,210545500,3287.0,2654,87360,87468100.0,3287.0,14,3286.0,8
rb1805,20170720,20170719,210546000,3287.0,2660,87358,87665320.0,3287.0,11,3286.0,10
rb1805,20170720,20170719,210546500,3287.0,2670,87358,87994020.0,3287.0,6,3286.0,10
rb1805,20170720,20170719,210547000,3287.0,2672,87358,88059760.0,3287.0,6,3286.0,3
rb1805,20170720,20170719,210547500,3287.0,2672,87358,88059760.0,3287.0,6,3286.0,3
rb1805,20170720,20170719,210548000,3287.0,2684,87368,88454200.0,3288.0,3,3287.0,4
rb1805,20170720,20170719,210548500,3286.0,2694,87368,88782880.0,3287.0,6,3285.0,16
rb1805,20170720,20170719,210549000,3286.0,2694,87368,88782880.0,3288.0,11,3286.0,3
rb1805,20170720,20170719,210549500,3286.0,2700,87368,88980040.0,3288.0,10,3285.0,16
rb1805,20170720,20170719,210550000,3286.0,2700,87368,88980040.0,3288.0,10,3286.0,2
rb1805,20170720,20170719,210550500,3286.0,2700,87368,88980040.0,3288.0,10,3286.0,3
rb1805,20170720,20170719,210552500,3286.0,2700,87368,88980040.0,3288.0,10,3286.0,11
rb1805,20170720,20170719,210554000,3286.0,2700,87368,88980040.0,3288.0,10,3286.0,11
rb1805,20170720,20170719,210554500,3286.0,2700,87368,88980040.0,3288.0,10,3286.0,11
rb1805,20170720,20170719,210555500,3286.0,2700,87368,88980040.0,3288.0,11,3286.0,4
rb1805,20170720,20170719,210556500,3286.0,2700,87368,88980040.0,3288.0,11,3286.0,4
rb1805,20170720,20170719,210557000,3286.0,2718,87386,89571520.0,3286.0,51,3285.0,16
rb1805,20170720,20170719,210557500,3286.0,2718,87386,89571520.0,3286.0,51,3285.0,16
rb1805,20170720,20170719,210558000,3286.0,2722,87386,89702960.0,3286.0,49,3285.0,16
rb1805,20170720,20170719,210558500,3286.0,2722,87386,89702960.0,3286.0,49,3285.0,12
rb1805,20170720,20170719,210559000,3286.0,2722,87386,89702960.0,3286.0,49,3285.0,15
rb1805,20170720,20170719,210559500,3286.0,2724,87386,89768680.0,3286.0,48,3285.0,15
rb1805,20170720,20170719,210600000,3286.0,2724,87386,89768680.0,3286.0,49,3285.0,12
rb1805,20170720,20170719,210600500,3286.0,2758,87386,90885920.0,3286.0,32,3285.0,12
rb1805,20170720,20170719,210601000,3286.0,2766,87392,91148740.0,3286.0,36,3285.0,9
rb1805,20170720,20170719,210602000,3285.0,2784,87394,91740040.0,3286.0,36,3284.0,16
rb1805,20170720,20170719,210602500,3285.0,2784,87394,91740040.0,3286.0,35,3284.0,11
rb1805,20170720,20170719,210603000,3285.0,2784,87394,91740040.0,3286.0,35,3284.0,79
rb1805,20170720,20170719,210603500,3285.0,2814,87386,92725260.0,3286.0,35,3284.0,65
rb1805,20170720,20170719,210604000,3285.0,2814,87386,92725260.0,3285.0,4,3284.0,65
rb1805,20170720,20170719,210604500,3285.0,2814,87386,92725260.0,3285.0,7,3284.0,65
rb1805,20170720,20170719,210605500,3285.0,2814,87386,92725260.0,3286.0,35,3284.0,66
rb1805,20170720,20170719,210606500,3284.0,2826,87374,93119340.0,3285.0,3,3284.0,65
rb1805,20170720,20170719,210607000,3285.0,2832,87374,93316440.0,3286.0,30,3285.0,1
rb1805,20170720,20170719,210607500,3285.0,2832,87374,93316440.0,3286.0,30,3285.0,64
rb1805,20170720,20170719,210608000,3286.0,2840,87378,93579320.0,3286.0,26,3285.0,65
rb1805,20170720,20170719,210608500,3286.0,2862,87400,94302240.0,3286.0,15,3285.0,65
rb1805,20170720,20170719,210609000,3286.0,2862,87400,94302240.0,3286.0,15,3285.0,65
rb1805,20170720,20170719,210609500,3286.0,2862,87400,94302240.0,3286.0,16,3285.0,64
rb1805,20170720,20170719,210610000,3286.0,2866,87404,94433680.0,3286.0,14,3285.0,65
rb1805,20170720,20170719,210610500,3286.0,2866,87404,94433680.0,3286.0,74,3285.0,66
rb1805,20170720,20170719,210611000,3286.0,2866,87404,94433680.0,3286.0,75,3285.0,61
rb1805,20170720,20170719,210611500,3286.0,2866,87404,94433680.0,3286.0,75,3285.0,60
rb1805,20170720,20170719,210612000,3286.0,2866,87404,94433680.0,3286.0,75,3285.0,60
rb1805,20170720,20170719,210612500,3286.0,2866,87404,94433680.0,3286.0,75,3285.0,60
rb1805,20170720,20170719,210613000,3286.0,2866,87404,94433680.0,3286.0,74,3285.0,65
rb1805,20170720,20170719,210613500,3286.0,2868,87406,94499400.0,3286.0,73,3285.0,75
rb1805,20170720,20170719,210614000,3286.0,2868,87406,94499400.0,3286.0,73,3285.0,76
rb1805,20170720,20170719,210614500,3286.0,2870,87408,94565120.0,3286.0,72,3285.0,76
rb1805,20170720,20170719,210615500,3286.0,2982,87406,98245440.0,3286.0,16,3285.0,76
rb1805,20170720,20170719,210616000,3285.0,3012,87406,99230940.0,3286.0,16,3285.0,61
rb1805,20170720,20170719,210618000,3285.0,3012,87406,99230940.0,3286.0,16,3285.0,61
rb1805,20170720,20170719,210619000,3285.0,3012,87406,99230940.0,3286.0,16,3285.0,62
rb1805,20170720,20170719,210620500,3285.0,3072,87406,101201940.0,3286.0,16,3285.0,32
rb1805,20170720,20170719,210621000,3286.0,3074,87408,101267660.0,3286.0,15,3285.0,32
rb1805,20170720,20170719,210621500,3286.0,3076,87408,101333380.0,3286.0,14,3285.0,32
rb1805,20170720,20170719,210622500,3286.0,3084,87416,101596260.0,3286.0,10,3285.0,32
rb1805,20170720,20170719,210623500,3286.0,3084,87416,101596260.0,3286.0,10,3285.0,83
rb1805,20170720,20170719,210625500,3285.0,3086,87414,101661960.0,3286.0,10,3285.0,82
rb1805,20170720,20170719,210626500,3286.0,3096,87418,101990500.0,3286.0,8,3285.0,79
rb1805,20170720,20170719,210627000,3286.0,3096,87418,101990500.0,3286.0,15,3285.0,79
rb1805,20170720,20170719,210627500,3286.0,3096,87418,101990500.0,3286.0,9,3285.0,79
rb1805,20170720,20170719,210628000,3285.0,3102,87420,102187620.0,3286.0,8,3285.0,78
rb1805,20170720,20170719,210628500,3286.0,3108,87426,102384780.0,3286.0,5,3285.0,78
rb1805,20170720,20170719,210629500,3286.0,3110,87426,102450500.0,3286.0,4,3285.0,78
rb1805,20170720,20170719,210630000,3286.0,3118,87432,102713380.0,3287.0,1,3286.0,3
rb1805,20170720,20170719,210630500,3286.0,3118,87432,102713380.0,3287.0,1,3286.0,11
rb1805,20170720,20170719,210631000,3286.0,3120,87432,102779100.0,3287.0,1,3286.0,10
rb1805,20170720,20170719,210631500,3286.0,3120,87432,102779100.0,3287.0,1,3286.0,10
rb1805,20170720,20170719,210632000,3286.0,3120,87432,102779100.0,3287.0,6,3286.0,10
rb1805,20170720,20170719,210633500,3287.0,3122,87432,102844840.0,3287.0,6,3286.0,10
rb1805,20170720,20170719,210634000,3287.0,3122,87432,102844840.0,3287.0,6,3286.0,11
rb1805,20170720,20170719,210634500,3286.0,3134,87436,103239160.0,3287.0,1,3286.0,6
rb1805,20170720,20170719,210635000,3287.0,3136,87436,103304900.0,3288.0,7,3286.0,6
rb1805,20170720,20170719,210635500,3287.0,3136,87436,103304900.0,3288.0,7,3286.0,6
rb1805,20170720,20170719,210636500,3288.0,3146,87436,103633700.0,3288.0,2,3286.0,6
rb1805,20170720,20170719,210637000,3286.0,3166,87446,104290900.0,3288.0,2,3286.0,1
rb1805,20170720,20170719,210637500,3286.0,3166,87446,104290900.0,3288.0,1,3286.0,2
rb1805,20170720,20170719,210638000,3286.0,3170,87448,104422340.0,3286.0,1,3285.0,78
rb1805,20170720,20170719,210638500,3286.0,3180,87456,104750940.0,3288.0,1,3287.0,6
rb1805,20170720,20170719,210639000,3288.0,3182,87456,104816700.0,3290.0,4,3286.0,11
rb1805,20170720,20170719,210639500,3288.0,3182,87456,104816700.0,3290.0,9,3286.0,21
rb1805,20170720,20170719,210640000,3288.0,3182,87456,104816700.0,3290.0,9,3286.0,11
rb1805,20170720,20170719,210640500,3288.0,3182,87456,104816700.0,3290.0,9,3286.0,16
rb1805,20170720,20170719,210641500,3288.0,3182,87456,104816700.0,3290.0,4,3286.0,16
rb1805,20170720,20170719,210642000,3288.0,3182,87456,104816700.0,3290.0,4,3286.0,16
rb1805,20170720,20170719,210644000,3290.0,3186,87458,104948300.0,3290.0,2,3286.0,16
rb1805,20170720,20170719,210644500,3290.0,3188,87456,105014100.0,3290.0,1,3286.0,16
rb1805,20170720,20170719,210645000,3290.0,3188,87456,105014100.0,3290.0,1,3288.0,1
rb1805,20170720,20170719,210645500,3290.0,3188,87456,105014100.0,3290.0,1,3288.0,5
rb1805,20170720,20170719,210647000,3290.0,3188,87456,105014100.0,3290.0,1,3288.0,5
rb1805,20170720,20170719,210647500,3290.0,3188,87456,105014100.0,3290.0,1,3288.0,5
rb1805,20170720,20170719,210649000,3290.0,3188,87456,105014100.0,3290.0,1,3288.0,5
rb1805,20170720,20170719,210649500,3290.0,3188,87456,105014100.0,3290.0,1,3288.0,7
rb1805,20170720,20170719,210650500,3290.0,3188,87456,105014100.0,3290.0,6,3288.0,3
rb1805,20170720,20170719,210651000,3290.0,3188,87456,105014100.0,3290.0,7,3288.0,3
rb1805,20170720,20170719,210651500,3288.0,3214,87480,105868980.0,3288.0,7,3287.0,1
rb1805,20170720,20170719,210652000,3288.0,3214,87480,105868980.0,3288.0,8,3287.0,1
rb1805,20170720,20170719,210653000,3288.0,3214,87480,105868980.0,3288.0,8,3287.0,1
rb1805,20170720,20170719,210653500,3287.0,3216,87480,105934720.0,3288.0,8,3286.0,7
rb1805,20170720,20170719,210654000,3288.0,3220,87482,106066240.0,3288.0,11,3286.0,8
rb1805,20170720,20170719,210654500,3288.0,3220,87482,106066240.0,3288.0,11,3286.0,5
rb1805,20170720,20170719,210655500,3288.0,3220,87482,106066240.0,3288.0,10,3287.0,1
rb1805,20170720,20170719,210656000,3287.0,3222,87482,106131980.0,3287.0,3,3286.0,1
rb1805,20170720,20170719,210656500,3287.0,3222,87482,106131980.0,3288.0,7,3286.0,1
rb1805,20170720,20170719,210657000,3287.0,3222,87482,106131980.0,3288.0,6,3286.0,1
rb1805,20170720,20170719,210657500,3288.0,3232,87492,106460780.0,3288.0,1,3286.0,1
rb1805,20170720,20170719,210658000,3288.0,3232,87492,106460780.0,3287.0,1,3286.0,1
rb1805,20170720,20170719,210658500,3288.0,3238,87486,106658000.0,3289.0,1,3288.0,1
rb1805,20170720,20170719,210659000,3288.0,3240,87484,106723760.0,3288.0,10,3286.0,1
rb1805,20170720,20170719,210659500,3288.0,3240,87484,106723760.0,3289.0,1,3286.0,5
rb1805,20170720,20170719,210700000,3288.0,3242,87482,106789520.0,3288.0,1,3286.0,8
rb1805,20170720,20170719,210700500,3288.0,3242,87482,106789520.0,3288.0,1,3286.0,13
rb1805,20170720,20170719,210701000,3288.0,3244,87480,106855280.0,3289.0,6,3286.0,13
rb1805,20170720,20170719,210702000,3288.0,3246,87482,106921040.0,3287.0,3,3286.0,13
rb1805,20170720,20170719,210703500,3288.0,3246,87482,106921040.0,3287.0,5,3286.0,9
rb1805,20170720,20170719,210704000,3286.0,3250,87482,107052480.0,3287.0,6,3286.0,7
rb1805,20170720,20170719,210704500,3286.0,3266,87484,107578240.0,3286.0,2,3285.0,79
rb1805,20170720,20170719,210705000,3286.0,3270,87484,107709680.0,3287.0,5,3286.0,6
rb1805,20170720,20170719,210705500,3287.0,3272,87484,107775420.0,3287.0,4,3285.0,77
rb1805,20170720,20170719,210706500,3287.0,3272,87484,107775420.0,3287.0,4,3285.0,74
rb1805,20170720,20170719,210707000,3287.0,3276,87484,107906900.0,3286.0,18,3285.0,74
rb1805,20170720,20170719,210707500,3285.0,3278,87486,107972600.0,3286.0,18,3285.0,73
rb1805,20170720,20170719,210708000,3285.0,3278,87486,107972600.0,3286.0,18,3285.0,79
rb1805,20170720,20170719,210708500,3286.0,3280,87484,108038320.0,3286.0,17,3285.0,79
rb1805,20170720,20170719,210709000,3286.0,3284,87484,108169760.0,3286.0,15,3285.0,79
rb1805,20170720,20170719,210709500,3286.0,3302,87484,108761240.0,3286.0,6,3285.0,79
rb1805,20170720,20170719,210710000,3286.0,3302,87484,108761240.0,3286.0,6,3285.0,73
rb1805,20170720,20170719,210710500,3286.0,3302,87484,108761240.0,3286.0,6,3285.0,73
rb1805,20170720,20170719,210712500,3286.0,3302,87484,108761240.0,3286.0,6,3285.0,73
rb1805,20170720,20170719,210713000,3286.0,3302,87484,108761240.0,3286.0,7,3285.0,73
rb1805,20170720,20170719,210714000,3286.0,3302,87484,108761240.0,3286.0,7,3285.0,72
rb1805,20170720,20170719,210715000,3285.0,3304,87486,108826940.0,3286.0,7,3285.0,71
rb1805,20170720,20170719,210715500,3286.0,3308,87486,108958380.0,3286.0,5,3285.0,71
rb1805,20170720,20170719,210717500,3286.0,3310,87484,109024100.0,3286.0,5,3285.0,76
rb1805,20170720,20170719,210718000,3286.0,3320,87486,109352700.0,3287.0,4,3286.0,6
rb1805,20170720,20170719,210718500,3286.0,3320,87486,109352700.0,3287.0,4,3285.0,76
rb1805,20170720,20170719,210719000,3285.0,3322,87486,109418400.0,3287.0,4,3285.0,75
rb1805,20170720,20170719,210719500,3285.0,3324,87488,109484100.0,3287.0,4,3285.0,75
rb1805,20170720,20170719,210720000,3285.0,3324,87488,109484100.0,3288.0,1,3286.0,3
rb1805,20170720,20170719,210720500,3285.0,3324,87488,109484100.0,3289.0,6,3286.0,3
rb1805,20170720,20170719,210721000,3285.0,3324,87488,109484100.0,3289.0,6,3286.0,8
rb1805,20170720,20170719,210722000,3286.0,3326,87486,109549820.0,3289.0,6,3286.0,7
rb1805,20170720,20170719,210722500,3286.0,3326,87486,109549820.0,3289.0,6,3287.0,1
rb1805,20170720,20170719,210723000,3286.0,3326,87486,109549820.0,3289.0,6,3287.0,1
rb1805,20170720,20170719,210724500,3286.0,3328,87486,109615540.0,3289.0,6,3287.0,5
rb1805,20170720,20170719,210725000,3286.0,3328,87486,109615540.0,3289.0,6,3287.0,5
rb1805,20170720,20170719,210725500,3286.0,3328,87486,109615540.0,3289.0,1,3287.0,5
rb1805,20170720,20170719,210726000,3286.0,3328,87486,109615540.0,3288.0,1,3287.0,5
rb1805,20170720,20170719,210727000,3287.0,3334,87492,109812760.0,3288.0,1,3287.0,2
rb1805,20170720,20170719,210727500,3288.0,3338,87492,109944280.0,3289.0,2,3287.0,7
rb1805,20170720,20170719,210728000,3288.0,3338,87492,109944280.0,3289.0,2,3288.0,4
rb1805,20170720,20170719,210728500,3288.0,3346,87492,110207320.0,3288.0,8,3287.0,2
rb1805,20170720,20170719,210729000,3288.0,3358,87496,110601880.0,3289.0,2,3288.0,6
rb1805,20170720,20170719,210729500,3288.0,3358,87496,110601880.0,3289.0,2,3287.0,2
rb1805,20170720,20170719,210730000,3288.0,3358,87496,110601880.0,3289.0,2,3287.0,7
rb1805,20170720,20170719,210730500,3288.0,3358,87496,110601880.0,3289.0,7,3287.0,5
rb1805,20170720,20170719,210731000,3288.0,3358,87496,110601880.0,3289.0,7,3287.0,5
rb1805,20170720,20170719,210731500,3288.0,3358,87496,110601880.0,3289.0,7,3287.0,6
rb1805,20170720,20170719,210732000,3288.0,3358,87496,110601880.0,3289.0,7,3287.0,12
rb1805,20170720,20170719,210733000,3288.0,3358,87496,110601880.0,3289.0,2,3287.0,12
rb1805,20170720,20170719,210733500,3288.0,3358,87496,110601880.0,3289.0,2,3287.0,13
rb1805,20170720,20170719,210734000,3288.0,3358,87496,110601880.0,3289.0,2,3287.0,13
rb1805,20170720,20170719,210734500,3289.0,3362,87496,110733440.0,3290.0,8,3289.0,1
rb1805,20170720,20170719,210735000,3288.0,3366,87496,110864980.0,3290.0,3,3288.0,2
rb1805,20170720,20170719,210735500,3288.0,3366,87496,110864980.0,3290.0,3,3289.0,1
rb1805,20170720,20170719,210736000,3288.0,3366,87496,110864980.0,3290.0,3,3289.0,1
rb1805,20170720,20170719,210737000,3288.0,3366,87496,110864980.0,3290.0,2,3289.0,1
rb1805,20170720,20170719,210738000,3288.0,3366,87496,110864980.0,3290.0,2,3289.0,1
rb1805,20170720,20170719,210739000,3288.0,3366,87496,110864980.0,3290.0,2,3289.0,1
rb1805,20170720,20170719,210739500,3288.0,3366,87496,110864980.0,3290.0,2,3289.0,1
rb1805,20170720,20170719,210740000,3288.0,3366,87496,110864980.0,3290.0,2,3289.0,1
rb1805,20170720,20170719,210740500,3290.0,3370,87498,110996580.0,3291.0,1,3290.0,8
rb1805,20170720,20170719,210741000,3290.0,3370,87498,110996580.0,3291.0,1,3290.0,8
rb1805,20170720,20170719,210744000,3290.0,3370,87498,110996580.0,3291.0,1,3290.0,8
rb1805,20170720,20170719,210745000,3290.0,3370,87498,110996580.0,3291.0,6,3290.0,8
rb1805,20170720,20170719,210745500,3290.0,3386,87498,111522980.0,3290.0,6,3289.0,2
rb1805,20170720,20170719,210746000,3290.0,3386,87498,111522980.0,3291.0,6,3289.0,2
rb1805,20170720,20170719,210746500,3289.0,3390,87496,111654540.0,3290.0,1,3288.0,3
rb1805,20170720,20170719,210747000,3289.0,3390,87496,111654540.0,3290.0,21,3288.0,3
rb1805,20170720,20170719,210748000,3288.0,3392,87494,111720300.0,3290.0,21,3288.0,2
rb1805,20170720,20170719,210749500,3290.0,3402,87494,112049300.0,3290.0,16,3288.0,2
rb1805,20170720,20170719,210751000,3290.0,3402,87494,112049300.0,3290.0,16,3288.0,5
rb1805,20170720,20170719,210751500,3290.0,3404,87494,112115100.0,3290.0,15,3288.0,5
rb1805,20170720,20170719,210752000,3290.0,3404,87494,112115100.0,3290.0,16,3288.0,10
rb1805,20170720,20170719,210753000,3288.0,3406,87492,112180860.0,3289.0,10,3288.0,9
rb1805,20170720,20170719,210753500,3289.0,3414,87500,112443980.0,3289.0,6,3288.0,9
rb1805,20170720,20170719,210754500,3289.0,3416,87502,112509760.0,3289.0,5,3288.0,9
rb1805,20170720,20170719,210755000,3290.0,3428,87512,112904460.0,3290.0,15,3289.0,15
rb1805,20170720,20170719,210755500,3290.0,3428,87512,112904460.0,3290.0,15,3289.0,11
rb1805,20170720,20170719,210756000,3290.0,3428,87512,112904460.0,3290.0,15,3289.0,16
rb1805,20170720,20170719,210756500,3289.0,3430,87512,112970240.0,3290.0,15,3289.0,18
rb1805,20170720,20170719,210757500,3289.0,3430,87512,112970240.0,3290.0,15,3289.0,18
rb1805,20170720,20170719,210758500,3289.0,3430,87512,112970240.0,3290.0,16,3289.0,18
rb1805,20170720,20170719,210759000,3289.0,3458,87510,113891160.0,3290.0,21,3289.0,4
rb1805,20170720,20170719,210759500,3290.0,3460,87510,113956960.0,3290.0,20,3289.0,4
rb1805,20170720,20170719,210800000,3290.0,3464,87510,114088560.0,3290.0,13,3289.0,4
rb1805,20170720,20170719,210800500,3290.0,3464,87510,114088560.0,3290.0,13,3289.0,4
rb1805,20170720,20170719,210801000,3290.0,3464,87510,114088560.0,3290.0,12,3289.0,7
rb1805,20170720,20170719,210801500,3289.0,3474,87512,114417460.0,3290.0,12,3289.0,2
rb1805,20170720,20170719,210802000,3289.0,3474,87512,114417460.0,3290.0,12,3289.0,2
rb1805,20170720,20170719,210802500,3289.0,3474,87512,114417460.0,3290.0,12,3288.0,3
rb1805,20170720,20170719,210803000,3290.0,3476,87512,114483260.0,3290.0,11,3288.0,10
rb1805,20170720,20170719,210803500,3290.0,3476,87512,114483260.0,3290.0,17,3288.0,3
rb1805,20170720,20170719,210806000,3290.0,3476,87512,114483260.0,3290.0,17,3289.0,1
rb1805,20170720,20170719,210806500,3290.0,3476,87512,114483260.0,3290.0,12,3289.0,1
rb1805,20170720,20170719,210807000,3290.0,3476,87512,114483260.0,3290.0,12,3289.0,1
rb1805,20170720,20170719,210807500,3290.0,3476,87512,114483260.0,3290.0,11,3289.0,3
rb1805,20170720,20170719,210809000,3289.0,3480,87510,114614820.0,3290.0,11,3289.0,1
rb1805,20170720,20170719,210809500,3290.0,3486,87504,114812220.0,3290.0,8,3289.0,1
rb1805,20170720,20170719,210810000,3290.0,3486,87504,114812220.0,3290.0,8,3288.0,3
rb1805,20170720,20170719,210810500,3290.0,3486,87504,114812220.0,3290.0,13,3288.0,9
rb1805,20170720,20170719,210811500,3290.0,3488,87504,114878020.0,3290.0,12,3288.0,9
rb1805,20170720,20170719,210812000,3290.0,3488,87504,114878020.0,3290.0,13,3288.0,4
rb1805,20170720,20170719,210813000,3290.0,3488,87504,114878020.0,3290.0,13,3288.0,3
rb1805,20170720,20170719,210813500,3288.0,3490,87504,114943780.0,3290.0,13,3288.0,2
rb1805,20170720,20170719,210814000,3288.0,3490,87504,114943780.0,3289.0,1,3288.0,2
rb1805,20170720,20170719,210814500,3289.0,3492,87506,115009560.0,3290.0,13,3288.0,2
rb1805,20170720,20170719,210815000,3289.0,3492,87506,115009560.0,3290.0,13,3288.0,2
rb1805,20170720,20170719,210815500,3289.0,3492,87506,115009560.0,3290.0,7,3288.0,8
rb1805,20170720,20170719,210816000,3289.0,3492,87506,115009560.0,3290.0,7,3288.0,8
rb1805,20170720,20170719,210817000,3289.0,3492,87506,115009560.0,3289.0,4,3288.0,8
rb1805,20170720,20170719,210817500,3289.0,3492,87506,115009560.0,3289.0,4,3288.0,13
rb1805,20170720,20170719,210818000,3290.0,3502,87514,115338480.0,3290.0,7,3289.0,5
rb1805,20170720,20170719,210818500,3290.0,3502,87514,115338480.0,3290.0,7,3289.0,5
rb1805,20170720,20170719,210819000,3290.0,3502,87514,115338480.0,3290.0,7,3289.0,6
rb1805,20170720,20170719,210819500,3290.0,3502,87514,115338480.0,3290.0,6,3289.0,7
rb1805,20170720,20170719,210821500,3290.0,3504,87512,115404280.0,3290.0,5,3289.0,7
rb1805,20170720,20170719,210822000,3289.0,3506,87510,115470060.0,3290.0,5,3289.0,6
rb1805,20170720,20170719,210822500,3290.0,3516,87502,115799060.0,3291.0,6,3289.0,9
rb1805,20170720,20170719,210823500,3290.0,3516,87502,115799060.0,3291.0,6,3289.0,5
rb1805,20170720,20170719,210824000,3289.0,3518,87502,115864840.0,3290.0,1,3289.0,4
rb1805,20170720,20170719,210824500,3289.0,3518,87502,115864840.0,3290.0,1,3289.0,6
rb1805,20170720,20170719,210825500,3290.0,3522,87500,115996420.0,3291.0,6,3290.0,1
rb1805,20170720,20170719,210826000,3290.0,3524,87498,116062220.0,3290.0,6,3289.0,1
rb1805,20170720,20170719,210826500,3289.0,3526,87496,116128000.0,3290.0,5,3289.0,2
rb1805,20170720,20170719,210827000,3290.0,3536,87498,116457000.0,3290.0,5,3288.0,9
rb1805,20170720,20170719,210827500,3290.0,3536,87498,116457000.0,3290.0,5,3288.0,11
rb1805,20170720,20170719,210828000,3290.0,3538,87496,116522800.0,3290.0,4,3288.0,10
rb1805,20170720,20170719,210829000,3290.0,3538,87496,116522800.0,3290.0,4,3288.0,10
rb1805,20170720,20170719,210829500,3290.0,3542,87496,116654400.0,3290.0,2,3288.0,10
rb1805,20170720,20170719,210830000,3290.0,3542,87496,116654400.0,3290.0,2,3288.0,8
rb1805,20170720,20170719,210830500,3290.0,3546,87496,116786000.0,3291.0,7,3288.0,8
rb1805,20170720,20170719,210831000,3290.0,3546,87496,116786000.0,3290.0,5,3288.0,8
rb1805,20170720,20170719,210832000,3290.0,3546,87496,116786000.0,3290.0,5,3288.0,9
rb1805,20170720,20170719,210833000,3290.0,3546,87496,116786000.0,3289.0,1,3288.0,9
rb1805,20170720,20170719,210834000,3290.0,3546,87496,116786000.0,3289.0,1,3288.0,9
rb1805,20170720,20170719,210836000,3289.0,3548,87496,116851780.0,3290.0,5,3289.0,3
rb1805,20170720,20170719,210836500,3290.0,3556,87492,117114920.0,3290.0,4,3288.0,9
rb1805,20170720,20170719,210837000,3290.0,3556,87492,117114920.0,3290.0,4,3288.0,10
rb1805,20170720,20170719,210837500,3288.0,3558,87492,117180680.0,3290.0,1,3288.0,14
rb1805,20170720,20170719,210838000,3288.0,3558,87492,117180680.0,3290.0,1,3289.0,1
rb1805,20170720,20170719,210838500,3288.0,3558,87492,117180680.0,3290.0,2,3289.0,1
rb1805,20170720,20170719,210839500,3288.0,3562,87494,117312200.0,3290.0,2,3288.0,13
rb1805,20170720,20170719,210841000,3288.0,3562,87494,117312200.0,3290.0,5,3288.0,14
rb1805,20170720,20170719,210842000,3288.0,3562,87494,117312200.0,3290.0,6,3288.0,14
rb1805,20170720,20170719,210842500,3288.0,3562,87494,117312200.0,3290.0,5,3288.0,14
rb1805,20170720,20170719,210843000,3288.0,3562,87494,117312200.0,3290.0,5,3288.0,9
rb1805,20170720,20170719,210843500,3288.0,3562,87494,117312200.0,3289.0,4,3288.0,9
rb1805,20170720,20170719,210845000,3288.0,3564,87492,117377960.0,3289.0,7,3288.0,8
rb1805,20170720,20170719,210845500,3288.0,3564,87492,117377960.0,3289.0,10,3288.0,8
rb1805,20170720,20170719,210847500,3288.0,3580,87482,117904040.0,3289.0,10,3287.0,4
rb1805,20170720,20170719,210848000,3288.0,3580,87482,117904040.0,3288.0,2,3287.0,4
rb1805,20170720,20170719,210848500,3288.0,3580,87482,117904040.0,3289.0,10,3287.0,1
rb1805,20170720,20170719,210849000,3288.0,3580,87482,117904040.0,3288.0,20,3287.0,1
rb1805,20170720,20170719,210849500,3287.0,3582,87482,117969780.0,3288.0,20,3287.0,1
rb1805,20170720,20170719,210850000,3287.0,3582,87482,117969780.0,3288.0,20,3287.0,1
rb1805,20170720,20170719,210852500,3287.0,3584,87482,118035520.0,3287.0,4,3286.0,2
rb1805,20170720,20170719,210853000,3287.0,3584,87482,118035520.0,3287.0,7,3286.0,2
rb1805,20170720,20170719,210853500,3287.0,3584,87482,118035520.0,3288.0,23,3286.0,2
rb1805,20170720,20170719,210854000,3287.0,3584,87482,118035520.0,3287.0,8,3286.0,2
rb1805,20170720,20170719,210855000,3287.0,3586,87480,118101260.0,3287.0,4,3286.0,2
rb1805,20170720,20170719,210855500,3287.0,3588,87480,118167000.0,3287.0,3,3286.0,2
rb1805,20170720,20170719,210856500,3287.0,3588,87480,118167000.0,3287.0,3,3286.0,2
rb1805,20170720,20170719,210857500,3286.0,3594,87476,118364160.0,3287.0,9,3285.0,94
rb1805,20170720,20170719,210858000,3286.0,3596,87476,118429880.0,3286.0,3,3285.0,94
rb1805,20170720,20170719,210858500,3287.0,3606,87472,118758520.0,3287.0,4,3285.0,95
rb1805,20170720,20170719,210859000,3287.0,3606,87472,118758520.0,3287.0,4,3285.0,94
rb1805,20170720,20170719,210859500,3287.0,3606,87472,118758520.0,3287.0,7,3285.0,94
rb1805,20170720,20170719,210900000,3287.0,3606,87472,118758520.0,3287.0,6,3285.0,94
rb1805,20170720,20170719,210900500,3287.0,3606,87472,118758520.0,3287.0,3,3285.0,94
rb1805,20170720,20170719,210901500,3287.0,3612,87472,118955740.0,3288.0,23,3285.0,94
rb1805,20170720,20170719,210902000,3287.0,3612,87472,118955740.0,3288.0,23,3286.0,3
rb1805,20170720,20170719,210903000,3287.0,3612,87472,118955740.0,3288.0,23,3286.0,4
rb1805,20170720,20170719,210903500,3286.0,3620,87472,119218620.0,3286.0,35,3285.0,100
rb1805,20170720,20170719,210904000,3286.0,3622,87472,119284340.0,3286.0,34,3285.0,95
rb1805,20170720,20170719,210905000,3286.0,3622,87472,119284340.0,3286.0,34,3285.0,96
rb1805,20170720,20170719,210905500,3286.0,3622,87472,119284340.0,3286.0,34,3285.0,96
rb1805,20170720,20170719,210906000,3286.0,3622,87472,119284340.0,3286.0,34,3285.0,96
rb1805,20170720,20170719,210907000,3286.0,3622,87472,119284340.0,3286.0,34,3285.0,96
rb1805,20170720,20170719,210907500,3286.0,3632,87472,119612940.0,3286.0,29,3285.0,96
rb1805,20170720,20170719,210908000,3285.0,3634,87472,119678640.0,3286.0,29,3285.0,95
rb1805,20170720,20170719,210908500,3285.0,3668,87470,120795540.0,3287.0,15,3285.0,78
rb1805,20170720,20170719,210909000,3285.0,3726,87470,122700840.0,3287.0,15,3285.0,49
rb1805,20170720,20170719,210910000,3285.0,3766,87470,124014840.0,3287.0,15,3285.0,29
rb1805,20170720,20170719,210913500,3285.0,3766,87470,124014840.0,3287.0,15,3285.0,35
rb1805,20170720,20170719,210914000,3285.0,3766,87470,124014840.0,3287.0,15,3285.0,35
rb1805,20170720,20170719,210916000,3285.0,3766,87470,124014840.0,3287.0,15,3285.0,34
rb1805,20170720,20170719,210917000,3285.0,3834,87458,126248640.0,3285.0,26,3283.0,6
rb1805,20170720,20170719,210917500,3285.0,3836,87458,126314340.0,3285.0,25,3283.0,6
rb1805,20170720,20170719,210919500,3285.0,3836,87458,126314340.0,3285.0,25,3283.0,12
rb1805,20170720,20170719,210920000,3285.0,3838,87458,126380040.0,3285.0,24,3283.0,13
rb1805,20170720,20170719,210921000,3285.0,3838,87458,126380040.0,3285.0,24,3283.0,13
rb1805,20170720,20170719,210921500,3285.0,3838,87458,126380040.0,3285.0,24,3283.0,12
rb1805,20170720,20170719,210922000,3285.0,3844,87452,126577140.0,3285.0,21,3284.0,4
rb1805,20170720,20170719,210922500,3285.0,3844,87452,126577140.0,3285.0,21,3284.0,5
rb1805,20170720,20170719,210923000,3285.0,3844,87452,126577140.0,3285.0,21,3283.0,12
rb1805,20170720,20170719,210923500,3285.0,3844,87452,126577140.0,3285.0,26,3283.0,7
rb1805,20170720,20170719,210924000,3285.0,3844,87452,126577140.0,3285.0,26,3283.0,6
rb1805,20170720,20170719,210924500,3285.0,3846,87452,126642840.0,3285.0,25,3283.0,6
rb1805,20170720,20170719,210925000,3285.0,3846,87452,126642840.0,3285.0,25,3283.0,6
rb1805,20170720,20170719,210926500,3285.0,3848,87452,126708540.0,3285.0,24,3283.0,7
rb1805,20170720,20170719,210927000,3285.0,3848,87452,126708540.0,3285.0,24,3283.0,7
rb1805,20170720,20170719,210928000,3285.0,3848,87452,126708540.0,3285.0,24,3283.0,7
rb1805,20170720,20170719,210928500,3285.0,3848,87452,126708540.0,3285.0,25,3283.0,7
rb1805,20170720,20170719,210929000,3285.0,3848,87452,126708540.0,3285.0,25,3283.0,7
rb1805,20170720,20170719,210929500,3285.0,3848,87452,126708540.0,3285.0,25,3283.0,8
rb1805,20170720,20170719,210930500,3285.0,3852,87448,126839940.0,3285.0,23,3283.0,8
rb1805,20170720,20170719,210931000,3285.0,3852,87448,126839940.0,3285.0,23,3283.0,8
rb1805,20170720,20170719,210932000,3285.0,3852,87448,126839940.0,3285.0,23,3283.0,8
rb1805,20170720,20170719,210933500,3285.0,3852,87448,126839940.0,3285.0,23,3283.0,8
rb1805,20170720,20170719,210934000,3285.0,3852,87448,126839940.0,3285.0,23,3283.0,8
rb1805,20170720,20170719,210935500,3285.0,3852,87448,126839940.0,3285.0,23,3283.0,8
rb1805,20170720,20170719,210936500,3285.0,3852,87448,126839940.0,3285.0,18,3283.0,14
rb1805,20170720,20170719,210938000,3285.0,3852,87448,126839940.0,3285.0,23,3283.0,14
rb1805,20170720,20170719,210940000,3285.0,3852,87448,126839940.0,3285.0,23,3283.0,8
rb1805,20170720,20170719,210940500,3285.0,3852,87448,126839940.0,3285.0,23,3283.0,8
rb1805,20170720,20170719,210942500,3285.0,3852,87448,126839940.0,3285.0,23,3283.0,10
rb1805,20170720,20170719,210943000,3285.0,3852,87448,126839940.0,3285.0,23,3283.0,10
rb1805,20170720,20170719,210943500,3285.0,3852,87448,126839940.0,3284.0,2,3283.0,10
rb1805,20170720,20170719,210944000,3283.0,3854,87450,126905600.0,3284.0,2,3283.0,9
rb1805,20170720,20170719,210944500,3283.0,3854,87450,126905600.0,3284.0,7,3283.0,9
rb1805,20170720,20170719,210945000,3283.0,3856,87448,126971260.0,3284.0,7,3283.0,8
rb1805,20170720,20170719,210946000,3283.0,3856,87448,126971260.0,3284.0,7,3283.0,8
rb1805,20170720,20170719,210946500,3283.0,3872,87458,127496540.0,3283.0,5,3282.0,1
rb1805,20170720,20170719,210947000,3283.0,3872,87458,127496540.0,3284.0,7,3282.0,1
rb1805,20170720,20170719,210948000,3283.0,3872,87458,127496540.0,3283.0,1,3282.0,1
rb1805,20170720,20170719,210948500,3283.0,3872,87458,127496540.0,3283.0,1,3282.0,1
rb1805,20170720,20170719,210949000,3283.0,3872,87458,127496540.0,3283.0,2,3282.0,1
rb1805,20170720,20170719,210949500,3282.0,3874,87460,127562180.0,3283.0,2,3281.0,2
rb1805,20170720,20170719,210950500,3282.0,3874,87460,127562180.0,3283.0,7,3281.0,2
rb1805,20170720,20170719,210951000,3283.0,3876,87458,127627840.0,3283.0,6,3281.0,4
rb1805,20170720,20170719,210951500,3283.0,3878,87460,127693500.0,3283.0,5,3281.0,4
rb1805,20170720,20170719,210952000,3283.0,3878,87460,127693500.0,3283.0,5,3281.0,4
rb1805,20170720,20170719,210953000,3283.0,3878,87460,127693500.0,3283.0,5,3282.0,1
rb1805,20170720,20170719,210953500,3283.0,3878,87460,127693500.0,3283.0,5,3282.0,1
rb1805,20170720,20170719,210954000,3283.0,3878,87460,127693500.0,3283.0,5,3282.0,1
rb1805,20170720,20170719,210954500,3283.0,3878,87460,127693500.0,3283.0,8,3282.0,1
rb1805,20170720,20170719,210955000,3282.0,3880,87460,127759140.0,3283.0,9,3281.0,4
rb1805,20170720,20170719,210956000,3282.0,3880,87460,127759140.0,3282.0,3,3281.0,4
rb1805,20170720,20170719,210956500,3282.0,3880,87460,127759140.0,3282.0,4,3281.0,4
rb1805,20170720,20170719,210957500,3282.0,3880,87460,127759140.0,3282.0,4,3281.0,5
rb1805,20170720,20170719,210958000,3282.0,3880,87460,127759140.0,3282.0,4,3281.0,5
rb1805,20170720,20170719,210958500,3282.0,3880,87460,127759140.0,3282.0,4,3281.0,6
rb1805,20170720,20170719,210959000,3282.0,3882,87460,127824780.0,3282.0,3,3281.0,6
rb1805,20170720,20170719,210959500,3282.0,3882,87460,127824780.0,3282.0,3,3281.0,6
rb1805,20170720,20170719,211000000,3282.0,3884,87458,127890420.0,3282.0,2,3281.0,6
rb1805,20170720,20170719,211001000,3282.0,3884,87458,127890420.0,3282.0,7,3281.0,6
rb1805,20170720,20170719,211001500,3281.0,3892,87458,128152900.0,3282.0,7,3281.0,2
rb1805,20170720,20170719,211002000,3281.0,3898,87460,128349760.0,3281.0,2,3280.0,25
rb1805,20170720,20170719,211002500,3281.0,3898,87460,128349760.0,3281.0,2,3280.0,25
rb1805,20170720,20170719,211003500,3281.0,3898,87460,128349760.0,3281.0,7,3280.0,25
rb1805,20170720,20170719,211004500,3280.0,3906,87468,128612160.0,3281.0,7,3280.0,21
rb1805,20170720,20170719,211005000,3281.0,3912,87466,128809000.0,3281.0,6,3280.0,20
rb1805,20170720,20170719,211005500,3280.0,3918,87464,129005800.0,3281.0,6,3280.0,19
rb1805,20170720,20170719,211006000,3280.0,3980,87460,131039400.0,3280.0,12,3279.0,15
rb1805,20170720,20170719,211006500,3280.0,3982,87458,131105000.0,3280.0,13,3279.0,15
rb1805,20170720,20170719,211007000,3280.0,3982,87458,131105000.0,3280.0,13,3279.0,15
rb1805,20170720,20170719,211007500,3280.0,3982,87458,131105000.0,3280.0,13,3279.0,15
rb1805,20170720,20170719,211008000,3280.0,4002,87458,131761000.0,3280.0,3,3279.0,15
rb1805,20170720,20170719,211008500,3280.0,4010,87458,132023400.0,3281.0,5,3280.0,5
rb1805,20170720,20170719,211009000,3280.0,4010,87458,132023400.0,3281.0,5,3279.0,16
rb1805,20170720,20170719,211009500,3280.0,4010,87458,132023400.0,3281.0,8,3279.0,15
rb1805,20170720,20170719,211010000,3280.0,4010,87458,132023400.0,3281.0,8,3279.0,15
rb1805,20170720,20170719,211010500,3280.0,4010,87458,132023400.0,3280.0,1,3279.0,15
rb1805,20170720,20170719,211011000,3279.0,4012,87458,132088980.0,3280.0,1,3279.0,14
rb1805,20170720,20170719,211012000,3279.0,4012,87458,132088980.0,3280.0,2,3279.0,15
rb1805,20170720,20170719,211012500,3280.0,4014,87458,132154580.0,3280.0,1,3279.0,15
rb1805,20170720,20170719,211014000,3279.0,4016,87458,132220160.0,3280.0,1,3279.0,14
rb1805,20170720,20170719,211014500,3280.0,4018,87458,132285760.0,3281.0,8,3279.0,15
rb1805,20170720,20170719,211015000,3280.0,4018,87458,132285760.0,3281.0,8,3279.0,14
rb1805,20170720,20170719,211015500,3280.0,4028,87460,132613760.0,3281.0,8,3280.0,1
rb1805,20170720,20170719,211016000,3280.0,4030,87460,132679360.0,3280.0,8,3279.0,14
rb1805,20170720,20170719,211017000,3280.0,4030,87460,132679360.0,3280.0,8,3279.0,14
rb1805,20170720,20170719,211018000,3279.0,4032,87460,132744940.0,3280.0,8,3279.0,13
rb1805,20170720,20170719,211018500,3280.0,4048,87462,133269740.0,3281.0,8,3280.0,2
rb1805,20170720,20170719,211019000,3280.0,4048,87462,133269740.0,3281.0,5,3279.0,19
rb1805,20170720,20170719,211019500,3280.0,4048,87462,133269740.0,3280.0,2,3279.0,19
rb1805,20170720,20170719,211020000,3280.0,4052,87462,133400940.0,3281.0,5,3279.0,14
rb1805,20170720,20170719,211020500,3280.0,4052,87462,133400940.0,3281.0,5,3279.0,13
rb1805,20170720,20170719,211021000,3280.0,4052,87462,133400940.0,3281.0,5,3279.0,18
rb1805,20170720,20170719,211021500,3280.0,4052,87462,133400940.0,3281.0,2,3279.0,19
rb1805,20170720,20170719,211022000,3279.0,4054,87462,133466520.0,3281.0,2,3279.0,18
rb1805,20170720,20170719,211023000,3281.0,4056,87460,133532140.0,3281.0,1,3279.0,21
rb1805,20170720,20170719,211023500,3281.0,4058,87460,133597760.0,3282.0,8,3281.0,3
rb1805,20170720,20170719,211024000,3281.0,4058,87460,133597760.0,3282.0,8,3281.0,1
rb1805,20170720,20170719,211024500,3279.0,4068,87458,133925720.0,3282.0,3,3279.0,14
rb1805,20170720,20170719,211025000,3279.0,4068,87458,133925720.0,3282.0,6,3280.0,1
rb1805,20170720,20170719,211025500,3282.0,4080,87448,134319560.0,3283.0,6,3282.0,2
rb1805,20170720,20170719,211026000,3282.0,4084,87446,134450840.0,3283.0,6,3280.0,1
rb1805,20170720,20170719,211026500,3280.0,4086,87446,134516440.0,3282.0,2,3279.0,15
rb1805,20170720,20170719,211027500,3280.0,4086,87446,134516440.0,3282.0,2,3279.0,15
rb1805,20170720,20170719,211028000,3280.0,4086,87446,134516440.0,3282.0,2,3279.0,15
rb1805,20170720,20170719,211028500,3280.0,4086,87446,134516440.0,3282.0,2,3279.0,18
rb1805,20170720,20170719,211029000,3280.0,4086,87446,134516440.0,3282.0,2,3279.0,19
rb1805,20170720,20170719,211029500,3280.0,4086,87446,134516440.0,3282.0,2,3280.0,1
rb1805,20170720,20170719,211030000,3280.0,4086,87446,134516440.0,3282.0,2,3280.0,7
rb1805,20170720,20170719,211030500,3280.0,4086,87446,134516440.0,3282.0,22,3280.0,7
rb1805,20170720,20170719,211031000,3280.0,4086,87446,134516440.0,3282.0,22,3280.0,9
rb1805,20170720,20170719,211032000,3280.0,4086,87446,134516440.0,3282.0,22,3280.0,10
rb1805,20170720,20170719,211032500,3280.0,4086,87446,134516440.0,3282.0,22,3280.0,10
rb1805,20170720,20170719,211033500,3280.0,4088,87448,134582040.0,3282.0,22,3280.0,9
rb1805,20170720,20170719,211034000,3280.0,4090,87446,134647640.0,3282.0,2,3280.0,8
rb1805,20170720,20170719,211034500,3280.0,4090,87446,134647640.0,3282.0,2,3280.0,15
rb1805,20170720,20170719,211035000,3282.0,4094,87442,134778920.0,3283.0,6,3280.0,15
rb1805,20170720,20170719,211035500,3281.0,4096,87444,134844540.0,3283.0,6,3281.0,1
rb1805,20170720,20170719,211036000,3281.0,4096,87444,134844540.0,3283.0,6,3281.0,1
rb1805,20170720,20170719,211036500,3281.0,4098,87444,134910160.0,3283.0,6,3281.0,1
rb1805,20170720,20170719,211037000,3281.0,4098,87444,134910160.0,3283.0,6,3281.0,1
rb1805,20170720,20170719,211038000,3281.0,4098,87444,134910160.0,3283.0,7,3281.0,1
rb1805,20170720,20170719,211038500,3281.0,4098,87444,134910160.0,3283.0,7,3281.0,1
rb1805,20170720,20170719,211039000,3281.0,4098,87444,134910160.0,3283.0,22,3281.0,6
rb1805,20170720,20170719,211039500,3281.0,4098,87444,134910160.0,3283.0,26,3281.0,6
rb1805,20170720,20170719,211040000,3281.0,4098,87444,134910160.0,3283.0,26,3281.0,11
rb1805,20170720,20170719,211041000,3281.0,4098,87444,134910160.0,3283.0,26,3281.0,11
rb1805,20170720,20170719,211041500,3281.0,4098,87444,134910160.0,3283.0,26,3281.0,11
rb1805,20170720,20170719,211042000,3281.0,4100,87442,134975780.0,3283.0,26,3281.0,10
rb1805,20170720,20170719,211042500,3281.0,4100,87442,134975780.0,3283.0,6,3282.0,4
rb1805,20170720,20170719,211043000,3282.0,4110,87436,135304060.0,3283.0,2,3282.0,3
rb1805,20170720,20170719,211043500,3283.0,4112,87436,135369720.0,3283.0,1,3282.0,3
rb1805,20170720,20170719,211044000,3283.0,4114,87434,135435380.0,3284.0,3,3283.0,3
rb1805,20170720,20170719,211044500,3283.0,4114,87434,135435380.0,3284.0,3,3283.0,3
rb1805,20170720,20170719,211045000,3283.0,4114,87434,135435380.0,3284.0,3,3283.0,3
rb1805,20170720,20170719,211045500,3284.0,4116,87436,135501060.0,3284.0,2,3283.0,3
rb1805,20170720,20170719,211046000,3284.0,4116,87436,135501060.0,3284.0,2,3283.0,3
rb1805,20170720,20170719,211047000,3284.0,4118,87436,135566740.0,3284.0,1,3283.0,3
rb1805,20170720,20170719,211048000,3284.0,4118,87436,135566740.0,3284.0,1,3283.0,3
rb1805,20170720,20170719,211048500,3284.0,4118,87436,135566740.0,3284.0,1,3283.0,3
rb1805,20170720,20170719,211049000,3284.0,4120,87436,135632420.0,3285.0,18,3283.0,3
rb1805,20170720,20170719,211051000,3284.0,4120,87436,135632420.0,3285.0,18,3284.0,4
rb1805,20170720,20170719,211051500,3284.0,4120,87436,135632420.0,3285.0,18,3284.0,4
rb1805,20170720,20170719,211052000,3285.0,4124,87436,135763800.0,3285.0,17,3284.0,3
rb1805,20170720,20170719,211052500,3285.0,4124,87436,135763800.0,3285.0,17,3284.0,4
rb1805,20170720,20170719,211053500,3285.0,4124,87436,135763800.0,3285.0,17,3284.0,9
rb1805,20170720,20170719,211054000,3285.0,4126,87436,135829500.0,3285.0,16,3284.0,9
rb1805,20170720,20170719,211054500,3285.0,4138,87434,136223700.0,3285.0,10,3284.0,9
rb1805,20170720,20170719,211055000,3285.0,4138,87434,136223700.0,3285.0,10,3284.0,9
rb1805,20170720,20170719,211055500,3285.0,4138,87434,136223700.0,3285.0,10,3284.0,9
rb1805,20170720,20170719,211056500,3285.0,4140,87434,136289400.0,3285.0,9,3284.0,9
rb1805,20170720,20170719,211057500,3285.0,4146,87428,136486500.0,3285.0,20,3284.0,9
rb1805,20170720,20170719,211058000,3285.0,4148,87428,136552200.0,3285.0,19,3284.0,9
rb1805,20170720,20170719,211059500,3285.0,4148,87428,136552200.0,3285.0,19,3284.0,4
rb1805,20170720,20170719,211100500,3285.0,4148,87428,136552200.0,3285.0,19,3284.0,4
rb1805,20170720,20170719,211101000,3285.0,4148,87428,136552200.0,3285.0,19,3284.0,6
rb1805,20170720,20170719,211101500,3285.0,4148,87428,136552200.0,3285.0,19,3284.0,11
rb1805,20170720,20170719,211102000,3285.0,4148,87428,136552200.0,3285.0,19,3284.0,11
rb1805,20170720,20170719,211102500,3285.0,4148,87428,136552200.0,3285.0,19,3284.0,11
rb1805,20170720,20170719,211103000,3285.0,4148,87428,136552200.0,3285.0,19,3284.0,6
rb1805,20170720,20170719,211104000,3285.0,4154,87428,136749300.0,3285.0,16,3284.0,6
rb1805,20170720,20170719,211104500,3285.0,4160,87430,136946400.0,3285.0,13,3284.0,6
rb1805,20170720,20170719,211106500,3284.0,4162,87432,137012080.0,3285.0,13,3284.0,6
rb1805,20170720,20170719,211107000,3284.0,4162,87432,137012080.0,3285.0,13,3284.0,6
rb1805,20170720,20170719,211107500,3284.0,4162,87432,137012080.0,3285.0,13,3284.0,6
rb1805,20170720,20170719,211108000,3284.0,4162,87432,137012080.0,3285.0,13,3284.0,7
rb1805,20170720,20170719,211109000,3284.0,4162,87432,137012080.0,3285.0,13,3284.0,6
rb1805,20170720,20170719,211109500,3284.0,4162,87432,137012080.0,3285.0,13,3284.0,6
rb1805,20170720,20170719,211110500,3285.0,4182,87432,137669080.0,3285.0,3,3284.0,8
rb1805,20170720,20170719,211111000,3285.0,4182,87432,137669080.0,3285.0,3,3284.0,6
rb1805,20170720,20170719,211111500,3284.0,4192,87430,137997480.0,3285.0,3,3284.0,1
rb1805,20170720,20170719,211112500,3284.0,4192,87430,137997480.0,3285.0,3,3284.0,6
rb1805,20170720,20170719,211113000,3284.0,4192,87430,137997480.0,3285.0,3,3284.0,6
rb1805,20170720,20170719,211113500,3285.0,4194,87428,138063180.0,3285.0,2,3284.0,7
rb1805,20170720,20170719,211114000,3285.0,4198,87428,138194580.0,3286.0,3,3284.0,14
rb1805,20170720,20170719,211114500,3285.0,4198,87428,138194580.0,3286.0,2,3284.0,15
rb1805,20170720,20170719,211115500,3286.0,4200,87428,138260300.0,3286.0,1,3284.0,14
rb1805,20170720,20170719,211116000,3286.0,4200,87428,138260300.0,3286.0,1,3284.0,14
rb1805,20170720,20170719,211118500,3286.0,4200,87428,138260300.0,3286.0,1,3285.0,1
rb1805,20170720,20170719,211119000,3286.0,4200,87428,138260300.0,3286.0,1,3285.0,4
rb1805,20170720,20170719,211119500,3286.0,4200,87428,138260300.0,3286.0,1,3285.0,8
rb1805,20170720,20170719,211120000,3286.0,4202,87428,138326020.0,3288.0,21,3285.0,8
rb1805,20170720,20170719,211120500,3286.0,4202,87428,138326020.0,3287.0,2,3285.0,13
rb1805,20170720,20170719,211121000,3286.0,4202,87428,138326020.0,3287.0,2,3285.0,10
rb1805,20170720,20170719,211122000,3286.0,4202,87428,138326020.0,3287.0,2,3285.0,15
rb1805,20170720,20170719,211122500,3286.0,4202,87428,138326020.0,3287.0,2,3285.0,10
rb1805,20170720,20170719,211125000,3286.0,4202,87428,138326020.0,3287.0,2,3285.0,11
rb1805,20170720,20170719,211125500,3286.0,4202,87428,138326020.0,3287.0,2,3285.0,11
rb1805,20170720,20170719,211126000,3285.0,4222,87446,138983020.0,3287.0,2,3285.0,1
rb1805,20170720,20170719,211126500,3285.0,4222,87446,138983020.0,3287.0,2,3286.0,3
rb1805,20170720,20170719,211128500,3285.0,4222,87446,138983020.0,3287.0,2,3286.0,3
rb1805,20170720,20170719,211129000,3285.0,4222,87446,138983020.0,3287.0,2,3286.0,3
rb1805,20170720,20170719,211129500,3285.0,4222,87446,138983020.0,3287.0,7,3286.0,3
rb1805,20170720,20170719,211130000,3285.0,4222,87446,138983020.0,3287.0,7,3286.0,3
rb1805,20170720,20170719,211131000,3285.0,4222,87446,138983020.0,3287.0,7,3286.0,3
rb1805,20170720,20170719,211131500,3285.0,4222,87446,138983020.0,3287.0,7,3286.0,3
rb1805,20170720,20170719,211132000,3285.0,4222,87446,138983020.0,3287.0,5,3286.0,3
rb1805,20170720,20170719,211132500,3285.0,4222,87446,138983020.0,3287.0,5,3286.0,3
rb1805,20170720,20170719,211133000,3285.0,4222,87446,138983020.0,3287.0,5,3286.0,3
rb1805,20170720,20170719,211133500,3285.0,4222,87446,138983020.0,3287.0,7,3286.0,3
rb1805,20170720,20170719,211134000,3285.0,4222,87446,138983020.0,3287.0,7,3286.0,3
rb1805,20170720,20170719,211135000,3285.0,4222,87446,138983020.0,3287.0,7,3286.0,4
rb1805,20170720,20170719,211135500,3285.0,4222,87446,138983020.0,3287.0,7,3286.0,5
rb1805,20170720,20170719,211136000,3286.0,4224,87446,139048740.0,3287.0,7,3286.0,4
rb1805,20170720,20170719,211136500,3286.0,4224,87446,139048740.0,3287.0,2,3286.0,4
rb1805,20170720,20170719,211137000,3286.0,4224,87446,139048740.0,3287.0,2,3286.0,4
rb1805,20170720,20170719,211138000,3286.0,4224,87446,139048740.0,3287.0,2,3286.0,4
rb1805,20170720,20170719,211139000,3286.0,4224,87446,139048740.0,3287.0,7,3286.0,4
rb1805,20170720,20170719,211139500,3287.0,4228,87446,139180220.0,3287.0,5,3286.0,4
rb1805,20170720,20170719,211141500,3286.0,4230,87446,139245940.0,3287.0,5,3286.0,3
rb1805,20170720,20170719,211142000,3286.0,4230,87446,139245940.0,3287.0,1,3286.0,3
rb1805,20170720,20170719,211142500,3286.0,4230,87446,139245940.0,3287.0,1,3286.0,3
rb1805,20170720,20170719,211143500,3286.0,4236,87450,139443100.0,3286.0,2,3285.0,3
rb1805,20170720,20170719,211144000,3286.0,4238,87450,139508820.0,3286.0,1,3285.0,3
rb1805,20170720,20170719,211145000,3286.0,4238,87450,139508820.0,3286.0,1,3285.0,3
rb1805,20170720,20170719,211146000,3286.0,4238,87450,139508820.0,3286.0,1,3285.0,13
rb1805,20170720,20170719,211148000,3286.0,4240,87452,139574540.0,3287.0,1,3285.0,23
rb1805,20170720,20170719,211148500,3286.0,4240,87452,139574540.0,3287.0,6,3285.0,23
rb1805,20170720,20170719,211149500,3286.0,4240,87452,139574540.0,3287.0,6,3285.0,23
rb1805,20170720,20170719,211151500,3287.0,4250,87452,139903240.0,3286.0,1,3285.0,23
rb1805,20170720,20170719,211153500,3287.0,4250,87452,139903240.0,3286.0,1,3285.0,25
rb1805,20170720,20170719,211154000,3286.0,4252,87452,139968960.0,3287.0,1,3286.0,6
rb1805,20170720,20170719,211154500,3286.0,4252,87452,139968960.0,3288.0,23,3286.0,6
rb1805,20170720,20170719,211155000,3286.0,4252,87452,139968960.0,3288.0,23,3286.0,11
rb1805,20170720,20170719,211156000,3285.0,4276,87462,140757580.0,3286.0,13,3285.0,24
rb1805,20170720,20170719,211156500,3285.0,4276,87462,140757580.0,3287.0,3,3285.0,24
rb1805,20170720,20170719,211157000,3285.0,4278,87460,140823280.0,3287.0,3,3285.0,27
rb1805,20170720,20170719,211157500,3285.0,4278,87460,140823280.0,3287.0,3,3285.0,17
rb1805,20170720,20170719,211159500,3285.0,4278,87460,140823280.0,3287.0,3,3286.0,2
rb1805,20170720,20170719,211200000,3286.0,4282,87460,140954720.0,3286.0,11,3285.0,19
rb1805,20170720,20170719,211200500,3286.0,4282,87460,140954720.0,3287.0,5,3285.0,17
rb1805,20170720,20170719,211201000,3285.0,4292,87460,141283220.0,3287.0,10,3285.0,8
rb1805,20170720,20170719,211201500,3285.0,4304,87460,141677420.0,3287.0,11,3285.0,2
rb1805,20170720,20170719,211202000,3285.0,4304,87460,141677420.0,3287.0,12,3285.0,2
rb1805,20170720,20170719,211202500,3285.0,4304,87460,141677420.0,3286.0,2,3285.0,2
rb1805,20170720,20170719,211203000,3285.0,4304,87460,141677420.0,3286.0,4,3285.0,2
rb1805,20170720,20170719,211203500,3285.0,4308,87464,141808820.0,3285.0,8,3284.0,9
rb1805,20170720,20170719,211204000,3285.0,4308,87464,141808820.0,3286.0,4,3284.0,4
rb1805,20170720,20170719,211205500,3285.0,4308,87464,141808820.0,3286.0,5,3284.0,4
rb1805,20170720,20170719,211207500,3286.0,4310,87464,141874540.0,3286.0,4,3284.0,4
rb1805,20170720,20170719,211208500,3284.0,4318,87458,142137260.0,3284.0,15,3283.0,1
rb1805,20170720,20170719,211209000,3284.0,4326,87460,142399980.0,3284.0,2,3283.0,6
rb1805,20170720,20170719,211209500,3284.0,4330,87464,142531340.0,3285.0,3,3284.0,2
rb1805,20170720,20170719,211210000,3284.0,4334,87464,142662700.0,3285.0,2,3283.0,1
rb1805,20170720,20170719,211210500,3284.0,4338,87468,142794060.0,3284.0,5,3283.0,6
rb1805,20170720,20170719,211211000,3284.0,4338,87468,142794060.0,3285.0,3,3283.0,6
rb1805,20170720,20170719,211212000,3284.0,4338,87468,142794060.0,3285.0,3,3283.0,6
rb1805,20170720,20170719,211212500,3284.0,4338,87468,142794060.0,3285.0,3,3283.0,6
rb1805,20170720,20170719,211213000,3284.0,4338,87468,142794060.0,3285.0,8,3283.0,6
rb1805,20170720,20170719,211213500,3284.0,4338,87468,142794060.0,3285.0,8,3283.0,6
rb1805,20170720,20170719,211214500,3284.0,4338,87468,142794060.0,3285.0,8,3283.0,6
rb1805,20170720,20170719,211215000,3284.0,4338,87468,142794060.0,3285.0,8,3283.0,1
rb1805,20170720,20170719,211216000,3284.0,4338,87468,142794060.0,3285.0,3,3283.0,10
rb1805,20170720,20170719,211216500,3284.0,4340,87468,142859740.0,3285.0,3,3284.0,4
rb1805,20170720,20170719,211217000,3284.0,4340,87468,142859740.0,3285.0,3,3284.0,4
rb1805,20170720,20170719,211217500,3284.0,4340,87468,142859740.0,3285.0,3,3284.0,4
rb1805,20170720,20170719,211218000,3284.0,4340,87468,142859740.0,3285.0,3,3284.0,4
rb1805,20170720,20170719,211218500,3284.0,4340,87468,142859740.0,3285.0,3,3284.0,4
rb1805,20170720,20170719,211219000,3284.0,4340,87468,142859740.0,3285.0,23,3284.0,4
rb1805,20170720,20170719,211220000,3284.0,4340,87468,142859740.0,3285.0,23,3284.0,11
rb1805,20170720,20170719,211220500,3284.0,4340,87468,142859740.0,3285.0,23,3284.0,11
rb1805,20170720,20170719,211221000,3284.0,4340,87468,142859740.0,3285.0,23,3284.0,15
rb1805,20170720,20170719,211221500,3284.0,4340,87468,142859740.0,3285.0,23,3284.0,15
rb1805,20170720,20170719,211222500,3284.0,4340,87468,142859740.0,3285.0,38,3284.0,15
rb1805,20170720,20170719,211223000,3285.0,4346,87466,143056840.0,3285.0,35,3284.0,18
rb1805,20170720,20170719,211223500,3285.0,4346,87466,143056840.0,3285.0,35,3284.0,11
rb1805,20170720,20170719,211225500,3285.0,4346,87466,143056840.0,3285.0,35,3284.0,14
rb1805,20170720,20170719,211226000,3285.0,4346,87466,143056840.0,3285.0,35,3284.0,14
rb1805,20170720,20170719,211226500,3285.0,4346,87466,143056840.0,3285.0,35,3284.0,14
rb1805,20170720,20170719,211227000,3285.0,4346,87466,143056840.0,3285.0,35,3284.0,14
rb1805,20170720,20170719,211227500,3285.0,4346,87466,143056840.0,3285.0,35,3284.0,14
rb1805,20170720,20170719,211229000,3285.0,4346,87466,143056840.0,3285.0,35,3284.0,15
rb1805,20170720,20170719,211229500,3285.0,4368,87466,143779540.0,3285.0,24,3284.0,15
rb1805,20170720,20170719,211230500,3285.0,4368,87466,143779540.0,3285.0,34,3284.0,15
rb1805,20170720,20170719,211231000,3284.0,4372,87466,143910920.0,3285.0,33,3284.0,14
rb1805,20170720,20170719,211232000,3284.0,4372,87466,143910920.0,3285.0,33,3284.0,14
rb1805,20170720,20170719,211233000,3284.0,4372,87466,143910920.0,3285.0,33,3284.0,14
rb1805,20170720,20170719,211235000,3284.0,4374,87466,143976600.0,3285.0,33,3284.0,14
rb1805,20170720,20170719,211235500,3284.0,4376,87468,144042280.0,3285.0,33,3284.0,13
rb1805,20170720,20170719,211238000,3284.0,4408,87476,145093220.0,3284.0,7,3283.0,7
rb1805,20170720,20170719,211238500,3285.0,4426,87480,145684380.0,3285.0,28,3284.0,11
rb1805,20170720,20170719,211239000,3285.0,4430,87476,145815780.0,3285.0,26,3284.0,3
rb1805,20170720,20170719,211239500,3285.0,4434,87472,145947180.0,3285.0,24,3284.0,5
rb1805,20170720,20170719,211240000,3285.0,4434,87472,145947180.0,3285.0,24,3284.0,3
rb1805,20170720,20170719,211242000,3285.0,4434,87472,145947180.0,3285.0,24,3284.0,3
rb1805,20170720,20170719,211243000,3285.0,4434,87472,145947180.0,3285.0,24,3284.0,4
rb1805,20170720,20170719,211245000,3285.0,4442,87466,146209920.0,3285.0,23,3284.0,2
rb1805,20170720,20170719,211245500,3285.0,4442,87466,146209920.0,3285.0,23,3284.0,3
rb1805,20170720,20170719,211246500,3285.0,4442,87466,146209920.0,3285.0,23,3284.0,3
rb1805,20170720,20170719,211248000,3285.0,4442,87466,146209920.0,3285.0,23,3284.0,4
rb1805,20170720,20170719,211249000,3285.0,4442,87466,146209920.0,3285.0,23,3284.0,3
rb1805,20170720,20170719,211249500,3285.0,4442,87466,146209920.0,3285.0,23,3284.0,3
rb1805,20170720,20170719,211250000,3285.0,4442,87466,146209920.0,3285.0,23,3284.0,4
rb1805,20170720,20170719,211250500,3285.0,4442,87466,146209920.0,3285.0,23,3284.0,3
rb1805,20170720,20170719,211251000,3284.0,4448,87462,146406960.0,3285.0,23,3283.0,8
rb1805,20170720,20170719,211251500,3285.0,4450,87462,146472660.0,3285.0,22,3283.0,9
rb1805,20170720,20170719,211252000,3285.0,4450,87462,146472660.0,3284.0,1,3283.0,9
rb1805,20170720,20170719,211252500,3285.0,4450,87462,146472660.0,3284.0,1,3283.0,5
rb1805,20170720,20170719,211253000,3283.0,4452,87462,146538320.0,3284.0,1,3283.0,4
rb1805,20170720,20170719,211253500,3284.0,4454,87462,146604000.0,3284.0,5,3283.0,4
rb1805,20170720,20170719,211254500,3284.0,4454,87462,146604000.0,3284.0,5,3283.0,14
rb1805,20170720,20170719,211255500,3284.0,4456,87462,146669680.0,3284.0,4,3283.0,15
rb1805,20170720,20170719,211256000,3284.0,4456,87462,146669680.0,3285.0,22,3283.0,15
rb1805,20170720,20170719,211257000,3284.0,4456,87462,146669680.0,3285.0,22,3284.0,1
rb1805,20170720,20170719,211257500,3284.0,4456,87462,146669680.0,3285.0,22,3284.0,1
rb1805,20170720,20170719,211258000,3284.0,4456,87462,146669680.0,3285.0,23,3284.0,1
rb1805,20170720,20170719,211259000,3284.0,4456,87462,146669680.0,3285.0,23,3284.0,2
rb1805,20170720,20170719,211300000,3284.0,4456,87462,146669680.0,3285.0,23,3284.0,1
rb1805,20170720,20170719,211302000,3284.0,4458,87462,146735360.0,3285.0,23,3283.0,14
rb1805,20170720,20170719,211302500,3284.0,4458,87462,146735360.0,3285.0,23,3283.0,15
rb1805,20170720,20170719,211306000,3285.0,4460,87460,146801060.0,3285.0,22,3283.0,15
rb1805,20170720,20170719,211308500,3285.0,4460,87460,146801060.0,3285.0,22,3283.0,20
rb1805,20170720,20170719,211309500,3285.0,4460,87460,146801060.0,3285.0,27,3283.0,20
rb1805,20170720,20170719,211310000,3285.0,4460,87460,146801060.0,3285.0,27,3283.0,21
rb1805,20170720,20170719,211310500,3285.0,4480,87460,147458060.0,3285.0,17,3283.0,21
rb1805,20170720,20170719,211311500,3285.0,4480,87460,147458060.0,3285.0,18,3283.0,21
rb1805,20170720,20170719,211312000,3285.0,4480,87460,147458060.0,3285.0,18,3284.0,1
rb1805,20170720,20170719,211312500,3285.0,4480,87460,147458060.0,3285.0,18,3284.0,2
rb1805,20170720,20170719,211313500,3285.0,4490,87468,147786560.0,3285.0,13,3284.0,2
rb1805,20170720,20170719,211315000,3285.0,4490,87468,147786560.0,3285.0,13,3284.0,2
rb1805,20170720,20170719,211315500,3285.0,4490,87468,147786560.0,3285.0,13,3284.0,2
rb1805,20170720,20170719,211319000,3285.0,4490,87468,147786560.0,3285.0,13,3284.0,2
rb1805,20170720,20170719,211321500,3285.0,4490,87468,147786560.0,3285.0,13,3284.0,4
rb1805,20170720,20170719,211325000,3285.0,4490,87468,147786560.0,3285.0,13,3284.0,4
rb1805,20170720,20170719,211326000,3285.0,4490,87468,147786560.0,3285.0,13,3284.0,5
rb1805,20170720,20170719,211326500,3285.0,4490,87468,147786560.0,3285.0,13,3284.0,10
rb1805,20170720,20170719,211327500,3285.0,4502,87480,148180760.0,3285.0,7,3284.0,10
rb1805,20170720,20170719,211328000,3285.0,4508,87484,148377860.0,3285.0,4,3284.0,13
rb1805,20170720,20170719,211328500,3285.0,4508,87484,148377860.0,3285.0,4,3284.0,10
rb1805,20170720,20170719,211329000,3285.0,4508,87484,148377860.0,3285.0,4,3284.0,11
rb1805,20170720,20170719,211330000,3285.0,4510,87484,148443560.0,3285.0,3,3284.0,14
rb1805,20170720,20170719,211330500,3285.0,4510,87484,148443560.0,3285.0,3,3284.0,11
rb1805,20170720,20170719,211331000,3285.0,4510,87484,148443560.0,3285.0,3,3284.0,13
rb1805,20170720,20170719,211332000,3285.0,4512,87486,148509260.0,3285.0,2,3284.0,13
rb1805,20170720,20170719,211332500,3285.0,4516,87488,148640660.0,3286.0,5,3285.0,3
rb1805,20170720,20170719,211333000,3286.0,4518,87486,148706380.0,3286.0,4,3284.0,12
rb1805,20170720,20170719,211333500,3286.0,4518,87486,148706380.0,3286.0,4,3284.0,15
rb1805,20170720,20170719,211334500,3286.0,4518,87486,148706380.0,3287.0,11,3284.0,15
rb1805,20170720,20170719,211335500,3286.0,4518,87486,148706380.0,3287.0,11,3285.0,1
rb1805,20170720,20170719,211336000,3286.0,4518,87486,148706380.0,3287.0,11,3285.0,2
rb1805,20170720,20170719,211336500,3286.0,4518,87486,148706380.0,3287.0,6,3285.0,7
rb1805,20170720,20170719,211340000,3287.0,4520,87488,148772120.0,3287.0,5,3285.0,7
rb1805,20170720,20170719,211340500,3287.0,4520,87488,148772120.0,3287.0,5,3285.0,8
rb1805,20170720,20170719,211341500,3287.0,4520,87488,148772120.0,3287.0,5,3285.0,11
rb1805,20170720,20170719,211342000,3287.0,4520,87488,148772120.0,3287.0,5,3285.0,11
rb1805,20170720,20170719,211343500,3287.0,4520,87488,148772120.0,3287.0,5,3285.0,11
rb1805,20170720,20170719,211344500,3287.0,4520,87488,148772120.0,3287.0,5,3285.0,11
rb1805,20170720,20170719,211345500,3287.0,4520,87488,148772120.0,3287.0,5,3285.0,11
rb1805,20170720,20170719,211346000,3287.0,4520,87488,148772120.0,3287.0,5,3285.0,11
rb1805,20170720,20170719,211347000,3287.0,4520,87488,148772120.0,3287.0,5,3285.0,11
rb1805,20170720,20170719,211347500,3287.0,4520,87488,148772120.0,3287.0,5,3285.0,13
rb1805,20170720,20170719,211348500,3287.0,4520,87488,148772120.0,3287.0,3,3285.0,13
rb1805,20170720,20170719,211349500,3287.0,4520,87488,148772120.0,3287.0,3,3285.0,13
rb1805,20170720,20170719,211350000,3287.0,4522,87490,148837860.0,3287.0,2,3285.0,13
rb1805,20170720,20170719,211351000,3287.0,4526,87488,148969340.0,3288.0,24,3285.0,13
rb1805,20170720,20170719,211351500,3287.0,4526,87488,148969340.0,3287.0,22,3285.0,13
rb1805,20170720,20170719,211352500,3287.0,4526,87488,148969340.0,3287.0,22,3285.0,13
rb1805,20170720,20170719,211353500,3287.0,4526,87488,148969340.0,3287.0,22,3285.0,13
rb1805,20170720,20170719,211354000,3287.0,4526,87488,148969340.0,3287.0,22,3285.0,13
rb1805,20170720,20170719,211355500,3287.0,4526,87488,148969340.0,3287.0,27,3285.0,13
rb1805,20170720,20170719,211356500,3287.0,4526,87488,148969340.0,3287.0,27,3285.0,5
rb1805,20170720,20170719,211357000,3287.0,4526,87488,148969340.0,3287.0,27,3285.0,8
rb1805,20170720,20170719,211358500,3287.0,4526,87488,148969340.0,3287.0,27,3285.0,13
rb1805,20170720,20170719,211400000,3287.0,4526,87488,148969340.0,3287.0,27,3286.0,1
rb1805,20170720,20170719,211400500,3287.0,4526,87488,148969340.0,3287.0,23,3286.0,4
rb1805,20170720,20170719,211402000,3287.0,4526,87488,148969340.0,3287.0,23,3286.0,5
rb1805,20170720,20170719,211403000,3287.0,4526,87488,148969340.0,3287.0,22,3286.0,5
rb1805,20170720,20170719,211403500,3287.0,4560,87496,150086920.0,3287.0,5,3286.0,6
rb1805,20170720,20170719,211404000,3287.0,4560,87496,150086920.0,3287.0,5,3286.0,5
rb1805,20170720,20170719,211404500,3287.0,4560,87496,150086920.0,3287.0,5,3286.0,2
rb1805,20170720,20170719,211405500,3287.0,4560,87496,150086920.0,3287.0,1,3286.0,5
rb1805,20170720,20170719,211406000,3287.0,4560,87496,150086920.0,3287.0,1,3286.0,2
rb1805,20170720,20170719,211406500,3287.0,4560,87496,150086920.0,3287.0,1,3286.0,5
rb1805,20170720,20170719,211408000,3287.0,4560,87496,150086920.0,3287.0,1,3286.0,3
rb1805,20170720,20170719,211408500,3287.0,4560,87496,150086920.0,3287.0,1,3286.0,2
rb1805,20170720,20170719,211409000,3287.0,4560,87496,150086920.0,3287.0,1,3286.0,3
rb1805,20170720,20170719,211409500,3287.0,4560,87496,150086920.0,3287.0,1,3286.0,3
