instrument,tradingday,calendarday,time,lastp,volume,openinterest,turnover,ask1,asksz1,bid1,bidsz1
rb1805,20170620,20170619,185123500,2877.0,0,76288,0.0,0.0,0,0.0,0
rb1805,20170620,20170619,205900500,2885.0,30,76276,865500.0,2887.0,3,2885.0,1
rb1805,20170620,20170619,210000500,2885.0,32,76278,923200.0,2883.0,3,2880.0,10
rb1805,20170620,20170619,210001000,2880.0,34,76280,980800.0,2883.0,1,2880.0,9
rb1805,20170620,20170619,210001500,2880.0,38,76282,1096000.0,2882.0,2,2880.0,7
rb1805,20170620,20170619,210002000,2880.0,38,76282,1096000.0,2882.0,2,2880.0,8
rb1805,20170620,20170619,210002500,2880.0,40,76282,1153600.0,2882.0,2,2880.0,7
rb1805,20170620,20170619,210003500,2880.0,44,76282,1268800.0,2882.0,2,2880.0,5
rb1805,20170620,20170619,210004000,2880.0,44,76282,1268800.0,2882.0,2,2880.0,5
rb1805,20170620,20170619,210004500,2880.0,44,76282,1268800.0,2881.0,1,2880.0,5
rb1805,20170620,20170619,210005000,2880.0,48,76286,1384000.0,2881.0,1,2880.0,3
rb1805,20170620,20170619,210005500,2880.0,54,76292,1556800.0,2879.0,1,2875.0,10
rb1805,20170620,20170619,210006000,2880.0,54,76292,1556800.0,2879.0,1,2876.0,1
rb1805,20170620,20170619,210006500,2880.0,54,76292,1556800.0,2879.0,1,2876.0,1
rb1805,20170620,20170619,210007000,2879.0,56,76294,1614380.0,2880.0,1,2879.0,9
rb1805,20170620,20170619,210007500,2879.0,74,76312,2132600.0,2879.0,10,2876.0,1
rb1805,20170620,20170619,210008000,2879.0,74,76312,2132600.0,2880.0,1,2876.0,18
rb1805,20170620,20170619,210008500,2879.0,74,76312,2132600.0,2879.0,1,2876.0,18
rb1805,20170620,20170619,210010000,2879.0,74,76312,2132600.0,2880.0,1,2876.0,1
rb1805,20170620,20170619,210010500,2877.0,76,76312,2190140.0,2880.0,1,2877.0,2
rb1805,20170620,20170619,210011000,2877.0,76,76312,2190140.0,2880.0,5,2877.0,16
rb1805,20170620,20170619,210011500,2877.0,76,76312,2190140.0,2880.0,5,2878.0,1
rb1805,20170620,20170619,210012000,2877.0,76,76312,2190140.0,2880.0,5,2878.0,1
rb1805,20170620,20170619,210012500,2877.0,76,76312,2190140.0,2880.0,5,2878.0,1
rb1805,20170620,20170619,210014000,2877.0,76,76312,2190140.0,2880.0,5,2878.0,1
rb1805,20170620,20170619,210014500,2877.0,76,76312,2190140.0,2880.0,5,2878.0,17
rb1805,20170620,20170619,210015000,2880.0,84,76306,2420540.0,2880.0,1,2878.0,17
rb1805,20170620,20170619,210016000,2880.0,84,76306,2420540.0,2880.0,1,2878.0,17
rb1805,20170620,20170619,210018000,2880.0,84,76306,2420540.0,2880.0,2,2878.0,17
rb1805,20170620,20170619,210018500,2880.0,84,76306,2420540.0,2880.0,2,2877.0,1
rb1805,20170620,20170619,210019000,2879.0,86,76306,2478120.0,2880.0,2,2877.0,1
rb1805,20170620,20170619,210020000,2879.0,86,76306,2478120.0,2880.0,2,2878.0,1
rb1805,20170620,20170619,210022500,2878.0,88,76306,2535680.0,2878.0,19,2876.0,1
rb1805,20170620,20170619,210023000,2878.0,130,76304,3742900.0,2878.0,19,2868.0,1
rb1805,20170620,20170619,210023500,2878.0,132,76304,3800460.0,2877.0,1,2870.0,20
rb1805,20170620,20170619,210024000,2878.0,136,76302,3915560.0,2878.0,18,2873.0,10
rb1805,20170620,20170619,210024500,2878.0,138,76302,3973120.0,2878.0,17,2873.0,10
rb1805,20170620,20170619,210025000,2878.0,138,76302,3973120.0,2878.0,17,2873.0,10
rb1805,20170620,20170619,210025500,2878.0,140,76302,4030680.0,2878.0,16,2874.0,1
rb1805,20170620,20170619,210026500,2878.0,140,76302,4030680.0,2878.0,16,2875.0,2
rb1805,20170620,20170619,210027000,2878.0,140,76302,4030680.0,2878.0,16,2876.0,1
rb1805,20170620,20170619,210028000,2878.0,140,76302,4030680.0,2878.0,16,2875.0,2
rb1805,20170620,20170619,210028500,2875.0,142,76300,4088180.0,2878.0,16,2875.0,2
rb1805,20170620,20170619,210029000,2875.0,142,76300,4088180.0,2878.0,16,2875.0,2
rb1805,20170620,20170619,210029500,2875.0,142,76300,4088180.0,2878.0,19,2875.0,2
rb1805,20170620,20170619,210032000,2875.0,142,76300,4088180.0,2878.0,19,2875.0,2
rb1805,20170620,20170619,210033000,2875.0,142,76300,4088180.0,2878.0,20,2875.0,2
rb1805,20170620,20170619,210036000,2875.0,142,76300,4088180.0,2877.0,3,2875.0,2
rb1805,20170620,20170619,210037000,2875.0,142,76300,4088180.0,2877.0,3,2875.0,2
rb1805,20170620,20170619,210038000,2875.0,142,76300,4088180.0,2877.0,4,2875.0,2
rb1805,20170620,20170619,210038500,2875.0,142,76300,4088180.0,2877.0,4,2875.0,2
rb1805,20170620,20170619,210040500,2875.0,142,76300,4088180.0,2877.0,4,2875.0,2
rb1805,20170620,20170619,210041500,2875.0,142,76300,4088180.0,2877.0,4,2875.0,2
rb1805,20170620,20170619,210043500,2875.0,142,76300,4088180.0,2877.0,4,2875.0,2
rb1805,20170620,20170619,210044500,2875.0,142,76300,4088180.0,2877.0,9,2875.0,2
rb1805,20170620,20170619,210045000,2877.0,144,76300,4145720.0,2877.0,8,2875.0,2
rb1805,20170620,20170619,210050500,2877.0,144,76300,4145720.0,2877.0,8,2875.0,2
rb1805,20170620,20170619,210053500,2877.0,144,76300,4145720.0,2877.0,8,2875.0,2
rb1805,20170620,20170619,210054000,2877.0,144,76300,4145720.0,2877.0,8,2875.0,2
rb1805,20170620,20170619,210055000,2877.0,144,76300,4145720.0,2877.0,8,2875.0,2
rb1805,20170620,20170619,210055500,2877.0,144,76300,4145720.0,2877.0,8,2875.0,2
rb1805,20170620,20170619,210056000,2877.0,144,76300,4145720.0,2877.0,8,2875.0,2
rb1805,20170620,20170619,210059000,2877.0,160,76290,4606040.0,2878.0,20,2877.0,2
rb1805,20170620,20170619,210100000,2877.0,160,76290,4606040.0,2878.0,20,2877.0,2
rb1805,20170620,20170619,210102000,2877.0,160,76290,4606040.0,2878.0,20,2877.0,7
rb1805,20170620,20170619,210102500,2877.0,160,76290,4606040.0,2878.0,5,2877.0,7
rb1805,20170620,20170619,210103500,2878.0,162,76290,4663600.0,2878.0,4,2877.0,7
rb1805,20170620,20170619,210104000,2878.0,170,76284,4893840.0,2880.0,4,2878.0,1
rb1805,20170620,20170619,210104500,2878.0,170,76284,4893840.0,2880.0,4,2877.0,7
rb1805,20170620,20170619,210105000,2878.0,170,76284,4893840.0,2880.0,11,2877.0,7
rb1805,20170620,20170619,210106500,2878.0,170,76284,4893840.0,2880.0,11,2877.0,7
rb1805,20170620,20170619,210107000,2878.0,170,76284,4893840.0,2880.0,11,2877.0,7
rb1805,20170620,20170619,210107500,2877.0,184,76280,5296620.0,2877.0,8,2875.0,2
rb1805,20170620,20170619,210108000,2877.0,184,76280,5296620.0,2877.0,8,2876.0,2
rb1805,20170620,20170619,210108500,2877.0,192,76280,5526780.0,2877.0,4,2876.0,2
rb1805,20170620,20170619,210109500,2877.0,192,76280,5526780.0,2877.0,4,2876.0,2
rb1805,20170620,20170619,210110000,2877.0,192,76280,5526780.0,2877.0,4,2876.0,2
rb1805,20170620,20170619,210114500,2877.0,192,76280,5526780.0,2877.0,9,2876.0,2
rb1805,20170620,20170619,210115000,2877.0,192,76280,5526780.0,2877.0,9,2876.0,2
rb1805,20170620,20170619,210115500,2877.0,192,76280,5526780.0,2877.0,4,2875.0,2
rb1805,20170620,20170619,210116000,2877.0,192,76280,5526780.0,2877.0,9,2875.0,2
rb1805,20170620,20170619,210117000,2877.0,192,76280,5526780.0,2877.0,9,2875.0,2
rb1805,20170620,20170619,210117500,2877.0,192,76280,5526780.0,2877.0,9,2875.0,2
rb1805,20170620,20170619,210119000,2877.0,192,76280,5526780.0,2877.0,9,2875.0,2
rb1805,20170620,20170619,210120000,2877.0,192,76280,5526780.0,2877.0,9,2875.0,2
rb1805,20170620,20170619,210121500,2877.0,210,76280,6044640.0,2880.0,17,2877.0,1
rb1805,20170620,20170619,210122000,2877.0,210,76280,6044640.0,2880.0,18,2877.0,6
rb1805,20170620,20170619,210123000,2877.0,220,76280,6332340.0,2880.0,18,2877.0,1
rb1805,20170620,20170619,210123500,2877.0,220,76280,6332340.0,2880.0,18,2877.0,1
rb1805,20170620,20170619,210125500,2877.0,220,76280,6332340.0,2880.0,13,2877.0,1
rb1805,20170620,20170619,210126000,2877.0,220,76280,6332340.0,2879.0,6,2877.0,1
rb1805,20170620,20170619,210128500,2877.0,220,76280,6332340.0,2879.0,6,2877.0,1
rb1805,20170620,20170619,210130000,2877.0,220,76280,6332340.0,2879.0,11,2877.0,1
rb1805,20170620,20170619,210130500,2877.0,222,76280,6389880.0,2877.0,1,2875.0,2
rb1805,20170620,20170619,210131000,2877.0,222,76280,6389880.0,2879.0,11,2875.0,2
rb1805,20170620,20170619,210131500,2877.0,222,76280,6389880.0,2879.0,11,2875.0,2
rb1805,20170620,20170619,210132000,2877.0,222,76280,6389880.0,2878.0,2,2875.0,2
rb1805,20170620,20170619,210132500,2877.0,222,76280,6389880.0,2878.0,7,2876.0,2
rb1805,20170620,20170619,210134000,2877.0,222,76280,6389880.0,2878.0,2,2876.0,2
rb1805,20170620,20170619,210136500,2876.0,224,76280,6447400.0,2878.0,2,2876.0,1
rb1805,20170620,20170619,210137000,2878.0,228,76284,6562500.0,2879.0,11,2878.0,1
rb1805,20170620,20170619,210137500,2878.0,230,76284,6620060.0,2878.0,2,2876.0,1
rb1805,20170620,20170619,210138000,2878.0,230,76284,6620060.0,2879.0,14,2876.0,1
rb1805,20170620,20170619,210138500,2878.0,230,76284,6620060.0,2878.0,1,2875.0,2
rb1805,20170620,20170619,210139000,2878.0,230,76284,6620060.0,2878.0,6,2876.0,1
rb1805,20170620,20170619,210139500,2878.0,230,76284,6620060.0,2878.0,11,2876.0,1
rb1805,20170620,20170619,210141500,2878.0,230,76284,6620060.0,2878.0,11,2876.0,1
rb1805,20170620,20170619,210142000,2878.0,230,76284,6620060.0,2878.0,11,2876.0,1
rb1805,20170620,20170619,210144000,2878.0,230,76284,6620060.0,2878.0,11,2876.0,1
rb1805,20170620,20170619,210144500,2878.0,230,76284,6620060.0,2878.0,11,2876.0,1
rb1805,20170620,20170619,210145000,2878.0,230,76284,6620060.0,2878.0,11,2876.0,1
rb1805,20170620,20170619,210146000,2878.0,230,76284,6620060.0,2878.0,11,2875.0,2
rb1805,20170620,20170619,210146500,2878.0,230,76284,6620060.0,2877.0,1,2875.0,2
rb1805,20170620,20170619,210148000,2878.0,230,76284,6620060.0,2877.0,1,2875.0,2
rb1805,20170620,20170619,210149000,2878.0,230,76284,6620060.0,2877.0,1,2875.0,2
rb1805,20170620,20170619,210149500,2878.0,230,76284,6620060.0,2877.0,1,2875.0,2
rb1805,20170620,20170619,210150500,2877.0,232,76284,6677600.0,2878.0,11,2876.0,1
rb1805,20170620,20170619,210151000,2877.0,232,76284,6677600.0,2877.0,5,2876.0,1
rb1805,20170620,20170619,210151500,2875.0,238,76282,6850120.0,2877.0,8,2871.0,1
rb1805,20170620,20170619,210152000,2875.0,238,76282,6850120.0,2875.0,1,2872.0,2
rb1805,20170620,20170619,210152500,2875.0,238,76282,6850120.0,2875.0,6,2873.0,2
rb1805,20170620,20170619,210153000,2875.0,238,76282,6850120.0,2875.0,6,2873.0,2
rb1805,20170620,20170619,210154000,2875.0,238,76282,6850120.0,2875.0,6,2873.0,2
rb1805,20170620,20170619,210154500,2875.0,238,76282,6850120.0,2875.0,6,2873.0,2
rb1805,20170620,20170619,210157000,2875.0,238,76282,6850120.0,2875.0,1,2873.0,2
rb1805,20170620,20170619,210158000,2875.0,238,76282,6850120.0,2875.0,1,2874.0,2
rb1805,20170620,20170619,210159000,2875.0,238,76282,6850120.0,2875.0,1,2874.0,2
rb1805,20170620,20170619,210200000,2875.0,240,76280,6907620.0,2876.0,6,2875.0,1
rb1805,20170620,20170619,210200500,2875.0,242,76278,6965120.0,2876.0,6,2872.0,1
rb1805,20170620,20170619,210201000,2875.0,242,76278,6965120.0,2874.0,1,2872.0,1
rb1805,20170620,20170619,210201500,2875.0,242,76278,6965120.0,2874.0,1,2872.0,2
rb1805,20170620,20170619,210202000,2874.0,244,76278,7022600.0,2876.0,6,2872.0,2
rb1805,20170620,20170619,210202500,2874.0,244,76278,7022600.0,2876.0,11,2873.0,2
rb1805,20170620,20170619,210203000,2874.0,244,76278,7022600.0,2876.0,11,2875.0,3
rb1805,20170620,20170619,210203500,2874.0,250,76278,7195040.0,2876.0,6,2874.0,2
rb1805,20170620,20170619,210204000,2874.0,252,76278,7252520.0,2876.0,6,2874.0,1
rb1805,20170620,20170619,210204500,2874.0,252,76278,7252520.0,2876.0,6,2874.0,1
rb1805,20170620,20170619,210206000,2874.0,252,76278,7252520.0,2876.0,6,2874.0,1
rb1805,20170620,20170619,210206500,2874.0,252,76278,7252520.0,2876.0,6,2875.0,2
rb1805,20170620,20170619,210208000,2874.0,252,76278,7252520.0,2876.0,6,2875.0,2
rb1805,20170620,20170619,210208500,2874.0,252,76278,7252520.0,2876.0,6,2875.0,2
rb1805,20170620,20170619,210209000,2874.0,252,76278,7252520.0,2876.0,6,2875.0,2
rb1805,20170620,20170619,210209500,2874.0,252,76278,7252520.0,2876.0,6,2875.0,2
rb1805,20170620,20170619,210210000,2874.0,252,76278,7252520.0,2876.0,6,2875.0,2
rb1805,20170620,20170619,210210500,2874.0,252,76278,7252520.0,2876.0,6,2875.0,2
rb1805,20170620,20170619,210212500,2875.0,254,76276,7310020.0,2876.0,6,2875.0,1
rb1805,20170620,20170619,210213500,2875.0,256,76274,7367520.0,2874.0,1,2872.0,2
rb1805,20170620,20170619,210214000,2875.0,256,76274,7367520.0,2874.0,1,2873.0,2
rb1805,20170620,20170619,210214500,2874.0,258,76274,7425000.0,2876.0,9,2873.0,1
rb1805,20170620,20170619,210215000,2874.0,258,76274,7425000.0,2875.0,1,2872.0,2
rb1805,20170620,20170619,210215500,2874.0,258,76274,7425000.0,2875.0,5,2873.0,1
rb1805,20170620,20170619,210216000,2874.0,258,76274,7425000.0,2875.0,5,2873.0,1
rb1805,20170620,20170619,210217500,2874.0,258,76274,7425000.0,2875.0,5,2873.0,1
rb1805,20170620,20170619,210218500,2874.0,258,76274,7425000.0,2875.0,5,2873.0,1
rb1805,20170620,20170619,210219000,2874.0,258,76274,7425000.0,2876.0,14,2873.0,1
rb1805,20170620,20170619,210220000,2874.0,258,76274,7425000.0,2876.0,14,2873.0,1
rb1805,20170620,20170619,210221000,2874.0,258,76274,7425000.0,2876.0,14,2874.0,1
rb1805,20170620,20170619,210221500,2874.0,258,76274,7425000.0,2876.0,14,2874.0,1
rb1805,20170620,20170619,210222000,2874.0,258,76274,7425000.0,2876.0,9,2874.0,1
rb1805,20170620,20170619,210222500,2874.0,258,76274,7425000.0,2876.0,9,2874.0,1
rb1805,20170620,20170619,210223000,2874.0,258,76274,7425000.0,2876.0,9,2874.0,1
rb1805,20170620,20170619,210224500,2874.0,258,76274,7425000.0,2876.0,9,2874.0,1
rb1805,20170620,20170619,210225500,2874.0,258,76274,7425000.0,2876.0,9,2874.0,1
rb1805,20170620,20170619,210226500,2874.0,258,76274,7425000.0,2876.0,9,2874.0,1
rb1805,20170620,20170619,210227000,2874.0,258,76274,7425000.0,2876.0,9,2874.0,2
rb1805,20170620,20170619,210227500,2874.0,258,76274,7425000.0,2876.0,14,2874.0,2
rb1805,20170620,20170619,210228000,2874.0,262,76274,7539960.0,2876.0,14,2875.0,2
rb1805,20170620,20170619,210228500,2875.0,266,76270,7654960.0,2875.0,1,2873.0,1
rb1805,20170620,20170619,210229000,2875.0,266,76270,7654960.0,2876.0,14,2873.0,2
rb1805,20170620,20170619,210229500,2875.0,266,76270,7654960.0,2875.0,1,2873.0,2
rb1805,20170620,20170619,210231000,2875.0,266,76270,7654960.0,2875.0,1,2874.0,1
rb1805,20170620,20170619,210231500,2875.0,268,76270,7712460.0,2876.0,14,2874.0,1
rb1805,20170620,20170619,210233000,2875.0,268,76270,7712460.0,2876.0,14,2874.0,1
rb1805,20170620,20170619,210234500,2875.0,268,76270,7712460.0,2876.0,9,2874.0,1
rb1805,20170620,20170619,210237000,2875.0,268,76270,7712460.0,2876.0,9,2875.0,1
rb1805,20170620,20170619,210237500,2875.0,268,76270,7712460.0,2876.0,9,2875.0,1
rb1805,20170620,20170619,210238000,2875.0,268,76270,7712460.0,2876.0,12,2875.0,1
rb1805,20170620,20170619,210238500,2874.0,272,76270,7827440.0,2874.0,1,2873.0,3
rb1805,20170620,20170619,210239000,2874.0,276,76270,7942400.0,2876.0,12,2873.0,3
rb1805,20170620,20170619,210239500,2874.0,276,76270,7942400.0,2876.0,17,2875.0,1
rb1805,20170620,20170619,210240000,2875.0,280,76270,8057400.0,2876.0,12,2873.0,3
rb1805,20170620,20170619,210240500,2875.0,280,76270,8057400.0,2876.0,12,2874.0,2
rb1805,20170620,20170619,210242500,2875.0,280,76270,8057400.0,2876.0,17,2874.0,2
rb1805,20170620,20170619,210243000,2875.0,280,76270,8057400.0,2876.0,17,2874.0,3
rb1805,20170620,20170619,210244000,2875.0,280,76270,8057400.0,2876.0,17,2874.0,3
rb1805,20170620,20170619,210247000,2875.0,280,76270,8057400.0,2876.0,17,2874.0,3
rb1805,20170620,20170619,210247500,2875.0,280,76270,8057400.0,2876.0,17,2874.0,1
rb1805,20170620,20170619,210248000,2875.0,280,76270,8057400.0,2876.0,17,2875.0,5
rb1805,20170620,20170619,210248500,2875.0,288,76272,8287400.0,2876.0,17,2875.0,1
rb1805,20170620,20170619,210249000,2875.0,292,76276,8402400.0,2875.0,1,2874.0,6
rb1805,20170620,20170619,210249500,2875.0,292,76276,8402400.0,2876.0,17,2875.0,8
rb1805,20170620,20170619,210250000,2875.0,292,76276,8402400.0,2876.0,12,2875.0,8
rb1805,20170620,20170619,210250500,2875.0,302,76266,8689900.0,2876.0,12,2875.0,3
rb1805,20170620,20170619,210252000,2875.0,302,76266,8689900.0,2876.0,12,2875.0,3
rb1805,20170620,20170619,210252500,2875.0,302,76266,8689900.0,2876.0,12,2875.0,3
rb1805,20170620,20170619,210253000,2875.0,302,76266,8689900.0,2876.0,12,2875.0,3
rb1805,20170620,20170619,210253500,2875.0,308,76266,8862400.0,2876.0,12,2874.0,6
rb1805,20170620,20170619,210255000,2875.0,308,76266,8862400.0,2876.0,12,2874.0,6
rb1805,20170620,20170619,210255500,2875.0,308,76266,8862400.0,2876.0,12,2874.0,7
rb1805,20170620,20170619,210256000,2875.0,308,76266,8862400.0,2876.0,12,2875.0,10
rb1805,20170620,20170619,210257500,2875.0,308,76266,8862400.0,2876.0,12,2875.0,10
rb1805,20170620,20170619,210258000,2876.0,312,76266,8977440.0,2876.0,10,2875.0,10
rb1805,20170620,20170619,210258500,2875.0,318,76272,9149940.0,2876.0,10,2875.0,7
rb1805,20170620,20170619,210259000,2875.0,318,76272,9149940.0,2876.0,10,2875.0,7
rb1805,20170620,20170619,210259500,2876.0,322,76272,9264980.0,2876.0,8,2875.0,7
rb1805,20170620,20170619,210300000,2876.0,326,76272,9380020.0,2876.0,6,2875.0,7
rb1805,20170620,20170619,210300500,2876.0,332,76268,9552580.0,2876.0,3,2875.0,7
rb1805,20170620,20170619,210301000,2876.0,334,76268,9610100.0,2876.0,2,2875.0,7
rb1805,20170620,20170619,210301500,2875.0,344,76278,9897600.0,2876.0,7,2875.0,2
rb1805,20170620,20170619,210302000,2876.0,350,76282,10070120.0,2876.0,6,2874.0,8
rb1805,20170620,20170619,210304000,2876.0,350,76282,10070120.0,2875.0,3,2874.0,8
rb1805,20170620,20170619,210304500,2875.0,352,76284,10127620.0,2875.0,2,2874.0,8
rb1805,20170620,20170619,210306000,2875.0,352,76284,10127620.0,2875.0,2,2874.0,9
rb1805,20170620,20170619,210307000,2875.0,352,76284,10127620.0,2875.0,5,2874.0,9
rb1805,20170620,20170619,210308500,2875.0,352,76284,10127620.0,2875.0,10,2874.0,9
rb1805,20170620,20170619,210309000,2874.0,362,76288,10415020.0,2875.0,10,2874.0,4
rb1805,20170620,20170619,210309500,2874.0,366,76292,10529980.0,2875.0,13,2874.0,2
rb1805,20170620,20170619,210310000,2874.0,370,76294,10644940.0,2875.0,13,2873.0,8
rb1805,20170620,20170619,210310500,2874.0,370,76294,10644940.0,2875.0,10,2873.0,8
rb1805,20170620,20170619,210311000,2875.0,400,76318,11507440.0,2876.0,6,2875.0,5
rb1805,20170620,20170619,210311500,2875.0,410,76318,11794940.0,2875.0,3,2873.0,8
rb1805,20170620,20170619,210312000,2875.0,410,76318,11794940.0,2875.0,3,2873.0,8
rb1805,20170620,20170619,210312500,2875.0,410,76318,11794940.0,2875.0,3,2873.0,8
rb1805,20170620,20170619,210313000,2875.0,410,76318,11794940.0,2875.0,3,2873.0,8
rb1805,20170620,20170619,210314000,2875.0,410,76318,11794940.0,2875.0,3,2873.0,13
rb1805,20170620,20170619,210315500,2875.0,410,76318,11794940.0,2875.0,3,2873.0,13
rb1805,20170620,20170619,210316500,2875.0,410,76318,11794940.0,2875.0,6,2873.0,13
rb1805,20170620,20170619,210317500,2875.0,410,76318,11794940.0,2875.0,6,2873.0,8
rb1805,20170620,20170619,210318000,2875.0,410,76318,11794940.0,2875.0,12,2873.0,8
rb1805,20170620,20170619,210319500,2875.0,410,76318,11794940.0,2875.0,12,2873.0,8
rb1805,20170620,20170619,210321500,2875.0,410,76318,11794940.0,2875.0,12,2873.0,13
rb1805,20170620,20170619,210322000,2875.0,410,76318,11794940.0,2875.0,13,2873.0,13
rb1805,20170620,20170619,210323000,2875.0,410,76318,11794940.0,2875.0,13,2873.0,13
rb1805,20170620,20170619,210324500,2875.0,410,76318,11794940.0,2875.0,14,2873.0,13
rb1805,20170620,20170619,210326000,2875.0,410,76318,11794940.0,2875.0,14,2873.0,12
rb1805,20170620,20170619,210329500,2875.0,410,76318,11794940.0,2875.0,14,2873.0,12
rb1805,20170620,20170619,210330000,2875.0,410,76318,11794940.0,2875.0,15,2873.0,12
rb1805,20170620,20170619,210330500,2875.0,410,76318,11794940.0,2875.0,15,2874.0,2
rb1805,20170620,20170619,210331000,2875.0,420,76308,12082440.0,2875.0,10,2874.0,7
rb1805,20170620,20170619,210331500,2875.0,436,76304,12542440.0,2875.0,2,2874.0,8
rb1805,20170620,20170619,210332000,2875.0,440,76306,12657440.0,2876.0,6,2875.0,5
rb1805,20170620,20170619,210332500,2875.0,440,76306,12657440.0,2876.0,1,2875.0,5
rb1805,20170620,20170619,210333000,2875.0,440,76306,12657440.0,2876.0,1,2875.0,5
rb1805,20170620,20170619,210334000,2875.0,440,76306,12657440.0,2876.0,1,2874.0,9
rb1805,20170620,20170619,210334500,2875.0,440,76306,12657440.0,2876.0,1,2874.0,8
rb1805,20170620,20170619,210335000,2875.0,440,76306,12657440.0,2875.0,5,2874.0,8
rb1805,20170620,20170619,210336000,2875.0,440,76306,12657440.0,2875.0,5,2874.0,3
rb1805,20170620,20170619,210337500,2875.0,444,76308,12772440.0,2875.0,3,2874.0,3
rb1805,20170620,20170619,210338500,2875.0,444,76308,12772440.0,2875.0,3,2873.0,18
rb1805,20170620,20170619,210339000,2875.0,444,76308,12772440.0,2875.0,3,2874.0,1
rb1805,20170620,20170619,210339500,2875.0,444,76308,12772440.0,2875.0,3,2874.0,1
rb1805,20170620,20170619,210340000,2875.0,444,76308,12772440.0,2875.0,3,2874.0,1
rb1805,20170620,20170619,210340500,2875.0,444,76308,12772440.0,2875.0,3,2874.0,1
rb1805,20170620,20170619,210341500,2875.0,444,76308,12772440.0,2875.0,8,2874.0,1
rb1805,20170620,20170619,210343000,2875.0,444,76308,12772440.0,2875.0,8,2874.0,1
rb1805,20170620,20170619,210343500,2875.0,444,76308,12772440.0,2875.0,8,2874.0,1
rb1805,20170620,20170619,210345000,2875.0,444,76308,12772440.0,2875.0,8,2874.0,1
rb1805,20170620,20170619,210346500,2875.0,444,76308,12772440.0,2875.0,8,2874.0,1
rb1805,20170620,20170619,210347000,2875.0,444,76308,12772440.0,2875.0,8,2873.0,19
rb1805,20170620,20170619,210347500,2875.0,444,76308,12772440.0,2875.0,8,2874.0,1
rb1805,20170620,20170619,210348500,2874.0,446,76308,12829920.0,2875.0,8,2873.0,14
rb1805,20170620,20170619,210349000,2874.0,446,76308,12829920.0,2875.0,3,2873.0,19
rb1805,20170620,20170619,210351000,2874.0,446,76308,12829920.0,2875.0,3,2873.0,20
rb1805,20170620,20170619,210351500,2875.0,448,76310,12887420.0,2875.0,2,2873.0,20
rb1805,20170620,20170619,210352000,2875.0,448,76310,12887420.0,2875.0,2,2873.0,20
rb1805,20170620,20170619,210353500,2875.0,448,76310,12887420.0,2875.0,2,2873.0,20
rb1805,20170620,20170619,210355000,2873.0,450,76310,12944880.0,2875.0,2,2873.0,19
rb1805,20170620,20170619,210355500,2873.0,450,76310,12944880.0,2875.0,2,2873.0,19
rb1805,20170620,20170619,210356000,2873.0,454,76308,13059800.0,2875.0,2,2873.0,18
rb1805,20170620,20170619,210357000,2873.0,456,76306,13117260.0,2875.0,2,2874.0,1
rb1805,20170620,20170619,210357500,2875.0,460,76310,13232260.0,2876.0,1,2875.0,3
rb1805,20170620,20170619,210400000,2875.0,464,76314,13347260.0,2876.0,1,2875.0,1
rb1805,20170620,20170619,210401500,2875.0,466,76314,13404760.0,2875.0,1,2874.0,1
rb1805,20170620,20170619,210402000,2875.0,466,76314,13404760.0,2875.0,1,2874.0,2
rb1805,20170620,20170619,210403000,2875.0,466,76314,13404760.0,2875.0,1,2874.0,2
rb1805,20170620,20170619,210404000,2876.0,470,76310,13519780.0,2877.0,6,2876.0,70
rb1805,20170620,20170619,210404500,2876.0,486,76310,13979940.0,2877.0,6,2876.0,62
rb1805,20170620,20170619,210405500,2876.0,486,76310,13979940.0,2877.0,1,2876.0,62
rb1805,20170620,20170619,210407500,2876.0,488,76308,14037460.0,2877.0,1,2876.0,61
rb1805,20170620,20170619,210409500,2876.0,488,76308,14037460.0,2877.0,2,2876.0,61
rb1805,20170620,20170619,210411500,2877.0,490,76308,14095000.0,2877.0,6,2876.0,61
rb1805,20170620,20170619,210412500,2877.0,490,76308,14095000.0,2877.0,6,2876.0,61
rb1805,20170620,20170619,210413500,2877.0,490,76308,14095000.0,2877.0,18,2876.0,61
rb1805,20170620,20170619,210414000,2877.0,490,76308,14095000.0,2877.0,13,2876.0,61
rb1805,20170620,20170619,210414500,2877.0,490,76308,14095000.0,2877.0,13,2876.0,66
rb1805,20170620,20170619,210416500,2877.0,490,76308,14095000.0,2877.0,1,2876.0,66
rb1805,20170620,20170619,210417000,2877.0,490,76308,14095000.0,2877.0,1,2876.0,61
rb1805,20170620,20170619,210417500,2877.0,492,76308,14152540.0,2880.0,5,2876.0,61
rb1805,20170620,20170619,210418000,2877.0,492,76308,14152540.0,2879.0,1,2876.0,66
rb1805,20170620,20170619,210418500,2877.0,492,76308,14152540.0,2879.0,6,2877.0,2
rb1805,20170620,20170619,210419000,2877.0,492,76308,14152540.0,2879.0,5,2877.0,2
rb1805,20170620,20170619,210419500,2877.0,492,76308,14152540.0,2879.0,5,2877.0,2
rb1805,20170620,20170619,210420000,2877.0,492,76308,14152540.0,2879.0,5,2877.0,9
rb1805,20170620,20170619,210420500,2877.0,492,76308,14152540.0,2880.0,10,2877.0,9
rb1805,20170620,20170619,210421000,2877.0,492,76308,14152540.0,2879.0,12,2877.0,9
rb1805,20170620,20170619,210422000,2877.0,492,76308,14152540.0,2879.0,12,2877.0,9
rb1805,20170620,20170619,210423000,2877.0,492,76308,14152540.0,2879.0,12,2877.0,9
rb1805,20170620,20170619,210423500,2879.0,506,76308,14555600.0,2879.0,5,2877.0,9
rb1805,20170620,20170619,210424000,2879.0,516,76316,14843500.0,2880.0,5,2879.0,3
rb1805,20170620,20170619,210424500,2879.0,516,76316,14843500.0,2880.0,5,2877.0,9
rb1805,20170620,20170619,210425000,2880.0,518,76316,14901100.0,2880.0,4,2879.0,5
rb1805,20170620,20170619,210426000,2880.0,518,76316,14901100.0,2880.0,4,2879.0,66
rb1805,20170620,20170619,210426500,2880.0,518,76316,14901100.0,2880.0,4,2879.0,61
rb1805,20170620,20170619,210427000,2880.0,518,76316,14901100.0,2880.0,4,2879.0,61
rb1805,20170620,20170619,210428500,2880.0,518,76316,14901100.0,2880.0,5,2879.0,61
rb1805,20170620,20170619,210429000,2880.0,528,76314,15189100.0,2881.0,21,2880.0,6
rb1805,20170620,20170619,210430500,2880.0,528,76314,15189100.0,2881.0,21,2880.0,6
rb1805,20170620,20170619,210431500,2880.0,528,76314,15189100.0,2881.0,21,2880.0,6
rb1805,20170620,20170619,210432000,2880.0,540,76306,15534700.0,2880.0,1,2877.0,9
rb1805,20170620,20170619,210432500,2880.0,540,76306,15534700.0,2880.0,6,2878.0,2
rb1805,20170620,20170619,210433500,2880.0,540,76306,15534700.0,2880.0,6,2878.0,7
rb1805,20170620,20170619,210434000,2880.0,540,76306,15534700.0,2880.0,7,2878.0,7
rb1805,20170620,20170619,210435000,2880.0,554,76294,15937900.0,2881.0,21,2880.0,54
rb1805,20170620,20170619,210436000,2880.0,554,76294,15937900.0,2881.0,21,2880.0,56
rb1805,20170620,20170619,210438000,2881.0,556,76292,15995520.0,2881.0,20,2880.0,56
rb1805,20170620,20170619,210439500,2881.0,556,76292,15995520.0,2881.0,20,2880.0,56
rb1805,20170620,20170619,210440500,2880.0,558,76292,16053120.0,2881.0,20,2880.0,55
rb1805,20170620,20170619,210442000,2881.0,562,76288,16168360.0,2881.0,18,2880.0,55
rb1805,20170620,20170619,210442500,2881.0,570,76280,16398840.0,2881.0,14,2880.0,55
rb1805,20170620,20170619,210443000,2881.0,574,76276,16514080.0,2881.0,12,2880.0,55
rb1805,20170620,20170619,210443500,2881.0,574,76276,16514080.0,2881.0,12,2880.0,55
rb1805,20170620,20170619,210445500,2881.0,574,76276,16514080.0,2881.0,12,2880.0,55
rb1805,20170620,20170619,210446500,2881.0,574,76276,16514080.0,2881.0,12,2880.0,55
rb1805,20170620,20170619,210447000,2881.0,574,76276,16514080.0,2881.0,12,2880.0,55
rb1805,20170620,20170619,210447500,2881.0,574,76276,16514080.0,2881.0,12,2880.0,56
rb1805,20170620,20170619,210448000,2880.0,592,76274,17032480.0,2881.0,12,2880.0,47
rb1805,20170620,20170619,210449500,2880.0,592,76274,17032480.0,2881.0,12,2880.0,47
rb1805,20170620,20170619,210450000,2880.0,592,76274,17032480.0,2881.0,12,2880.0,47
rb1805,20170620,20170619,210450500,2880.0,592,76274,17032480.0,2881.0,12,2880.0,47
rb1805,20170620,20170619,210451000,2880.0,592,76274,17032480.0,2881.0,12,2880.0,47
rb1805,20170620,20170619,210451500,2880.0,592,76274,17032480.0,2881.0,12,2880.0,47
rb1805,20170620,20170619,210452500,2880.0,592,76274,17032480.0,2881.0,12,2880.0,47
rb1805,20170620,20170619,210454500,2880.0,592,76274,17032480.0,2881.0,12,2880.0,47
rb1805,20170620,20170619,210456000,2880.0,592,76274,17032480.0,2881.0,12,2880.0,47
rb1805,20170620,20170619,210456500,2880.0,594,76272,17090080.0,2881.0,12,2880.0,46
rb1805,20170620,20170619,210457500,2881.0,598,76272,17205320.0,2881.0,10,2880.0,46
rb1805,20170620,20170619,210459000,2881.0,598,76272,17205320.0,2881.0,10,2880.0,46
rb1805,20170620,20170619,210459500,2880.0,628,76242,18069320.0,2881.0,10,2880.0,31
rb1805,20170620,20170619,210502000,2880.0,628,76242,18069320.0,2881.0,11,2880.0,31
rb1805,20170620,20170619,210505000,2880.0,628,76242,18069320.0,2881.0,12,2880.0,31
rb1805,20170620,20170619,210505500,2880.0,628,76242,18069320.0,2881.0,12,2880.0,31
rb1805,20170620,20170619,210506500,2880.0,628,76242,18069320.0,2881.0,12,2880.0,36
rb1805,20170620,20170619,210507000,2880.0,628,76242,18069320.0,2881.0,13,2880.0,36
rb1805,20170620,20170619,210507500,2880.0,628,76242,18069320.0,2881.0,13,2880.0,46
rb1805,20170620,20170619,210508500,2880.0,628,76242,18069320.0,2881.0,13,2880.0,41
rb1805,20170620,20170619,210509000,2880.0,628,76242,18069320.0,2881.0,13,2880.0,41
rb1805,20170620,20170619,210509500,2880.0,628,76242,18069320.0,2881.0,13,2880.0,41
rb1805,20170620,20170619,210511000,2880.0,628,76242,18069320.0,2881.0,13,2880.0,41
rb1805,20170620,20170619,210513000,2880.0,658,76212,18933320.0,2881.0,13,2880.0,26
rb1805,20170620,20170619,210513500,2880.0,658,76212,18933320.0,2881.0,13,2880.0,26
rb1805,20170620,20170619,210514000,2880.0,658,76212,18933320.0,2881.0,13,2880.0,27
rb1805,20170620,20170619,210516500,2880.0,658,76212,18933320.0,2881.0,13,2880.0,27
rb1805,20170620,20170619,210517000,2880.0,658,76212,18933320.0,2881.0,13,2880.0,28
rb1805,20170620,20170619,210518000,2880.0,658,76212,18933320.0,2881.0,13,2880.0,28
rb1805,20170620,20170619,210520500,2880.0,666,76212,19163720.0,2881.0,13,2880.0,25
rb1805,20170620,20170619,210521500,2880.0,666,76212,19163720.0,2881.0,13,2880.0,25
rb1805,20170620,20170619,210522000,2880.0,666,76212,19163720.0,2881.0,13,2880.0,25
rb1805,20170620,20170619,210522500,2880.0,666,76212,19163720.0,2881.0,13,2880.0,25
rb1805,20170620,20170619,210524000,2880.0,666,76212,19163720.0,2881.0,13,2880.0,25
rb1805,20170620,20170619,210525000,2881.0,670,76210,19278940.0,2881.0,12,2880.0,24
rb1805,20170620,20170619,210526000,2880.0,718,76212,20661340.0,2880.0,3,2879.0,1
rb1805,20170620,20170619,210526500,2880.0,718,76212,20661340.0,2880.0,3,2879.0,1
rb1805,20170620,20170619,210528000,2880.0,718,76212,20661340.0,2880.0,3,2879.0,2
rb1805,20170620,20170619,210530000,2880.0,718,76212,20661340.0,2880.0,3,2879.0,2
rb1805,20170620,20170619,210530500,2879.0,722,76216,20776500.0,2879.0,2,2878.0,6
rb1805,20170620,20170619,210531000,2879.0,722,76216,20776500.0,2879.0,4,2878.0,1
rb1805,20170620,20170619,210531500,2879.0,722,76216,20776500.0,2879.0,4,2878.0,1
rb1805,20170620,20170619,210532000,2879.0,722,76216,20776500.0,2879.0,4,2878.0,1
rb1805,20170620,20170619,210532500,2879.0,722,76216,20776500.0,2879.0,2,2878.0,1
rb1805,20170620,20170619,210536000,2879.0,722,76216,20776500.0,2879.0,3,2878.0,1
rb1805,20170620,20170619,210536500,2878.0,724,76216,20834060.0,2878.0,2,2877.0,6
rb1805,20170620,20170619,210537000,2878.0,724,76216,20834060.0,2878.0,2,2877.0,1
rb1805,20170620,20170619,210537500,2878.0,724,76216,20834060.0,2878.0,2,2877.0,1
rb1805,20170620,20170619,210538500,2878.0,724,76216,20834060.0,2878.0,2,2877.0,1
rb1805,20170620,20170619,210540000,2878.0,724,76216,20834060.0,2878.0,2,2877.0,1
rb1805,20170620,20170619,210541000,2877.0,726,76216,20891600.0,2878.0,2,2876.0,4
rb1805,20170620,20170619,210542000,2877.0,726,76216,20891600.0,2878.0,2,2876.0,4
rb1805,20170620,20170619,210542500,2877.0,726,76216,20891600.0,2878.0,2,2876.0,4
rb1805,20170620,20170619,210543000,2877.0,726,76216,20891600.0,2878.0,2,2876.0,9
rb1805,20170620,20170619,210546000,2877.0,726,76216,20891600.0,2878.0,2,2876.0,10
rb1805,20170620,20170619,210546500,2877.0,726,76216,20891600.0,2877.0,1,2876.0,4
rb1805,20170620,20170619,210547000,2877.0,728,76216,20949140.0,2878.0,2,2877.0,1
rb1805,20170620,20170619,210547500,2877.0,728,76216,20949140.0,2878.0,2,2876.0,4
rb1805,20170620,20170619,210549000,2877.0,728,76216,20949140.0,2878.0,3,2876.0,4
rb1805,20170620,20170619,210550000,2877.0,728,76216,20949140.0,2878.0,3,2876.0,9
rb1805,20170620,20170619,210550500,2877.0,728,76216,20949140.0,2878.0,3,2876.0,9
rb1805,20170620,20170619,210551000,2877.0,728,76216,20949140.0,2878.0,3,2876.0,4
rb1805,20170620,20170619,210553000,2877.0,728,76216,20949140.0,2878.0,3,2876.0,4
rb1805,20170620,20170619,210554000,2877.0,728,76216,20949140.0,2878.0,8,2876.0,4
rb1805,20170620,20170619,210554500,2877.0,728,76216,20949140.0,2878.0,6,2876.0,4
rb1805,20170620,20170619,210557000,2877.0,728,76216,20949140.0,2878.0,6,2876.0,4
rb1805,20170620,20170619,210558000,2876.0,730,76216,21006660.0,2878.0,7,2876.0,3
rb1805,20170620,20170619,210559000,2876.0,730,76216,21006660.0,2878.0,6,2876.0,3
rb1805,20170620,20170619,210602000,2876.0,730,76216,21006660.0,2878.0,7,2876.0,3
rb1805,20170620,20170619,210602500,2876.0,730,76216,21006660.0,2878.0,7,2876.0,3
rb1805,20170620,20170619,210603000,2876.0,730,76216,21006660.0,2878.0,7,2875.0,1
rb1805,20170620,20170619,210603500,2876.0,730,76216,21006660.0,2878.0,7,2876.0,2
rb1805,20170620,20170619,210604000,2876.0,730,76216,21006660.0,2878.0,7,2876.0,2
rb1805,20170620,20170619,210605000,2876.0,730,76216,21006660.0,2878.0,7,2876.0,2
rb1805,20170620,20170619,210605500,2876.0,730,76216,21006660.0,2878.0,7,2876.0,7
rb1805,20170620,20170619,210606500,2876.0,730,76216,21006660.0,2878.0,7,2876.0,2
rb1805,20170620,20170619,210607000,2876.0,734,76216,21121700.0,2876.0,1,2875.0,6
rb1805,20170620,20170619,210607500,2876.0,736,76214,21179220.0,2878.0,7,2876.0,2
rb1805,20170620,20170619,210608000,2876.0,736,76214,21179220.0,2878.0,7,2875.0,1
rb1805,20170620,20170619,210608500,2876.0,736,76214,21179220.0,2877.0,3,2875.0,6
rb1805,20170620,20170619,210609000,2876.0,736,76214,21179220.0,2877.0,3,2875.0,6
rb1805,20170620,20170619,210609500,2876.0,736,76214,21179220.0,2877.0,3,2875.0,6
rb1805,20170620,20170619,210610000,2876.0,736,76214,21179220.0,2877.0,3,2876.0,1
rb1805,20170620,20170619,210612500,2876.0,736,76214,21179220.0,2877.0,3,2876.0,1
rb1805,20170620,20170619,210613500,2876.0,736,76214,21179220.0,2877.0,3,2876.0,1
rb1805,20170620,20170619,210615000,2876.0,736,76214,21179220.0,2877.0,3,2876.0,1
rb1805,20170620,20170619,210615500,2876.0,736,76214,21179220.0,2877.0,3,2876.0,1
rb1805,20170620,20170619,210616000,2876.0,736,76214,21179220.0,2877.0,4,2876.0,1
rb1805,20170620,20170619,210616500,2876.0,736,76214,21179220.0,2877.0,4,2876.0,6
rb1805,20170620,20170619,210617000,2877.0,744,76214,21409380.0,2878.0,8,2877.0,5
rb1805,20170620,20170619,210617500,2877.0,744,76214,21409380.0,2878.0,8,2877.0,2
rb1805,20170620,20170619,210621000,2877.0,744,76214,21409380.0,2878.0,3,2877.0,2
rb1805,20170620,20170619,210622000,2877.0,744,76214,21409380.0,2878.0,3,2877.0,3
rb1805,20170620,20170619,210623000,2878.0,746,76214,21466940.0,2878.0,2,2877.0,3
rb1805,20170620,20170619,210623500,2878.0,746,76214,21466940.0,2878.0,3,2877.0,3
rb1805,20170620,20170619,210625000,2878.0,746,76214,21466940.0,2878.0,3,2877.0,1
rb1805,20170620,20170619,210625500,2878.0,746,76214,21466940.0,2878.0,3,2877.0,1
rb1805,20170620,20170619,210626500,2878.0,746,76214,21466940.0,2878.0,3,2877.0,1
rb1805,20170620,20170619,210629000,2878.0,748,76214,21524500.0,2878.0,2,2877.0,1
rb1805,20170620,20170619,210631000,2878.0,748,76214,21524500.0,2878.0,2,2877.0,1
rb1805,20170620,20170619,210631500,2878.0,748,76214,21524500.0,2878.0,2,2877.0,1
rb1805,20170620,20170619,210634000,2878.0,750,76216,21582060.0,2878.0,1,2877.0,1
rb1805,20170620,20170619,210637000,2878.0,750,76216,21582060.0,2878.0,1,2877.0,1
rb1805,20170620,20170619,210640000,2878.0,750,76216,21582060.0,2878.0,1,2877.0,1
rb1805,20170620,20170619,210640500,2878.0,750,76216,21582060.0,2878.0,3,2877.0,1
rb1805,20170620,20170619,210643000,2878.0,750,76216,21582060.0,2878.0,3,2877.0,1
rb1805,20170620,20170619,210644500,2878.0,750,76216,21582060.0,2878.0,3,2877.0,1
rb1805,20170620,20170619,210645500,2878.0,750,76216,21582060.0,2878.0,3,2877.0,1
rb1805,20170620,20170619,210646500,2878.0,750,76216,21582060.0,2878.0,3,2877.0,1
rb1805,20170620,20170619,210647500,2878.0,750,76216,21582060.0,2878.0,3,2877.0,1
rb1805,20170620,20170619,210648000,2878.0,752,76216,21639620.0,2878.0,2,2877.0,1
rb1805,20170620,20170619,210649000,2878.0,752,76216,21639620.0,2878.0,2,2877.0,1
rb1805,20170620,20170619,210650000,2878.0,752,76216,21639620.0,2878.0,2,2877.0,1
rb1805,20170620,20170619,210652500,2878.0,752,76216,21639620.0,2878.0,2,2877.0,1
rb1805,20170620,20170619,210653500,2878.0,752,76216,21639620.0,2878.0,3,2877.0,1
rb1805,20170620,20170619,210656000,2877.0,754,76216,21697160.0,2878.0,3,2876.0,7
rb1805,20170620,20170619,210656500,2877.0,754,76216,21697160.0,2878.0,3,2876.0,6
rb1805,20170620,20170619,210658000,2877.0,754,76216,21697160.0,2878.0,3,2876.0,1
rb1805,20170620,20170619,210659000,2877.0,754,76216,21697160.0,2878.0,3,2876.0,1
rb1805,20170620,20170619,210700500,2877.0,754,76216,21697160.0,2878.0,3,2876.0,1
rb1805,20170620,20170619,210703000,2877.0,754,76216,21697160.0,2877.0,5,2876.0,1
rb1805,20170620,20170619,210704000,2877.0,754,76216,21697160.0,2877.0,5,2876.0,1
rb1805,20170620,20170619,210707000,2877.0,754,76216,21697160.0,2877.0,6,2876.0,1
rb1805,20170620,20170619,210708000,2877.0,756,76218,21754700.0,2877.0,5,2876.0,1
rb1805,20170620,20170619,210708500,2876.0,758,76220,21812220.0,2876.0,1,2875.0,10
rb1805,20170620,20170619,210709000,2876.0,758,76220,21812220.0,2877.0,5,2875.0,5
rb1805,20170620,20170619,210709500,2876.0,758,76220,21812220.0,2876.0,1,2875.0,5
rb1805,20170620,20170619,210710000,2875.0,762,76218,21927220.0,2877.0,5,2875.0,3
rb1805,20170620,20170619,210710500,2875.0,764,76216,21984720.0,2877.0,5,2875.0,2
rb1805,20170620,20170619,210711500,2875.0,764,76216,21984720.0,2876.0,1,2875.0,2
rb1805,20170620,20170619,210712000,2875.0,766,76214,22042220.0,2877.0,5,2875.0,1
rb1805,20170620,20170619,210714500,2875.0,766,76214,22042220.0,2877.0,6,2875.0,1
rb1805,20170620,20170619,210715500,2877.0,768,76216,22099760.0,2877.0,5,2875.0,1
rb1805,20170620,20170619,210717500,2877.0,768,76216,22099760.0,2877.0,5,2875.0,1
rb1805,20170620,20170619,210718000,2877.0,768,76216,22099760.0,2877.0,5,2875.0,6
rb1805,20170620,20170619,210718500,2875.0,790,76206,22732260.0,2875.0,69,2874.0,2
rb1805,20170620,20170619,210719000,2875.0,876,76190,25204760.0,2875.0,26,2874.0,2
rb1805,20170620,20170619,210719500,2875.0,882,76190,25377260.0,2875.0,23,2874.0,2
rb1805,20170620,20170619,210720000,2875.0,884,76188,25434760.0,2875.0,22,2874.0,2
rb1805,20170620,20170619,210721500,2875.0,884,76188,25434760.0,2875.0,27,2874.0,2
rb1805,20170620,20170619,210722000,2874.0,888,76190,25549720.0,2875.0,27,2873.0,10
rb1805,20170620,20170619,210722500,2874.0,888,76190,25549720.0,2875.0,27,2873.0,11
rb1805,20170620,20170619,210723000,2874.0,888,76190,25549720.0,2875.0,27,2873.0,10
rb1805,20170620,20170619,210723500,2874.0,888,76190,25549720.0,2874.0,2,2873.0,10
rb1805,20170620,20170619,210724000,2873.0,890,76188,25607180.0,2874.0,2,2873.0,9
rb1805,20170620,20170619,210724500,2873.0,892,76186,25664640.0,2874.0,7,2873.0,8
rb1805,20170620,20170619,210725000,2873.0,908,76184,26124320.0,2873.0,22,2872.0,12
rb1805,20170620,20170619,210725500,2873.0,912,76180,26239240.0,2873.0,20,2872.0,12
rb1805,20170620,20170619,210726000,2872.0,930,76168,26756200.0,2873.0,25,2872.0,3
rb1805,20170620,20170619,210726500,2872.0,936,76168,26928520.0,2873.0,25,2871.0,3
rb1805,20170620,20170619,210727000,2873.0,938,76168,26985980.0,2873.0,19,2872.0,6
rb1805,20170620,20170619,210728500,2873.0,938,76168,26985980.0,2873.0,19,2872.0,6
rb1805,20170620,20170619,210729500,2873.0,938,76168,26985980.0,2873.0,19,2872.0,7
rb1805,20170620,20170619,210731000,2873.0,938,76168,26985980.0,2873.0,24,2872.0,7
rb1805,20170620,20170619,210732500,2872.0,946,76168,27215740.0,2873.0,24,2872.0,3
rb1805,20170620,20170619,210733000,2872.0,946,76168,27215740.0,2873.0,24,2872.0,3
rb1805,20170620,20170619,210733500,2872.0,946,76168,27215740.0,2873.0,19,2872.0,3
rb1805,20170620,20170619,210734000,2872.0,946,76168,27215740.0,2873.0,19,2872.0,3
rb1805,20170620,20170619,210734500,2872.0,948,76170,27273180.0,2873.0,19,2872.0,2
rb1805,20170620,20170619,210735000,2872.0,948,76170,27273180.0,2873.0,19,2872.0,2
rb1805,20170620,20170619,210735500,2872.0,952,76170,27388060.0,2872.0,1,2871.0,3
rb1805,20170620,20170619,210736000,2873.0,956,76168,27502960.0,2873.0,23,2871.0,3
rb1805,20170620,20170619,210736500,2873.0,956,76168,27502960.0,2873.0,23,2871.0,3
rb1805,20170620,20170619,210737000,2871.0,960,76168,27617800.0,2873.0,23,2871.0,1
rb1805,20170620,20170619,210737500,2871.0,960,76168,27617800.0,2873.0,18,2871.0,3
rb1805,20170620,20170619,210738000,2873.0,962,76168,27675260.0,2873.0,17,2871.0,3
rb1805,20170620,20170619,210740000,2873.0,966,76164,27790180.0,2873.0,15,2872.0,2
rb1805,20170620,20170619,210740500,2873.0,966,76164,27790180.0,2873.0,15,2872.0,2
rb1805,20170620,20170619,210741500,2873.0,968,76164,27847640.0,2873.0,14,2872.0,2
rb1805,20170620,20170619,210742000,2873.0,968,76164,27847640.0,2873.0,14,2871.0,4
rb1805,20170620,20170619,210742500,2873.0,968,76164,27847640.0,2873.0,14,2871.0,4
rb1805,20170620,20170619,210744000,2873.0,968,76164,27847640.0,2873.0,19,2871.0,2
rb1805,20170620,20170619,210744500,2873.0,968,76164,27847640.0,2873.0,19,2871.0,1
rb1805,20170620,20170619,210745000,2873.0,968,76164,27847640.0,2873.0,19,2871.0,2
rb1805,20170620,20170619,210745500,2873.0,968,76164,27847640.0,2873.0,19,2871.0,2
rb1805,20170620,20170619,210746000,2873.0,968,76164,27847640.0,2873.0,19,2872.0,4
rb1805,20170620,20170619,210747000,2873.0,968,76164,27847640.0,2873.0,14,2872.0,4
rb1805,20170620,20170619,210747500,2873.0,980,76164,28192400.0,2873.0,8,2872.0,2
rb1805,20170620,20170619,210748000,2873.0,984,76160,28307320.0,2873.0,6,2872.0,3
rb1805,20170620,20170619,210749000,2873.0,988,76156,28422240.0,2873.0,4,2872.0,3
rb1805,20170620,20170619,210749500,2873.0,988,76156,28422240.0,2873.0,4,2872.0,3
rb1805,20170620,20170619,210750000,2873.0,992,76152,28537160.0,2873.0,2,2872.0,3
rb1805,20170620,20170619,210750500,2873.0,996,76148,28652080.0,2874.0,5,2873.0,1
rb1805,20170620,20170619,210751000,2872.0,998,76148,28709520.0,2874.0,5,2872.0,2
rb1805,20170620,20170619,210751500,2872.0,998,76148,28709520.0,2874.0,5,2873.0,5
rb1805,20170620,20170619,210754000,2873.0,1004,76146,28881940.0,2874.0,6,2873.0,4
rb1805,20170620,20170619,210754500,2873.0,1004,76146,28881940.0,2874.0,6,2873.0,4
rb1805,20170620,20170619,210755500,2873.0,1004,76146,28881940.0,2874.0,6,2873.0,4
rb1805,20170620,20170619,210756000,2874.0,1008,76146,28996900.0,2874.0,4,2873.0,4
rb1805,20170620,20170619,210756500,2874.0,1008,76146,28996900.0,2874.0,4,2873.0,4
rb1805,20170620,20170619,210757500,2874.0,1008,76146,28996900.0,2874.0,3,2873.0,4
rb1805,20170620,20170619,210758500,2874.0,1008,76146,28996900.0,2874.0,3,2873.0,9
rb1805,20170620,20170619,210759000,2874.0,1012,76146,29111860.0,2874.0,1,2873.0,9
rb1805,20170620,20170619,210801000,2873.0,1016,76142,29226780.0,2874.0,1,2873.0,7
rb1805,20170620,20170619,210803000,2873.0,1016,76142,29226780.0,2874.0,1,2873.0,7
rb1805,20170620,20170619,210803500,2874.0,1018,76144,29284260.0,2875.0,6,2874.0,2
rb1805,20170620,20170619,210804000,2874.0,1018,76144,29284260.0,2875.0,1,2874.0,2
rb1805,20170620,20170619,210805500,2875.0,1020,76142,29341760.0,2876.0,1,2874.0,7
rb1805,20170620,20170619,210806000,2875.0,1020,76142,29341760.0,2876.0,1,2875.0,3
rb1805,20170620,20170619,210806500,2875.0,1022,76142,29399260.0,2876.0,1,2875.0,2
rb1805,20170620,20170619,210807500,2875.0,1026,76146,29514260.0,2876.0,1,2875.0,1
rb1805,20170620,20170619,210808000,2875.0,1026,76146,29514260.0,2876.0,1,2875.0,1
rb1805,20170620,20170619,210808500,2875.0,1026,76146,29514260.0,2876.0,2,2875.0,1
rb1805,20170620,20170619,210809000,2875.0,1028,76146,29571760.0,2876.0,2,2874.0,7
rb1805,20170620,20170619,210810000,2875.0,1028,76146,29571760.0,2876.0,2,2874.0,7
rb1805,20170620,20170619,210810500,2875.0,1028,76146,29571760.0,2876.0,6,2874.0,7
rb1805,20170620,20170619,210813000,2875.0,1028,76146,29571760.0,2876.0,6,2874.0,37
rb1805,20170620,20170619,210813500,2875.0,1028,76146,29571760.0,2876.0,6,2874.0,31
rb1805,20170620,20170619,210814500,2875.0,1028,76146,29571760.0,2876.0,6,2874.0,31
rb1805,20170620,20170619,210815000,2874.0,1030,76148,29629240.0,2876.0,7,2874.0,30
rb1805,20170620,20170619,210815500,2874.0,1048,76162,30146560.0,2875.0,3,2874.0,21
rb1805,20170620,20170619,210819000,2874.0,1048,76162,30146560.0,2876.0,7,2874.0,21
rb1805,20170620,20170619,210820000,2874.0,1048,76162,30146560.0,2876.0,7,2875.0,4
rb1805,20170620,20170619,210820500,2875.0,1056,76164,30376560.0,2875.0,3,2874.0,21
rb1805,20170620,20170619,210821000,2875.0,1056,76164,30376560.0,2876.0,7,2874.0,21
rb1805,20170620,20170619,210823000,2875.0,1056,76164,30376560.0,2876.0,7,2874.0,21
rb1805,20170620,20170619,210824000,2875.0,1056,76164,30376560.0,2876.0,7,2874.0,21
rb1805,20170620,20170619,210824500,2875.0,1056,76164,30376560.0,2876.0,7,2874.0,21
rb1805,20170620,20170619,210825500,2875.0,1056,76164,30376560.0,2876.0,7,2874.0,26
rb1805,20170620,20170619,210826000,2875.0,1056,76164,30376560.0,2876.0,3,2874.0,31
rb1805,20170620,20170619,210826500,2875.0,1056,76164,30376560.0,2876.0,3,2874.0,31
rb1805,20170620,20170619,210827000,2875.0,1056,76164,30376560.0,2876.0,6,2874.0,31
rb1805,20170620,20170619,210828000,2875.0,1056,76164,30376560.0,2876.0,6,2874.0,31
rb1805,20170620,20170619,210829500,2874.0,1058,76166,30434040.0,2876.0,6,2874.0,30
rb1805,20170620,20170619,210831500,2874.0,1058,76166,30434040.0,2875.0,1,2874.0,30
rb1805,20170620,20170619,210832000,2875.0,1060,76164,30491540.0,2876.0,6,2874.0,30
rb1805,20170620,20170619,210833000,2876.0,1062,76164,30549060.0,2876.0,5,2874.0,30
rb1805,20170620,20170619,210833500,2876.0,1062,76164,30549060.0,2876.0,9,2874.0,30
rb1805,20170620,20170619,210834500,2876.0,1062,76164,30549060.0,2876.0,9,2874.0,30
rb1805,20170620,20170619,210836500,2876.0,1064,76164,30606580.0,2876.0,8,2874.0,30
rb1805,20170620,20170619,210837000,2876.0,1064,76164,30606580.0,2875.0,1,2874.0,30
rb1805,20170620,20170619,210837500,2876.0,1064,76164,30606580.0,2875.0,1,2874.0,25
rb1805,20170620,20170619,210838000,2875.0,1066,76164,30664080.0,2876.0,8,2874.0,25
rb1805,20170620,20170619,210838500,2875.0,1066,76164,30664080.0,2876.0,7,2874.0,25
rb1805,20170620,20170619,210839500,2874.0,1068,76166,30721560.0,2876.0,7,2874.0,24
rb1805,20170620,20170619,210843000,2874.0,1070,76166,30779040.0,2876.0,7,2874.0,23
rb1805,20170620,20170619,210843500,2874.0,1070,76166,30779040.0,2876.0,7,2874.0,23
rb1805,20170620,20170619,210844000,2874.0,1072,76168,30836520.0,2876.0,7,2874.0,22
rb1805,20170620,20170619,210844500,2874.0,1086,76168,31238880.0,2876.0,7,2874.0,15
rb1805,20170620,20170619,210845000,2874.0,1086,76168,31238880.0,2876.0,3,2874.0,20
rb1805,20170620,20170619,210847000,2874.0,1088,76168,31296360.0,2876.0,3,2874.0,19
rb1805,20170620,20170619,210849000,2874.0,1088,76168,31296360.0,2876.0,4,2875.0,1
rb1805,20170620,20170619,210852000,2875.0,1090,76170,31353860.0,2876.0,4,2874.0,19
rb1805,20170620,20170619,210853000,2876.0,1100,76172,31641460.0,2877.0,2,2874.0,19
rb1805,20170620,20170619,210853500,2876.0,1100,76172,31641460.0,2877.0,7,2874.0,19
rb1805,20170620,20170619,210855000,2876.0,1100,76172,31641460.0,2877.0,7,2874.0,19
rb1805,20170620,20170619,210856500,2874.0,1102,76174,31698940.0,2877.0,7,2874.0,18
rb1805,20170620,20170619,210858000,2874.0,1102,76174,31698940.0,2876.0,3,2874.0,18
rb1805,20170620,20170619,210858500,2874.0,1102,76174,31698940.0,2876.0,5,2874.0,18
rb1805,20170620,20170619,210859000,2874.0,1102,76174,31698940.0,2876.0,5,2874.0,18
rb1805,20170620,20170619,210859500,2874.0,1102,76174,31698940.0,2876.0,9,2874.0,18
rb1805,20170620,20170619,210900500,2874.0,1102,76174,31698940.0,2876.0,9,2874.0,13
rb1805,20170620,20170619,210905000,2874.0,1102,76174,31698940.0,2876.0,9,2874.0,13
rb1805,20170620,20170619,210905500,2874.0,1102,76174,31698940.0,2876.0,9,2875.0,1
rb1805,20170620,20170619,210906000,2875.0,1104,76174,31756440.0,2876.0,9,2874.0,13
rb1805,20170620,20170619,210906500,2875.0,1104,76174,31756440.0,2876.0,9,2875.0,1
rb1805,20170620,20170619,210907000,2875.0,1104,76174,31756440.0,2876.0,5,2875.0,1
rb1805,20170620,20170619,210908000,2875.0,1106,76174,31813940.0,2875.0,14,2874.0,19
rb1805,20170620,20170619,210908500,2875.0,1110,76172,31928940.0,2875.0,12,2874.0,19
rb1805,20170620,20170619,210909000,2875.0,1110,76172,31928940.0,2875.0,12,2874.0,14
rb1805,20170620,20170619,210909500,2875.0,1110,76172,31928940.0,2875.0,12,2874.0,14
rb1805,20170620,20170619,210911000,2875.0,1110,76172,31928940.0,2875.0,12,2874.0,14
rb1805,20170620,20170619,210912000,2875.0,1112,76172,31986440.0,2875.0,11,2874.0,14
rb1805,20170620,20170619,210913000,2875.0,1112,76172,31986440.0,2875.0,11,2874.0,14
rb1805,20170620,20170619,210913500,2875.0,1112,76172,31986440.0,2875.0,11,2874.0,14
rb1805,20170620,20170619,210914500,2875.0,1112,76172,31986440.0,2875.0,15,2874.0,14
rb1805,20170620,20170619,210915000,2875.0,1112,76172,31986440.0,2875.0,15,2874.0,14
rb1805,20170620,20170619,210917000,2875.0,1112,76172,31986440.0,2875.0,15,2874.0,15
rb1805,20170620,20170619,210919500,2874.0,1142,76172,32848640.0,2874.0,7,2873.0,8
rb1805,20170620,20170619,210922000,2874.0,1152,76172,33136040.0,2874.0,2,2873.0,8
rb1805,20170620,20170619,210922500,2874.0,1152,76172,33136040.0,2874.0,2,2873.0,8
rb1805,20170620,20170619,210923000,2874.0,1152,76172,33136040.0,2874.0,2,2873.0,8
rb1805,20170620,20170619,210923500,2874.0,1152,76172,33136040.0,2874.0,2,2873.0,9
rb1805,20170620,20170619,210924000,2874.0,1152,76172,33136040.0,2874.0,2,2873.0,9
rb1805,20170620,20170619,210925000,2873.0,1154,76172,33193500.0,2874.0,2,2873.0,3
rb1805,20170620,20170619,210926000,2873.0,1154,76172,33193500.0,2874.0,2,2873.0,3
rb1805,20170620,20170619,210927500,2874.0,1156,76172,33250980.0,2874.0,1,2873.0,3
rb1805,20170620,20170619,210929000,2874.0,1156,76172,33250980.0,2874.0,1,2873.0,3
rb1805,20170620,20170619,210930500,2874.0,1156,76172,33250980.0,2874.0,11,2873.0,3
rb1805,20170620,20170619,210932500,2874.0,1156,76172,33250980.0,2874.0,11,2873.0,3
rb1805,20170620,20170619,210933000,2874.0,1156,76172,33250980.0,2874.0,11,2873.0,2
rb1805,20170620,20170619,210933500,2874.0,1172,76160,33710820.0,2874.0,3,2873.0,7
rb1805,20170620,20170619,210934000,2874.0,1172,76160,33710820.0,2874.0,3,2873.0,2
rb1805,20170620,20170619,210934500,2874.0,1172,76160,33710820.0,2874.0,3,2873.0,2
rb1805,20170620,20170619,210935000,2873.0,1176,76158,33825740.0,2873.0,20,2872.0,1
rb1805,20170620,20170619,210935500,2873.0,1182,76158,33998120.0,2873.0,17,2872.0,1
rb1805,20170620,20170619,210936000,2873.0,1182,76158,33998120.0,2873.0,17,2872.0,1
rb1805,20170620,20170619,210937500,2873.0,1186,76154,34113040.0,2873.0,15,2872.0,1
rb1805,20170620,20170619,210938000,2873.0,1188,76152,34170500.0,2873.0,14,2872.0,1
rb1805,20170620,20170619,210939500,2873.0,1192,76148,34285420.0,2873.0,12,2872.0,1
rb1805,20170620,20170619,210941000,2873.0,1192,76148,34285420.0,2873.0,12,2872.0,1
rb1805,20170620,20170619,210942000,2873.0,1192,76148,34285420.0,2873.0,12,2872.0,3
rb1805,20170620,20170619,210942500,2873.0,1194,76146,34342880.0,2873.0,11,2872.0,3
rb1805,20170620,20170619,210944000,2873.0,1194,76146,34342880.0,2873.0,15,2872.0,3
rb1805,20170620,20170619,210947500,2873.0,1194,76146,34342880.0,2873.0,15,2872.0,3
rb1805,20170620,20170619,210948000,2873.0,1196,76144,34400340.0,2873.0,14,2872.0,3
rb1805,20170620,20170619,210949000,2873.0,1196,76144,34400340.0,2873.0,14,2872.0,3
rb1805,20170620,20170619,210952000,2873.0,1196,76144,34400340.0,2873.0,10,2872.0,3
rb1805,20170620,20170619,210953000,2873.0,1196,76144,34400340.0,2873.0,11,2872.0,3
rb1805,20170620,20170619,210953500,2873.0,1196,76144,34400340.0,2873.0,11,2872.0,3
rb1805,20170620,20170619,210955500,2873.0,1196,76144,34400340.0,2873.0,11,2872.0,7
rb1805,20170620,20170619,210957500,2873.0,1198,76144,34457800.0,2873.0,10,2872.0,7
rb1805,20170620,20170619,210958500,2873.0,1198,76144,34457800.0,2873.0,10,2872.0,7
rb1805,20170620,20170619,211000500,2873.0,1198,76144,34457800.0,2873.0,14,2872.0,7
rb1805,20170620,20170619,211001000,2872.0,1204,76140,34630120.0,2873.0,14,2872.0,4
rb1805,20170620,20170619,211001500,2872.0,1208,76138,34745000.0,2873.0,14,2872.0,2
rb1805,20170620,20170619,211002000,2872.0,1212,76136,34859880.0,2873.0,14,2871.0,5
rb1805,20170620,20170619,211002500,2872.0,1212,76136,34859880.0,2873.0,15,2871.0,5
rb1805,20170620,20170619,211003000,2872.0,1212,76136,34859880.0,2873.0,14,2871.0,5
rb1805,20170620,20170619,211003500,2872.0,1212,76136,34859880.0,2872.0,9,2871.0,5
rb1805,20170620,20170619,211004000,2872.0,1212,76136,34859880.0,2873.0,14,2871.0,5
rb1805,20170620,20170619,211004500,2873.0,1216,76136,34974800.0,2873.0,12,2871.0,5
rb1805,20170620,20170619,211005000,2871.0,1218,76138,35032220.0,2873.0,12,2871.0,4
rb1805,20170620,20170619,211006500,2871.0,1218,76138,35032220.0,2873.0,12,2871.0,4
rb1805,20170620,20170619,211007000,2871.0,1226,76138,35261900.0,2871.0,11,2870.0,15
rb1805,20170620,20170619,211007500,2871.0,1228,76138,35319320.0,2871.0,10,2870.0,15
rb1805,20170620,20170619,211008500,2871.0,1228,76138,35319320.0,2871.0,10,2870.0,20
rb1805,20170620,20170619,211010500,2871.0,1228,76138,35319320.0,2871.0,10,2870.0,20
rb1805,20170620,20170619,211011000,2871.0,1232,76134,35434160.0,2871.0,8,2870.0,20
rb1805,20170620,20170619,211012000,2871.0,1232,76134,35434160.0,2871.0,8,2870.0,26
rb1805,20170620,20170619,211013000,2871.0,1232,76134,35434160.0,2871.0,8,2870.0,26
rb1805,20170620,20170619,211013500,2870.0,1278,76130,36754660.0,2873.0,12,2870.0,15
rb1805,20170620,20170619,211014000,2870.0,1278,76130,36754660.0,2873.0,12,2870.0,9
rb1805,20170620,20170619,211016500,2870.0,1278,76130,36754660.0,2873.0,13,2870.0,9
rb1805,20170620,20170619,211017000,2870.0,1278,76130,36754660.0,2871.0,1,2870.0,9
rb1805,20170620,20170619,211017500,2871.0,1280,76128,36812080.0,2872.0,2,2871.0,1
rb1805,20170620,20170619,211018500,2871.0,1280,76128,36812080.0,2872.0,2,2871.0,1
rb1805,20170620,20170619,211019000,2871.0,1282,76126,36869500.0,2872.0,2,2870.0,8
rb1805,20170620,20170619,211019500,2870.0,1286,76124,36984300.0,2872.0,22,2870.0,6
rb1805,20170620,20170619,211020500,2870.0,1286,76124,36984300.0,2872.0,22,2870.0,11
rb1805,20170620,20170619,211021000,2870.0,1286,76124,36984300.0,2872.0,22,2870.0,12
rb1805,20170620,20170619,211022000,2870.0,1286,76124,36984300.0,2872.0,22,2870.0,13
rb1805,20170620,20170619,211022500,2870.0,1286,76124,36984300.0,2872.0,2,2870.0,13
rb1805,20170620,20170619,211023000,2870.0,1286,76124,36984300.0,2871.0,15,2870.0,14
rb1805,20170620,20170619,211023500,2871.0,1290,76120,37099140.0,2871.0,13,2870.0,14
rb1805,20170620,20170619,211024000,2871.0,1290,76120,37099140.0,2871.0,13,2870.0,19
rb1805,20170620,20170619,211024500,2871.0,1294,76116,37213980.0,2871.0,11,2870.0,19
rb1805,20170620,20170619,211025000,2871.0,1298,76112,37328820.0,2871.0,9,2870.0,21
rb1805,20170620,20170619,211026000,2871.0,1302,76108,37443660.0,2871.0,7,2870.0,21
rb1805,20170620,20170619,211026500,2871.0,1302,76108,37443660.0,2871.0,7,2870.0,21
rb1805,20170620,20170619,211027500,2871.0,1302,76108,37443660.0,2871.0,7,2870.0,16
rb1805,20170620,20170619,211028500,2870.0,1304,76106,37501060.0,2871.0,7,2870.0,15
rb1805,20170620,20170619,211029000,2870.0,1304,76106,37501060.0,2871.0,7,2870.0,16
rb1805,20170620,20170619,211030000,2871.0,1310,76106,37673320.0,2871.0,4,2870.0,16
rb1805,20170620,20170619,211030500,2871.0,1336,76110,38419600.0,2873.0,13,2870.0,12
rb1805,20170620,20170619,211031000,2871.0,1336,76110,38419600.0,2873.0,9,2870.0,12
rb1805,20170620,20170619,211031500,2870.0,1360,76096,39108400.0,2870.0,138,2869.0,13
rb1805,20170620,20170619,211032000,2870.0,1456,76068,41863600.0,2870.0,91,2869.0,13
rb1805,20170620,20170619,211032500,2870.0,1458,76068,41921000.0,2870.0,90,2869.0,13
rb1805,20170620,20170619,211033000,2870.0,1464,76068,42093200.0,2870.0,92,2869.0,13
rb1805,20170620,20170619,211033500,2870.0,1464,76068,42093200.0,2870.0,92,2869.0,13
rb1805,20170620,20170619,211034500,2870.0,1472,76068,42322800.0,2870.0,88,2869.0,13
rb1805,20170620,20170619,211035000,2870.0,1472,76068,42322800.0,2870.0,88,2869.0,13
rb1805,20170620,20170619,211035500,2870.0,1480,76068,42552360.0,2870.0,86,2869.0,11
rb1805,20170620,20170619,211036000,2870.0,1482,76068,42609760.0,2870.0,85,2869.0,11
rb1805,20170620,20170619,211036500,2870.0,1486,76068,42724560.0,2870.0,83,2869.0,11
rb1805,20170620,20170619,211037500,2870.0,1518,76040,43642960.0,2870.0,67,2869.0,11
rb1805,20170620,20170619,211038000,2870.0,1522,76040,43757760.0,2870.0,65,2869.0,11
rb1805,20170620,20170619,211038500,2870.0,1538,76038,44216960.0,2870.0,57,2869.0,11
rb1805,20170620,20170619,211039000,2870.0,1542,76038,44331760.0,2870.0,55,2869.0,13
rb1805,20170620,20170619,211039500,2870.0,1550,76038,44561360.0,2870.0,51,2869.0,13
rb1805,20170620,20170619,211040500,2870.0,1562,76038,44905760.0,2870.0,45,2869.0,13
rb1805,20170620,20170619,211041000,2870.0,1572,76038,45192760.0,2870.0,40,2869.0,13
rb1805,20170620,20170619,211041500,2870.0,1576,76038,45307560.0,2870.0,38,2869.0,13
rb1805,20170620,20170619,211042000,2870.0,1584,76038,45537160.0,2870.0,34,2869.0,13
rb1805,20170620,20170619,211042500,2870.0,1588,76038,45651960.0,2870.0,32,2869.0,14
rb1805,20170620,20170619,211043000,2869.0,1596,76038,45881520.0,2870.0,30,2869.0,12
rb1805,20170620,20170619,211043500,2869.0,1596,76038,45881520.0,2870.0,30,2869.0,12
rb1805,20170620,20170619,211044000,2869.0,1596,76038,45881520.0,2870.0,30,2869.0,12
rb1805,20170620,20170619,211044500,2870.0,1598,76038,45938920.0,2870.0,29,2869.0,13
rb1805,20170620,20170619,211045000,2870.0,1598,76038,45938920.0,2870.0,29,2869.0,14
rb1805,20170620,20170619,211045500,2870.0,1598,76038,45938920.0,2870.0,29,2869.0,14
rb1805,20170620,20170619,211046000,2870.0,1598,76038,45938920.0,2870.0,29,2869.0,15
rb1805,20170620,20170619,211046500,2869.0,1600,76038,45996300.0,2870.0,29,2869.0,14
rb1805,20170620,20170619,211047500,2870.0,1602,76038,46053700.0,2870.0,28,2869.0,14
rb1805,20170620,20170619,211048000,2870.0,1602,76038,46053700.0,2870.0,28,2869.0,20
rb1805,20170620,20170619,211048500,2870.0,1604,76038,46111100.0,2870.0,27,2869.0,20
rb1805,20170620,20170619,211049000,2870.0,1606,76038,46168500.0,2870.0,26,2869.0,15
rb1805,20170620,20170619,211049500,2870.0,1608,76038,46225900.0,2870.0,25,2869.0,15
rb1805,20170620,20170619,211050000,2869.0,1632,76034,46914480.0,2870.0,24,2869.0,4
rb1805,20170620,20170619,211051000,2869.0,1632,76034,46914480.0,2870.0,24,2869.0,4
rb1805,20170620,20170619,211051500,2869.0,1636,76032,47029260.0,2870.0,23,2869.0,3
rb1805,20170620,20170619,211052000,2869.0,1640,76032,47144040.0,2870.0,22,2869.0,2
rb1805,20170620,20170619,211052500,2870.0,1644,76032,47258840.0,2870.0,20,2869.0,3
rb1805,20170620,20170619,211053000,2870.0,1652,76032,47488440.0,2870.0,16,2869.0,3
rb1805,20170620,20170619,211054000,2870.0,1656,76032,47603240.0,2870.0,14,2869.0,3
rb1805,20170620,20170619,211054500,2869.0,1662,76030,47775380.0,2869.0,97,2868.0,13
rb1805,20170620,20170619,211055000,2869.0,1662,76030,47775380.0,2869.0,98,2868.0,13
rb1805,20170620,20170619,211055500,2869.0,1664,76030,47832760.0,2869.0,97,2868.0,13
rb1805,20170620,20170619,211056000,2869.0,1666,76030,47890140.0,2869.0,96,2868.0,13
rb1805,20170620,20170619,211057500,2869.0,1666,76030,47890140.0,2869.0,96,2868.0,14
rb1805,20170620,20170619,211058000,2869.0,1666,76030,47890140.0,2869.0,96,2868.0,20
rb1805,20170620,20170619,211058500,2869.0,1668,76030,47947520.0,2869.0,95,2868.0,26
rb1805,20170620,20170619,211059000,2868.0,1670,76028,48004880.0,2869.0,95,2868.0,25
rb1805,20170620,20170619,211100500,2868.0,1670,76028,48004880.0,2869.0,95,2868.0,25
rb1805,20170620,20170619,211101000,2868.0,1674,76028,48119620.0,2869.0,94,2868.0,24
rb1805,20170620,20170619,211102000,2868.0,1674,76028,48119620.0,2869.0,94,2868.0,34
rb1805,20170620,20170619,211102500,2868.0,1704,76002,48980020.0,2869.0,94,2868.0,19
rb1805,20170620,20170619,211103000,2868.0,1706,76000,49037380.0,2869.0,94,2868.0,18
rb1805,20170620,20170619,211103500,2868.0,1706,76000,49037380.0,2869.0,94,2868.0,18
rb1805,20170620,20170619,211104000,2868.0,1706,76000,49037380.0,2869.0,94,2868.0,18
rb1805,20170620,20170619,211104500,2868.0,1716,75990,49324180.0,2869.0,94,2868.0,14
rb1805,20170620,20170619,211105000,2868.0,1722,75990,49496260.0,2869.0,94,2868.0,11
rb1805,20170620,20170619,211106000,2868.0,1722,75990,49496260.0,2869.0,94,2868.0,11
rb1805,20170620,20170619,211106500,2868.0,1722,75990,49496260.0,2869.0,94,2868.0,11
rb1805,20170620,20170619,211107000,2868.0,1744,75970,50127220.0,2868.0,4,2867.0,5
rb1805,20170620,20170619,211107500,2868.0,1752,75964,50356660.0,2869.0,94,2868.0,2
rb1805,20170620,20170619,211108000,2868.0,1756,75964,50471380.0,2868.0,1,2867.0,5
rb1805,20170620,20170619,211108500,2867.0,1758,75962,50528720.0,2868.0,1,2867.0,4
rb1805,20170620,20170619,211109500,2867.0,1768,75960,50815420.0,2867.0,1,2866.0,1
rb1805,20170620,20170619,211110000,2869.0,1776,75962,51044880.0,2869.0,92,2866.0,1
rb1805,20170620,20170619,211110500,2866.0,1778,75960,51102200.0,2866.0,1,2865.0,10
rb1805,20170620,20170619,211111000,2866.0,1780,75960,51159520.0,2866.0,1,2865.0,10
rb1805,20170620,20170619,211111500,2865.0,1794,75950,51560700.0,2868.0,1,2866.0,2
rb1805,20170620,20170619,211112000,2869.0,1798,75950,51675440.0,2869.0,96,2867.0,2
rb1805,20170620,20170619,211112500,2869.0,1800,75950,51732820.0,2869.0,96,2868.0,1
rb1805,20170620,20170619,211113000,2868.0,1802,75948,51790180.0,2868.0,29,2867.0,2
rb1805,20170620,20170619,211113500,2868.0,1802,75948,51790180.0,2868.0,29,2867.0,4
rb1805,20170620,20170619,211114000,2868.0,1802,75948,51790180.0,2868.0,29,2867.0,4
rb1805,20170620,20170619,211115000,2867.0,1810,75948,52019540.0,2867.0,1,2866.0,3
rb1805,20170620,20170619,211115500,2867.0,1810,75948,52019540.0,2867.0,1,2866.0,6
rb1805,20170620,20170619,211116500,2868.0,1820,75950,52306300.0,2868.0,26,2866.0,6
rb1805,20170620,20170619,211119000,2868.0,1820,75950,52306300.0,2868.0,26,2866.0,7
rb1805,20170620,20170619,211119500,2868.0,1820,75950,52306300.0,2868.0,26,2867.0,2
rb1805,20170620,20170619,211120500,2868.0,1826,75950,52478380.0,2868.0,23,2867.0,2
rb1805,20170620,20170619,211121500,2868.0,1826,75950,52478380.0,2868.0,23,2867.0,2
rb1805,20170620,20170619,211122000,2868.0,1826,75950,52478380.0,2868.0,23,2867.0,2
rb1805,20170620,20170619,211122500,2868.0,1826,75950,52478380.0,2868.0,23,2867.0,2
rb1805,20170620,20170619,211123500,2868.0,1828,75948,52535740.0,2868.0,22,2867.0,5
rb1805,20170620,20170619,211124000,2868.0,1828,75948,52535740.0,2868.0,22,2867.0,5
rb1805,20170620,20170619,211125000,2868.0,1828,75948,52535740.0,2868.0,22,2867.0,5
rb1805,20170620,20170619,211126000,2868.0,1828,75948,52535740.0,2868.0,22,2867.0,5
rb1805,20170620,20170619,211126500,2868.0,1828,75948,52535740.0,2868.0,22,2867.0,5
rb1805,20170620,20170619,211127000,2868.0,1830,75948,52593100.0,2868.0,21,2867.0,5
rb1805,20170620,20170619,211128000,2868.0,1830,75948,52593100.0,2868.0,21,2867.0,6
rb1805,20170620,20170619,211128500,2868.0,1832,75948,52650460.0,2868.0,20,2867.0,6
rb1805,20170620,20170619,211129000,2868.0,1832,75948,52650460.0,2868.0,20,2867.0,18
rb1805,20170620,20170619,211129500,2868.0,1832,75948,52650460.0,2868.0,20,2867.0,18
rb1805,20170620,20170619,211130000,2868.0,1842,75938,52937260.0,2868.0,15,2867.0,19
rb1805,20170620,20170619,211131500,2868.0,1844,75938,52994620.0,2868.0,14,2867.0,19
rb1805,20170620,20170619,211132500,2868.0,1848,75938,53109340.0,2868.0,12,2867.0,19
rb1805,20170620,20170619,211133500,2868.0,1854,75936,53281420.0,2868.0,9,2867.0,19
rb1805,20170620,20170619,211134000,2868.0,1858,75936,53396140.0,2868.0,7,2867.0,19
rb1805,20170620,20170619,211134500,2868.0,1866,75936,53625580.0,2868.0,3,2867.0,19
rb1805,20170620,20170619,211135000,2868.0,1868,75934,53682940.0,2868.0,2,2867.0,19
rb1805,20170620,20170619,211135500,2868.0,1868,75934,53682940.0,2868.0,2,2867.0,19
rb1805,20170620,20170619,211136000,2868.0,1868,75934,53682940.0,2868.0,2,2867.0,20
rb1805,20170620,20170619,211136500,2868.0,1868,75934,53682940.0,2868.0,2,2867.0,20
rb1805,20170620,20170619,211137500,2868.0,1868,75934,53682940.0,2868.0,2,2867.0,18
rb1805,20170620,20170619,211138000,2868.0,1868,75934,53682940.0,2868.0,2,2867.0,18
rb1805,20170620,20170619,211138500,2868.0,1872,75934,53797660.0,2869.0,90,2868.0,1
rb1805,20170620,20170619,211139000,2868.0,1872,75934,53797660.0,2869.0,90,2868.0,2
rb1805,20170620,20170619,211139500,2868.0,1872,75934,53797660.0,2869.0,90,2868.0,3
rb1805,20170620,20170619,211140000,2868.0,1872,75934,53797660.0,2869.0,90,2868.0,4
rb1805,20170620,20170619,211141000,2868.0,1872,75934,53797660.0,2869.0,90,2868.0,4
rb1805,20170620,20170619,211141500,2869.0,1874,75934,53855040.0,2869.0,89,2868.0,4
rb1805,20170620,20170619,211142500,2869.0,1874,75934,53855040.0,2869.0,89,2868.0,4
rb1805,20170620,20170619,211143000,2869.0,1874,75934,53855040.0,2869.0,89,2868.0,5
rb1805,20170620,20170619,211143500,2869.0,1874,75934,53855040.0,2869.0,89,2868.0,5
rb1805,20170620,20170619,211145500,2868.0,1876,75936,53912400.0,2869.0,89,2868.0,4
rb1805,20170620,20170619,211146500,2868.0,1876,75936,53912400.0,2869.0,89,2868.0,10
rb1805,20170620,20170619,211147000,2868.0,1876,75936,53912400.0,2869.0,89,2868.0,15
rb1805,20170620,20170619,211148500,2869.0,1880,75936,54027160.0,2869.0,87,2868.0,15
rb1805,20170620,20170619,211149000,2869.0,1884,75936,54141920.0,2869.0,85,2868.0,15
rb1805,20170620,20170619,211149500,2869.0,1888,75936,54256680.0,2869.0,83,2868.0,16
rb1805,20170620,20170619,211150000,2869.0,1888,75936,54256680.0,2869.0,82,2868.0,16
rb1805,20170620,20170619,211151000,2869.0,1896,75928,54486200.0,2869.0,78,2868.0,17
rb1805,20170620,20170619,211151500,2869.0,1896,75928,54486200.0,2869.0,78,2868.0,17
rb1805,20170620,20170619,211152000,2869.0,1896,75928,54486200.0,2869.0,78,2868.0,17
rb1805,20170620,20170619,211152500,2868.0,1938,75928,55691160.0,2869.0,58,2868.0,16
rb1805,20170620,20170619,211154500,2869.0,1942,75928,55805920.0,2869.0,56,2868.0,16
rb1805,20170620,20170619,211155000,2869.0,1946,75928,55920680.0,2869.0,54,2868.0,16
rb1805,20170620,20170619,211155500,2869.0,1946,75928,55920680.0,2869.0,54,2868.0,17
rb1805,20170620,20170619,211156500,2869.0,1948,75928,55978060.0,2869.0,53,2868.0,19
rb1805,20170620,20170619,211157000,2868.0,1964,75916,56436940.0,2869.0,53,2868.0,11
rb1805,20170620,20170619,211157500,2868.0,1964,75916,56436940.0,2869.0,53,2868.0,11
rb1805,20170620,20170619,211158500,2868.0,1964,75916,56436940.0,2869.0,53,2868.0,12
rb1805,20170620,20170619,211159500,2868.0,1964,75916,56436940.0,2869.0,53,2868.0,32
rb1805,20170620,20170619,211201000,2868.0,1964,75916,56436940.0,2869.0,53,2868.0,33
rb1805,20170620,20170619,211201500,2869.0,1978,75906,56838600.0,2869.0,46,2868.0,33
rb1805,20170620,20170619,211202000,2869.0,1978,75906,56838600.0,2869.0,51,2868.0,33
rb1805,20170620,20170619,211202500,2869.0,1978,75906,56838600.0,2869.0,51,2868.0,34
rb1805,20170620,20170619,211203000,2868.0,1988,75906,57125400.0,2869.0,52,2868.0,30
rb1805,20170620,20170619,211203500,2868.0,1988,75906,57125400.0,2869.0,52,2868.0,40
rb1805,20170620,20170619,211205000,2868.0,1988,75906,57125400.0,2869.0,46,2868.0,40
rb1805,20170620,20170619,211205500,2869.0,1990,75906,57182780.0,2869.0,45,2868.0,40
rb1805,20170620,20170619,211206000,2868.0,2004,75904,57584300.0,2869.0,45,2868.0,33
rb1805,20170620,20170619,211207000,2869.0,2006,75902,57641680.0,2869.0,49,2868.0,33
rb1805,20170620,20170619,211207500,2869.0,2010,75902,57756440.0,2869.0,47,2868.0,33
rb1805,20170620,20170619,211208500,2869.0,2010,75902,57756440.0,2869.0,48,2868.0,34
rb1805,20170620,20170619,211209000,2869.0,2010,75902,57756440.0,2869.0,48,2868.0,35
rb1805,20170620,20170619,211210500,2869.0,2010,75902,57756440.0,2869.0,48,2868.0,35
rb1805,20170620,20170619,211211000,2869.0,2010,75902,57756440.0,2869.0,43,2868.0,35
rb1805,20170620,20170619,211212000,2869.0,2010,75902,57756440.0,2869.0,43,2868.0,37
rb1805,20170620,20170619,211213500,2869.0,2020,75902,58043340.0,2869.0,38,2868.0,37
rb1805,20170620,20170619,211214000,2869.0,2020,75902,58043340.0,2869.0,38,2868.0,37
rb1805,20170620,20170619,211214500,2869.0,2030,75898,58330240.0,2869.0,33,2868.0,37
rb1805,20170620,20170619,211216000,2869.0,2030,75898,58330240.0,2869.0,33,2868.0,39
rb1805,20170620,20170619,211216500,2869.0,2032,75898,58387620.0,2869.0,32,2868.0,39
rb1805,20170620,20170619,211217500,2869.0,2032,75898,58387620.0,2869.0,32,2868.0,39
rb1805,20170620,20170619,211218000,2869.0,2038,75898,58559760.0,2869.0,29,2868.0,39
rb1805,20170620,20170619,211218500,2869.0,2038,75898,58559760.0,2869.0,29,2868.0,44
rb1805,20170620,20170619,211220000,2869.0,2038,75898,58559760.0,2869.0,29,2868.0,44
rb1805,20170620,20170619,211220500,2869.0,2038,75898,58559760.0,2869.0,29,2868.0,39
rb1805,20170620,20170619,211221000,2869.0,2038,75898,58559760.0,2869.0,29,2868.0,40
rb1805,20170620,20170619,211222000,2869.0,2044,75898,58731900.0,2869.0,26,2868.0,40
rb1805,20170620,20170619,211223500,2869.0,2048,75898,58846660.0,2869.0,24,2868.0,40
rb1805,20170620,20170619,211224000,2869.0,2056,75898,59076180.0,2869.0,20,2868.0,40
rb1805,20170620,20170619,211224500,2869.0,2064,75898,59305700.0,2869.0,16,2868.0,40
rb1805,20170620,20170619,211225000,2869.0,2064,75898,59305700.0,2869.0,16,2868.0,40
rb1805,20170620,20170619,211225500,2869.0,2072,75898,59535220.0,2869.0,12,2868.0,40
rb1805,20170620,20170619,211226000,2869.0,2072,75898,59535220.0,2869.0,12,2868.0,40
rb1805,20170620,20170619,211226500,2869.0,2078,75898,59707360.0,2869.0,9,2868.0,40
rb1805,20170620,20170619,211227000,2869.0,2082,75898,59822120.0,2869.0,7,2868.0,40
rb1805,20170620,20170619,211227500,2869.0,2084,75898,59879500.0,2869.0,6,2868.0,40
rb1805,20170620,20170619,211228000,2869.0,2096,75888,60223780.0,2870.0,1,2868.0,40
rb1805,20170620,20170619,211228500,2869.0,2096,75888,60223780.0,2870.0,2,2869.0,6
rb1805,20170620,20170619,211229000,2869.0,2096,75888,60223780.0,2870.0,2,2869.0,6
rb1805,20170620,20170619,211230000,2869.0,2108,75878,60568060.0,2870.0,2,2868.0,31
rb1805,20170620,20170619,211230500,2869.0,2108,75878,60568060.0,2870.0,2,2869.0,1
rb1805,20170620,20170619,211233500,2869.0,2108,75878,60568060.0,2870.0,2,2869.0,2
rb1805,20170620,20170619,211235500,2870.0,2110,75876,60625460.0,2870.0,1,2869.0,5
rb1805,20170620,20170619,211236000,2870.0,2110,75876,60625460.0,2870.0,1,2869.0,6
rb1805,20170620,20170619,211237500,2870.0,2110,75876,60625460.0,2870.0,1,2869.0,6
rb1805,20170620,20170619,211238500,2870.0,2110,75876,60625460.0,2870.0,2,2869.0,6
rb1805,20170620,20170619,211240000,2870.0,2112,75876,60682860.0,2870.0,1,2869.0,6
rb1805,20170620,20170619,211242000,2869.0,2114,75876,60740240.0,2870.0,1,2869.0,5
rb1805,20170620,20170619,211246500,2869.0,2118,75874,60855000.0,2870.0,1,2869.0,3
rb1805,20170620,20170619,211248000,2869.0,2118,75874,60855000.0,2870.0,1,2869.0,3
rb1805,20170620,20170619,211248500,2869.0,2118,75874,60855000.0,2870.0,1,2869.0,3
rb1805,20170620,20170619,211249000,2869.0,2118,75874,60855000.0,2870.0,1,2869.0,3
rb1805,20170620,20170619,211249500,2869.0,2118,75874,60855000.0,2870.0,1,2869.0,3
rb1805,20170620,20170619,211250000,2869.0,2118,75874,60855000.0,2870.0,1,2869.0,4
rb1805,20170620,20170619,211251500,2869.0,2118,75874,60855000.0,2870.0,1,2869.0,6
rb1805,20170620,20170619,211252000,2870.0,2120,75874,60912400.0,2871.0,1,2869.0,7
rb1805,20170620,20170619,211253500,2870.0,2120,75874,60912400.0,2871.0,1,2870.0,5
rb1805,20170620,20170619,211255000,2870.0,2130,75874,61199400.0,2871.0,1,2869.0,7
rb1805,20170620,20170619,211255500,2869.0,2140,75870,61486300.0,2871.0,1,2869.0,2
rb1805,20170620,20170619,211257000,2871.0,2142,75868,61543720.0,2873.0,1,2869.0,2
rb1805,20170620,20170619,211257500,2871.0,2142,75868,61543720.0,2872.0,1,2869.0,7
rb1805,20170620,20170619,211258000,2871.0,2142,75868,61543720.0,2872.0,6,2870.0,2
rb1805,20170620,20170619,211259000,2871.0,2142,75868,61543720.0,2872.0,6,2870.0,2
rb1805,20170620,20170619,211300500,2871.0,2142,75868,61543720.0,2871.0,3,2870.0,2
rb1805,20170620,20170619,211301000,2871.0,2142,75868,61543720.0,2872.0,6,2870.0,2
rb1805,20170620,20170619,211301500,2871.0,2142,75868,61543720.0,2871.0,3,2870.0,2
rb1805,20170620,20170619,211302000,2871.0,2142,75868,61543720.0,2871.0,3,2870.0,2
rb1805,20170620,20170619,211304500,2871.0,2142,75868,61543720.0,2872.0,6,2870.0,2
rb1805,20170620,20170619,211305000,2871.0,2142,75868,61543720.0,2872.0,6,2869.0,9
rb1805,20170620,20170619,211305500,2871.0,2142,75868,61543720.0,2872.0,6,2871.0,1
rb1805,20170620,20170619,211306000,2871.0,2144,75868,61601140.0,2871.0,7,2870.0,2
rb1805,20170620,20170619,211306500,2871.0,2144,75868,61601140.0,2871.0,3,2870.0,2
rb1805,20170620,20170619,211307000,2871.0,2144,75868,61601140.0,2871.0,3,2870.0,3
rb1805,20170620,20170619,211308500,2871.0,2144,75868,61601140.0,2871.0,3,2870.0,3
rb1805,20170620,20170619,211311000,2871.0,2144,75868,61601140.0,2871.0,3,2870.0,3
rb1805,20170620,20170619,211312000,2871.0,2144,75868,61601140.0,2872.0,3,2870.0,3
rb1805,20170620,20170619,211312500,2871.0,2144,75868,61601140.0,2872.0,2,2870.0,3
rb1805,20170620,20170619,211313000,2871.0,2144,75868,61601140.0,2872.0,2,2870.0,1
rb1805,20170620,20170619,211314000,2871.0,2144,75868,61601140.0,2872.0,2,2871.0,1
rb1805,20170620,20170619,211314500,2871.0,2146,75868,61658560.0,2871.0,1,2870.0,2
rb1805,20170620,20170619,211315000,2871.0,2146,75868,61658560.0,2872.0,2,2870.0,2
rb1805,20170620,20170619,211316000,2871.0,2146,75868,61658560.0,2872.0,2,2870.0,2
rb1805,20170620,20170619,211316500,2871.0,2146,75868,61658560.0,2872.0,2,2870.0,3
rb1805,20170620,20170619,211317500,2872.0,2150,75872,61773440.0,2873.0,7,2872.0,6
rb1805,20170620,20170619,211318000,2871.0,2164,75872,62175500.0,2872.0,9,2870.0,3
rb1805,20170620,20170619,211318500,2871.0,2164,75872,62175500.0,2872.0,3,2870.0,3
rb1805,20170620,20170619,211320000,2871.0,2164,75872,62175500.0,2872.0,3,2870.0,3
rb1805,20170620,20170619,211324500,2871.0,2164,75872,62175500.0,2872.0,3,2870.0,4
rb1805,20170620,20170619,211325500,2871.0,2164,75872,62175500.0,2872.0,3,2870.0,9
rb1805,20170620,20170619,211327000,2871.0,2164,75872,62175500.0,2872.0,3,2870.0,9
rb1805,20170620,20170619,211328000,2870.0,2166,75874,62232900.0,2872.0,3,2870.0,8
rb1805,20170620,20170619,211329000,2870.0,2166,75874,62232900.0,2872.0,3,2870.0,8
rb1805,20170620,20170619,211330000,2870.0,2166,75874,62232900.0,2872.0,3,2870.0,9
rb1805,20170620,20170619,211331500,2870.0,2166,75874,62232900.0,2872.0,3,2870.0,10
rb1805,20170620,20170619,211332000,2870.0,2166,75874,62232900.0,2872.0,3,2870.0,10
rb1805,20170620,20170619,211333500,2870.0,2166,75874,62232900.0,2872.0,3,2870.0,10
rb1805,20170620,20170619,211335000,2870.0,2166,75874,62232900.0,2872.0,3,2870.0,10
rb1805,20170620,20170619,211335500,2870.0,2166,75874,62232900.0,2873.0,6,2870.0,10
rb1805,20170620,20170619,211337000,2870.0,2166,75874,62232900.0,2873.0,6,2870.0,10
rb1805,20170620,20170619,211339500,2870.0,2166,75874,62232900.0,2873.0,6,2870.0,11
rb1805,20170620,20170619,211340000,2870.0,2166,75874,62232900.0,2873.0,11,2870.0,11
rb1805,20170620,20170619,211343000,2870.0,2166,75874,62232900.0,2873.0,12,2870.0,11
rb1805,20170620,20170619,211343500,2870.0,2166,75874,62232900.0,2873.0,12,2871.0,2
rb1805,20170620,20170619,211344500,2870.0,2166,75874,62232900.0,2873.0,12,2871.0,2
rb1805,20170620,20170619,211345000,2870.0,2166,75874,62232900.0,2873.0,12,2871.0,2
rb1805,20170620,20170619,211345500,2870.0,2166,75874,62232900.0,2873.0,12,2871.0,2
rb1805,20170620,20170619,211346000,2870.0,2166,75874,62232900.0,2873.0,12,2871.0,3
rb1805,20170620,20170619,211346500,2870.0,2166,75874,62232900.0,2873.0,13,2871.0,8
rb1805,20170620,20170619,211348000,2870.0,2166,75874,62232900.0,2872.0,1,2871.0,8
rb1805,20170620,20170619,211349000,2870.0,2166,75874,62232900.0,2872.0,1,2871.0,8
rb1805,20170620,20170619,211350000,2870.0,2166,75874,62232900.0,2872.0,1,2871.0,8
rb1805,20170620,20170619,211350500,2870.0,2168,75874,62290300.0,2872.0,1,2871.0,7
rb1805,20170620,20170619,211351000,2870.0,2168,75874,62290300.0,2872.0,1,2871.0,6
rb1805,20170620,20170619,211353500,2872.0,2170,75874,62347740.0,2873.0,13,2871.0,6
rb1805,20170620,20170619,211354000,2872.0,2170,75874,62347740.0,2873.0,13,2871.0,6
rb1805,20170620,20170619,211354500,2872.0,2170,75874,62347740.0,2873.0,13,2872.0,1
rb1805,20170620,20170619,211355000,2872.0,2172,75876,62405180.0,2872.0,1,2871.0,6
rb1805,20170620,20170619,211355500,2872.0,2172,75876,62405180.0,2873.0,8,2871.0,6
rb1805,20170620,20170619,211357000,2872.0,2172,75876,62405180.0,2873.0,9,2871.0,6
rb1805,20170620,20170619,211358000,2872.0,2172,75876,62405180.0,2873.0,9,2872.0,1
rb1805,20170620,20170619,211359000,2872.0,2172,75876,62405180.0,2873.0,9,2872.0,2
rb1805,20170620,20170619,211359500,2872.0,2172,75876,62405180.0,2873.0,5,2872.0,2
rb1805,20170620,20170619,211400000,2872.0,2172,75876,62405180.0,2873.0,5,2872.0,2
rb1805,20170620,20170619,211401000,2872.0,2172,75876,62405180.0,2873.0,4,2872.0,4
rb1805,20170620,20170619,211401500,2872.0,2180,75878,62634940.0,2872.0,6,2871.0,7
rb1805,20170620,20170619,211402000,2872.0,2180,75878,62634940.0,2872.0,4,2871.0,7
rb1805,20170620,20170619,211402500,2872.0,2180,75878,62634940.0,2872.0,4,2871.0,7
rb1805,20170620,20170619,211403000,2872.0,2180,75878,62634940.0,2872.0,4,2871.0,7
rb1805,20170620,20170619,211403500,2872.0,2180,75878,62634940.0,2872.0,5,2871.0,7
rb1805,20170620,20170619,211404000,2872.0,2182,75880,62692380.0,2872.0,4,2871.0,2
rb1805,20170620,20170619,211404500,2872.0,2182,75880,62692380.0,2872.0,4,2871.0,2
rb1805,20170620,20170619,211405500,2872.0,2182,75880,62692380.0,2872.0,10,2871.0,2
rb1805,20170620,20170619,211406500,2872.0,2182,75880,62692380.0,2872.0,10,2871.0,2
rb1805,20170620,20170619,211407500,2872.0,2184,75882,62749820.0,2872.0,9,2871.0,2
rb1805,20170620,20170619,211409000,2871.0,2186,75882,62807240.0,2872.0,9,2871.0,1
rb1805,20170620,20170619,211409500,2871.0,2186,75882,62807240.0,2872.0,10,2871.0,1
rb1805,20170620,20170619,211410500,2871.0,2188,75884,62864660.0,2871.0,3,2870.0,14
rb1805,20170620,20170619,211411000,2871.0,2192,75884,62979500.0,2872.0,8,2870.0,9
rb1805,20170620,20170619,211411500,2872.0,2194,75884,63036940.0,2872.0,6,2870.0,14
rb1805,20170620,20170619,211412000,2872.0,2196,75886,63094380.0,2872.0,5,2870.0,14
rb1805,20170620,20170619,211414500,2872.0,2196,75886,63094380.0,2872.0,5,2870.0,13
rb1805,20170620,20170619,211415500,2872.0,2196,75886,63094380.0,2872.0,5,2871.0,1
rb1805,20170620,20170619,211418500,2872.0,2196,75886,63094380.0,2872.0,5,2871.0,2
rb1805,20170620,20170619,211419500,2872.0,2196,75886,63094380.0,2872.0,5,2871.0,3
rb1805,20170620,20170619,211420500,2872.0,2196,75886,63094380.0,2872.0,5,2871.0,4
rb1805,20170620,20170619,211424500,2872.0,2196,75886,63094380.0,2872.0,5,2871.0,4
rb1805,20170620,20170619,211430000,2872.0,2198,75888,63151820.0,2872.0,4,2871.0,4
rb1805,20170620,20170619,211430500,2871.0,2202,75892,63266660.0,2872.0,4,2871.0,2
rb1805,20170620,20170619,211432500,2871.0,2202,75892,63266660.0,2872.0,4,2871.0,2
rb1805,20170620,20170619,211435000,2872.0,2204,75894,63324100.0,2872.0,3,2871.0,2
rb1805,20170620,20170619,211436500,2871.0,2208,75892,63438940.0,2871.0,2,2870.0,13
rb1805,20170620,20170619,211437000,2871.0,2208,75892,63438940.0,2871.0,2,2870.0,8
rb1805,20170620,20170619,211438000,2871.0,2208,75892,63438940.0,2871.0,2,2870.0,8
rb1805,20170620,20170619,211438500,2871.0,2212,75888,63553780.0,2872.0,9,2870.0,8
rb1805,20170620,20170619,211439000,2871.0,2212,75888,63553780.0,2872.0,8,2870.0,8
rb1805,20170620,20170619,211439500,2871.0,2212,75888,63553780.0,2872.0,8,2870.0,8
rb1805,20170620,20170619,211440000,2871.0,2212,75888,63553780.0,2872.0,8,2870.0,8
rb1805,20170620,20170619,211440500,2871.0,2212,75888,63553780.0,2872.0,8,2871.0,1
rb1805,20170620,20170619,211441000,2871.0,2212,75888,63553780.0,2872.0,3,2871.0,1
rb1805,20170620,20170619,211442500,2871.0,2212,75888,63553780.0,2872.0,3,2871.0,1
rb1805,20170620,20170619,211444000,2871.0,2212,75888,63553780.0,2872.0,4,2871.0,1
rb1805,20170620,20170619,211445000,2871.0,2212,75888,63553780.0,2872.0,4,2871.0,1
rb1805,20170620,20170619,211445500,2871.0,2212,75888,63553780.0,2872.0,4,2871.0,2
rb1805,20170620,20170619,211446000,2871.0,2212,75888,63553780.0,2872.0,4,2871.0,2
rb1805,20170620,20170619,211447500,2871.0,2214,75888,63611200.0,2872.0,4,2871.0,1
rb1805,20170620,20170619,211450500,2871.0,2214,75888,63611200.0,2872.0,4,2871.0,2
rb1805,20170620,20170619,211454000,2871.0,2214,75888,63611200.0,2872.0,4,2871.0,3
rb1805,20170620,20170619,211454500,2871.0,2214,75888,63611200.0,2872.0,3,2871.0,3
rb1805,20170620,20170619,211457000,2871.0,2214,75888,63611200.0,2872.0,3,2871.0,4
rb1805,20170620,20170619,211457500,2871.0,2214,75888,63611200.0,2872.0,3,2871.0,4
rb1805,20170620,20170619,211458500,2871.0,2216,75888,63668620.0,2872.0,3,2871.0,3
rb1805,20170620,20170619,211459000,2871.0,2220,75890,63783480.0,2872.0,2,2871.0,2
rb1805,20170620,20170619,211500000,2871.0,2220,75890,63783480.0,2872.0,3,2871.0,2
rb1805,20170620,20170619,211502000,2871.0,2220,75890,63783480.0,2872.0,3,2871.0,2
rb1805,20170620,20170619,211502500,2871.0,2220,75890,63783480.0,2872.0,3,2871.0,2
rb1805,20170620,20170619,211503500,2871.0,2220,75890,63783480.0,2872.0,4,2871.0,2
rb1805,20170620,20170619,211504000,2871.0,2220,75890,63783480.0,2872.0,4,2871.0,3
rb1805,20170620,20170619,211505000,2871.0,2220,75890,63783480.0,2872.0,4,2871.0,3
rb1805,20170620,20170619,211506500,2871.0,2220,75890,63783480.0,2872.0,4,2871.0,4
rb1805,20170620,20170619,211507000,2872.0,2222,75892,63840920.0,2872.0,3,2871.0,4
rb1805,20170620,20170619,211509000,2872.0,2222,75892,63840920.0,2872.0,3,2871.0,5
rb1805,20170620,20170619,211511500,2872.0,2228,75888,64013240.0,2873.0,12,2872.0,1
rb1805,20170620,20170619,211512000,2872.0,2228,75888,64013240.0,2873.0,7,2872.0,1
rb1805,20170620,20170619,211514000,2872.0,2228,75888,64013240.0,2873.0,7,2872.0,1
rb1805,20170620,20170619,211516000,2872.0,2228,75888,64013240.0,2873.0,7,2872.0,1
rb1805,20170620,20170619,211517000,2872.0,2228,75888,64013240.0,2873.0,7,2872.0,1
rb1805,20170620,20170619,211521000,2872.0,2230,75886,64070680.0,2873.0,7,2871.0,8
rb1805,20170620,20170619,211521500,2872.0,2230,75886,64070680.0,2873.0,6,2871.0,8
rb1805,20170620,20170619,211522000,2872.0,2230,75886,64070680.0,2873.0,6,2871.0,8
rb1805,20170620,20170619,211522500,2872.0,2230,75886,64070680.0,2873.0,6,2872.0,1
rb1805,20170620,20170619,211528500,2872.0,2230,75886,64070680.0,2873.0,6,2872.0,1
rb1805,20170620,20170619,211531500,2872.0,2230,75886,64070680.0,2873.0,17,2872.0,1
rb1805,20170620,20170619,211532000,2872.0,2230,75886,64070680.0,2873.0,18,2872.0,1
rb1805,20170620,20170619,211532500,2873.0,2232,75886,64128140.0,2873.0,17,2872.0,1
rb1805,20170620,20170619,211534500,2873.0,2232,75886,64128140.0,2873.0,17,2872.0,1
rb1805,20170620,20170619,211537000,2873.0,2232,75886,64128140.0,2873.0,17,2872.0,1
rb1805,20170620,20170619,211537500,2872.0,2242,75888,64415420.0,2873.0,13,2871.0,8
rb1805,20170620,20170619,211538000,2872.0,2242,75888,64415420.0,2873.0,12,2871.0,8
rb1805,20170620,20170619,211538500,2872.0,2242,75888,64415420.0,2873.0,12,2872.0,1
rb1805,20170620,20170619,211539000,2872.0,2242,75888,64415420.0,2873.0,12,2872.0,1
rb1805,20170620,20170619,211540500,2872.0,2242,75888,64415420.0,2873.0,12,2872.0,1
rb1805,20170620,20170619,211543500,2872.0,2242,75888,64415420.0,2873.0,12,2872.0,1
rb1805,20170620,20170619,211544500,2872.0,2242,75888,64415420.0,2873.0,12,2872.0,3
rb1805,20170620,20170619,211546000,2872.0,2242,75888,64415420.0,2873.0,12,2872.0,3
rb1805,20170620,20170619,211546500,2872.0,2242,75888,64415420.0,2873.0,12,2872.0,8
rb1805,20170620,20170619,211547000,2872.0,2242,75888,64415420.0,2873.0,12,2872.0,8
rb1805,20170620,20170619,211550000,2872.0,2242,75888,64415420.0,2873.0,13,2872.0,8
rb1805,20170620,20170619,211552000,2872.0,2242,75888,64415420.0,2873.0,14,2872.0,8
rb1805,20170620,20170619,211554000,2872.0,2242,75888,64415420.0,2873.0,3,2872.0,8
rb1805,20170620,20170619,211555500,2872.0,2242,75888,64415420.0,2873.0,3,2872.0,6
rb1805,20170620,20170619,211556500,2872.0,2242,75888,64415420.0,2873.0,3,2872.0,5
rb1805,20170620,20170619,211601000,2873.0,2248,75884,64587800.0,2874.0,13,2873.0,12
rb1805,20170620,20170619,211601500,2873.0,2248,75884,64587800.0,2874.0,13,2873.0,12
rb1805,20170620,20170619,211603000,2873.0,2248,75884,64587800.0,2874.0,13,2873.0,12
rb1805,20170620,20170619,211603500,2873.0,2248,75884,64587800.0,2874.0,13,2873.0,12
rb1805,20170620,20170619,211604500,2873.0,2248,75884,64587800.0,2874.0,13,2873.0,12
rb1805,20170620,20170619,211606000,2873.0,2248,75884,64587800.0,2874.0,13,2873.0,12
rb1805,20170620,20170619,211606500,2873.0,2248,75884,64587800.0,2874.0,13,2873.0,12
rb1805,20170620,20170619,211608000,2873.0,2248,75884,64587800.0,2874.0,13,2873.0,12
rb1805,20170620,20170619,211610000,2873.0,2248,75884,64587800.0,2874.0,13,2873.0,12
rb1805,20170620,20170619,211610500,2873.0,2248,75884,64587800.0,2874.0,13,2873.0,12
rb1805,20170620,20170619,211611000,2873.0,2248,75884,64587800.0,2874.0,13,2873.0,13
rb1805,20170620,20170619,211611500,2873.0,2248,75884,64587800.0,2874.0,13,2873.0,13
rb1805,20170620,20170619,211613000,2873.0,2248,75884,64587800.0,2874.0,13,2873.0,13
rb1805,20170620,20170619,211613500,2874.0,2256,75876,64817720.0,2874.0,9,2873.0,13
rb1805,20170620,20170619,211614000,2874.0,2258,75874,64875200.0,2874.0,8,2873.0,13
rb1805,20170620,20170619,211616000,2874.0,2258,75874,64875200.0,2874.0,8,2873.0,14
rb1805,20170620,20170619,211617500,2874.0,2258,75874,64875200.0,2874.0,8,2873.0,15
rb1805,20170620,20170619,211620000,2874.0,2260,75874,64932680.0,2874.0,7,2873.0,15
rb1805,20170620,20170619,211620500,2874.0,2260,75874,64932680.0,2874.0,7,2873.0,15
rb1805,20170620,20170619,211621000,2874.0,2260,75874,64932680.0,2874.0,7,2873.0,20
rb1805,20170620,20170619,211621500,2874.0,2266,75868,65105120.0,2874.0,4,2873.0,20
rb1805,20170620,20170619,211622000,2874.0,2266,75868,65105120.0,2874.0,4,2873.0,20
rb1805,20170620,20170619,211622500,2874.0,2266,75868,65105120.0,2874.0,4,2873.0,19
rb1805,20170620,20170619,211623500,2873.0,2268,75868,65162580.0,2874.0,4,2873.0,18
rb1805,20170620,20170619,211626500,2873.0,2268,75868,65162580.0,2874.0,4,2873.0,18
rb1805,20170620,20170619,211628000,2873.0,2268,75868,65162580.0,2874.0,5,2873.0,18
rb1805,20170620,20170619,211629500,2874.0,2270,75868,65220060.0,2874.0,4,2873.0,18
rb1805,20170620,20170619,211631000,2874.0,2272,75868,65277540.0,2874.0,3,2873.0,18
rb1805,20170620,20170619,211632500,2874.0,2274,75866,65335020.0,2874.0,2,2873.0,18
rb1805,20170620,20170619,211633500,2874.0,2278,75866,65449980.0,2874.0,1,2873.0,18
rb1805,20170620,20170619,211634000,2874.0,2280,75866,65507460.0,2875.0,10,2874.0,2
rb1805,20170620,20170619,211634500,2874.0,2280,75866,65507460.0,2875.0,6,2873.0,18
rb1805,20170620,20170619,211635000,2874.0,2280,75866,65507460.0,2875.0,6,2874.0,1
rb1805,20170620,20170619,211638000,2874.0,2280,75866,65507460.0,2875.0,7,2874.0,1
rb1805,20170620,20170619,211638500,2875.0,2282,75868,65564960.0,2875.0,6,2874.0,1
rb1805,20170620,20170619,211639000,2874.0,2284,75868,65622440.0,2875.0,6,2873.0,18
rb1805,20170620,20170619,211639500,2874.0,2284,75868,65622440.0,2875.0,6,2874.0,3
rb1805,20170620,20170619,211640500,2874.0,2284,75868,65622440.0,2875.0,7,2874.0,4
rb1805,20170620,20170619,211641500,2874.0,2284,75868,65622440.0,2875.0,7,2874.0,1
rb1805,20170620,20170619,211642500,2874.0,2284,75868,65622440.0,2875.0,7,2874.0,1
rb1805,20170620,20170619,211643000,2875.0,2294,75868,65909940.0,2875.0,2,2874.0,1
rb1805,20170620,20170619,211643500,2875.0,2294,75868,65909940.0,2875.0,3,2874.0,1
rb1805,20170620,20170619,211644000,2875.0,2294,75868,65909940.0,2875.0,3,2874.0,1
rb1805,20170620,20170619,211646000,2875.0,2294,75868,65909940.0,2875.0,4,2874.0,6
rb1805,20170620,20170619,211649500,2875.0,2294,75868,65909940.0,2875.0,4,2874.0,6
rb1805,20170620,20170619,211651000,2875.0,2294,75868,65909940.0,2875.0,4,2874.0,6
rb1805,20170620,20170619,211651500,2875.0,2302,75860,66139940.0,2876.0,2,2875.0,6
rb1805,20170620,20170619,211652000,2875.0,2302,75860,66139940.0,2876.0,12,2875.0,6
rb1805,20170620,20170619,211652500,2875.0,2304,75858,66197440.0,2876.0,12,2875.0,5
rb1805,20170620,20170619,211653500,2875.0,2304,75858,66197440.0,2876.0,12,2875.0,5
rb1805,20170620,20170619,211654000,2875.0,2304,75858,66197440.0,2876.0,12,2875.0,5
rb1805,20170620,20170619,211655000,2875.0,2306,75856,66254940.0,2876.0,12,2875.0,4
rb1805,20170620,20170619,211656500,2875.0,2306,75856,66254940.0,2876.0,12,2875.0,4
rb1805,20170620,20170619,211657000,2875.0,2312,75852,66427460.0,2876.0,12,2875.0,2
rb1805,20170620,20170619,211657500,2876.0,2314,75852,66484980.0,2876.0,11,2875.0,2
rb1805,20170620,20170619,211658000,2876.0,2316,75852,66542500.0,2876.0,11,2875.0,2
rb1805,20170620,20170619,211658500,2876.0,2318,75850,66600020.0,2876.0,10,2875.0,2
rb1805,20170620,20170619,211659000,2876.0,2320,75850,66657540.0,2876.0,8,2875.0,2
rb1805,20170620,20170619,211700500,2876.0,2324,75850,66772580.0,2876.0,6,2875.0,2
rb1805,20170620,20170619,211701000,2876.0,2324,75850,66772580.0,2876.0,7,2875.0,2
rb1805,20170620,20170619,211701500,2876.0,2324,75850,66772580.0,2876.0,7,2875.0,3
rb1805,20170620,20170619,211702000,2876.0,2324,75850,66772580.0,2876.0,7,2875.0,5
rb1805,20170620,20170619,211703000,2876.0,2324,75850,66772580.0,2876.0,8,2875.0,6
rb1805,20170620,20170619,211704000,2875.0,2328,75846,66887580.0,2876.0,8,2875.0,4
rb1805,20170620,20170619,211704500,2875.0,2328,75846,66887580.0,2876.0,9,2875.0,4
rb1805,20170620,20170619,211705500,2875.0,2328,75846,66887580.0,2876.0,10,2875.0,4
rb1805,20170620,20170619,211706500,2875.0,2328,75846,66887580.0,2876.0,11,2875.0,4
rb1805,20170620,20170619,211707000,2875.0,2356,75874,67692580.0,2875.0,2,2874.0,8
rb1805,20170620,20170619,211707500,2875.0,2356,75874,67692580.0,2876.0,16,2874.0,3
rb1805,20170620,20170619,211708000,2875.0,2356,75874,67692580.0,2876.0,15,2874.0,3
rb1805,20170620,20170619,211708500,2875.0,2356,75874,67692580.0,2875.0,2,2874.0,3
rb1805,20170620,20170619,211709000,2875.0,2356,75874,67692580.0,2875.0,2,2874.0,3
rb1805,20170620,20170619,211709500,2875.0,2356,75874,67692580.0,2875.0,2,2874.0,8
rb1805,20170620,20170619,211710000,2875.0,2356,75874,67692580.0,2875.0,7,2874.0,8
rb1805,20170620,20170619,211711000,2875.0,2356,75874,67692580.0,2875.0,7,2874.0,8
rb1805,20170620,20170619,211712500,2875.0,2356,75874,67692580.0,2875.0,7,2874.0,8
rb1805,20170620,20170619,211713000,2875.0,2356,75874,67692580.0,2875.0,7,2874.0,8
rb1805,20170620,20170619,211713500,2875.0,2356,75874,67692580.0,2875.0,7,2874.0,8
rb1805,20170620,20170619,211714000,2875.0,2356,75874,67692580.0,2875.0,7,2874.0,7
rb1805,20170620,20170619,211714500,2875.0,2356,75874,67692580.0,2875.0,7,2874.0,8
rb1805,20170620,20170619,211717500,2875.0,2358,75874,67750080.0,2875.0,6,2874.0,8
rb1805,20170620,20170619,211719500,2875.0,2358,75874,67750080.0,2875.0,6,2874.0,9
rb1805,20170620,20170619,211722000,2875.0,2358,75874,67750080.0,2875.0,6,2874.0,4
rb1805,20170620,20170619,211723000,2875.0,2358,75874,67750080.0,2875.0,6,2874.0,9
rb1805,20170620,20170619,211723500,2875.0,2358,75874,67750080.0,2875.0,7,2874.0,9
rb1805,20170620,20170619,211724000,2875.0,2372,75870,68152580.0,2876.0,10,2875.0,23
rb1805,20170620,20170619,211724500,2875.0,2372,75870,68152580.0,2876.0,5,2875.0,23
rb1805,20170620,20170619,211725500,2875.0,2372,75870,68152580.0,2876.0,5,2875.0,23
rb1805,20170620,20170619,211727500,2875.0,2372,75870,68152580.0,2876.0,5,2875.0,23
rb1805,20170620,20170619,211728000,2875.0,2372,75870,68152580.0,2876.0,17,2875.0,23
rb1805,20170620,20170619,211729500,2876.0,2378,75864,68325140.0,2876.0,14,2875.0,23
rb1805,20170620,20170619,211732500,2876.0,2378,75864,68325140.0,2876.0,14,2875.0,23
rb1805,20170620,20170619,211735500,2876.0,2378,75864,68325140.0,2876.0,14,2875.0,23
rb1805,20170620,20170619,211736000,2876.0,2378,75864,68325140.0,2876.0,14,2875.0,23
rb1805,20170620,20170619,211737500,2875.0,2380,75862,68382640.0,2876.0,14,2875.0,22
rb1805,20170620,20170619,211738000,2875.0,2390,75852,68670140.0,2876.0,14,2875.0,18
rb1805,20170620,20170619,211739500,2875.0,2390,75852,68670140.0,2876.0,14,2875.0,18
rb1805,20170620,20170619,211740000,2876.0,2392,75852,68727660.0,2876.0,19,2875.0,18
rb1805,20170620,20170619,211740500,2876.0,2392,75852,68727660.0,2876.0,14,2875.0,18
rb1805,20170620,20170619,211742000,2875.0,2396,75848,68842660.0,2876.0,14,2875.0,17
rb1805,20170620,20170619,211743000,2875.0,2396,75848,68842660.0,2876.0,13,2875.0,17
rb1805,20170620,20170619,211744000,2875.0,2400,75844,68957660.0,2876.0,13,2875.0,15
rb1805,20170620,20170619,211744500,2876.0,2422,75842,69590380.0,2876.0,2,2875.0,15
rb1805,20170620,20170619,211746000,2876.0,2422,75842,69590380.0,2876.0,3,2875.0,15
rb1805,20170620,20170619,211747000,2876.0,2422,75842,69590380.0,2876.0,5,2875.0,15
rb1805,20170620,20170619,211748000,2876.0,2422,75842,69590380.0,2876.0,8,2875.0,15
rb1805,20170620,20170619,211748500,2875.0,2430,75842,69820380.0,2876.0,9,2875.0,11
rb1805,20170620,20170619,211750000,2875.0,2430,75842,69820380.0,2876.0,9,2875.0,11
rb1805,20170620,20170619,211750500,2875.0,2430,75842,69820380.0,2876.0,8,2875.0,11
rb1805,20170620,20170619,211752000,2875.0,2430,75842,69820380.0,2876.0,9,2875.0,11
rb1805,20170620,20170619,211752500,2875.0,2430,75842,69820380.0,2876.0,14,2875.0,11
rb1805,20170620,20170619,211753500,2875.0,2434,75842,69935380.0,2876.0,14,2875.0,9
rb1805,20170620,20170619,211755000,2875.0,2442,75836,70165380.0,2876.0,14,2875.0,5
rb1805,20170620,20170619,211755500,2875.0,2450,75830,70395380.0,2876.0,15,2875.0,1
rb1805,20170620,20170619,211756000,2875.0,2452,75832,70452880.0,2875.0,2,2874.0,9
rb1805,20170620,20170619,211756500,2875.0,2452,75832,70452880.0,2875.0,2,2874.0,4
rb1805,20170620,20170619,211757500,2875.0,2452,75832,70452880.0,2875.0,7,2874.0,4
rb1805,20170620,20170619,211759000,2875.0,2452,75832,70452880.0,2875.0,7,2874.0,4
rb1805,20170620,20170619,211759500,2875.0,2452,75832,70452880.0,2875.0,7,2874.0,4
rb1805,20170620,20170619,211800000,2875.0,2452,75832,70452880.0,2875.0,9,2874.0,4
rb1805,20170620,20170619,211801000,2875.0,2452,75832,70452880.0,2875.0,9,2874.0,4
rb1805,20170620,20170619,211801500,2875.0,2452,75832,70452880.0,2875.0,4,2874.0,9
rb1805,20170620,20170619,211803000,2875.0,2452,75832,70452880.0,2875.0,5,2874.0,9
rb1805,20170620,20170619,211803500,2875.0,2466,75826,70855380.0,2876.0,8,2874.0,10
rb1805,20170620,20170619,211804000,2874.0,2470,75826,70970340.0,2876.0,3,2874.0,7
rb1805,20170620,20170619,211805000,2874.0,2470,75826,70970340.0,2875.0,2,2874.0,7
rb1805,20170620,20170619,211805500,2874.0,2470,75826,70970340.0,2875.0,2,2874.0,2
rb1805,20170620,20170619,211806500,2874.0,2470,75826,70970340.0,2876.0,8,2874.0,2
rb1805,20170620,20170619,211807000,2874.0,2474,75824,71085300.0,2876.0,8,2873.0,10
rb1805,20170620,20170619,211808000,2874.0,2474,75824,71085300.0,2876.0,8,2873.0,5
rb1805,20170620,20170619,211808500,2874.0,2474,75824,71085300.0,2875.0,1,2873.0,5
rb1805,20170620,20170619,211811500,2874.0,2474,75824,71085300.0,2875.0,6,2874.0,5
rb1805,20170620,20170619,211813500,2874.0,2474,75824,71085300.0,2875.0,7,2874.0,5
rb1805,20170620,20170619,211814000,2874.0,2474,75824,71085300.0,2875.0,2,2874.0,5
rb1805,20170620,20170619,211815000,2875.0,2478,75820,71200300.0,2876.0,9,2875.0,3
rb1805,20170620,20170619,211815500,2875.0,2478,75820,71200300.0,2876.0,4,2875.0,3
rb1805,20170620,20170619,211816000,2875.0,2480,75818,71257800.0,2876.0,4,2875.0,2
rb1805,20170620,20170619,211816500,2875.0,2480,75818,71257800.0,2876.0,4,2875.0,2
rb1805,20170620,20170619,211818000,2875.0,2480,75818,71257800.0,2876.0,9,2875.0,2
rb1805,20170620,20170619,211818500,2875.0,2480,75818,71257800.0,2876.0,9,2875.0,2
rb1805,20170620,20170619,211819500,2875.0,2482,75816,71315300.0,2876.0,9,2875.0,1
rb1805,20170620,20170619,211820000,2875.0,2484,75816,71372800.0,2875.0,2,2873.0,5
rb1805,20170620,20170619,211820500,2875.0,2484,75816,71372800.0,2876.0,9,2873.0,5
rb1805,20170620,20170619,211821000,2875.0,2484,75816,71372800.0,2876.0,9,2873.0,9
rb1805,20170620,20170619,211821500,2875.0,2484,75816,71372800.0,2876.0,9,2874.0,2
rb1805,20170620,20170619,211824000,2875.0,2484,75816,71372800.0,2876.0,9,2874.0,3
rb1805,20170620,20170619,211825000,2875.0,2484,75816,71372800.0,2875.0,2,2874.0,3
rb1805,20170620,20170619,211825500,2874.0,2488,75816,71487760.0,2876.0,9,2874.0,6
rb1805,20170620,20170619,211826000,2874.0,2490,75816,71545240.0,2875.0,1,2874.0,5
rb1805,20170620,20170619,211827000,2874.0,2494,75816,71660200.0,2875.0,1,2874.0,3
rb1805,20170620,20170619,211827500,2874.0,2494,75816,71660200.0,2875.0,1,2873.0,9
rb1805,20170620,20170619,211828000,2874.0,2494,75816,71660200.0,2874.0,2,2873.0,9
rb1805,20170620,20170619,211828500,2874.0,2494,75816,71660200.0,2874.0,2,2873.0,4
rb1805,20170620,20170619,211829500,2874.0,2494,75816,71660200.0,2874.0,2,2873.0,4
rb1805,20170620,20170619,211830500,2874.0,2494,75816,71660200.0,2874.0,2,2873.0,4
rb1805,20170620,20170619,211832000,2874.0,2498,75814,71775160.0,2875.0,1,2873.0,4
rb1805,20170620,20170619,211832500,2874.0,2498,75814,71775160.0,2875.0,2,2873.0,4
rb1805,20170620,20170619,211833000,2874.0,2498,75814,71775160.0,2875.0,7,2873.0,4
rb1805,20170620,20170619,211833500,2874.0,2498,75814,71775160.0,2875.0,7,2873.0,4
rb1805,20170620,20170619,211835500,2874.0,2498,75814,71775160.0,2874.0,2,2873.0,4
rb1805,20170620,20170619,211836500,2874.0,2498,75814,71775160.0,2874.0,7,2873.0,4
rb1805,20170620,20170619,211839000,2873.0,2502,75814,71890080.0,2874.0,5,2873.0,2
rb1805,20170620,20170619,211839500,2873.0,2502,75814,71890080.0,2875.0,7,2873.0,2
rb1805,20170620,20170619,211840500,2873.0,2502,75814,71890080.0,2875.0,7,2873.0,3
rb1805,20170620,20170619,211841000,2873.0,2502,75814,71890080.0,2874.0,2,2873.0,3
rb1805,20170620,20170619,211842000,2873.0,2506,75816,72005000.0,2874.0,7,2873.0,1
rb1805,20170620,20170619,211843000,2873.0,2508,75816,72062460.0,2873.0,1,2872.0,26
rb1805,20170620,20170619,211843500,2873.0,2508,75816,72062460.0,2873.0,2,2872.0,26
rb1805,20170620,20170619,211844000,2872.0,2512,75816,72177340.0,2874.0,5,2872.0,24
rb1805,20170620,20170619,211844500,2872.0,2516,75816,72292220.0,2874.0,5,2872.0,22
rb1805,20170620,20170619,211845000,2872.0,2516,75816,72292220.0,2873.0,2,2872.0,22
rb1805,20170620,20170619,211845500,2872.0,2516,75816,72292220.0,2873.0,2,2872.0,22
rb1805,20170620,20170619,211846000,2872.0,2520,75816,72407100.0,2874.0,5,2872.0,20
rb1805,20170620,20170619,211847000,2872.0,2520,75816,72407100.0,2873.0,2,2872.0,20
rb1805,20170620,20170619,211847500,2872.0,2520,75816,72407100.0,2873.0,2,2872.0,20
rb1805,20170620,20170619,211849000,2872.0,2524,75814,72521980.0,2874.0,5,2872.0,18
rb1805,20170620,20170619,211849500,2872.0,2524,75814,72521980.0,2874.0,5,2872.0,18
rb1805,20170620,20170619,211850000,2872.0,2542,75814,73038940.0,2874.0,5,2872.0,9
rb1805,20170620,20170619,211851000,2872.0,2546,75810,73153820.0,2874.0,5,2872.0,7
rb1805,20170620,20170619,211851500,2872.0,2550,75806,73268700.0,2874.0,5,2872.0,5
rb1805,20170620,20170619,211853000,2872.0,2550,75806,73268700.0,2874.0,5,2872.0,8
rb1805,20170620,20170619,211853500,2872.0,2550,75806,73268700.0,2874.0,5,2872.0,8
rb1805,20170620,20170619,211854500,2872.0,2550,75806,73268700.0,2874.0,5,2872.0,9
rb1805,20170620,20170619,211857500,2872.0,2554,75804,73383580.0,2874.0,5,2872.0,7
rb1805,20170620,20170619,211858000,2872.0,2554,75804,73383580.0,2874.0,5,2872.0,7
rb1805,20170620,20170619,211858500,2872.0,2554,75804,73383580.0,2875.0,7,2872.0,7
rb1805,20170620,20170619,211859000,2872.0,2554,75804,73383580.0,2874.0,2,2872.0,7
rb1805,20170620,20170619,211859500,2872.0,2554,75804,73383580.0,2874.0,4,2872.0,7
rb1805,20170620,20170619,211902500,2872.0,2554,75804,73383580.0,2873.0,2,2872.0,7
rb1805,20170620,20170619,211903000,2873.0,2556,75802,73441040.0,2873.0,1,2872.0,7
rb1805,20170620,20170619,211903500,2873.0,2556,75802,73441040.0,2873.0,1,2872.0,4
rb1805,20170620,20170619,211904000,2873.0,2556,75802,73441040.0,2873.0,1,2872.0,4
rb1805,20170620,20170619,211905500,2873.0,2558,75802,73498500.0,2874.0,3,2872.0,4
rb1805,20170620,20170619,211906500,2873.0,2558,75802,73498500.0,2874.0,3,2872.0,4
rb1805,20170620,20170619,211907000,2873.0,2558,75802,73498500.0,2874.0,3,2872.0,4
rb1805,20170620,20170619,211907500,2873.0,2558,75802,73498500.0,2873.0,2,2872.0,4
rb1805,20170620,20170619,211909000,2873.0,2558,75802,73498500.0,2873.0,2,2872.0,4
rb1805,20170620,20170619,211911500,2873.0,2558,75802,73498500.0,2873.0,3,2872.0,4
rb1805,20170620,20170619,211912000,2873.0,2558,75802,73498500.0,2873.0,3,2872.0,4
rb1805,20170620,20170619,211914000,2873.0,2558,75802,73498500.0,2873.0,3,2872.0,4
rb1805,20170620,20170619,211914500,2873.0,2560,75802,73555960.0,2873.0,2,2872.0,4
