instrument,tradingday,calendarday,time,lastp,volume,openinterest,turnover,ask1,asksz1,bid1,bidsz1
rb1805,20170629,20170628,183718500,3008.0,0,75978,0.0,0.0,0,0.0,0
rb1805,20170629,20170628,205900500,3009.0,32,75986,962880.0,3009.0,1,3008.0,15
rb1805,20170629,20170628,210000500,3010.0,36,75988,1083260.0,3014.0,21,3010.0,5
rb1805,20170629,20170628,210001000,3010.0,36,75988,1083260.0,3013.0,1,3010.0,5
rb1805,20170629,20170628,210001500,3010.0,46,75984,1384260.0,3013.0,1,3010.0,2
rb1805,20170629,20170628,210002000,3013.0,48,75984,1444520.0,3014.0,21,3013.0,3
rb1805,20170629,20170628,210002500,3013.0,48,75984,1444520.0,3014.0,21,3010.0,2
rb1805,20170629,20170628,210003000,3014.0,66,75984,1987040.0,3014.0,12,3010.0,4
rb1805,20170629,20170628,210003500,3014.0,66,75984,1987040.0,3014.0,12,3012.0,1
rb1805,20170629,20170628,210004000,3014.0,66,75984,1987040.0,3014.0,12,3010.0,2
rb1805,20170629,20170628,210005000,3014.0,66,75984,1987040.0,3013.0,4,3010.0,2
rb1805,20170629,20170628,210005500,3010.0,70,75988,2107440.0,3010.0,4,3009.0,153
rb1805,20170629,20170628,210006000,3010.0,70,75988,2107440.0,3010.0,2,3009.0,153
rb1805,20170629,20170628,210006500,3010.0,70,75988,2107440.0,3013.0,4,3009.0,153
rb1805,20170629,20170628,210007000,3013.0,74,75988,2227960.0,3013.0,2,3010.0,3
rb1805,20170629,20170628,210007500,3010.0,78,75988,2348360.0,3010.0,7,3009.0,153
rb1805,20170629,20170628,210008000,3010.0,78,75988,2348360.0,3013.0,2,3009.0,154
rb1805,20170629,20170628,210008500,3010.0,78,75988,2348360.0,3013.0,2,3009.0,154
rb1805,20170629,20170628,210009000,3010.0,78,75988,2348360.0,3013.0,2,3009.0,154
rb1805,20170629,20170628,210009500,3009.0,92,75988,2769620.0,3010.0,7,3009.0,149
rb1805,20170629,20170628,210011000,3009.0,92,75988,2769620.0,3010.0,7,3009.0,149
rb1805,20170629,20170628,210011500,3010.0,106,75994,3191020.0,3013.0,2,3009.0,149
rb1805,20170629,20170628,210012000,3010.0,106,75994,3191020.0,3013.0,2,3009.0,149
rb1805,20170629,20170628,210012500,3010.0,106,75994,3191020.0,3013.0,2,3009.0,150
rb1805,20170629,20170628,210013000,3014.0,112,75994,3371820.0,3014.0,12,3009.0,150
rb1805,20170629,20170628,210014000,3009.0,114,75996,3432000.0,3014.0,12,3009.0,150
rb1805,20170629,20170628,210014500,3013.0,116,75996,3492260.0,3014.0,12,3009.0,150
rb1805,20170629,20170628,210015000,3013.0,116,75996,3492260.0,3014.0,12,3009.0,150
rb1805,20170629,20170628,210015500,3013.0,116,75996,3492260.0,3014.0,12,3009.0,100
rb1805,20170629,20170628,210016000,3013.0,116,75996,3492260.0,3013.0,10,3009.0,100
rb1805,20170629,20170628,210017000,3013.0,116,75996,3492260.0,3013.0,16,3009.0,100
rb1805,20170629,20170628,210017500,3013.0,116,75996,3492260.0,3013.0,18,3009.0,100
rb1805,20170629,20170628,210018000,3013.0,116,75996,3492260.0,3013.0,18,3009.0,99
rb1805,20170629,20170628,210018500,3013.0,126,75996,3793560.0,3013.0,13,3009.0,100
rb1805,20170629,20170628,210020000,3013.0,126,75996,3793560.0,3013.0,13,3009.0,100
rb1805,20170629,20170628,210020500,3013.0,126,75996,3793560.0,3013.0,14,3009.0,100
rb1805,20170629,20170628,210021000,3013.0,154,76012,4637200.0,3014.0,13,3013.0,6
rb1805,20170629,20170628,210021500,3013.0,166,76018,4998760.0,3013.0,2,3010.0,1
rb1805,20170629,20170628,210022000,3013.0,166,76018,4998760.0,3013.0,1,3010.0,1
rb1805,20170629,20170628,210022500,3010.0,168,76018,5058960.0,3013.0,1,3009.0,100
rb1805,20170629,20170628,210023000,3010.0,168,76018,5058960.0,3014.0,13,3009.0,101
rb1805,20170629,20170628,210023500,3010.0,168,76018,5058960.0,3014.0,17,3010.0,1
rb1805,20170629,20170628,210024000,3010.0,170,76018,5119160.0,3014.0,17,3009.0,99
rb1805,20170629,20170628,210024500,3010.0,170,76018,5119160.0,3014.0,14,3009.0,99
rb1805,20170629,20170628,210025500,3010.0,170,76018,5119160.0,3012.0,1,3009.0,99
rb1805,20170629,20170628,210026000,3010.0,172,76018,5179360.0,3012.0,1,3010.0,1
rb1805,20170629,20170628,210026500,3010.0,174,76020,5239560.0,3012.0,1,3009.0,99
rb1805,20170629,20170628,210027000,3010.0,174,76020,5239560.0,3012.0,1,3009.0,99
rb1805,20170629,20170628,210027500,3012.0,176,76022,5299800.0,3013.0,1,3009.0,99
rb1805,20170629,20170628,210028000,3012.0,176,76022,5299800.0,3013.0,7,3009.0,99
rb1805,20170629,20170628,210028500,3012.0,176,76022,5299800.0,3013.0,8,3009.0,99
rb1805,20170629,20170628,210029000,3012.0,176,76022,5299800.0,3013.0,2,3012.0,200
rb1805,20170629,20170628,210029500,3012.0,322,76164,9697320.0,3013.0,4,3012.0,127
rb1805,20170629,20170628,210030000,3012.0,342,76182,10299720.0,3013.0,9,3012.0,117
rb1805,20170629,20170628,210030500,3012.0,342,76182,10299720.0,3013.0,4,3012.0,117
rb1805,20170629,20170628,210031000,3012.0,342,76182,10299720.0,3013.0,4,3012.0,117
rb1805,20170629,20170628,210031500,3012.0,346,76186,10420200.0,3013.0,10,3012.0,115
rb1805,20170629,20170628,210032000,3013.0,354,76182,10661240.0,3014.0,13,3013.0,6
rb1805,20170629,20170628,210032500,3013.0,366,76182,11022800.0,3013.0,1,3012.0,115
rb1805,20170629,20170628,210033000,3013.0,372,76184,11203560.0,3014.0,14,3013.0,8
rb1805,20170629,20170628,210033500,3013.0,388,76194,11685640.0,3013.0,8,3012.0,114
rb1805,20170629,20170628,210034000,3013.0,388,76194,11685640.0,3013.0,5,3012.0,114
rb1805,20170629,20170628,210034500,3013.0,388,76194,11685640.0,3013.0,5,3012.0,115
rb1805,20170629,20170628,210035000,3013.0,388,76194,11685640.0,3013.0,4,3012.0,115
rb1805,20170629,20170628,210035500,3012.0,402,76208,12107320.0,3013.0,5,3012.0,107
rb1805,20170629,20170628,210036500,3012.0,422,76218,12709740.0,3013.0,5,3012.0,99
rb1805,20170629,20170628,210037000,3013.0,432,76218,13011040.0,3014.0,14,3013.0,3
rb1805,20170629,20170628,210037500,3013.0,432,76218,13011040.0,3014.0,14,3012.0,99
rb1805,20170629,20170628,210038000,3013.0,432,76218,13011040.0,3014.0,14,3013.0,10
rb1805,20170629,20170628,210039000,3013.0,434,76220,13071300.0,3014.0,14,3013.0,9
rb1805,20170629,20170628,210040500,3013.0,434,76220,13071300.0,3014.0,14,3013.0,9
rb1805,20170629,20170628,210041000,3013.0,434,76220,13071300.0,3014.0,14,3013.0,9
rb1805,20170629,20170628,210042000,3013.0,452,76234,13613640.0,3013.0,2,3012.0,99
rb1805,20170629,20170628,210042500,3013.0,456,76230,13734160.0,3014.0,14,3013.0,3
rb1805,20170629,20170628,210043000,3013.0,456,76230,13734160.0,3014.0,14,3012.0,99
rb1805,20170629,20170628,210043500,3013.0,456,76230,13734160.0,3014.0,14,3013.0,2
rb1805,20170629,20170628,210044000,3013.0,456,76230,13734160.0,3014.0,14,3013.0,2
rb1805,20170629,20170628,210044500,3013.0,460,76230,13854680.0,3013.0,8,3012.0,100
rb1805,20170629,20170628,210045000,3013.0,462,76228,13914940.0,3013.0,7,3012.0,100
rb1805,20170629,20170628,210045500,3013.0,468,76228,14095720.0,3013.0,4,3012.0,100
rb1805,20170629,20170628,210046000,3013.0,476,76228,14336760.0,3014.0,14,3012.0,99
rb1805,20170629,20170628,210046500,3013.0,476,76228,14336760.0,3014.0,14,3012.0,99
rb1805,20170629,20170628,210047500,3013.0,476,76228,14336760.0,3014.0,14,3013.0,1
rb1805,20170629,20170628,210049000,3013.0,478,76230,14397020.0,3013.0,11,3012.0,99
rb1805,20170629,20170628,210049500,3013.0,480,76230,14457280.0,3013.0,10,3012.0,100
rb1805,20170629,20170628,210050500,3013.0,482,76232,14517540.0,3014.0,14,3012.0,99
rb1805,20170629,20170628,210051000,3013.0,482,76232,14517540.0,3014.0,14,3012.0,100
rb1805,20170629,20170628,210052500,3013.0,482,76232,14517540.0,3014.0,14,3012.0,103
rb1805,20170629,20170628,210053000,3012.0,484,76232,14577780.0,3014.0,14,3012.0,102
rb1805,20170629,20170628,210053500,3012.0,484,76232,14577780.0,3014.0,14,3012.0,102
rb1805,20170629,20170628,210055000,3012.0,484,76232,14577780.0,3014.0,15,3012.0,101
rb1805,20170629,20170628,210055500,3012.0,498,76232,14999460.0,3013.0,6,3012.0,95
rb1805,20170629,20170628,210056000,3012.0,498,76232,14999460.0,3013.0,6,3012.0,95
rb1805,20170629,20170628,210056500,3012.0,498,76232,14999460.0,3013.0,6,3012.0,95
rb1805,20170629,20170628,210057000,3014.0,514,76216,15481580.0,3014.0,13,3012.0,95
rb1805,20170629,20170628,210057500,3014.0,514,76216,15481580.0,3014.0,13,3013.0,2
rb1805,20170629,20170628,210058000,3014.0,514,76216,15481580.0,3014.0,13,3013.0,2
rb1805,20170629,20170628,210058500,3014.0,514,76216,15481580.0,3014.0,13,3013.0,5
rb1805,20170629,20170628,210059000,3014.0,516,76214,15541860.0,3014.0,12,3013.0,5
rb1805,20170629,20170628,210100000,3013.0,518,76214,15602120.0,3014.0,12,3013.0,5
rb1805,20170629,20170628,210100500,3013.0,518,76214,15602120.0,3014.0,12,3013.0,4
rb1805,20170629,20170628,210101000,3013.0,518,76214,15602120.0,3014.0,12,3013.0,5
rb1805,20170629,20170628,210101500,3013.0,518,76214,15602120.0,3014.0,12,3013.0,10
rb1805,20170629,20170628,210102000,3013.0,526,76212,15843220.0,3014.0,9,3013.0,9
rb1805,20170629,20170628,210102500,3014.0,536,76212,16144620.0,3014.0,4,3013.0,9
rb1805,20170629,20170628,210103000,3014.0,536,76212,16144620.0,3014.0,4,3013.0,9
rb1805,20170629,20170628,210105500,3014.0,554,76216,16687140.0,3015.0,5,3014.0,11
rb1805,20170629,20170628,210106000,3014.0,554,76216,16687140.0,3015.0,5,3014.0,11
rb1805,20170629,20170628,210106500,3014.0,554,76216,16687140.0,3015.0,5,3014.0,11
rb1805,20170629,20170628,210107000,3014.0,554,76216,16687140.0,3015.0,10,3014.0,13
rb1805,20170629,20170628,210107500,3014.0,568,76216,17109100.0,3015.0,10,3014.0,6
rb1805,20170629,20170628,210108000,3014.0,580,76228,17470780.0,3014.0,1,3012.0,91
rb1805,20170629,20170628,210108500,3014.0,580,76228,17470780.0,3014.0,1,3012.0,94
rb1805,20170629,20170628,210109000,3015.0,586,76228,17651660.0,3015.0,9,3014.0,2
rb1805,20170629,20170628,210109500,3015.0,590,76230,17772240.0,3015.0,7,3012.0,91
rb1805,20170629,20170628,210110000,3015.0,590,76230,17772240.0,3015.0,7,3012.0,99
rb1805,20170629,20170628,210110500,3015.0,590,76230,17772240.0,3015.0,7,3012.0,100
rb1805,20170629,20170628,210111000,3015.0,590,76230,17772240.0,3015.0,7,3012.0,99
rb1805,20170629,20170628,210111500,3015.0,590,76230,17772240.0,3015.0,7,3012.0,100
rb1805,20170629,20170628,210112000,3015.0,590,76230,17772240.0,3015.0,7,3012.0,99
rb1805,20170629,20170628,210112500,3015.0,592,76232,17832540.0,3015.0,6,3012.0,99
rb1805,20170629,20170628,210113000,3015.0,592,76232,17832540.0,3015.0,6,3012.0,100
rb1805,20170629,20170628,210114000,3012.0,632,76232,19037340.0,3015.0,6,3012.0,80
rb1805,20170629,20170628,210115000,3012.0,632,76232,19037340.0,3015.0,6,3012.0,80
rb1805,20170629,20170628,210115500,3012.0,632,76232,19037340.0,3015.0,6,3012.0,79
rb1805,20170629,20170628,210116000,3012.0,636,76232,19157820.0,3015.0,6,3012.0,77
rb1805,20170629,20170628,210116500,3014.0,638,76232,19218100.0,3015.0,6,3012.0,77
rb1805,20170629,20170628,210117000,3014.0,638,76232,19218100.0,3015.0,6,3012.0,77
rb1805,20170629,20170628,210118000,3014.0,638,76232,19218100.0,3015.0,6,3013.0,1
rb1805,20170629,20170628,210118500,3014.0,638,76232,19218100.0,3015.0,6,3013.0,4
rb1805,20170629,20170628,210119000,3014.0,638,76232,19218100.0,3015.0,6,3013.0,5
rb1805,20170629,20170628,210119500,3014.0,638,76232,19218100.0,3015.0,6,3013.0,2
rb1805,20170629,20170628,210120000,3014.0,638,76232,19218100.0,3015.0,6,3013.0,5
rb1805,20170629,20170628,210121000,3014.0,638,76232,19218100.0,3015.0,7,3013.0,5
rb1805,20170629,20170628,210122000,3013.0,640,76234,19278360.0,3015.0,7,3013.0,9
rb1805,20170629,20170628,210123500,3013.0,642,76236,19338620.0,3015.0,7,3013.0,8
rb1805,20170629,20170628,210124000,3013.0,642,76236,19338620.0,3015.0,8,3012.0,75
rb1805,20170629,20170628,210124500,3013.0,642,76236,19338620.0,3015.0,9,3013.0,6
rb1805,20170629,20170628,210125000,3013.0,642,76236,19338620.0,3015.0,9,3013.0,6
rb1805,20170629,20170628,210126000,3013.0,642,76236,19338620.0,3015.0,15,3013.0,6
rb1805,20170629,20170628,210127000,3013.0,642,76236,19338620.0,3015.0,14,3013.0,6
rb1805,20170629,20170628,210128000,3013.0,642,76236,19338620.0,3015.0,14,3013.0,6
rb1805,20170629,20170628,210128500,3013.0,642,76236,19338620.0,3014.0,1,3013.0,6
rb1805,20170629,20170628,210129000,3013.0,642,76236,19338620.0,3014.0,1,3013.0,1
rb1805,20170629,20170628,210132000,3013.0,642,76236,19338620.0,3014.0,2,3013.0,1
rb1805,20170629,20170628,210132500,3013.0,644,76236,19398880.0,3014.0,2,3012.0,274
rb1805,20170629,20170628,210133000,3013.0,644,76236,19398880.0,3014.0,2,3012.0,269
rb1805,20170629,20170628,210133500,3013.0,644,76236,19398880.0,3013.0,2,3012.0,269
rb1805,20170629,20170628,210134000,3013.0,648,76236,19519400.0,3013.0,2,3012.0,269
rb1805,20170629,20170628,210134500,3013.0,648,76236,19519400.0,3014.0,2,3012.0,269
rb1805,20170629,20170628,210135000,3013.0,648,76236,19519400.0,3014.0,3,3012.0,269
rb1805,20170629,20170628,210135500,3012.0,650,76236,19579640.0,3014.0,2,3012.0,270
rb1805,20170629,20170628,210136000,3012.0,650,76236,19579640.0,3013.0,3,3012.0,270
rb1805,20170629,20170628,210136500,3012.0,656,76242,19760360.0,3013.0,3,3012.0,267
rb1805,20170629,20170628,210138000,3012.0,658,76242,19820600.0,3013.0,3,3012.0,266
rb1805,20170629,20170628,210138500,3013.0,664,76242,20001380.0,3014.0,8,3013.0,4
rb1805,20170629,20170628,210139000,3013.0,668,76242,20121900.0,3014.0,7,3012.0,266
rb1805,20170629,20170628,210139500,3013.0,668,76242,20121900.0,3014.0,7,3013.0,1
rb1805,20170629,20170628,210140500,3013.0,670,76242,20182160.0,3014.0,7,3012.0,266
rb1805,20170629,20170628,210142000,3013.0,670,76242,20182160.0,3014.0,8,3012.0,266
rb1805,20170629,20170628,210143000,3012.0,672,76244,20242400.0,3014.0,8,3012.0,265
rb1805,20170629,20170628,210143500,3012.0,672,76244,20242400.0,3014.0,9,3012.0,265
rb1805,20170629,20170628,210145000,3012.0,680,76244,20483360.0,3014.0,9,3012.0,261
rb1805,20170629,20170628,210145500,3012.0,680,76244,20483360.0,3014.0,9,3013.0,1
rb1805,20170629,20170628,210146000,3012.0,682,76244,20543600.0,3014.0,8,3012.0,261
rb1805,20170629,20170628,210147000,3012.0,684,76246,20603840.0,3014.0,8,3012.0,260
rb1805,20170629,20170628,210147500,3012.0,684,76246,20603840.0,3014.0,8,3012.0,263
rb1805,20170629,20170628,210148000,3012.0,684,76246,20603840.0,3014.0,9,3012.0,263
rb1805,20170629,20170628,210148500,3012.0,684,76246,20603840.0,3013.0,3,3012.0,263
rb1805,20170629,20170628,210149000,3013.0,692,76250,20844880.0,3014.0,9,3013.0,1
rb1805,20170629,20170628,210149500,3013.0,692,76250,20844880.0,3014.0,9,3012.0,263
rb1805,20170629,20170628,210150000,3013.0,692,76250,20844880.0,3014.0,8,3012.0,263
rb1805,20170629,20170628,210151000,3013.0,692,76250,20844880.0,3014.0,8,3012.0,264
rb1805,20170629,20170628,210151500,3013.0,692,76250,20844880.0,3014.0,9,3012.0,264
rb1805,20170629,20170628,210152000,3013.0,692,76250,20844880.0,3014.0,9,3012.0,264
rb1805,20170629,20170628,210152500,3013.0,692,76250,20844880.0,3014.0,8,3012.0,264
rb1805,20170629,20170628,210153000,3013.0,692,76250,20844880.0,3014.0,8,3012.0,264
rb1805,20170629,20170628,210153500,3013.0,692,76250,20844880.0,3014.0,9,3012.0,264
rb1805,20170629,20170628,210154000,3013.0,692,76250,20844880.0,3014.0,10,3012.0,264
rb1805,20170629,20170628,210154500,3013.0,692,76250,20844880.0,3014.0,10,3012.0,269
rb1805,20170629,20170628,210155500,3013.0,692,76250,20844880.0,3014.0,10,3012.0,264
rb1805,20170629,20170628,210156000,3013.0,692,76250,20844880.0,3014.0,10,3012.0,264
rb1805,20170629,20170628,210156500,3013.0,692,76250,20844880.0,3014.0,10,3012.0,264
rb1805,20170629,20170628,210157000,3012.0,716,76250,21567760.0,3014.0,10,3012.0,252
rb1805,20170629,20170628,210157500,3014.0,722,76256,21748600.0,3014.0,12,3012.0,252
rb1805,20170629,20170628,210158000,3014.0,722,76256,21748600.0,3014.0,12,3012.0,257
rb1805,20170629,20170628,210158500,3014.0,726,76260,21869160.0,3014.0,10,3012.0,257
rb1805,20170629,20170628,210200000,3014.0,726,76260,21869160.0,3014.0,10,3012.0,257
rb1805,20170629,20170628,210200500,3014.0,744,76264,22411680.0,3014.0,1,3012.0,260
rb1805,20170629,20170628,210201000,3014.0,746,76264,22471960.0,3015.0,9,3012.0,261
rb1805,20170629,20170628,210201500,3014.0,746,76264,22471960.0,3015.0,9,3013.0,2
rb1805,20170629,20170628,210202000,3014.0,746,76264,22471960.0,3015.0,9,3013.0,7
rb1805,20170629,20170628,210203500,3014.0,746,76264,22471960.0,3015.0,9,3013.0,10
rb1805,20170629,20170628,210204000,3014.0,746,76264,22471960.0,3015.0,9,3013.0,10
rb1805,20170629,20170628,210205000,3014.0,746,76264,22471960.0,3015.0,9,3013.0,10
rb1805,20170629,20170628,210205500,3014.0,746,76264,22471960.0,3014.0,10,3013.0,7
rb1805,20170629,20170628,210206000,3014.0,746,76264,22471960.0,3014.0,15,3013.0,2
rb1805,20170629,20170628,210207500,3014.0,746,76264,22471960.0,3013.0,5,3012.0,258
rb1805,20170629,20170628,210208000,3014.0,746,76264,22471960.0,3013.0,5,3012.0,257
rb1805,20170629,20170628,210208500,3014.0,746,76264,22471960.0,3013.0,5,3012.0,262
rb1805,20170629,20170628,210209000,3014.0,746,76264,22471960.0,3013.0,5,3012.0,263
rb1805,20170629,20170628,210209500,3014.0,748,76264,22532240.0,3013.0,4,3012.0,263
rb1805,20170629,20170628,210210000,3012.0,756,76264,22773200.0,3013.0,4,3012.0,259
rb1805,20170629,20170628,210210500,3012.0,756,76264,22773200.0,3013.0,4,3012.0,258
rb1805,20170629,20170628,210211500,3012.0,756,76264,22773200.0,3013.0,4,3012.0,251
rb1805,20170629,20170628,210212000,3012.0,756,76264,22773200.0,3013.0,4,3012.0,250
rb1805,20170629,20170628,210213000,3013.0,760,76260,22893720.0,3013.0,2,3012.0,255
rb1805,20170629,20170628,210213500,3013.0,760,76260,22893720.0,3013.0,2,3012.0,255
rb1805,20170629,20170628,210214000,3013.0,764,76256,23014240.0,3014.0,16,3013.0,5
rb1805,20170629,20170628,210214500,3013.0,764,76256,23014240.0,3014.0,11,3013.0,1
rb1805,20170629,20170628,210215000,3014.0,766,76254,23074520.0,3014.0,10,3013.0,1
rb1805,20170629,20170628,210215500,3014.0,770,76254,23195080.0,3014.0,8,3013.0,106
rb1805,20170629,20170628,210216000,3014.0,770,76254,23195080.0,3014.0,8,3013.0,105
rb1805,20170629,20170628,210217500,3014.0,770,76254,23195080.0,3014.0,9,3013.0,105
rb1805,20170629,20170628,210218000,3013.0,772,76254,23255340.0,3014.0,9,3013.0,104
rb1805,20170629,20170628,210219000,3013.0,772,76254,23255340.0,3014.0,9,3013.0,105
rb1805,20170629,20170628,210219500,3013.0,778,76256,23436140.0,3014.0,8,3013.0,102
rb1805,20170629,20170628,210220500,3013.0,778,76256,23436140.0,3014.0,8,3013.0,97
rb1805,20170629,20170628,210221000,3013.0,778,76256,23436140.0,3014.0,9,3013.0,97
rb1805,20170629,20170628,210221500,3013.0,778,76256,23436140.0,3014.0,9,3013.0,97
rb1805,20170629,20170628,210222000,3013.0,778,76256,23436140.0,3014.0,9,3013.0,97
rb1805,20170629,20170628,210222500,3013.0,778,76256,23436140.0,3014.0,9,3013.0,98
rb1805,20170629,20170628,210223500,3013.0,778,76256,23436140.0,3014.0,9,3013.0,102
rb1805,20170629,20170628,210224500,3013.0,778,76256,23436140.0,3014.0,9,3013.0,102
rb1805,20170629,20170628,210225000,3013.0,778,76256,23436140.0,3014.0,9,3013.0,102
rb1805,20170629,20170628,210226000,3013.0,778,76256,23436140.0,3014.0,9,3013.0,102
rb1805,20170629,20170628,210226500,3013.0,778,76256,23436140.0,3014.0,9,3013.0,101
rb1805,20170629,20170628,210227000,3013.0,778,76256,23436140.0,3014.0,9,3013.0,102
rb1805,20170629,20170628,210228000,3013.0,778,76256,23436140.0,3014.0,9,3013.0,103
rb1805,20170629,20170628,210228500,3014.0,782,76256,23556700.0,3014.0,7,3013.0,108
rb1805,20170629,20170628,210229000,3013.0,796,76258,23978620.0,3014.0,2,3013.0,106
rb1805,20170629,20170628,210229500,3014.0,800,76262,24099180.0,3015.0,4,3014.0,1
rb1805,20170629,20170628,210230000,3014.0,800,76262,24099180.0,3015.0,4,3014.0,4
rb1805,20170629,20170628,210230500,3014.0,800,76262,24099180.0,3015.0,4,3014.0,9
rb1805,20170629,20170628,210231500,3014.0,800,76262,24099180.0,3015.0,4,3014.0,9
rb1805,20170629,20170628,210232500,3014.0,800,76262,24099180.0,3015.0,4,3014.0,9
rb1805,20170629,20170628,210233000,3014.0,800,76262,24099180.0,3015.0,4,3014.0,6
rb1805,20170629,20170628,210233500,3014.0,800,76262,24099180.0,3015.0,4,3014.0,11
rb1805,20170629,20170628,210234000,3014.0,800,76262,24099180.0,3015.0,6,3014.0,14
rb1805,20170629,20170628,210234500,3015.0,812,76252,24460980.0,3016.0,3,3014.0,15
rb1805,20170629,20170628,210235000,3015.0,812,76252,24460980.0,3016.0,3,3014.0,15
rb1805,20170629,20170628,210235500,3014.0,814,76254,24521260.0,3016.0,3,3014.0,14
rb1805,20170629,20170628,210236000,3014.0,814,76254,24521260.0,3016.0,3,3014.0,14
rb1805,20170629,20170628,210236500,3014.0,814,76254,24521260.0,3016.0,3,3015.0,3
rb1805,20170629,20170628,210237000,3016.0,822,76258,24762540.0,3017.0,1,3016.0,2
rb1805,20170629,20170628,210237500,3016.0,826,76262,24883180.0,3016.0,2,3015.0,9
rb1805,20170629,20170628,210238000,3016.0,830,76262,25003820.0,3017.0,1,3016.0,2
rb1805,20170629,20170628,210238500,3016.0,830,76262,25003820.0,3017.0,1,3016.0,2
rb1805,20170629,20170628,210239500,3016.0,830,76262,25003820.0,3017.0,1,3016.0,7
rb1805,20170629,20170628,210240000,3016.0,832,76262,25064140.0,3017.0,1,3016.0,6
rb1805,20170629,20170628,210240500,3017.0,834,76260,25124480.0,3018.0,1,3016.0,6
rb1805,20170629,20170628,210241000,3017.0,834,76260,25124480.0,3018.0,1,3016.0,9
rb1805,20170629,20170628,210241500,3017.0,834,76260,25124480.0,3018.0,1,3016.0,10
rb1805,20170629,20170628,210242000,3017.0,834,76260,25124480.0,3018.0,1,3016.0,11
rb1805,20170629,20170628,210243500,3017.0,834,76260,25124480.0,3018.0,1,3017.0,1
rb1805,20170629,20170628,210244000,3018.0,836,76258,25184840.0,3019.0,4,3017.0,1
rb1805,20170629,20170628,210244500,3018.0,838,76260,25245200.0,3019.0,4,3017.0,1
rb1805,20170629,20170628,210245000,3018.0,838,76260,25245200.0,3018.0,1,3017.0,1
rb1805,20170629,20170628,210245500,3018.0,840,76260,25305560.0,3019.0,4,3018.0,4
rb1805,20170629,20170628,210246000,3018.0,848,76260,25547000.0,3018.0,4,3017.0,1
rb1805,20170629,20170628,210246500,3018.0,848,76260,25547000.0,3018.0,1,3017.0,1
rb1805,20170629,20170628,210247000,3018.0,848,76260,25547000.0,3019.0,9,3017.0,1
rb1805,20170629,20170628,210248000,3018.0,848,76260,25547000.0,3019.0,4,3017.0,6
rb1805,20170629,20170628,210248500,3019.0,856,76252,25788520.0,3020.0,9,3019.0,6
rb1805,20170629,20170628,210249000,3019.0,868,76244,26150800.0,3019.0,5,3017.0,6
rb1805,20170629,20170628,210249500,3019.0,874,76244,26331940.0,3020.0,11,3019.0,159
rb1805,20170629,20170628,210250000,3020.0,888,76256,26754620.0,3020.0,10,3019.0,153
rb1805,20170629,20170628,210250500,3020.0,900,76260,27116920.0,3020.0,9,3019.0,148
rb1805,20170629,20170628,210251000,3020.0,916,76264,27599980.0,3020.0,13,3019.0,141
rb1805,20170629,20170628,210251500,3020.0,916,76264,27599980.0,3020.0,14,3019.0,141
rb1805,20170629,20170628,210252000,3020.0,918,76266,27660380.0,3020.0,13,3019.0,141
rb1805,20170629,20170628,210253000,3020.0,918,76266,27660380.0,3020.0,8,3019.0,141
rb1805,20170629,20170628,210253500,3020.0,936,76256,28203980.0,3021.0,1,3020.0,9
rb1805,20170629,20170628,210254000,3020.0,936,76256,28203980.0,3021.0,1,3020.0,12
rb1805,20170629,20170628,210254500,3020.0,938,76254,28264380.0,3021.0,1,3020.0,11
rb1805,20170629,20170628,210255000,3020.0,938,76254,28264380.0,3021.0,3,3020.0,11
rb1805,20170629,20170628,210255500,3020.0,938,76254,28264380.0,3021.0,4,3020.0,11
rb1805,20170629,20170628,210256000,3020.0,956,76258,28807980.0,3021.0,4,3020.0,2
rb1805,20170629,20170628,210256500,3020.0,956,76258,28807980.0,3021.0,4,3020.0,7
rb1805,20170629,20170628,210257000,3020.0,956,76258,28807980.0,3021.0,4,3020.0,7
rb1805,20170629,20170628,210257500,3020.0,956,76258,28807980.0,3021.0,4,3020.0,7
rb1805,20170629,20170628,210258000,3020.0,960,76262,28928780.0,3021.0,4,3020.0,6
rb1805,20170629,20170628,210258500,3020.0,960,76262,28928780.0,3021.0,4,3020.0,6
rb1805,20170629,20170628,210259000,3020.0,960,76262,28928780.0,3021.0,4,3020.0,6
rb1805,20170629,20170628,210259500,3020.0,962,76262,28989180.0,3021.0,2,3020.0,5
rb1805,20170629,20170628,210300000,3021.0,964,76262,29049600.0,3021.0,1,3020.0,7
rb1805,20170629,20170628,210300500,3021.0,976,76272,29412020.0,3023.0,2,3020.0,2
rb1805,20170629,20170628,210301000,3021.0,976,76272,29412020.0,3022.0,2,3020.0,2
rb1805,20170629,20170628,210302500,3021.0,976,76272,29412020.0,3022.0,3,3020.0,2
rb1805,20170629,20170628,210303000,3021.0,976,76272,29412020.0,3022.0,3,3020.0,2
rb1805,20170629,20170628,210304000,3022.0,982,76272,29593340.0,3023.0,7,3022.0,7
rb1805,20170629,20170628,210304500,3029.0,1006,76264,30319360.0,3030.0,20,3022.0,5
rb1805,20170629,20170628,210305000,3023.0,1024,76260,30863400.0,3023.0,4,3022.0,2
rb1805,20170629,20170628,210305500,3023.0,1024,76260,30863400.0,3022.0,1,3020.0,2
rb1805,20170629,20170628,210306000,3022.0,1026,76262,30923840.0,3022.0,1,3021.0,2
rb1805,20170629,20170628,210306500,3022.0,1026,76262,30923840.0,3023.0,5,3021.0,2
rb1805,20170629,20170628,210307000,3022.0,1026,76262,30923840.0,3023.0,5,3021.0,2
rb1805,20170629,20170628,210307500,3023.0,1028,76262,30984300.0,3023.0,4,3021.0,2
rb1805,20170629,20170628,210308000,3023.0,1028,76262,30984300.0,3023.0,4,3022.0,1
rb1805,20170629,20170628,210308500,3022.0,1030,76264,31044740.0,3023.0,4,3021.0,2
rb1805,20170629,20170628,210309000,3023.0,1032,76264,31105200.0,3023.0,9,3021.0,2
rb1805,20170629,20170628,210310500,3023.0,1032,76264,31105200.0,3023.0,9,3021.0,2
rb1805,20170629,20170628,210311000,3023.0,1032,76264,31105200.0,3023.0,3,3021.0,7
rb1805,20170629,20170628,210311500,3023.0,1034,76266,31165660.0,3023.0,2,3021.0,7
rb1805,20170629,20170628,210312000,3021.0,1038,76270,31286500.0,3023.0,3,3021.0,5
rb1805,20170629,20170628,210312500,3021.0,1038,76270,31286500.0,3023.0,3,3021.0,5
rb1805,20170629,20170628,210313000,3023.0,1042,76268,31407420.0,3023.0,1,3021.0,5
rb1805,20170629,20170628,210313500,3023.0,1042,76268,31407420.0,3023.0,1,3021.0,5
rb1805,20170629,20170628,210314000,3023.0,1042,76268,31407420.0,3023.0,1,3021.0,6
rb1805,20170629,20170628,210314500,3023.0,1044,76266,31467880.0,3026.0,12,3023.0,2
rb1805,20170629,20170628,210315000,3023.0,1044,76266,31467880.0,3025.0,2,3023.0,6
rb1805,20170629,20170628,210315500,3023.0,1044,76266,31467880.0,3025.0,2,3023.0,6
rb1805,20170629,20170628,210316000,3025.0,1048,76262,31588880.0,3026.0,17,3025.0,3
rb1805,20170629,20170628,210316500,3025.0,1048,76262,31588880.0,3025.0,2,3023.0,6
rb1805,20170629,20170628,210317000,3023.0,1056,76266,31830720.0,3026.0,12,3023.0,2
rb1805,20170629,20170628,210317500,3023.0,1056,76266,31830720.0,3026.0,17,3023.0,2
rb1805,20170629,20170628,210318000,3023.0,1056,76266,31830720.0,3025.0,1,3023.0,2
rb1805,20170629,20170628,210318500,3025.0,1060,76264,31951720.0,3025.0,5,3023.0,1
rb1805,20170629,20170628,210319500,3025.0,1060,76264,31951720.0,3025.0,5,3023.0,1
rb1805,20170629,20170628,210320000,3024.0,1062,76264,32012200.0,3026.0,19,3024.0,1
rb1805,20170629,20170628,210320500,3024.0,1062,76264,32012200.0,3025.0,3,3024.0,1
rb1805,20170629,20170628,210321000,3024.0,1064,76264,32072680.0,3025.0,3,3023.0,2
rb1805,20170629,20170628,210321500,3024.0,1068,76262,32193620.0,3025.0,8,3024.0,1
rb1805,20170629,20170628,210322000,3024.0,1070,76264,32254100.0,3026.0,19,3023.0,1
rb1805,20170629,20170628,210322500,3024.0,1070,76264,32254100.0,3025.0,12,3023.0,1
rb1805,20170629,20170628,210323500,3025.0,1080,76264,32556600.0,3025.0,7,3023.0,1
rb1805,20170629,20170628,210324000,3025.0,1080,76264,32556600.0,3026.0,19,3023.0,1
rb1805,20170629,20170628,210324500,3025.0,1080,76264,32556600.0,3026.0,18,3025.0,13
rb1805,20170629,20170628,210325000,3025.0,1082,76262,32617100.0,3026.0,14,3025.0,12
rb1805,20170629,20170628,210325500,3026.0,1084,76262,32677620.0,3026.0,18,3025.0,12
rb1805,20170629,20170628,210326000,3026.0,1084,76262,32677620.0,3026.0,7,3025.0,12
rb1805,20170629,20170628,210326500,3026.0,1084,76262,32677620.0,3026.0,2,3025.0,12
rb1805,20170629,20170628,210327500,3026.0,1088,76262,32798660.0,3027.0,1,3026.0,42
rb1805,20170629,20170628,210328000,3026.0,1090,76264,32859180.0,3027.0,1,3026.0,41
rb1805,20170629,20170628,210328500,3026.0,1160,76320,34977380.0,3027.0,1,3026.0,6
rb1805,20170629,20170628,210329000,3027.0,1162,76320,35037920.0,3028.0,5,3026.0,7
rb1805,20170629,20170628,210330000,3026.0,1164,76320,35098440.0,3028.0,5,3026.0,6
rb1805,20170629,20170628,210330500,3026.0,1166,76320,35158960.0,3028.0,5,3026.0,6
rb1805,20170629,20170628,210331000,3026.0,1166,76320,35158960.0,3028.0,5,3026.0,6
rb1805,20170629,20170628,210331500,3026.0,1166,76320,35158960.0,3028.0,5,3026.0,6
rb1805,20170629,20170628,210332000,3027.0,1168,76320,35219500.0,3027.0,2,3026.0,6
rb1805,20170629,20170628,210332500,3026.0,1170,76322,35280020.0,3028.0,6,3027.0,10
rb1805,20170629,20170628,210333000,3027.0,1180,76330,35582720.0,3028.0,6,3027.0,6
rb1805,20170629,20170628,210333500,3028.0,1182,76332,35643280.0,3028.0,5,3027.0,6
rb1805,20170629,20170628,210334000,3027.0,1184,76332,35703820.0,3028.0,5,3027.0,5
rb1805,20170629,20170628,210334500,3027.0,1190,76334,35885460.0,3028.0,4,3027.0,3
rb1805,20170629,20170628,210335000,3028.0,1192,76336,35946020.0,3028.0,3,3027.0,3
rb1805,20170629,20170628,210336000,3028.0,1196,76340,36067140.0,3028.0,1,3027.0,3
rb1805,20170629,20170628,210336500,3028.0,1198,76340,36127700.0,3029.0,4,3028.0,2
rb1805,20170629,20170628,210337000,3028.0,1202,76344,36248820.0,3029.0,4,3027.0,3
rb1805,20170629,20170628,210337500,3028.0,1202,76344,36248820.0,3029.0,4,3027.0,3
rb1805,20170629,20170628,210338000,3028.0,1202,76344,36248820.0,3029.0,16,3027.0,3
rb1805,20170629,20170628,210338500,3027.0,1204,76344,36309360.0,3028.0,1,3027.0,1
rb1805,20170629,20170628,210339000,3027.0,1206,76344,36369900.0,3028.0,2,3026.0,4
rb1805,20170629,20170628,210339500,3027.0,1206,76344,36369900.0,3028.0,2,3026.0,4
rb1805,20170629,20170628,210341500,3028.0,1208,76344,36430460.0,3028.0,1,3026.0,5
rb1805,20170629,20170628,210342000,3028.0,1210,76346,36491020.0,3029.0,10,3026.0,5
rb1805,20170629,20170628,210342500,3028.0,1210,76346,36491020.0,3028.0,1,3026.0,6
rb1805,20170629,20170628,210343000,3028.0,1212,76346,36551580.0,3029.0,11,3027.0,2
rb1805,20170629,20170628,210343500,3028.0,1212,76346,36551580.0,3029.0,11,3027.0,3
rb1805,20170629,20170628,210344000,3029.0,1216,76346,36672700.0,3029.0,5,3027.0,2
rb1805,20170629,20170628,210344500,3029.0,1226,76350,36975600.0,3030.0,27,3029.0,3
rb1805,20170629,20170628,210345000,3029.0,1232,76356,37157340.0,3029.0,4,3027.0,2
rb1805,20170629,20170628,210345500,3027.0,1236,76358,37278420.0,3030.0,27,3026.0,6
rb1805,20170629,20170628,210346000,3030.0,1238,76360,37339020.0,3030.0,26,3026.0,6
rb1805,20170629,20170628,210346500,3027.0,1242,76360,37460080.0,3030.0,26,3026.0,5
rb1805,20170629,20170628,210348000,3027.0,1242,76360,37460080.0,3028.0,1,3026.0,5
rb1805,20170629,20170628,210348500,3027.0,1242,76360,37460080.0,3028.0,1,3027.0,3
rb1805,20170629,20170628,210349000,3027.0,1244,76360,37520620.0,3028.0,1,3027.0,2
rb1805,20170629,20170628,210349500,3028.0,1246,76360,37581180.0,3029.0,2,3027.0,2
rb1805,20170629,20170628,210350000,3028.0,1246,76360,37581180.0,3029.0,2,3027.0,2
rb1805,20170629,20170628,210350500,3028.0,1246,76360,37581180.0,3029.0,3,3027.0,2
rb1805,20170629,20170628,210351000,3028.0,1246,76360,37581180.0,3029.0,3,3027.0,2
rb1805,20170629,20170628,210351500,3027.0,1248,76360,37641720.0,3029.0,3,3027.0,1
rb1805,20170629,20170628,210352000,3027.0,1248,76360,37641720.0,3029.0,8,3027.0,1
rb1805,20170629,20170628,210353000,3028.0,1250,76360,37702280.0,3028.0,10,3027.0,1
rb1805,20170629,20170628,210353500,3028.0,1256,76358,37883960.0,3028.0,8,3027.0,1
rb1805,20170629,20170628,210354000,3028.0,1256,76358,37883960.0,3028.0,6,3027.0,1
rb1805,20170629,20170628,210355500,3027.0,1258,76356,37944500.0,3028.0,6,3026.0,5
rb1805,20170629,20170628,210356000,3027.0,1258,76356,37944500.0,3028.0,6,3027.0,3
rb1805,20170629,20170628,210356500,3027.0,1258,76356,37944500.0,3028.0,13,3027.0,3
rb1805,20170629,20170628,210357000,3028.0,1268,76356,38247300.0,3028.0,8,3027.0,3
rb1805,20170629,20170628,210357500,3028.0,1268,76356,38247300.0,3028.0,8,3027.0,3
rb1805,20170629,20170628,210358000,3028.0,1268,76356,38247300.0,3028.0,8,3027.0,3
rb1805,20170629,20170628,210358500,3028.0,1270,76358,38307860.0,3028.0,7,3026.0,5
rb1805,20170629,20170628,210359000,3028.0,1270,76358,38307860.0,3028.0,7,3026.0,5
rb1805,20170629,20170628,210400000,3028.0,1272,76360,38368420.0,3028.0,6,3027.0,5
rb1805,20170629,20170628,210400500,3028.0,1284,76368,38731780.0,3029.0,23,3027.0,5
rb1805,20170629,20170628,210401500,3028.0,1284,76368,38731780.0,3029.0,28,3028.0,1
rb1805,20170629,20170628,210402000,3028.0,1284,76368,38731780.0,3029.0,29,3028.0,1
rb1805,20170629,20170628,210402500,3028.0,1286,76370,38792340.0,3029.0,29,3027.0,5
rb1805,20170629,20170628,210403000,3028.0,1286,76370,38792340.0,3028.0,2,3027.0,2
rb1805,20170629,20170628,210403500,3028.0,1286,76370,38792340.0,3028.0,4,3027.0,2
rb1805,20170629,20170628,210404000,3028.0,1294,76370,39034580.0,3029.0,28,3028.0,1
rb1805,20170629,20170628,210404500,3028.0,1296,76372,39095140.0,3028.0,2,3027.0,2
rb1805,20170629,20170628,210405000,3028.0,1296,76372,39095140.0,3029.0,23,3027.0,2
rb1805,20170629,20170628,210405500,3028.0,1298,76374,39155700.0,3029.0,23,3027.0,2
rb1805,20170629,20170628,210406000,3028.0,1298,76374,39155700.0,3028.0,10,3027.0,2
rb1805,20170629,20170628,210406500,3028.0,1298,76374,39155700.0,3028.0,11,3027.0,2
rb1805,20170629,20170628,210407000,3028.0,1298,76374,39155700.0,3028.0,11,3027.0,2
rb1805,20170629,20170628,210407500,3028.0,1298,76374,39155700.0,3028.0,12,3027.0,4
rb1805,20170629,20170628,210408500,3028.0,1298,76374,39155700.0,3028.0,12,3027.0,4
rb1805,20170629,20170628,210409000,3028.0,1300,76374,39216260.0,3028.0,11,3027.0,4
rb1805,20170629,20170628,210410000,3028.0,1302,76374,39276820.0,3028.0,10,3027.0,4
rb1805,20170629,20170628,210410500,3028.0,1306,76374,39397920.0,3028.0,9,3027.0,3
rb1805,20170629,20170628,210411000,3027.0,1314,76368,39640080.0,3028.0,9,3026.0,5
rb1805,20170629,20170628,210411500,3027.0,1316,76368,39700620.0,3028.0,8,3026.0,5
rb1805,20170629,20170628,210412500,3027.0,1316,76368,39700620.0,3028.0,8,3026.0,5
rb1805,20170629,20170628,210413000,3027.0,1316,76368,39700620.0,3028.0,8,3027.0,3
rb1805,20170629,20170628,210413500,3027.0,1316,76368,39700620.0,3028.0,8,3026.0,5
rb1805,20170629,20170628,210414000,3028.0,1322,76366,39882280.0,3028.0,11,3027.0,2
rb1805,20170629,20170628,210414500,3027.0,1324,76364,39942820.0,3028.0,11,3026.0,4
rb1805,20170629,20170628,210416000,3027.0,1324,76364,39942820.0,3027.0,3,3026.0,4
rb1805,20170629,20170628,210417000,3027.0,1324,76364,39942820.0,3028.0,11,3026.0,5
rb1805,20170629,20170628,210417500,3027.0,1324,76364,39942820.0,3028.0,6,3026.0,5
rb1805,20170629,20170628,210418000,3027.0,1324,76364,39942820.0,3028.0,6,3026.0,4
rb1805,20170629,20170628,210418500,3029.0,1380,76366,41638940.0,3030.0,47,3029.0,72
rb1805,20170629,20170628,210419000,3029.0,1394,76372,42063000.0,3030.0,42,3029.0,65
rb1805,20170629,20170628,210419500,3029.0,1412,76380,42608220.0,3030.0,42,3029.0,56
rb1805,20170629,20170628,210420000,3029.0,1414,76380,42668800.0,3030.0,42,3029.0,55
rb1805,20170629,20170628,210420500,3029.0,1414,76380,42668800.0,3030.0,42,3029.0,55
rb1805,20170629,20170628,210421000,3029.0,1414,76380,42668800.0,3030.0,47,3029.0,55
rb1805,20170629,20170628,210421500,3030.0,1434,76380,43274700.0,3030.0,42,3029.0,50
rb1805,20170629,20170628,210422000,3029.0,1506,76452,45455580.0,3030.0,42,3029.0,14
rb1805,20170629,20170628,210422500,3030.0,1508,76452,45516180.0,3030.0,41,3029.0,14
rb1805,20170629,20170628,210423000,3029.0,1528,76472,46121980.0,3030.0,36,3029.0,4
rb1805,20170629,20170628,210424000,3030.0,1530,76472,46182580.0,3030.0,35,3029.0,4
rb1805,20170629,20170628,210424500,3030.0,1530,76472,46182580.0,3030.0,36,3029.0,4
rb1805,20170629,20170628,210425500,3030.0,1530,76472,46182580.0,3030.0,36,3029.0,4
rb1805,20170629,20170628,210426500,3029.0,1532,76474,46243160.0,3030.0,36,3029.0,3
rb1805,20170629,20170628,210427000,3029.0,1532,76474,46243160.0,3030.0,36,3029.0,3
rb1805,20170629,20170628,210427500,3029.0,1532,76474,46243160.0,3030.0,36,3029.0,3
rb1805,20170629,20170628,210428000,3030.0,1534,76474,46303760.0,3030.0,40,3029.0,3
rb1805,20170629,20170628,210428500,3030.0,1534,76474,46303760.0,3030.0,35,3029.0,3
rb1805,20170629,20170628,210429000,3030.0,1534,76474,46303760.0,3030.0,35,3029.0,3
rb1805,20170629,20170628,210429500,3029.0,1536,76476,46364340.0,3030.0,35,3029.0,2
rb1805,20170629,20170628,210430000,3029.0,1536,76476,46364340.0,3030.0,35,3029.0,2
rb1805,20170629,20170628,210431000,3029.0,1536,76476,46364340.0,3030.0,35,3029.0,2
rb1805,20170629,20170628,210431500,3029.0,1540,76480,46485500.0,3029.0,5,3027.0,2
rb1805,20170629,20170628,210432000,3029.0,1540,76480,46485500.0,3029.0,5,3028.0,2
rb1805,20170629,20170628,210433500,3029.0,1540,76480,46485500.0,3029.0,9,3028.0,2
rb1805,20170629,20170628,210434000,3029.0,1540,76480,46485500.0,3029.0,9,3028.0,2
rb1805,20170629,20170628,210434500,3029.0,1540,76480,46485500.0,3029.0,9,3028.0,2
rb1805,20170629,20170628,210435000,3029.0,1540,76480,46485500.0,3029.0,9,3028.0,3
rb1805,20170629,20170628,210435500,3029.0,1540,76480,46485500.0,3029.0,9,3028.0,3
rb1805,20170629,20170628,210436000,3028.0,1542,76480,46546060.0,3029.0,5,3028.0,2
rb1805,20170629,20170628,210436500,3028.0,1542,76480,46546060.0,3029.0,5,3028.0,1
rb1805,20170629,20170628,210437500,3028.0,1542,76480,46546060.0,3029.0,5,3028.0,1
rb1805,20170629,20170628,210438000,3029.0,1548,76484,46727800.0,3029.0,2,3028.0,1
rb1805,20170629,20170628,210439500,3029.0,1548,76484,46727800.0,3029.0,2,3028.0,1
rb1805,20170629,20170628,210440500,3029.0,1552,76482,46848960.0,3030.0,38,3028.0,1
rb1805,20170629,20170628,210441000,3029.0,1552,76482,46848960.0,3029.0,1,3027.0,3
rb1805,20170629,20170628,210441500,3029.0,1552,76482,46848960.0,3029.0,1,3028.0,1
rb1805,20170629,20170628,210442000,3029.0,1554,76484,46909540.0,3030.0,38,3029.0,1
rb1805,20170629,20170628,210442500,3029.0,1556,76484,46970120.0,3029.0,1,3027.0,4
rb1805,20170629,20170628,210443000,3029.0,1556,76484,46970120.0,3029.0,2,3028.0,1
rb1805,20170629,20170628,210443500,3029.0,1560,76486,47091280.0,3030.0,38,3029.0,3
rb1805,20170629,20170628,210444000,3029.0,1568,76484,47333600.0,3030.0,38,3028.0,1
rb1805,20170629,20170628,210444500,3030.0,1570,76484,47394200.0,3030.0,37,3027.0,3
rb1805,20170629,20170628,210445000,3030.0,1570,76484,47394200.0,3030.0,37,3028.0,2
rb1805,20170629,20170628,210445500,3030.0,1570,76484,47394200.0,3030.0,37,3029.0,1
rb1805,20170629,20170628,210446000,3030.0,1570,76484,47394200.0,3030.0,37,3028.0,2
rb1805,20170629,20170628,210446500,3030.0,1570,76484,47394200.0,3030.0,37,3028.0,3
rb1805,20170629,20170628,210447000,3030.0,1570,76484,47394200.0,3030.0,37,3029.0,1
rb1805,20170629,20170628,210447500,3030.0,1644,76496,49636400.0,3031.0,1,3030.0,140
rb1805,20170629,20170628,210448000,3030.0,1650,76502,49818200.0,3031.0,1,3030.0,137
rb1805,20170629,20170628,210448500,3030.0,1652,76504,49878800.0,3031.0,1,3030.0,136
rb1805,20170629,20170628,210449000,3030.0,1652,76504,49878800.0,3031.0,1,3030.0,136
rb1805,20170629,20170628,210449500,3030.0,1652,76504,49878800.0,3031.0,1,3030.0,136
rb1805,20170629,20170628,210450500,3030.0,1652,76504,49878800.0,3031.0,1,3030.0,136
rb1805,20170629,20170628,210451500,3031.0,1654,76504,49939420.0,3033.0,2,3031.0,1
rb1805,20170629,20170628,210452000,3033.0,1656,76506,50000080.0,3033.0,6,3031.0,1
rb1805,20170629,20170628,210452500,3033.0,1656,76506,50000080.0,3033.0,10,3031.0,4
rb1805,20170629,20170628,210453000,3033.0,1656,76506,50000080.0,3033.0,16,3031.0,4
rb1805,20170629,20170628,210454000,3033.0,1656,76506,50000080.0,3033.0,16,3031.0,5
rb1805,20170629,20170628,210454500,3031.0,1668,76506,50363840.0,3033.0,10,3030.0,136
rb1805,20170629,20170628,210455000,3031.0,1668,76506,50363840.0,3033.0,10,3031.0,2
rb1805,20170629,20170628,210455500,3031.0,1668,76506,50363840.0,3033.0,10,3031.0,4
rb1805,20170629,20170628,210456000,3031.0,1668,76506,50363840.0,3033.0,10,3031.0,4
rb1805,20170629,20170628,210457000,3031.0,1668,76506,50363840.0,3033.0,10,3031.0,4
rb1805,20170629,20170628,210457500,3031.0,1670,76506,50424460.0,3033.0,10,3031.0,3
rb1805,20170629,20170628,210458500,3031.0,1670,76506,50424460.0,3033.0,10,3031.0,3
rb1805,20170629,20170628,210459000,3031.0,1670,76506,50424460.0,3033.0,1,3031.0,4
rb1805,20170629,20170628,210459500,3031.0,1670,76506,50424460.0,3033.0,6,3031.0,4
rb1805,20170629,20170628,210500000,3031.0,1670,76506,50424460.0,3033.0,16,3031.0,4
rb1805,20170629,20170628,210500500,3031.0,1670,76506,50424460.0,3033.0,6,3031.0,6
rb1805,20170629,20170628,210501000,3031.0,1670,76506,50424460.0,3033.0,16,3031.0,6
rb1805,20170629,20170628,210501500,3031.0,1672,76506,50485080.0,3033.0,11,3031.0,5
rb1805,20170629,20170628,210502500,3031.0,1672,76506,50485080.0,3033.0,11,3031.0,5
rb1805,20170629,20170628,210503000,3031.0,1674,76508,50545700.0,3033.0,11,3031.0,4
rb1805,20170629,20170628,210504000,3031.0,1674,76508,50545700.0,3033.0,7,3031.0,4
rb1805,20170629,20170628,210504500,3031.0,1674,76508,50545700.0,3032.0,1,3031.0,4
rb1805,20170629,20170628,210505000,3031.0,1674,76508,50545700.0,3033.0,7,3031.0,4
rb1805,20170629,20170628,210505500,3031.0,1674,76508,50545700.0,3033.0,29,3031.0,4
rb1805,20170629,20170628,210506000,3031.0,1676,76508,50606320.0,3033.0,19,3031.0,3
rb1805,20170629,20170628,210506500,3031.0,1676,76508,50606320.0,3032.0,1,3031.0,3
rb1805,20170629,20170628,210507000,3032.0,1678,76508,50666960.0,3033.0,19,3032.0,4
rb1805,20170629,20170628,210507500,3032.0,1686,76508,50909520.0,3032.0,6,3031.0,3
rb1805,20170629,20170628,210508000,3032.0,1690,76508,51030800.0,3032.0,10,3031.0,3
rb1805,20170629,20170628,210508500,3031.0,1696,76504,51212660.0,3032.0,10,3031.0,1
rb1805,20170629,20170628,210509000,3031.0,1698,76506,51273280.0,3032.0,6,3030.0,137
rb1805,20170629,20170628,210509500,3031.0,1698,76506,51273280.0,3032.0,10,3030.0,137
rb1805,20170629,20170628,210510000,3031.0,1698,76506,51273280.0,3032.0,7,3030.0,137
rb1805,20170629,20170628,210510500,3030.0,1700,76506,51333880.0,3031.0,1,3030.0,136
rb1805,20170629,20170628,210511000,3030.0,1706,76510,51515680.0,3031.0,6,3030.0,133
rb1805,20170629,20170628,210511500,3030.0,1706,76510,51515680.0,3031.0,1,3030.0,133
rb1805,20170629,20170628,210512000,3030.0,1742,76510,52606480.0,3032.0,6,3030.0,118
rb1805,20170629,20170628,210512500,3030.0,1746,76514,52727680.0,3032.0,6,3030.0,116
rb1805,20170629,20170628,210513000,3030.0,1748,76514,52788280.0,3032.0,6,3030.0,116
rb1805,20170629,20170628,210514000,3030.0,1756,76522,53030680.0,3032.0,6,3030.0,109
rb1805,20170629,20170628,210514500,3030.0,1756,76522,53030680.0,3031.0,2,3030.0,109
rb1805,20170629,20170628,210515500,3030.0,1762,76528,53212480.0,3032.0,7,3030.0,106
rb1805,20170629,20170628,210516000,3030.0,1762,76528,53212480.0,3031.0,2,3030.0,106
rb1805,20170629,20170628,210516500,3030.0,1798,76564,54303280.0,3031.0,1,3030.0,88
rb1805,20170629,20170628,210517000,3030.0,1798,76564,54303280.0,3031.0,1,3030.0,88
rb1805,20170629,20170628,210518500,3030.0,1798,76564,54303280.0,3031.0,6,3030.0,88
rb1805,20170629,20170628,210519000,3030.0,1798,76564,54303280.0,3031.0,7,3030.0,88
rb1805,20170629,20170628,210519500,3030.0,1798,76564,54303280.0,3031.0,2,3030.0,88
rb1805,20170629,20170628,210520000,3030.0,1798,76564,54303280.0,3031.0,7,3030.0,88
rb1805,20170629,20170628,210521000,3030.0,1802,76568,54424480.0,3031.0,7,3030.0,86
rb1805,20170629,20170628,210521500,3030.0,1806,76568,54545680.0,3031.0,7,3030.0,84
rb1805,20170629,20170628,210522000,3030.0,1806,76568,54545680.0,3031.0,2,3030.0,84
rb1805,20170629,20170628,210523500,3030.0,1830,76592,55272880.0,3031.0,3,3030.0,72
rb1805,20170629,20170628,210524000,3031.0,1836,76596,55454740.0,3032.0,21,3031.0,197
rb1805,20170629,20170628,210524500,3031.0,1836,76596,55454740.0,3032.0,20,3031.0,197
rb1805,20170629,20170628,210525500,3031.0,1836,76596,55454740.0,3032.0,15,3031.0,197
rb1805,20170629,20170628,210526000,3031.0,1840,76600,55575980.0,3032.0,15,3031.0,195
rb1805,20170629,20170628,210526500,3031.0,1842,76602,55636600.0,3032.0,15,3031.0,194
rb1805,20170629,20170628,210527000,3031.0,1844,76604,55697220.0,3032.0,15,3031.0,193
rb1805,20170629,20170628,210529500,3031.0,1844,76604,55697220.0,3032.0,16,3031.0,193
rb1805,20170629,20170628,210530000,3031.0,1844,76604,55697220.0,3032.0,16,3031.0,193
rb1805,20170629,20170628,210531000,3031.0,1844,76604,55697220.0,3032.0,16,3031.0,193
rb1805,20170629,20170628,210531500,3031.0,1844,76604,55697220.0,3032.0,21,3031.0,193
rb1805,20170629,20170628,210533500,3031.0,1844,76604,55697220.0,3032.0,21,3031.0,193
rb1805,20170629,20170628,210534000,3031.0,1844,76604,55697220.0,3032.0,22,3031.0,193
rb1805,20170629,20170628,210535000,3032.0,1848,76602,55818500.0,3032.0,21,3031.0,193
rb1805,20170629,20170628,210535500,3031.0,1852,76606,55939740.0,3032.0,21,3031.0,191
rb1805,20170629,20170628,210536000,3031.0,1852,76606,55939740.0,3032.0,21,3031.0,191
rb1805,20170629,20170628,210536500,3031.0,1858,76612,56121600.0,3032.0,21,3031.0,188
rb1805,20170629,20170628,210537500,3031.0,1864,76616,56303460.0,3032.0,21,3031.0,185
rb1805,20170629,20170628,210538000,3031.0,1872,76624,56545940.0,3032.0,21,3031.0,181
rb1805,20170629,20170628,210538500,3031.0,1912,76664,57758340.0,3032.0,21,3031.0,161
rb1805,20170629,20170628,210539500,3032.0,1914,76666,57818980.0,3032.0,20,3031.0,161
rb1805,20170629,20170628,210540500,3032.0,1914,76666,57818980.0,3032.0,26,3031.0,161
rb1805,20170629,20170628,210542000,3031.0,1916,76668,57879600.0,3032.0,26,3031.0,160
rb1805,20170629,20170628,210542500,3031.0,1918,76670,57940220.0,3032.0,26,3031.0,159
rb1805,20170629,20170628,210545000,3031.0,1936,76680,58485820.0,3032.0,27,3031.0,151
rb1805,20170629,20170628,210545500,3032.0,1938,76682,58546460.0,3032.0,31,3031.0,151
rb1805,20170629,20170628,210546000,3032.0,1938,76682,58546460.0,3032.0,31,3031.0,151
rb1805,20170629,20170628,210546500,3031.0,1948,76690,58849560.0,3032.0,27,3031.0,149
rb1805,20170629,20170628,210547000,3031.0,1948,76690,58849560.0,3032.0,22,3031.0,174
rb1805,20170629,20170628,210548000,3032.0,1950,76690,58910200.0,3032.0,21,3031.0,174
rb1805,20170629,20170628,210548500,3031.0,1954,76694,59031440.0,3032.0,26,3031.0,172
rb1805,20170629,20170628,210549000,3031.0,1954,76694,59031440.0,3032.0,26,3031.0,169
rb1805,20170629,20170628,210549500,3031.0,1960,76700,59213300.0,3032.0,26,3031.0,166
rb1805,20170629,20170628,210550000,3032.0,1964,76704,59334580.0,3032.0,29,3031.0,166
rb1805,20170629,20170628,210550500,3032.0,1964,76704,59334580.0,3032.0,39,3031.0,166
rb1805,20170629,20170628,210551500,3032.0,1964,76704,59334580.0,3032.0,39,3031.0,166
rb1805,20170629,20170628,210552000,3032.0,1964,76704,59334580.0,3032.0,39,3031.0,166
rb1805,20170629,20170628,210553000,3032.0,1964,76704,59334580.0,3032.0,34,3031.0,166
rb1805,20170629,20170628,210553500,3032.0,1984,76720,59940980.0,3032.0,24,3031.0,166
rb1805,20170629,20170628,210554000,3032.0,1984,76720,59940980.0,3032.0,24,3031.0,166
rb1805,20170629,20170628,210555000,3032.0,1984,76720,59940980.0,3032.0,35,3031.0,166
rb1805,20170629,20170628,210555500,3031.0,2044,76760,61759580.0,3032.0,35,3031.0,136
rb1805,20170629,20170628,210557000,3031.0,2044,76760,61759580.0,3032.0,35,3031.0,136
rb1805,20170629,20170628,210557500,3031.0,2048,76762,61880840.0,3032.0,34,3031.0,135
rb1805,20170629,20170628,210558000,3032.0,2050,76762,61941480.0,3032.0,33,3031.0,135
rb1805,20170629,20170628,210600000,3031.0,2078,76778,62790160.0,3032.0,34,3031.0,121
rb1805,20170629,20170628,210600500,3031.0,2078,76778,62790160.0,3032.0,34,3031.0,124
rb1805,20170629,20170628,210601000,3031.0,2080,76778,62850780.0,3032.0,35,3031.0,123
rb1805,20170629,20170628,210601500,3031.0,2084,76782,62972020.0,3032.0,35,3031.0,121
rb1805,20170629,20170628,210603000,3031.0,2086,76784,63032640.0,3032.0,35,3031.0,120
rb1805,20170629,20170628,210603500,3031.0,2086,76784,63032640.0,3032.0,35,3031.0,117
rb1805,20170629,20170628,210604500,3031.0,2086,76784,63032640.0,3032.0,46,3031.0,117
rb1805,20170629,20170628,210605500,3031.0,2086,76784,63032640.0,3032.0,46,3031.0,120
rb1805,20170629,20170628,210606500,3031.0,2086,76784,63032640.0,3032.0,47,3031.0,120
rb1805,20170629,20170628,210607000,3032.0,2088,76782,63093280.0,3032.0,46,3031.0,120
rb1805,20170629,20170628,210608500,3032.0,2092,76780,63214560.0,3032.0,45,3031.0,120
rb1805,20170629,20170628,210609000,3031.0,2164,76780,65396880.0,3032.0,45,3031.0,84
rb1805,20170629,20170628,210610000,3031.0,2164,76780,65396880.0,3032.0,43,3031.0,84
rb1805,20170629,20170628,210610500,3032.0,2172,76788,65639440.0,3032.0,41,3031.0,81
rb1805,20170629,20170628,210611000,3032.0,2172,76788,65639440.0,3032.0,43,3031.0,81
rb1805,20170629,20170628,210612500,3031.0,2176,76788,65760680.0,3032.0,43,3031.0,79
rb1805,20170629,20170628,210613000,3031.0,2178,76788,65821300.0,3032.0,43,3031.0,81
rb1805,20170629,20170628,210613500,3032.0,2180,76788,65881940.0,3032.0,42,3031.0,81
rb1805,20170629,20170628,210614000,3031.0,2198,76776,66427660.0,3032.0,35,3031.0,79
rb1805,20170629,20170628,210614500,3031.0,2198,76776,66427660.0,3032.0,35,3031.0,79
rb1805,20170629,20170628,210615000,3032.0,2208,76776,66730860.0,3032.0,30,3031.0,79
rb1805,20170629,20170628,210615500,3032.0,2208,76776,66730860.0,3032.0,30,3031.0,79
rb1805,20170629,20170628,210616000,3031.0,2214,76778,66912760.0,3032.0,28,3031.0,78
rb1805,20170629,20170628,210616500,3031.0,2214,76778,66912760.0,3032.0,28,3031.0,78
rb1805,20170629,20170628,210617000,3031.0,2218,76778,67034000.0,3032.0,28,3031.0,77
rb1805,20170629,20170628,210617500,3031.0,2218,76778,67034000.0,3032.0,28,3031.0,77
rb1805,20170629,20170628,210619000,3031.0,2220,76780,67094620.0,3032.0,29,3031.0,76
rb1805,20170629,20170628,210619500,3031.0,2222,76782,67155240.0,3032.0,27,3031.0,75
rb1805,20170629,20170628,210620000,3031.0,2242,76782,67761440.0,3032.0,27,3031.0,65
rb1805,20170629,20170628,210620500,3031.0,2242,76782,67761440.0,3032.0,27,3031.0,65
rb1805,20170629,20170628,210621000,3032.0,2250,76790,68004000.0,3032.0,23,3031.0,65
rb1805,20170629,20170628,210623500,3032.0,2250,76790,68004000.0,3032.0,23,3031.0,65
rb1805,20170629,20170628,210624000,3031.0,2260,76790,68307100.0,3032.0,23,3031.0,62
rb1805,20170629,20170628,210624500,3031.0,2260,76790,68307100.0,3032.0,23,3031.0,62
rb1805,20170629,20170628,210625500,3031.0,2320,76850,70125700.0,3032.0,24,3031.0,29
rb1805,20170629,20170628,210626000,3032.0,2330,76860,70428900.0,3032.0,19,3031.0,29
rb1805,20170629,20170628,210626500,3032.0,2330,76860,70428900.0,3032.0,26,3031.0,29
rb1805,20170629,20170628,210627000,3032.0,2386,76882,72126820.0,3033.0,45,3032.0,152
rb1805,20170629,20170628,210628000,3032.0,2386,76882,72126820.0,3033.0,33,3032.0,152
rb1805,20170629,20170628,210628500,3032.0,2408,76882,72793860.0,3033.0,34,3032.0,141
rb1805,20170629,20170628,210629000,3032.0,2424,76896,73278980.0,3033.0,34,3032.0,133
rb1805,20170629,20170628,210630000,3033.0,2426,76898,73339640.0,3033.0,33,3032.0,133
rb1805,20170629,20170628,210630500,3032.0,2430,76900,73460920.0,3033.0,33,3032.0,131
rb1805,20170629,20170628,210631000,3032.0,2430,76900,73460920.0,3033.0,33,3032.0,131
rb1805,20170629,20170628,210631500,3032.0,2430,76900,73460920.0,3033.0,27,3032.0,131
rb1805,20170629,20170628,210632500,3032.0,2430,76900,73460920.0,3033.0,26,3032.0,131
rb1805,20170629,20170628,210633000,3032.0,2454,76924,74188600.0,3033.0,26,3032.0,119
rb1805,20170629,20170628,210633500,3032.0,2454,76924,74188600.0,3033.0,26,3032.0,120
rb1805,20170629,20170628,210634000,3032.0,2454,76924,74188600.0,3033.0,26,3032.0,120
rb1805,20170629,20170628,210634500,3032.0,2454,76924,74188600.0,3033.0,26,3032.0,120
rb1805,20170629,20170628,210635000,3032.0,2474,76924,74795000.0,3033.0,26,3032.0,110
rb1805,20170629,20170628,210636000,3032.0,2476,76926,74855640.0,3033.0,26,3032.0,109
rb1805,20170629,20170628,210636500,3033.0,2478,76928,74916300.0,3033.0,25,3032.0,109
rb1805,20170629,20170628,210637000,3032.0,2480,76930,74976940.0,3033.0,25,3032.0,108
rb1805,20170629,20170628,210638000,3032.0,2484,76934,75098220.0,3033.0,25,3032.0,106
rb1805,20170629,20170628,210638500,3032.0,2486,76936,75158860.0,3033.0,25,3032.0,105
rb1805,20170629,20170628,210640000,3033.0,2488,76938,75219520.0,3033.0,24,3032.0,105
rb1805,20170629,20170628,210640500,3033.0,2488,76938,75219520.0,3033.0,25,3032.0,105
rb1805,20170629,20170628,210641000,3033.0,2488,76938,75219520.0,3033.0,27,3032.0,105
rb1805,20170629,20170628,210641500,3032.0,2490,76938,75280160.0,3033.0,29,3032.0,104
rb1805,20170629,20170628,210642500,3032.0,2490,76938,75280160.0,3033.0,29,3032.0,104
rb1805,20170629,20170628,210643500,3032.0,2490,76938,75280160.0,3033.0,32,3032.0,104
rb1805,20170629,20170628,210644000,3032.0,2510,76938,75886560.0,3033.0,31,3032.0,94
rb1805,20170629,20170628,210644500,3032.0,2510,76938,75886560.0,3033.0,56,3032.0,94
rb1805,20170629,20170628,210645000,3032.0,2510,76938,75886560.0,3033.0,57,3032.0,94
rb1805,20170629,20170628,210645500,3032.0,2512,76938,75947200.0,3033.0,57,3032.0,93
rb1805,20170629,20170628,210646500,3032.0,2512,76938,75947200.0,3033.0,57,3032.0,94
rb1805,20170629,20170628,210647000,3032.0,2544,76950,76917440.0,3033.0,57,3032.0,78
rb1805,20170629,20170628,210647500,3032.0,2544,76950,76917440.0,3033.0,56,3032.0,78
rb1805,20170629,20170628,210648500,3032.0,2560,76950,77402560.0,3033.0,56,3032.0,70
rb1805,20170629,20170628,210649000,3033.0,2578,76950,77948500.0,3033.0,47,3032.0,70
rb1805,20170629,20170628,210649500,3033.0,2578,76950,77948500.0,3033.0,48,3032.0,71
rb1805,20170629,20170628,210650000,3033.0,2578,76950,77948500.0,3033.0,48,3032.0,71
rb1805,20170629,20170628,210651500,3033.0,2578,76950,77948500.0,3033.0,47,3032.0,71
rb1805,20170629,20170628,210652000,3032.0,2584,76954,78130420.0,3033.0,47,3032.0,68
rb1805,20170629,20170628,210652500,3033.0,2586,76956,78191080.0,3033.0,46,3032.0,68
rb1805,20170629,20170628,210653000,3032.0,2722,76954,82314600.0,3032.0,37,3031.0,28
rb1805,20170629,20170628,210653500,3032.0,2722,76954,82314600.0,3032.0,37,3031.0,28
rb1805,20170629,20170628,210654000,3031.0,2724,76954,82375220.0,3032.0,37,3031.0,27
rb1805,20170629,20170628,210654500,3031.0,2724,76954,82375220.0,3032.0,57,3031.0,27
rb1805,20170629,20170628,210655000,3032.0,2726,76954,82435860.0,3032.0,56,3031.0,27
rb1805,20170629,20170628,210655500,3032.0,2726,76954,82435860.0,3032.0,57,3031.0,27
rb1805,20170629,20170628,210656500,3032.0,2726,76954,82435860.0,3032.0,57,3031.0,38
rb1805,20170629,20170628,210657000,3032.0,2726,76954,82435860.0,3032.0,57,3031.0,38
rb1805,20170629,20170628,210658000,3032.0,2726,76954,82435860.0,3032.0,58,3031.0,38
rb1805,20170629,20170628,210658500,3032.0,2726,76954,82435860.0,3032.0,58,3031.0,38
rb1805,20170629,20170628,210659500,3032.0,2728,76954,82496500.0,3032.0,57,3031.0,38
rb1805,20170629,20170628,210700000,3032.0,2728,76954,82496500.0,3032.0,57,3031.0,33
rb1805,20170629,20170628,210701000,3032.0,2728,76954,82496500.0,3032.0,57,3031.0,33
rb1805,20170629,20170628,210702000,3032.0,2746,76936,83042260.0,3032.0,50,3031.0,33
rb1805,20170629,20170628,210702500,3032.0,2746,76936,83042260.0,3032.0,50,3031.0,33
rb1805,20170629,20170628,210703000,3032.0,2746,76936,83042260.0,3032.0,50,3031.0,33
rb1805,20170629,20170628,210704500,3031.0,2758,76934,83406080.0,3032.0,45,3031.0,32
rb1805,20170629,20170628,210705000,3031.0,2798,76894,84618480.0,3032.0,45,3031.0,12
rb1805,20170629,20170628,210705500,3031.0,2798,76894,84618480.0,3032.0,45,3031.0,12
rb1805,20170629,20170628,210706000,3031.0,2798,76894,84618480.0,3032.0,45,3031.0,12
rb1805,20170629,20170628,210706500,3031.0,2802,76894,84739720.0,3032.0,45,3031.0,10
rb1805,20170629,20170628,210707000,3031.0,2802,76894,84739720.0,3032.0,46,3031.0,10
rb1805,20170629,20170628,210708000,3032.0,2808,76894,84921600.0,3032.0,45,3031.0,8
rb1805,20170629,20170628,210708500,3032.0,2808,76894,84921600.0,3032.0,47,3031.0,8
rb1805,20170629,20170628,210709000,3032.0,2808,76894,84921600.0,3032.0,47,3031.0,8
rb1805,20170629,20170628,210709500,3032.0,2808,76894,84921600.0,3032.0,46,3031.0,8
rb1805,20170629,20170628,210710000,3032.0,2808,76894,84921600.0,3032.0,46,3031.0,8
rb1805,20170629,20170628,210710500,3032.0,2808,76894,84921600.0,3032.0,47,3031.0,8
rb1805,20170629,20170628,210711000,3031.0,2818,76898,85224700.0,3032.0,47,3031.0,5
rb1805,20170629,20170628,210713000,3031.0,2818,76898,85224700.0,3032.0,47,3031.0,5
rb1805,20170629,20170628,210713500,3031.0,2820,76898,85285320.0,3032.0,47,3031.0,4
rb1805,20170629,20170628,210714000,3031.0,2822,76896,85345940.0,3032.0,47,3031.0,3
rb1805,20170629,20170628,210715000,3031.0,2822,76896,85345940.0,3032.0,47,3031.0,3
rb1805,20170629,20170628,210715500,3031.0,2824,76894,85406560.0,3032.0,47,3031.0,2
rb1805,20170629,20170628,210716000,3031.0,2826,76892,85467180.0,3032.0,47,3031.0,1
rb1805,20170629,20170628,210716500,3031.0,2828,76890,85527800.0,3032.0,47,3030.0,77
rb1805,20170629,20170628,210717500,3031.0,2828,76890,85527800.0,3032.0,50,3030.0,77
rb1805,20170629,20170628,210719000,3031.0,2828,76890,85527800.0,3032.0,50,3030.0,77
rb1805,20170629,20170628,210719500,3031.0,2828,76890,85527800.0,3032.0,50,3031.0,1
rb1805,20170629,20170628,210720000,3031.0,2830,76890,85588420.0,3032.0,50,3030.0,77
rb1805,20170629,20170628,210720500,3031.0,2830,76890,85588420.0,3032.0,50,3030.0,74
rb1805,20170629,20170628,210721500,3031.0,2830,76890,85588420.0,3032.0,50,3030.0,74
rb1805,20170629,20170628,210722000,3031.0,2830,76890,85588420.0,3031.0,5,3030.0,74
rb1805,20170629,20170628,210722500,3031.0,2830,76890,85588420.0,3031.0,5,3030.0,74
rb1805,20170629,20170628,210724500,3031.0,2830,76890,85588420.0,3031.0,6,3030.0,74
rb1805,20170629,20170628,210725000,3030.0,2850,76910,86194420.0,3031.0,6,3030.0,64
rb1805,20170629,20170628,210725500,3030.0,2930,76990,88618420.0,3031.0,6,3030.0,24
rb1805,20170629,20170628,210726000,3030.0,2936,76996,88800220.0,3031.0,6,3030.0,21
rb1805,20170629,20170628,210726500,3030.0,2940,77000,88921420.0,3031.0,6,3030.0,18
rb1805,20170629,20170628,210727500,3030.0,2942,77000,88982020.0,3031.0,3,3030.0,17
rb1805,20170629,20170628,210728000,3030.0,2976,77034,90012220.0,3031.0,3,3028.0,2
rb1805,20170629,20170628,210728500,3030.0,2976,77034,90012220.0,3030.0,1,3028.0,2
rb1805,20170629,20170628,210729000,3030.0,2976,77034,90012220.0,3031.0,8,3028.0,2
rb1805,20170629,20170628,210729500,3030.0,2976,77034,90012220.0,3031.0,9,3028.0,2
rb1805,20170629,20170628,210730000,3030.0,2976,77034,90012220.0,3031.0,10,3028.0,2
rb1805,20170629,20170628,210730500,3030.0,2976,77034,90012220.0,3031.0,9,3028.0,2
rb1805,20170629,20170628,210731000,3030.0,2976,77034,90012220.0,3031.0,29,3028.0,7
rb1805,20170629,20170628,210731500,3028.0,2978,77034,90072780.0,3031.0,29,3028.0,6
rb1805,20170629,20170628,210732000,3028.0,2978,77034,90072780.0,3031.0,30,3028.0,7
rb1805,20170629,20170628,210732500,3028.0,2978,77034,90072780.0,3031.0,27,3028.0,7
rb1805,20170629,20170628,210733000,3028.0,2978,77034,90072780.0,3031.0,27,3028.0,7
rb1805,20170629,20170628,210733500,3028.0,2978,77034,90072780.0,3030.0,1,3028.0,7
rb1805,20170629,20170628,210734000,3030.0,2980,77034,90133380.0,3031.0,27,3030.0,2
rb1805,20170629,20170628,210734500,3030.0,2980,77034,90133380.0,3031.0,27,3028.0,7
rb1805,20170629,20170628,210736000,3030.0,2980,77034,90133380.0,3031.0,28,3028.0,7
rb1805,20170629,20170628,210737000,3030.0,2980,77034,90133380.0,3030.0,10,3028.0,8
rb1805,20170629,20170628,210738500,3030.0,2980,77034,90133380.0,3030.0,10,3028.0,7
rb1805,20170629,20170628,210739500,3030.0,2980,77034,90133380.0,3030.0,10,3028.0,8
rb1805,20170629,20170628,210740000,3028.0,2990,77034,90436180.0,3030.0,10,3028.0,4
rb1805,20170629,20170628,210740500,3028.0,2990,77034,90436180.0,3030.0,11,3028.0,4
rb1805,20170629,20170628,210741500,3028.0,2990,77034,90436180.0,3030.0,14,3029.0,3
rb1805,20170629,20170628,210742000,3030.0,3002,77022,90799780.0,3030.0,8,3029.0,12
rb1805,20170629,20170628,210742500,3030.0,3018,77020,91284580.0,3031.0,28,3030.0,3
rb1805,20170629,20170628,210743000,3029.0,3030,77010,91648120.0,3031.0,29,3029.0,6
rb1805,20170629,20170628,210743500,3029.0,3030,77010,91648120.0,3031.0,28,3029.0,5
rb1805,20170629,20170628,210744500,3029.0,3030,77010,91648120.0,3031.0,28,3029.0,5
rb1805,20170629,20170628,210745000,3029.0,3030,77010,91648120.0,3030.0,1,3029.0,5
rb1805,20170629,20170628,210745500,3029.0,3030,77010,91648120.0,3029.0,1,3028.0,3
rb1805,20170629,20170628,210746000,3029.0,3032,77010,91708700.0,3030.0,1,3029.0,2
rb1805,20170629,20170628,210746500,3029.0,3032,77010,91708700.0,3030.0,51,3028.0,2
rb1805,20170629,20170628,210747000,3029.0,3032,77010,91708700.0,3030.0,55,3028.0,2
rb1805,20170629,20170628,210747500,3029.0,3032,77010,91708700.0,3030.0,56,3028.0,2
rb1805,20170629,20170628,210748500,3029.0,3032,77010,91708700.0,3030.0,52,3029.0,2
rb1805,20170629,20170628,210749000,3029.0,3032,77010,91708700.0,3030.0,52,3028.0,7
rb1805,20170629,20170628,210749500,3029.0,3032,77010,91708700.0,3030.0,56,3028.0,7
rb1805,20170629,20170628,210750000,3029.0,3032,77010,91708700.0,3030.0,56,3028.0,2
rb1805,20170629,20170628,210750500,3029.0,3032,77010,91708700.0,3029.0,2,3028.0,2
rb1805,20170629,20170628,210751000,3028.0,3036,77008,91829820.0,3028.0,3,3027.0,6
rb1805,20170629,20170628,210751500,3028.0,3036,77008,91829820.0,3029.0,6,3027.0,6
rb1805,20170629,20170628,210752000,3028.0,3036,77008,91829820.0,3029.0,6,3028.0,2
rb1805,20170629,20170628,210752500,3028.0,3040,77004,91950940.0,3028.0,2,3027.0,6
rb1805,20170629,20170628,210753000,3028.0,3040,77004,91950940.0,3029.0,6,3027.0,6
rb1805,20170629,20170628,210753500,3027.0,3042,77004,92011480.0,3029.0,6,3027.0,5
rb1805,20170629,20170628,210755000,3027.0,3042,77004,92011480.0,3029.0,6,3027.0,5
rb1805,20170629,20170628,210756000,3027.0,3042,77004,92011480.0,3029.0,6,3027.0,5
rb1805,20170629,20170628,210756500,3027.0,3042,77004,92011480.0,3029.0,6,3027.0,5
rb1805,20170629,20170628,210758000,3027.0,3042,77004,92011480.0,3029.0,7,3027.0,5
rb1805,20170629,20170628,210759000,3027.0,3042,77004,92011480.0,3028.0,1,3027.0,5
rb1805,20170629,20170628,210759500,3027.0,3044,77004,92072020.0,3028.0,1,3027.0,4
rb1805,20170629,20170628,210800500,3027.0,3044,77004,92072020.0,3028.0,5,3027.0,4
rb1805,20170629,20170628,210801000,3027.0,3044,77004,92072020.0,3028.0,5,3027.0,4
rb1805,20170629,20170628,210801500,3027.0,3044,77004,92072020.0,3028.0,6,3027.0,4
rb1805,20170629,20170628,210802500,3028.0,3058,77014,92495940.0,3029.0,7,3028.0,193
rb1805,20170629,20170628,210803000,3028.0,3060,77016,92556500.0,3029.0,7,3028.0,192
rb1805,20170629,20170628,210803500,3028.0,3060,77016,92556500.0,3029.0,7,3028.0,192
rb1805,20170629,20170628,210805000,3028.0,3060,77016,92556500.0,3029.0,7,3028.0,192
rb1805,20170629,20170628,210805500,3028.0,3060,77016,92556500.0,3029.0,8,3028.0,192
rb1805,20170629,20170628,210806500,3028.0,3064,77020,92677620.0,3029.0,8,3028.0,190
rb1805,20170629,20170628,210807000,3028.0,3064,77020,92677620.0,3029.0,8,3028.0,191
rb1805,20170629,20170628,210807500,3028.0,3066,77020,92738180.0,3029.0,8,3028.0,190
rb1805,20170629,20170628,210808000,3028.0,3106,77060,93949380.0,3029.0,8,3028.0,170
rb1805,20170629,20170628,210808500,3028.0,3108,77062,94009940.0,3029.0,10,3028.0,169
rb1805,20170629,20170628,210810500,3028.0,3114,77066,94191620.0,3029.0,10,3028.0,166
rb1805,20170629,20170628,210811000,3028.0,3206,77152,96977380.0,3029.0,10,3028.0,120
rb1805,20170629,20170628,210811500,3028.0,3206,77152,96977380.0,3029.0,10,3028.0,120
rb1805,20170629,20170628,210812000,3028.0,3206,77152,96977380.0,3029.0,12,3028.0,120
rb1805,20170629,20170628,210813000,3028.0,3210,77152,97098500.0,3029.0,12,3028.0,118
rb1805,20170629,20170628,210814000,3028.0,3230,77172,97704100.0,3029.0,8,3028.0,108
rb1805,20170629,20170628,210814500,3028.0,3238,77172,97946340.0,3029.0,28,3028.0,105
rb1805,20170629,20170628,210815000,3028.0,3238,77172,97946340.0,3029.0,29,3028.0,110
rb1805,20170629,20170628,210815500,3028.0,3238,77172,97946340.0,3029.0,29,3028.0,110
rb1805,20170629,20170628,210817000,3028.0,3238,77172,97946340.0,3029.0,29,3028.0,105
rb1805,20170629,20170628,210817500,3028.0,3448,77380,104305140.0,3028.0,13,3027.0,14
rb1805,20170629,20170628,210818000,3027.0,3476,77356,105152700.0,3027.0,46,3026.0,5
rb1805,20170629,20170628,210818500,3027.0,3476,77356,105152700.0,3027.0,46,3026.0,5
rb1805,20170629,20170628,210819000,3027.0,3512,77322,106242420.0,3027.0,28,3026.0,10
rb1805,20170629,20170628,210820500,3027.0,3512,77322,106242420.0,3027.0,28,3026.0,10
rb1805,20170629,20170628,210821000,3027.0,3512,77322,106242420.0,3027.0,28,3026.0,5
rb1805,20170629,20170628,210821500,3026.0,3514,77322,106302940.0,3027.0,28,3026.0,4
rb1805,20170629,20170628,210822000,3026.0,3516,77322,106363460.0,3027.0,28,3026.0,3
rb1805,20170629,20170628,210822500,3026.0,3516,77322,106363460.0,3027.0,28,3026.0,4
rb1805,20170629,20170628,210823500,3026.0,3516,77322,106363460.0,3027.0,28,3026.0,4
rb1805,20170629,20170628,210824000,3026.0,3518,77322,106423980.0,3027.0,28,3026.0,3
rb1805,20170629,20170628,210825500,3026.0,3518,77322,106423980.0,3027.0,28,3026.0,2
rb1805,20170629,20170628,210826000,3026.0,3522,77326,106545020.0,3026.0,20,3024.0,2
rb1805,20170629,20170628,210826500,3026.0,3532,77326,106847620.0,3026.0,15,3024.0,2
rb1805,20170629,20170628,210827000,3026.0,3540,77332,107089700.0,3026.0,11,3024.0,2
rb1805,20170629,20170628,210827500,3026.0,3540,77332,107089700.0,3026.0,11,3024.0,2
rb1805,20170629,20170628,210829500,3024.0,3546,77336,107271140.0,3024.0,17,3023.0,2
rb1805,20170629,20170628,210830000,3024.0,3572,77354,108057380.0,3024.0,5,3023.0,6
rb1805,20170629,20170628,210830500,3024.0,3582,77360,108359780.0,3026.0,11,3023.0,5
rb1805,20170629,20170628,210831000,3023.0,3592,77352,108662080.0,3024.0,5,3023.0,4
rb1805,20170629,20170628,210831500,3024.0,3602,77342,108964480.0,3026.0,12,3023.0,4
rb1805,20170629,20170628,210832000,3024.0,3602,77342,108964480.0,3026.0,12,3023.0,9
rb1805,20170629,20170628,210832500,3024.0,3602,77342,108964480.0,3026.0,12,3023.0,8
rb1805,20170629,20170628,210834000,3024.0,3602,77342,108964480.0,3026.0,12,3023.0,8
rb1805,20170629,20170628,210834500,3023.0,3604,77340,109024940.0,3026.0,12,3023.0,8
rb1805,20170629,20170628,210835000,3023.0,3608,77340,109145860.0,3026.0,12,3023.0,6
rb1805,20170629,20170628,210835500,3023.0,3608,77340,109145860.0,3026.0,12,3023.0,8
rb1805,20170629,20170628,210836000,3023.0,3608,77340,109145860.0,3026.0,11,3023.0,8
rb1805,20170629,20170628,210836500,3023.0,3608,77340,109145860.0,3026.0,11,3024.0,1
rb1805,20170629,20170628,210837000,3026.0,3612,77344,109266900.0,3026.0,9,3024.0,9
rb1805,20170629,20170628,210838500,3026.0,3620,77352,109508980.0,3026.0,7,3024.0,9
rb1805,20170629,20170628,210839000,3026.0,3620,77352,109508980.0,3026.0,7,3024.0,9
rb1805,20170629,20170628,210839500,3024.0,3622,77350,109569460.0,3026.0,7,3023.0,7
rb1805,20170629,20170628,210840000,3024.0,3622,77350,109569460.0,3026.0,7,3023.0,10
rb1805,20170629,20170628,210843000,3024.0,3622,77350,109569460.0,3026.0,7,3023.0,11
rb1805,20170629,20170628,210843500,3024.0,3622,77350,109569460.0,3026.0,7,3024.0,1
rb1805,20170629,20170628,210844000,3024.0,3622,77350,109569460.0,3026.0,7,3024.0,4
rb1805,20170629,20170628,210844500,3026.0,3630,77356,109811540.0,3026.0,3,3024.0,4
rb1805,20170629,20170628,210845500,3026.0,3638,77350,110053620.0,3028.0,10,3026.0,2
rb1805,20170629,20170628,210846000,3024.0,3644,77346,110235140.0,3026.0,3,3024.0,11
rb1805,20170629,20170628,210846500,3024.0,3644,77346,110235140.0,3027.0,2,3024.0,14
rb1805,20170629,20170628,210847000,3024.0,3644,77346,110235140.0,3027.0,2,3025.0,1
rb1805,20170629,20170628,210847500,3024.0,3646,77348,110295620.0,3027.0,2,3024.0,8
rb1805,20170629,20170628,210848000,3024.0,3646,77348,110295620.0,3027.0,2,3025.0,11
rb1805,20170629,20170628,210849000,3024.0,3646,77348,110295620.0,3027.0,2,3025.0,11
rb1805,20170629,20170628,210849500,3024.0,3646,77348,110295620.0,3027.0,2,3025.0,3
rb1805,20170629,20170628,210850000,3024.0,3652,77348,110477060.0,3027.0,2,3025.0,5
rb1805,20170629,20170628,210850500,3024.0,3652,77348,110477060.0,3027.0,2,3025.0,5
rb1805,20170629,20170628,210851000,3024.0,3652,77348,110477060.0,3027.0,2,3025.0,8
rb1805,20170629,20170628,210851500,3027.0,3656,77348,110598140.0,3028.0,10,3027.0,1
rb1805,20170629,20170628,210852000,3027.0,3658,77348,110658680.0,3027.0,2,3025.0,5
rb1805,20170629,20170628,210852500,3027.0,3658,77348,110658680.0,3028.0,10,3026.0,1
rb1805,20170629,20170628,210853000,3026.0,3660,77350,110719200.0,3026.0,2,3025.0,5
rb1805,20170629,20170628,210853500,3026.0,3660,77350,110719200.0,3026.0,35,3025.0,5
rb1805,20170629,20170628,210854000,3026.0,3660,77350,110719200.0,3026.0,35,3024.0,29
rb1805,20170629,20170628,210854500,3026.0,3660,77350,110719200.0,3026.0,35,3024.0,32
rb1805,20170629,20170628,210856000,3026.0,3660,77350,110719200.0,3026.0,35,3025.0,3
rb1805,20170629,20170628,210856500,3026.0,3660,77350,110719200.0,3026.0,35,3025.0,3
rb1805,20170629,20170628,210857000,3026.0,3660,77350,110719200.0,3026.0,35,3024.0,29
rb1805,20170629,20170628,210857500,3026.0,3660,77350,110719200.0,3026.0,35,3025.0,1
rb1805,20170629,20170628,210858000,3026.0,3660,77350,110719200.0,3026.0,35,3025.0,1
rb1805,20170629,20170628,210859500,3026.0,3660,77350,110719200.0,3026.0,35,3025.0,6
rb1805,20170629,20170628,210901000,3026.0,3660,77350,110719200.0,3026.0,35,3025.0,1
rb1805,20170629,20170628,210901500,3025.0,3662,77348,110779700.0,3025.0,1,3024.0,29
rb1805,20170629,20170628,210902000,3025.0,3664,77346,110840200.0,3026.0,35,3024.0,24
rb1805,20170629,20170628,210903500,3025.0,3664,77346,110840200.0,3025.0,1,3024.0,24
rb1805,20170629,20170628,210904000,3025.0,3666,77344,110900700.0,3026.0,35,3024.0,24
rb1805,20170629,20170628,210905500,3025.0,3666,77344,110900700.0,3026.0,35,3024.0,24
rb1805,20170629,20170628,210906000,3025.0,3666,77344,110900700.0,3026.0,35,3024.0,4
rb1805,20170629,20170628,210906500,3025.0,3666,77344,110900700.0,3026.0,35,3024.0,4
rb1805,20170629,20170628,210907000,3025.0,3666,77344,110900700.0,3026.0,35,3024.0,5
rb1805,20170629,20170628,210907500,3025.0,3666,77344,110900700.0,3026.0,35,3024.0,14
rb1805,20170629,20170628,210908500,3025.0,3666,77344,110900700.0,3025.0,1,3024.0,14
rb1805,20170629,20170628,210909000,3024.0,3686,77334,111505500.0,3025.0,1,3024.0,4
rb1805,20170629,20170628,210909500,3024.0,3686,77334,111505500.0,3025.0,1,3023.0,9
rb1805,20170629,20170628,210910000,3024.0,3686,77334,111505500.0,3025.0,1,3023.0,12
rb1805,20170629,20170628,210912000,3024.0,3686,77334,111505500.0,3025.0,1,3024.0,1
rb1805,20170629,20170628,210912500,3025.0,3688,77332,111566000.0,3026.0,35,3023.0,9
rb1805,20170629,20170628,210913000,3025.0,3688,77332,111566000.0,3026.0,36,3024.0,3
rb1805,20170629,20170628,210915500,3025.0,3688,77332,111566000.0,3026.0,36,3024.0,3
rb1805,20170629,20170628,210918000,3025.0,3688,77332,111566000.0,3026.0,36,3024.0,3
rb1805,20170629,20170628,210919000,3024.0,3692,77332,111686960.0,3026.0,36,3024.0,1
rb1805,20170629,20170628,210920000,3024.0,3692,77332,111686960.0,3026.0,36,3023.0,9
rb1805,20170629,20170628,210920500,3024.0,3692,77332,111686960.0,3026.0,36,3024.0,2
rb1805,20170629,20170628,210921000,3024.0,3692,77332,111686960.0,3026.0,36,3023.0,9
rb1805,20170629,20170628,210921500,3024.0,3692,77332,111686960.0,3026.0,36,3024.0,2
rb1805,20170629,20170628,210922000,3024.0,3692,77332,111686960.0,3025.0,20,3024.0,3
rb1805,20170629,20170628,210922500,3024.0,3692,77332,111686960.0,3025.0,20,3023.0,9
rb1805,20170629,20170628,210923000,3023.0,3694,77332,111747420.0,3025.0,20,3023.0,10
rb1805,20170629,20170628,210923500,3023.0,3694,77332,111747420.0,3025.0,20,3023.0,10
rb1805,20170629,20170628,210924000,3023.0,3694,77332,111747420.0,3025.0,22,3023.0,10
rb1805,20170629,20170628,210925000,3023.0,3694,77332,111747420.0,3024.0,1,3023.0,10
rb1805,20170629,20170628,210925500,3023.0,3694,77332,111747420.0,3024.0,3,3023.0,6
rb1805,20170629,20170628,210926500,3023.0,3694,77332,111747420.0,3024.0,3,3023.0,4
rb1805,20170629,20170628,210927000,3023.0,3694,77332,111747420.0,3024.0,3,3023.0,4
rb1805,20170629,20170628,210927500,3024.0,3704,77334,112049780.0,3025.0,22,3024.0,407
rb1805,20170629,20170628,210928000,3024.0,3722,77340,112594100.0,3025.0,23,3024.0,398
rb1805,20170629,20170628,210928500,3024.0,3726,77340,112715060.0,3025.0,23,3024.0,396
rb1805,20170629,20170628,210930500,3024.0,3726,77340,112715060.0,3025.0,23,3024.0,396
rb1805,20170629,20170628,210931000,3024.0,3726,77340,112715060.0,3025.0,23,3024.0,396
rb1805,20170629,20170628,210932500,3024.0,3766,77380,113924660.0,3025.0,21,3024.0,376
rb1805,20170629,20170628,210933500,3024.0,3770,77384,114045620.0,3025.0,21,3024.0,374
rb1805,20170629,20170628,210934000,3024.0,3776,77390,114227060.0,3025.0,23,3024.0,371
rb1805,20170629,20170628,210935000,3024.0,3778,77390,114287540.0,3025.0,23,3024.0,370
rb1805,20170629,20170628,210935500,3024.0,3798,77400,114892440.0,3025.0,18,3024.0,365
rb1805,20170629,20170628,210936000,3024.0,3800,77402,114952920.0,3025.0,18,3024.0,364
rb1805,20170629,20170628,210936500,3024.0,3802,77404,115013400.0,3025.0,19,3024.0,363
rb1805,20170629,20170628,210938000,3024.0,3806,77408,115134360.0,3025.0,19,3024.0,361
rb1805,20170629,20170628,210939500,3024.0,3812,77410,115315800.0,3025.0,19,3024.0,358
rb1805,20170629,20170628,210940000,3024.0,3834,77410,115981080.0,3025.0,19,3024.0,347
rb1805,20170629,20170628,210940500,3024.0,3836,77412,116041560.0,3025.0,19,3024.0,346
rb1805,20170629,20170628,210941000,3024.0,3836,77412,116041560.0,3025.0,19,3024.0,346
rb1805,20170629,20170628,210942000,3024.0,3838,77412,116102040.0,3025.0,19,3024.0,345
rb1805,20170629,20170628,210942500,3024.0,3842,77412,116223000.0,3025.0,19,3024.0,343
rb1805,20170629,20170628,210943000,3024.0,3842,77412,116223000.0,3025.0,20,3024.0,343
rb1805,20170629,20170628,210943500,3024.0,3842,77412,116223000.0,3025.0,20,3024.0,343
rb1805,20170629,20170628,210944000,3024.0,3842,77412,116223000.0,3025.0,21,3024.0,343
rb1805,20170629,20170628,210945000,3024.0,3844,77414,116283480.0,3025.0,26,3024.0,342
rb1805,20170629,20170628,210948000,3024.0,3944,77514,119307480.0,3025.0,28,3024.0,292
rb1805,20170629,20170628,210949500,3024.0,3946,77514,119367960.0,3025.0,28,3024.0,291
rb1805,20170629,20170628,210951000,3024.0,3948,77514,119428440.0,3025.0,28,3024.0,290
rb1805,20170629,20170628,210952000,3024.0,3948,77514,119428440.0,3025.0,28,3024.0,290
rb1805,20170629,20170628,210952500,3024.0,3988,77554,120638040.0,3025.0,28,3024.0,270
rb1805,20170629,20170628,210953000,3024.0,4034,77598,122029080.0,3025.0,28,3024.0,247
rb1805,20170629,20170628,210953500,3024.0,4044,77608,122331480.0,3025.0,29,3024.0,242
rb1805,20170629,20170628,210954500,3024.0,4062,77626,122875800.0,3025.0,29,3024.0,233
rb1805,20170629,20170628,210957500,3024.0,4068,77632,123057240.0,3025.0,29,3024.0,230
rb1805,20170629,20170628,210958000,3025.0,4070,77634,123117740.0,3025.0,29,3024.0,230
rb1805,20170629,20170628,210958500,3025.0,4072,77636,123178240.0,3025.0,28,3024.0,230
rb1805,20170629,20170628,210959500,3025.0,4072,77636,123178240.0,3025.0,26,3024.0,230
rb1805,20170629,20170628,211000000,3024.0,4076,77640,123299200.0,3025.0,26,3024.0,228
rb1805,20170629,20170628,211000500,3024.0,4090,77654,123722560.0,3025.0,25,3024.0,221
rb1805,20170629,20170628,211001000,3024.0,4110,77674,124327360.0,3025.0,25,3024.0,211
rb1805,20170629,20170628,211001500,3024.0,4110,77674,124327360.0,3025.0,25,3024.0,211
rb1805,20170629,20170628,211002000,3024.0,4114,77678,124448320.0,3025.0,25,3024.0,214
rb1805,20170629,20170628,211002500,3024.0,4116,77678,124508800.0,3025.0,25,3024.0,213
rb1805,20170629,20170628,211003500,3024.0,4118,77678,124569280.0,3025.0,25,3024.0,212
rb1805,20170629,20170628,211004500,3024.0,4118,77678,124569280.0,3025.0,25,3024.0,207
rb1805,20170629,20170628,211005500,3025.0,4130,77688,124932280.0,3025.0,19,3024.0,212
rb1805,20170629,20170628,211006000,3025.0,4140,77690,125234780.0,3025.0,15,3024.0,212
rb1805,20170629,20170628,211006500,3025.0,4154,77698,125658280.0,3025.0,8,3024.0,212
rb1805,20170629,20170628,211008000,3025.0,4154,77698,125658280.0,3025.0,8,3024.0,207
rb1805,20170629,20170628,211008500,3025.0,4166,77708,126021260.0,3025.0,3,3024.0,206
rb1805,20170629,20170628,211009000,3025.0,4166,77708,126021260.0,3025.0,8,3024.0,206
rb1805,20170629,20170628,211009500,3025.0,4168,77706,126081760.0,3025.0,7,3024.0,206
rb1805,20170629,20170628,211011000,3025.0,4168,77706,126081760.0,3025.0,7,3024.0,206
rb1805,20170629,20170628,211012000,3024.0,4306,77844,130254880.0,3025.0,7,3024.0,137
rb1805,20170629,20170628,211012500,3024.0,4346,77884,131464480.0,3025.0,10,3024.0,117
rb1805,20170629,20170628,211013000,3024.0,4356,77884,131766880.0,3025.0,5,3024.0,112
rb1805,20170629,20170628,211013500,3024.0,4366,77884,132069280.0,3025.0,5,3024.0,107
rb1805,20170629,20170628,211015000,3024.0,4366,77884,132069280.0,3025.0,6,3024.0,107
rb1805,20170629,20170628,211016500,3024.0,4366,77884,132069280.0,3025.0,11,3024.0,107
rb1805,20170629,20170628,211017000,3024.0,4366,77884,132069280.0,3025.0,12,3024.0,107
rb1805,20170629,20170628,211018000,3024.0,4368,77884,132129760.0,3025.0,6,3024.0,106
rb1805,20170629,20170628,211019000,3024.0,4368,77884,132129760.0,3025.0,8,3024.0,106
rb1805,20170629,20170628,211019500,3024.0,4368,77884,132129760.0,3025.0,8,3024.0,107
rb1805,20170629,20170628,211020500,3024.0,4368,77884,132129760.0,3025.0,8,3024.0,107
rb1805,20170629,20170628,211021000,3024.0,4368,77884,132129760.0,3025.0,9,3024.0,107
rb1805,20170629,20170628,211022000,3024.0,4368,77884,132129760.0,3025.0,9,3024.0,107
rb1805,20170629,20170628,211022500,3024.0,4368,77884,132129760.0,3025.0,12,3024.0,107
rb1805,20170629,20170628,211023000,3024.0,4368,77884,132129760.0,3025.0,13,3024.0,112
rb1805,20170629,20170628,211024500,3024.0,4368,77884,132129760.0,3025.0,15,3024.0,112
rb1805,20170629,20170628,211025000,3025.0,4370,77882,132190260.0,3025.0,14,3024.0,112
rb1805,20170629,20170628,211026500,3025.0,4370,77882,132190260.0,3025.0,14,3024.0,107
rb1805,20170629,20170628,211028500,3024.0,4372,77882,132250740.0,3025.0,14,3024.0,106
rb1805,20170629,20170628,211029000,3024.0,4372,77882,132250740.0,3025.0,19,3024.0,106
rb1805,20170629,20170628,211029500,3024.0,4394,77904,132916020.0,3025.0,19,3024.0,94
rb1805,20170629,20170628,211031000,3024.0,4394,77904,132916020.0,3025.0,19,3024.0,94
rb1805,20170629,20170628,211031500,3025.0,4416,77914,133581520.0,3025.0,8,3024.0,94
rb1805,20170629,20170628,211032500,3025.0,4418,77914,133642020.0,3025.0,7,3024.0,94
rb1805,20170629,20170628,211033000,3025.0,4418,77914,133642020.0,3025.0,10,3024.0,95
rb1805,20170629,20170628,211033500,3025.0,4418,77914,133642020.0,3025.0,10,3024.0,95
rb1805,20170629,20170628,211034500,3025.0,4418,77914,133642020.0,3025.0,10,3024.0,95
rb1805,20170629,20170628,211035500,3025.0,4418,77914,133642020.0,3025.0,10,3024.0,95
rb1805,20170629,20170628,211036000,3025.0,4420,77912,133702520.0,3025.0,9,3024.0,95
rb1805,20170629,20170628,211036500,3025.0,4420,77912,133702520.0,3025.0,13,3024.0,95
rb1805,20170629,20170628,211037000,3025.0,4420,77912,133702520.0,3025.0,14,3024.0,95
rb1805,20170629,20170628,211038000,3025.0,4420,77912,133702520.0,3025.0,14,3024.0,95
rb1805,20170629,20170628,211038500,3024.0,4422,77912,133763000.0,3025.0,14,3024.0,94
rb1805,20170629,20170628,211039000,3024.0,4422,77912,133763000.0,3025.0,14,3024.0,94
rb1805,20170629,20170628,211039500,3024.0,4428,77912,133944460.0,3025.0,13,3024.0,92
rb1805,20170629,20170628,211040500,3024.0,4448,77912,134549260.0,3025.0,13,3024.0,82
rb1805,20170629,20170628,211041500,3025.0,4454,77912,134730760.0,3025.0,10,3024.0,82
rb1805,20170629,20170628,211042000,3025.0,4458,77914,134851740.0,3025.0,14,3024.0,81
rb1805,20170629,20170628,211043000,3025.0,4458,77914,134851740.0,3025.0,15,3024.0,81
rb1805,20170629,20170628,211043500,3024.0,4472,77914,135275100.0,3025.0,15,3024.0,74
rb1805,20170629,20170628,211044000,3025.0,4474,77916,135335600.0,3025.0,15,3024.0,74
rb1805,20170629,20170628,211044500,3024.0,4480,77922,135517040.0,3025.0,15,3024.0,71
rb1805,20170629,20170628,211045500,3024.0,4494,77932,135940400.0,3025.0,15,3024.0,64
rb1805,20170629,20170628,211046000,3024.0,4622,77932,139811120.0,3024.0,47,3023.0,2
rb1805,20170629,20170628,211046500,3024.0,4622,77932,139811120.0,3024.0,50,3023.0,2
rb1805,20170629,20170628,211047500,3024.0,4622,77932,139811120.0,3024.0,57,3023.0,2
rb1805,20170629,20170628,211048000,3024.0,4622,77932,139811120.0,3024.0,57,3023.0,2
rb1805,20170629,20170628,211049500,3024.0,4622,77932,139811120.0,3024.0,57,3023.0,2
rb1805,20170629,20170628,211051500,3023.0,4624,77932,139871580.0,3024.0,57,3023.0,1
rb1805,20170629,20170628,211052000,3023.0,4624,77932,139871580.0,3024.0,57,3023.0,1
rb1805,20170629,20170628,211052500,3023.0,4626,77932,139932040.0,3023.0,20,3022.0,3
rb1805,20170629,20170628,211053000,3023.0,4626,77932,139932040.0,3023.0,21,3022.0,3
rb1805,20170629,20170628,211054500,3023.0,4626,77932,139932040.0,3023.0,21,3022.0,3
rb1805,20170629,20170628,211056000,3022.0,4628,77932,139992480.0,3023.0,21,3022.0,2
rb1805,20170629,20170628,211057000,3022.0,4630,77930,140052920.0,3023.0,21,3022.0,1
rb1805,20170629,20170628,211057500,3022.0,4630,77930,140052920.0,3023.0,21,3022.0,1
rb1805,20170629,20170628,211058500,3022.0,4632,77930,140113360.0,3022.0,6,3021.0,5
rb1805,20170629,20170628,211059000,3022.0,4638,77930,140294680.0,3022.0,3,3021.0,5
rb1805,20170629,20170628,211059500,3022.0,4638,77930,140294680.0,3022.0,3,3021.0,7
rb1805,20170629,20170628,211100000,3022.0,4638,77930,140294680.0,3022.0,4,3021.0,7
rb1805,20170629,20170628,211101000,3022.0,4642,77932,140415540.0,3022.0,3,3021.0,6
rb1805,20170629,20170628,211101500,3022.0,4642,77932,140415540.0,3022.0,3,3021.0,7
rb1805,20170629,20170628,211102000,3022.0,4642,77932,140415540.0,3022.0,3,3021.0,8
rb1805,20170629,20170628,211104000,3022.0,4646,77934,140536400.0,3022.0,3,3021.0,7
rb1805,20170629,20170628,211104500,3022.0,4646,77934,140536400.0,3022.0,3,3021.0,12
rb1805,20170629,20170628,211105000,3022.0,4654,77936,140778160.0,3023.0,21,3022.0,5
rb1805,20170629,20170628,211105500,3022.0,4654,77936,140778160.0,3023.0,21,3021.0,12
rb1805,20170629,20170628,211106000,3022.0,4654,77936,140778160.0,3023.0,20,3021.0,14
rb1805,20170629,20170628,211107500,3022.0,4654,77936,140778160.0,3023.0,20,3021.0,15
rb1805,20170629,20170628,211108500,3022.0,4654,77936,140778160.0,3023.0,25,3021.0,11
rb1805,20170629,20170628,211110000,3021.0,4674,77948,141382520.0,3023.0,21,3021.0,5
rb1805,20170629,20170628,211111500,3021.0,4674,77948,141382520.0,3023.0,21,3022.0,1
rb1805,20170629,20170628,211112000,3021.0,4674,77948,141382520.0,3023.0,21,3022.0,1
rb1805,20170629,20170628,211112500,3022.0,4676,77948,141442960.0,3022.0,5,3021.0,3
rb1805,20170629,20170628,211113000,3021.0,4678,77948,141503380.0,3022.0,4,3021.0,2
rb1805,20170629,20170628,211113500,3021.0,4678,77948,141503380.0,3022.0,4,3021.0,2
rb1805,20170629,20170628,211114000,3021.0,4678,77948,141503380.0,3022.0,10,3021.0,2
rb1805,20170629,20170628,211114500,3021.0,4678,77948,141503380.0,3022.0,10,3021.0,2
rb1805,20170629,20170628,211115000,3021.0,4682,77950,141624220.0,3021.0,1,3020.0,102
rb1805,20170629,20170628,211115500,3021.0,4682,77950,141624220.0,3022.0,12,3020.0,102
rb1805,20170629,20170628,211118000,3020.0,4692,77950,141926220.0,3022.0,12,3020.0,99
rb1805,20170629,20170628,211118500,3020.0,4692,77950,141926220.0,3022.0,12,3020.0,97
rb1805,20170629,20170628,211119000,3020.0,4694,77950,141986620.0,3022.0,12,3021.0,1
rb1805,20170629,20170628,211120000,3021.0,4696,77950,142047040.0,3022.0,12,3020.0,96
rb1805,20170629,20170628,211121500,3020.0,4708,77950,142409440.0,3022.0,12,3020.0,90
rb1805,20170629,20170628,211122500,3020.0,4708,77950,142409440.0,3022.0,13,3020.0,90
rb1805,20170629,20170628,211123000,3020.0,4708,77950,142409440.0,3022.0,13,3021.0,4
rb1805,20170629,20170628,211123500,3020.0,4718,77950,142711520.0,3022.0,3,3020.0,94
rb1805,20170629,20170628,211124000,3022.0,4724,77956,142892840.0,3023.0,21,3022.0,197
rb1805,20170629,20170628,211124500,3022.0,4734,77966,143195040.0,3023.0,21,3022.0,192
rb1805,20170629,20170628,211125000,3022.0,4738,77968,143315920.0,3023.0,23,3022.0,190
rb1805,20170629,20170628,211126500,3022.0,4738,77968,143315920.0,3023.0,23,3022.0,190
rb1805,20170629,20170628,211127000,3022.0,4740,77968,143376360.0,3023.0,23,3022.0,189
rb1805,20170629,20170628,211127500,3022.0,4740,77968,143376360.0,3023.0,23,3022.0,189
rb1805,20170629,20170628,211128000,3022.0,4740,77968,143376360.0,3023.0,18,3022.0,189
rb1805,20170629,20170628,211128500,3022.0,4756,77968,143859880.0,3023.0,19,3022.0,181
rb1805,20170629,20170628,211129000,3022.0,4756,77968,143859880.0,3023.0,18,3022.0,181
rb1805,20170629,20170628,211129500,3022.0,4756,77968,143859880.0,3023.0,19,3022.0,181
rb1805,20170629,20170628,211130000,3022.0,4756,77968,143859880.0,3023.0,18,3022.0,181
rb1805,20170629,20170628,211131000,3022.0,4756,77968,143859880.0,3023.0,18,3022.0,181
rb1805,20170629,20170628,211131500,3022.0,4758,77968,143920320.0,3023.0,18,3022.0,180
rb1805,20170629,20170628,211132500,3022.0,4852,77968,146761000.0,3023.0,18,3022.0,133
rb1805,20170629,20170628,211133000,3022.0,4896,78010,148090680.0,3023.0,18,3022.0,111
rb1805,20170629,20170628,211134000,3022.0,4898,78010,148151120.0,3023.0,26,3022.0,110
rb1805,20170629,20170628,211134500,3022.0,4900,78010,148211560.0,3023.0,26,3022.0,109
rb1805,20170629,20170628,211135500,3022.0,4900,78010,148211560.0,3023.0,27,3022.0,109
rb1805,20170629,20170628,211137000,3023.0,4902,78012,148272020.0,3023.0,26,3022.0,109
rb1805,20170629,20170628,211138000,3022.0,4904,78014,148332460.0,3023.0,26,3022.0,108
rb1805,20170629,20170628,211138500,3022.0,4904,78014,148332460.0,3023.0,27,3022.0,108
rb1805,20170629,20170628,211139000,3022.0,4906,78014,148392900.0,3023.0,27,3022.0,107
rb1805,20170629,20170628,211139500,3022.0,4908,78014,148453340.0,3023.0,27,3022.0,106
rb1805,20170629,20170628,211140000,3023.0,4914,78014,148634680.0,3023.0,11,3022.0,104
rb1805,20170629,20170628,211141500,3023.0,4914,78014,148634680.0,3023.0,14,3022.0,104
rb1805,20170629,20170628,211142000,3023.0,4914,78014,148634680.0,3023.0,15,3022.0,104
rb1805,20170629,20170628,211142500,3022.0,4916,78014,148695120.0,3023.0,15,3022.0,103
rb1805,20170629,20170628,211143500,3022.0,4916,78014,148695120.0,3023.0,14,3022.0,103
rb1805,20170629,20170628,211144500,3022.0,4916,78014,148695120.0,3023.0,15,3022.0,103
rb1805,20170629,20170628,211145000,3022.0,4956,78054,149903920.0,3023.0,15,3022.0,83
rb1805,20170629,20170628,211146000,3022.0,4956,78054,149903920.0,3023.0,14,3022.0,83
rb1805,20170629,20170628,211146500,3022.0,4956,78054,149903920.0,3023.0,15,3022.0,83
rb1805,20170629,20170628,211148000,3023.0,4958,78054,149964380.0,3023.0,14,3022.0,83
rb1805,20170629,20170628,211149000,3023.0,4964,78048,150145760.0,3023.0,11,3022.0,83
rb1805,20170629,20170628,211152000,3023.0,4964,78048,150145760.0,3023.0,11,3022.0,83
rb1805,20170629,20170628,211155500,3023.0,4964,78048,150145760.0,3023.0,11,3022.0,83
rb1805,20170629,20170628,211156500,3023.0,4986,78052,150810820.0,3024.0,14,3023.0,169
rb1805,20170629,20170628,211157000,3023.0,4988,78054,150871280.0,3024.0,14,3023.0,168
rb1805,20170629,20170628,211157500,3023.0,4988,78054,150871280.0,3024.0,14,3023.0,173
rb1805,20170629,20170628,211159500,3023.0,4988,78054,150871280.0,3024.0,14,3023.0,168
rb1805,20170629,20170628,211200000,3024.0,5014,78074,151657280.0,3024.0,14,3023.0,156
rb1805,20170629,20170628,211200500,3023.0,5028,78088,152080500.0,3024.0,14,3023.0,149
rb1805,20170629,20170628,211201000,3023.0,5050,78110,152745560.0,3024.0,14,3023.0,138
rb1805,20170629,20170628,211201500,3023.0,5090,78138,153954760.0,3024.0,16,3023.0,118
rb1805,20170629,20170628,211202000,3023.0,5092,78140,154015220.0,3024.0,15,3023.0,117
rb1805,20170629,20170628,211202500,3023.0,5096,78144,154136140.0,3024.0,15,3023.0,115
rb1805,20170629,20170628,211203000,3023.0,5174,78222,156494080.0,3024.0,15,3023.0,76
rb1805,20170629,20170628,211204000,3023.0,5174,78222,156494080.0,3024.0,14,3023.0,76
rb1805,20170629,20170628,211205500,3024.0,5176,78222,156554560.0,3024.0,14,3023.0,76
rb1805,20170629,20170628,211206000,3024.0,5178,78220,156615040.0,3024.0,13,3023.0,76
rb1805,20170629,20170628,211206500,3024.0,5182,78220,156735980.0,3024.0,12,3023.0,75
rb1805,20170629,20170628,211207500,3023.0,5238,78268,158428860.0,3024.0,12,3023.0,47
rb1805,20170629,20170628,211208000,3023.0,5264,78294,159214840.0,3024.0,14,3023.0,34
rb1805,20170629,20170628,211208500,3023.0,5332,78294,161270480.0,3023.0,16,3022.0,83
rb1805,20170629,20170628,211209000,3023.0,5332,78294,161270480.0,3023.0,21,3022.0,83
rb1805,20170629,20170628,211209500,3022.0,5336,78298,161391360.0,3023.0,21,3022.0,81
rb1805,20170629,20170628,211210000,3022.0,5338,78300,161451800.0,3023.0,22,3022.0,80
rb1805,20170629,20170628,211210500,3023.0,5340,78298,161512260.0,3023.0,22,3022.0,80
rb1805,20170629,20170628,211211500,3022.0,5348,78304,161754020.0,3023.0,22,3022.0,76
rb1805,20170629,20170628,211212000,3022.0,5354,78308,161935340.0,3023.0,23,3022.0,73
rb1805,20170629,20170628,211213000,3022.0,5388,78342,162962820.0,3023.0,23,3022.0,56
rb1805,20170629,20170628,211213500,3022.0,5390,78344,163023260.0,3023.0,23,3022.0,55
rb1805,20170629,20170628,211214000,3022.0,5398,78352,163265020.0,3023.0,23,3022.0,51
rb1805,20170629,20170628,211215000,3022.0,5398,78352,163265020.0,3023.0,23,3022.0,51
rb1805,20170629,20170628,211215500,3022.0,5398,78352,163265020.0,3023.0,24,3022.0,51
rb1805,20170629,20170628,211216500,3022.0,5500,78354,166347460.0,3023.0,24,3020.0,96
rb1805,20170629,20170628,211217000,3022.0,5502,78354,166407900.0,3022.0,40,3021.0,2
rb1805,20170629,20170628,211218000,3022.0,5506,78352,166528780.0,3022.0,38,3021.0,8
rb1805,20170629,20170628,211218500,3021.0,5522,78340,167012140.0,3021.0,42,3020.0,96
rb1805,20170629,20170628,211219000,3021.0,5552,78312,167918440.0,3021.0,27,3020.0,97
rb1805,20170629,20170628,211219500,3021.0,5552,78312,167918440.0,3021.0,27,3020.0,92
rb1805,20170629,20170628,211221000,3021.0,5552,78312,167918440.0,3021.0,27,3020.0,92
rb1805,20170629,20170628,211223000,3021.0,5552,78312,167918440.0,3021.0,27,3020.0,92
rb1805,20170629,20170628,211223500,3020.0,5554,78312,167978840.0,3021.0,27,3020.0,91
rb1805,20170629,20170628,211224000,3020.0,5608,78312,169609640.0,3022.0,38,3020.0,64
rb1805,20170629,20170628,211224500,3020.0,5610,78312,169670040.0,3022.0,43,3020.0,63
rb1805,20170629,20170628,211226000,3020.0,5660,78352,171180040.0,3022.0,43,3020.0,38
rb1805,20170629,20170628,211226500,3020.0,5660,78352,171180040.0,3021.0,2,3020.0,38
rb1805,20170629,20170628,211227500,3020.0,5660,78352,171180040.0,3021.0,8,3020.0,38
rb1805,20170629,20170628,211229000,3020.0,5660,78352,171180040.0,3021.0,13,3020.0,38
rb1805,20170629,20170628,211229500,3020.0,5660,78352,171180040.0,3021.0,13,3020.0,38
rb1805,20170629,20170628,211230500,3020.0,5660,78352,171180040.0,3021.0,13,3020.0,38
rb1805,20170629,20170628,211231000,3021.0,5662,78352,171240460.0,3021.0,12,3020.0,38
rb1805,20170629,20170628,211232000,3020.0,5664,78352,171300860.0,3021.0,12,3020.0,37
rb1805,20170629,20170628,211233000,3020.0,5664,78352,171300860.0,3021.0,7,3020.0,37
rb1805,20170629,20170628,211234000,3020.0,5664,78352,171300860.0,3021.0,12,3020.0,37
rb1805,20170629,20170628,211234500,3020.0,5664,78352,171300860.0,3021.0,12,3020.0,37
rb1805,20170629,20170628,211235000,3020.0,5664,78352,171300860.0,3021.0,12,3020.0,37
rb1805,20170629,20170628,211235500,3020.0,5664,78352,171300860.0,3021.0,12,3020.0,37
rb1805,20170629,20170628,211236000,3020.0,5702,78390,172448460.0,3021.0,12,3020.0,18
rb1805,20170629,20170628,211237500,3020.0,5702,78390,172448460.0,3021.0,12,3020.0,18
rb1805,20170629,20170628,211239500,3020.0,5706,78394,172569260.0,3021.0,12,3020.0,16
rb1805,20170629,20170628,211240000,3020.0,5720,78408,172992060.0,3021.0,13,3020.0,9
rb1805,20170629,20170628,211242000,3020.0,5734,78422,173414860.0,3021.0,13,3020.0,2
rb1805,20170629,20170628,211242500,3020.0,5738,78422,173535660.0,3020.0,8,3019.0,145
rb1805,20170629,20170628,211244000,3020.0,5738,78422,173535660.0,3020.0,10,3019.0,145
rb1805,20170629,20170628,211244500,3020.0,5740,78422,173596060.0,3020.0,14,3019.0,145
rb1805,20170629,20170628,211245000,3020.0,5740,78422,173596060.0,3020.0,15,3019.0,145
rb1805,20170629,20170628,211246500,3020.0,5740,78422,173596060.0,3020.0,15,3019.0,145
rb1805,20170629,20170628,211247500,3020.0,5740,78422,173596060.0,3020.0,15,3019.0,146
rb1805,20170629,20170628,211248000,3020.0,5742,78420,173656460.0,3020.0,9,3019.0,146
rb1805,20170629,20170628,211248500,3020.0,5744,78418,173716860.0,3020.0,8,3019.0,146
rb1805,20170629,20170628,211249000,3020.0,5760,78418,174200060.0,3021.0,13,3020.0,7
rb1805,20170629,20170628,211249500,3020.0,5760,78418,174200060.0,3021.0,8,3019.0,152
rb1805,20170629,20170628,211250000,3020.0,5760,78418,174200060.0,3021.0,8,3020.0,1
rb1805,20170629,20170628,211251500,3020.0,5760,78418,174200060.0,3021.0,8,3020.0,2
rb1805,20170629,20170628,211253500,3020.0,5764,78416,174320860.0,3020.0,3,3019.0,152
rb1805,20170629,20170628,211254000,3020.0,5770,78410,174502060.0,3021.0,8,3020.0,5
rb1805,20170629,20170628,211254500,3020.0,5770,78410,174502060.0,3021.0,8,3020.0,2
rb1805,20170629,20170628,211255500,3020.0,5770,78410,174502060.0,3021.0,8,3020.0,1
rb1805,20170629,20170628,211256000,3020.0,5772,78412,174562460.0,3020.0,1,3019.0,152
rb1805,20170629,20170628,211256500,3020.0,5774,78412,174622860.0,3021.0,8,3020.0,1
rb1805,20170629,20170628,211257000,3020.0,5774,78412,174622860.0,3021.0,8,3019.0,146
rb1805,20170629,20170628,211259000,3020.0,5774,78412,174622860.0,3020.0,1,3019.0,145
rb1805,20170629,20170628,211259500,3020.0,5776,78410,174683260.0,3021.0,8,3019.0,145
rb1805,20170629,20170628,211300500,3020.0,5776,78410,174683260.0,3021.0,8,3019.0,145
rb1805,20170629,20170628,211301000,3020.0,5776,78410,174683260.0,3021.0,13,3019.0,145
rb1805,20170629,20170628,211302000,3020.0,5776,78410,174683260.0,3021.0,13,3019.0,145
rb1805,20170629,20170628,211302500,3020.0,5776,78410,174683260.0,3021.0,14,3019.0,145
rb1805,20170629,20170628,211303500,3019.0,5780,78410,174804020.0,3021.0,14,3019.0,143
rb1805,20170629,20170628,211304000,3019.0,5780,78410,174804020.0,3021.0,14,3020.0,1
rb1805,20170629,20170628,211305000,3019.0,5780,78410,174804020.0,3021.0,9,3020.0,1
rb1805,20170629,20170628,211307000,3019.0,5784,78412,174924800.0,3020.0,8,3019.0,142
rb1805,20170629,20170628,211307500,3019.0,5784,78412,174924800.0,3020.0,8,3019.0,142
rb1805,20170629,20170628,211308000,3019.0,5784,78412,174924800.0,3020.0,8,3019.0,142
rb1805,20170629,20170628,211310000,3019.0,5784,78412,174924800.0,3020.0,8,3019.0,142
rb1805,20170629,20170628,211312500,3019.0,5786,78412,174985180.0,3020.0,8,3019.0,141
rb1805,20170629,20170628,211313000,3019.0,5786,78412,174985180.0,3020.0,8,3019.0,141
rb1805,20170629,20170628,211317000,3019.0,5886,78512,178004180.0,3020.0,8,3019.0,91
rb1805,20170629,20170628,211317500,3019.0,5890,78512,178124960.0,3020.0,7,3019.0,90
rb1805,20170629,20170628,211320500,3020.0,5892,78512,178185360.0,3020.0,6,3019.0,90
rb1805,20170629,20170628,211321500,3019.0,5894,78512,178245740.0,3020.0,6,3019.0,89
rb1805,20170629,20170628,211323000,3019.0,5894,78512,178245740.0,3020.0,7,3019.0,89
rb1805,20170629,20170628,211323500,3020.0,5896,78512,178306140.0,3020.0,6,3019.0,89
rb1805,20170629,20170628,211324000,3020.0,5896,78512,178306140.0,3020.0,5,3019.0,89
rb1805,20170629,20170628,211325000,3020.0,5898,78510,178366540.0,3020.0,4,3019.0,89
rb1805,20170629,20170628,211326000,3019.0,5918,78510,178970340.0,3020.0,4,3019.0,79
rb1805,20170629,20170628,211326500,3019.0,5958,78550,180177940.0,3020.0,4,3019.0,59
rb1805,20170629,20170628,211327000,3019.0,5958,78550,180177940.0,3020.0,4,3019.0,59
rb1805,20170629,20170628,211327500,3019.0,6034,78550,182472380.0,3020.0,4,3019.0,21
rb1805,20170629,20170628,211328500,3019.0,6044,78560,182774280.0,3020.0,4,3019.0,16
rb1805,20170629,20170628,211330000,3019.0,6058,78570,183196940.0,3020.0,4,3019.0,9
rb1805,20170629,20170628,211333500,3019.0,6060,78572,183257320.0,3020.0,9,3019.0,8
rb1805,20170629,20170628,211334000,3019.0,6076,78576,183740360.0,3019.0,2,3018.0,2
rb1805,20170629,20170628,211334500,3019.0,6076,78576,183740360.0,3019.0,5,3018.0,2
rb1805,20170629,20170628,211335500,3019.0,6076,78576,183740360.0,3019.0,7,3018.0,2
rb1805,20170629,20170628,211337000,3019.0,6076,78576,183740360.0,3019.0,8,3018.0,2
rb1805,20170629,20170628,211337500,3018.0,6078,78576,183800720.0,3019.0,8,3018.0,1
rb1805,20170629,20170628,211338500,3018.0,6080,78578,183861080.0,3019.0,8,3015.0,5
rb1805,20170629,20170628,211339000,3015.0,6082,78576,183921380.0,3018.0,1,3015.0,4
rb1805,20170629,20170628,211339500,3013.0,6228,78560,188320780.0,3018.0,5,3013.0,52
rb1805,20170629,20170628,211340000,3013.0,6242,78560,188742600.0,3018.0,5,3013.0,32
rb1805,20170629,20170628,211340500,3013.0,6246,78556,188863120.0,3018.0,5,3016.0,1
rb1805,20170629,20170628,211341000,3013.0,6246,78556,188863120.0,3017.0,2,3016.0,1
rb1805,20170629,20170628,211341500,3013.0,6246,78556,188863120.0,3017.0,7,3016.0,1
rb1805,20170629,20170628,211342500,3013.0,6246,78556,188863120.0,3017.0,7,3013.0,29
rb1805,20170629,20170628,211343000,3013.0,6246,78556,188863120.0,3017.0,7,3016.0,2
rb1805,20170629,20170628,211343500,3013.0,6246,78556,188863120.0,3017.0,7,3015.0,1
rb1805,20170629,20170628,211344000,3013.0,6246,78556,188863120.0,3017.0,7,3015.0,1
rb1805,20170629,20170628,211344500,3013.0,6246,78556,188863120.0,3017.0,2,3015.0,1
rb1805,20170629,20170628,211345000,3013.0,6246,78556,188863120.0,3017.0,2,3015.0,2
rb1805,20170629,20170628,211345500,3017.0,6250,78552,188983800.0,3018.0,5,3016.0,1
rb1805,20170629,20170628,211346000,3017.0,6250,78552,188983800.0,3018.0,5,3016.0,1
rb1805,20170629,20170628,211346500,3017.0,6250,78552,188983800.0,3018.0,5,3016.0,1
rb1805,20170629,20170628,211347000,3016.0,6252,78550,189044120.0,3018.0,5,3015.0,2
rb1805,20170629,20170628,211347500,3015.0,6262,78542,189345640.0,3015.0,1,3013.0,29
rb1805,20170629,20170628,211348000,3015.0,6266,78542,189466240.0,3018.0,5,3016.0,3
rb1805,20170629,20170628,211348500,3015.0,6266,78542,189466240.0,3018.0,5,3016.0,1
rb1805,20170629,20170628,211349000,3015.0,6266,78542,189466240.0,3018.0,5,3016.0,1
rb1805,20170629,20170628,211350500,3018.0,6268,78542,189526600.0,3018.0,4,3016.0,1
rb1805,20170629,20170628,211351000,3018.0,6268,78542,189526600.0,3018.0,4,3015.0,3
rb1805,20170629,20170628,211351500,3016.0,6272,78542,189647240.0,3016.0,3,3015.0,3
rb1805,20170629,20170628,211352000,3016.0,6272,78542,189647240.0,3016.0,8,3015.0,3
rb1805,20170629,20170628,211352500,3016.0,6272,78542,189647240.0,3016.0,8,3015.0,3
rb1805,20170629,20170628,211353000,3016.0,6272,78542,189647240.0,3016.0,8,3015.0,1
rb1805,20170629,20170628,211354500,3016.0,6276,78540,189767860.0,3015.0,10,3013.0,29
rb1805,20170629,20170628,211355000,3016.0,6276,78540,189767860.0,3015.0,15,3014.0,1
rb1805,20170629,20170628,211356000,3016.0,6276,78540,189767860.0,3015.0,15,3014.0,2
rb1805,20170629,20170628,211357000,3014.0,6282,78544,189948700.0,3014.0,2,3013.0,29
rb1805,20170629,20170628,211357500,3014.0,6286,78544,190069260.0,3015.0,16,3014.0,5
rb1805,20170629,20170628,211358000,3014.0,6286,78544,190069260.0,3015.0,16,3013.0,30
rb1805,20170629,20170628,211358500,3015.0,6288,78544,190129560.0,3015.0,15,3013.0,30
rb1805,20170629,20170628,211401000,3015.0,6290,78544,190189860.0,3015.0,14,3013.0,32
rb1805,20170629,20170628,211402000,3015.0,6290,78544,190189860.0,3015.0,9,3013.0,33
rb1805,20170629,20170628,211402500,3015.0,6302,78532,190551660.0,3015.0,3,3014.0,1
rb1805,20170629,20170628,211403000,3016.0,6312,78534,190853200.0,3016.0,5,3015.0,6
rb1805,20170629,20170628,211403500,3016.0,6312,78534,190853200.0,3016.0,3,3015.0,2
rb1805,20170629,20170628,211404000,3015.0,6314,78534,190913500.0,3016.0,3,3015.0,1
rb1805,20170629,20170628,211404500,3015.0,6316,78534,190973800.0,3015.0,1,3014.0,3
rb1805,20170629,20170628,211405000,3015.0,6320,78534,191094400.0,3016.0,3,3015.0,3
rb1805,20170629,20170628,211405500,3015.0,6320,78534,191094400.0,3016.0,3,3014.0,3
rb1805,20170629,20170628,211406000,3015.0,6320,78534,191094400.0,3016.0,8,3014.0,6
rb1805,20170629,20170628,211407000,3015.0,6320,78534,191094400.0,3016.0,8,3014.0,6
rb1805,20170629,20170628,211407500,3015.0,6320,78534,191094400.0,3016.0,8,3014.0,7
rb1805,20170629,20170628,211408000,3015.0,6320,78534,191094400.0,3016.0,8,3014.0,4
rb1805,20170629,20170628,211408500,3015.0,6320,78534,191094400.0,3016.0,8,3014.0,7
rb1805,20170629,20170628,211409000,3015.0,6320,78534,191094400.0,3016.0,8,3014.0,8
