instrument,tradingday,calendarday,time,lastp,volume,openinterest,turnover,ask1,asksz1,bid1,bidsz1
rb1805,20170913,20170912,183407500,3827.0,0,324694,0.0,0.0,0,0.0,0
rb1805,20170913,20170912,205900500,3820.0,704,324794,26892800.0,3820.0,46,3819.0,2
rb1805,20170913,20170912,210000500,3819.0,1248,325080,47662060.0,3819.0,55,3817.0,5
rb1805,20170913,20170912,210001000,3826.0,1704,325052,65087160.0,3826.0,4,3821.0,2
rb1805,20170913,20170912,210001500,3822.0,1900,325066,72581420.0,3824.0,1,3822.0,9
rb1805,20170913,20170912,210002000,3823.0,2052,325032,78394460.0,3825.0,2,3823.0,1
rb1805,20170913,20170912,210002500,3827.0,2088,325022,79771300.0,3827.0,1,3825.0,1
rb1805,20170913,20170912,210003000,3825.0,2206,324990,84284700.0,3826.0,4,3825.0,4
rb1805,20170913,20170912,210003500,3823.0,2264,324998,86502500.0,3824.0,1,3823.0,14
rb1805,20170913,20170912,210004000,3826.0,2354,325012,89945820.0,3828.0,17,3827.0,2
rb1805,20170913,20170912,210004500,3826.0,2422,325018,92548220.0,3828.0,17,3826.0,39
rb1805,20170913,20170912,210005000,3828.0,2730,325004,104347180.0,3835.0,188,3828.0,63
rb1805,20170913,20170912,210005500,3831.0,3216,325286,122979420.0,3835.0,86,3833.0,2
rb1805,20170913,20170912,210006000,3835.0,4092,325506,156590820.0,3840.0,181,3835.0,16
rb1805,20170913,20170912,210006500,3844.0,4984,325562,190839440.0,3844.0,11,3842.0,21
rb1805,20170913,20170912,210007000,3843.0,5812,325210,222641900.0,3843.0,12,3841.0,4
rb1805,20170913,20170912,210007500,3840.0,6024,325162,230784500.0,3841.0,1,3840.0,2
rb1805,20170913,20170912,210008000,3836.0,6130,325146,234854220.0,3836.0,1,3835.0,59
rb1805,20170913,20170912,210008500,3836.0,6340,325102,242911360.0,3836.0,3,3835.0,30
rb1805,20170913,20170912,210009000,3835.0,6412,325086,245673140.0,3839.0,8,3837.0,1
rb1805,20170913,20170912,210009500,3835.0,6494,325070,248817760.0,3835.0,2,3834.0,90
rb1805,20170913,20170912,210010000,3836.0,6588,325082,252422600.0,3836.0,2,3834.0,70
rb1805,20170913,20170912,210010500,3834.0,6720,325048,257485620.0,3837.0,14,3834.0,85
rb1805,20170913,20170912,210011000,3835.0,6776,325064,259633880.0,3838.0,20,3837.0,3
rb1805,20170913,20170912,210011500,3837.0,6848,325100,262396960.0,3837.0,8,3835.0,21
rb1805,20170913,20170912,210012000,3835.0,6990,325086,267844900.0,3838.0,10,3835.0,12
rb1805,20170913,20170912,210012500,3836.0,7070,325060,270913660.0,3837.0,27,3836.0,7
rb1805,20170913,20170912,210013000,3836.0,7190,325020,275516260.0,3836.0,16,3835.0,10
rb1805,20170913,20170912,210013500,3835.0,7254,325056,277970600.0,3835.0,1,3834.0,72
rb1805,20170913,20170912,210014000,3834.0,7406,325118,283798260.0,3834.0,4,3833.0,23
rb1805,20170913,20170912,210014500,3834.0,7448,325124,285408280.0,3834.0,33,3833.0,9
rb1805,20170913,20170912,210015000,3836.0,7630,325190,292386880.0,3836.0,55,3833.0,6
rb1805,20170913,20170912,210015500,3831.0,7692,325176,294763200.0,3833.0,13,3831.0,12
rb1805,20170913,20170912,210016000,3833.0,7780,325164,298135600.0,3833.0,33,3832.0,2
rb1805,20170913,20170912,210016500,3832.0,7794,325154,298672080.0,3833.0,33,3831.0,13
rb1805,20170913,20170912,210017000,3833.0,7850,325144,300817660.0,3833.0,60,3831.0,2
rb1805,20170913,20170912,210017500,3833.0,7940,325208,304267240.0,3833.0,20,3831.0,15
rb1805,20170913,20170912,210018000,3833.0,7962,325214,305110260.0,3833.0,16,3831.0,11
rb1805,20170913,20170912,210018500,3831.0,8022,325244,307408860.0,3831.0,1,3830.0,15
rb1805,20170913,20170912,210019000,3832.0,8068,325256,309171400.0,3832.0,10,3831.0,1
rb1805,20170913,20170912,210019500,3830.0,8094,325274,310167460.0,3832.0,8,3830.0,14
rb1805,20170913,20170912,210020000,3830.0,8178,325232,313385200.0,3830.0,23,3829.0,6
rb1805,20170913,20170912,210020500,3830.0,8272,325172,316985680.0,3831.0,45,3829.0,12
rb1805,20170913,20170912,210021000,3831.0,8304,325154,318211600.0,3831.0,40,3830.0,4
rb1805,20170913,20170912,210021500,3831.0,8336,325168,319437220.0,3831.0,43,3830.0,5
rb1805,20170913,20170912,210022000,3830.0,8354,325180,320126640.0,3830.0,11,3829.0,11
rb1805,20170913,20170912,210022500,3829.0,8370,325192,320739400.0,3830.0,10,3829.0,10
rb1805,20170913,20170912,210023000,3830.0,8436,325172,323266640.0,3830.0,27,3829.0,1
rb1805,20170913,20170912,210023500,3829.0,8442,325178,323496380.0,3829.0,34,3828.0,5
rb1805,20170913,20170912,210024000,3830.0,8578,325210,328703880.0,3830.0,41,3829.0,2
rb1805,20170913,20170912,210024500,3829.0,8596,325210,329393160.0,3830.0,41,3828.0,23
rb1805,20170913,20170912,210025000,3829.0,8620,325220,330312020.0,3829.0,20,3828.0,22
rb1805,20170913,20170912,210025500,3829.0,8634,325224,330848040.0,3829.0,16,3828.0,21
rb1805,20170913,20170912,210026000,3828.0,8682,325210,332685480.0,3828.0,6,3827.0,5
rb1805,20170913,20170912,210026500,3827.0,8758,325232,335595220.0,3828.0,11,3827.0,10
rb1805,20170913,20170912,210027000,3827.0,8802,325234,337279640.0,3830.0,99,3828.0,2
rb1805,20170913,20170912,210027500,3828.0,8818,325226,337892100.0,3828.0,4,3827.0,27
rb1805,20170913,20170912,210028000,3828.0,8856,325218,339346840.0,3829.0,1,3828.0,10
rb1805,20170913,20170912,210028500,3828.0,8884,325200,340418920.0,3830.0,98,3828.0,17
rb1805,20170913,20170912,210029000,3828.0,8932,325198,342256360.0,3830.0,98,3829.0,52
rb1805,20170913,20170912,210029500,3828.0,9082,325096,347999480.0,3828.0,6,3827.0,21
rb1805,20170913,20170912,210030000,3828.0,9104,325094,348841600.0,3828.0,4,3827.0,26
rb1805,20170913,20170912,210030500,3829.0,9118,325108,349377560.0,3829.0,22,3828.0,20
rb1805,20170913,20170912,210031000,3828.0,9148,325100,350526020.0,3829.0,20,3828.0,18
rb1805,20170913,20170912,210031500,3829.0,9172,325106,351444840.0,3829.0,12,3828.0,11
rb1805,20170913,20170912,210032000,3828.0,9186,325108,351980840.0,3829.0,9,3828.0,13
rb1805,20170913,20170912,210032500,3829.0,9196,325104,352363680.0,3829.0,10,3828.0,20
rb1805,20170913,20170912,210033000,3828.0,9214,325100,353052780.0,3829.0,16,3828.0,10
rb1805,20170913,20170912,210033500,3829.0,9228,325096,353588800.0,3829.0,9,3828.0,9
rb1805,20170913,20170912,210034000,3828.0,9300,325126,356344900.0,3828.0,32,3827.0,37
rb1805,20170913,20170912,210034500,3829.0,9408,325226,360479160.0,3829.0,31,3828.0,1
rb1805,20170913,20170912,210035000,3827.0,9554,325126,366066980.0,3829.0,17,3827.0,6
rb1805,20170913,20170912,210035500,3828.0,9570,325126,366679440.0,3828.0,5,3827.0,13
rb1805,20170913,20170912,210036000,3828.0,9590,325122,367444960.0,3828.0,10,3827.0,3
rb1805,20170913,20170912,210036500,3827.0,9600,325128,367827680.0,3828.0,20,3826.0,83
rb1805,20170913,20170912,210037000,3828.0,9624,325126,368746360.0,3828.0,4,3826.0,86
rb1805,20170913,20170912,210037500,3828.0,9626,325128,368822920.0,3827.0,1,3826.0,87
rb1805,20170913,20170912,210038000,3828.0,9646,325124,369588480.0,3829.0,18,3828.0,9
rb1805,20170913,20170912,210038500,3828.0,9782,325154,374793680.0,3828.0,7,3826.0,93
rb1805,20170913,20170912,210039000,3828.0,9794,325156,375253040.0,3828.0,7,3827.0,48
rb1805,20170913,20170912,210039500,3828.0,9830,325166,376631220.0,3829.0,19,3828.0,13
rb1805,20170913,20170912,210040000,3828.0,9840,325164,377014060.0,3829.0,23,3828.0,24
rb1805,20170913,20170912,210040500,3829.0,9848,325160,377320320.0,3829.0,39,3828.0,21
rb1805,20170913,20170912,210041000,3828.0,9864,325160,377932920.0,3829.0,17,3828.0,19
rb1805,20170913,20170912,210041500,3828.0,9890,325146,378928280.0,3829.0,11,3828.0,16
rb1805,20170913,20170912,210042000,3829.0,9922,325160,380153560.0,3830.0,81,3829.0,3
rb1805,20170913,20170912,210042500,3828.0,9936,325162,380689560.0,3830.0,84,3828.0,45
rb1805,20170913,20170912,210043000,3828.0,9974,325148,382144200.0,3829.0,18,3828.0,15
rb1805,20170913,20170912,210043500,3828.0,10024,325166,384058400.0,3828.0,4,3827.0,59
rb1805,20170913,20170912,210044000,3828.0,10026,325168,384134960.0,3828.0,5,3827.0,59
rb1805,20170913,20170912,210044500,3830.0,10048,325172,384977260.0,3830.0,79,3829.0,9
rb1805,20170913,20170912,210045000,3830.0,10052,325172,385130460.0,3830.0,79,3829.0,36
rb1805,20170913,20170912,210045500,3829.0,10150,325216,388882740.0,3830.0,97,3829.0,8
rb1805,20170913,20170912,210046000,3830.0,10296,325268,394474480.0,3830.0,24,3829.0,5
rb1805,20170913,20170912,210046500,3829.0,10300,325266,394627640.0,3830.0,7,3829.0,7
rb1805,20170913,20170912,210047000,3830.0,10306,325266,394857400.0,3830.0,9,3829.0,20
rb1805,20170913,20170912,210047500,3830.0,10346,325252,396389400.0,3831.0,44,3830.0,2
rb1805,20170913,20170912,210048000,3830.0,10370,325256,397308600.0,3830.0,11,3829.0,20
rb1805,20170913,20170912,210048500,3830.0,10410,325234,398840620.0,3831.0,43,3830.0,23
rb1805,20170913,20170912,210049000,3830.0,10454,325202,400525880.0,3831.0,40,3830.0,4
rb1805,20170913,20170912,210049500,3830.0,10486,325228,401751480.0,3830.0,34,3829.0,32
rb1805,20170913,20170912,210050000,3830.0,10486,325228,401751480.0,3830.0,36,3829.0,32
rb1805,20170913,20170912,210050500,3829.0,10666,325254,408642680.0,3829.0,34,3828.0,6
rb1805,20170913,20170912,210051000,3828.0,10682,325270,409255160.0,3829.0,24,3827.0,66
rb1805,20170913,20170912,210051500,3831.0,11038,324988,422890660.0,3832.0,23,3831.0,18
rb1805,20170913,20170912,210052000,3830.0,11086,324996,424729480.0,3831.0,45,3829.0,33
rb1805,20170913,20170912,210052500,3829.0,11150,325020,427180040.0,3829.0,4,3828.0,3
rb1805,20170913,20170912,210053000,3829.0,11176,325014,428175280.0,3829.0,12,3828.0,1
rb1805,20170913,20170912,210053500,3829.0,11192,325020,428787760.0,3829.0,15,3828.0,28
rb1805,20170913,20170912,210054000,3829.0,11238,325032,430548760.0,3829.0,11,3828.0,11
rb1805,20170913,20170912,210054500,3829.0,11254,325036,431161280.0,3829.0,12,3828.0,5
rb1805,20170913,20170912,210055000,3828.0,11264,325046,431544080.0,3828.0,3,3827.0,67
rb1805,20170913,20170912,210055500,3828.0,11298,325042,432845660.0,3828.0,48,3827.0,67
rb1805,20170913,20170912,210056000,3828.0,11330,325040,434070400.0,3828.0,46,3827.0,57
rb1805,20170913,20170912,210056500,3827.0,11344,325036,434606260.0,3828.0,46,3827.0,54
rb1805,20170913,20170912,210057000,3827.0,11518,324980,441265940.0,3828.0,21,3827.0,3
rb1805,20170913,20170912,210057500,3827.0,11524,324986,441495560.0,3827.0,1,3826.0,68
rb1805,20170913,20170912,210058000,3827.0,11536,324998,441954800.0,3828.0,24,3827.0,12
rb1805,20170913,20170912,210058500,3827.0,11538,325000,442031340.0,3828.0,26,3827.0,11
rb1805,20170913,20170912,210059000,3827.0,11540,325000,442107880.0,3828.0,28,3827.0,13
rb1805,20170913,20170912,210059500,3827.0,11554,325004,442643680.0,3828.0,27,3827.0,7
rb1805,20170913,20170912,210100000,3827.0,11560,325006,442873320.0,3828.0,27,3827.0,7
rb1805,20170913,20170912,210100500,3827.0,11590,325012,444021560.0,3828.0,18,3826.0,73
rb1805,20170913,20170912,210101000,3828.0,11624,325030,445323000.0,3828.0,37,3826.0,72
rb1805,20170913,20170912,210101500,3827.0,11698,324962,448155680.0,3828.0,15,3827.0,10
rb1805,20170913,20170912,210102000,3827.0,11772,324996,450988280.0,3828.0,2,3826.0,72
rb1805,20170913,20170912,210102500,3828.0,11774,324996,451064840.0,3827.0,3,3826.0,73
rb1805,20170913,20170912,210103000,3827.0,11806,324990,452289520.0,3828.0,19,3827.0,30
rb1805,20170913,20170912,210103500,3828.0,11810,324990,452442620.0,3828.0,21,3827.0,26
rb1805,20170913,20170912,210104000,3828.0,11826,325000,453055080.0,3828.0,6,3827.0,28
rb1805,20170913,20170912,210104500,3828.0,11846,325018,453820700.0,3829.0,38,3828.0,31
rb1805,20170913,20170912,210105000,3827.0,11882,325006,455198860.0,3828.0,3,3827.0,27
rb1805,20170913,20170912,210105500,3829.0,11894,325008,455658280.0,3830.0,38,3828.0,29
rb1805,20170913,20170912,210106000,3828.0,11898,325008,455811400.0,3830.0,31,3829.0,9
rb1805,20170913,20170912,210106500,3830.0,11914,325014,456424200.0,3830.0,22,3829.0,16
rb1805,20170913,20170912,210107000,3829.0,11916,325014,456500780.0,3830.0,22,3829.0,15
rb1805,20170913,20170912,210107500,3830.0,11926,325018,456883760.0,3830.0,18,3829.0,14
rb1805,20170913,20170912,210108000,3830.0,11962,325000,458262560.0,3831.0,36,3830.0,3
rb1805,20170913,20170912,210108500,3830.0,11968,325004,458492360.0,3831.0,29,3830.0,12
rb1805,20170913,20170912,210109000,3830.0,11992,325002,459411580.0,3831.0,19,3830.0,2
rb1805,20170913,20170912,210109500,3829.0,12048,324998,461556420.0,3831.0,14,3829.0,49
rb1805,20170913,20170912,210110000,3831.0,12050,325000,461633040.0,3830.0,2,3829.0,55
rb1805,20170913,20170912,210110500,3830.0,12054,325002,461786240.0,3830.0,15,3829.0,13
rb1805,20170913,20170912,210111000,3830.0,12124,325006,464466900.0,3830.0,3,3828.0,26
rb1805,20170913,20170912,210111500,3831.0,12174,324994,466382380.0,3830.0,2,3828.0,26
rb1805,20170913,20170912,210112000,3830.0,12178,324996,466535580.0,3829.0,4,3828.0,21
rb1805,20170913,20170912,210112500,3830.0,12210,325028,467761180.0,3829.0,1,3828.0,27
rb1805,20170913,20170912,210113000,3830.0,12310,325118,471591180.0,3829.0,1,3828.0,27
rb1805,20170913,20170912,210113500,3829.0,12344,325130,472892920.0,3830.0,9,3829.0,16
rb1805,20170913,20170912,210114000,3828.0,12412,325168,475496240.0,3828.0,8,3827.0,60
rb1805,20170913,20170912,210114500,3829.0,12576,325264,481773920.0,3828.0,2,3827.0,34
rb1805,20170913,20170912,210115000,3828.0,12600,325248,482692460.0,3828.0,74,3827.0,26
rb1805,20170913,20170912,210115500,3827.0,12702,325292,486595560.0,3827.0,41,3826.0,66
rb1805,20170913,20170912,210116000,3827.0,12708,325296,486825140.0,3827.0,59,3826.0,55
rb1805,20170913,20170912,210116500,3826.0,12878,325258,493328880.0,3826.0,30,3825.0,27
rb1805,20170913,20170912,210117000,3823.0,12966,325232,496694440.0,3824.0,1,3823.0,38
rb1805,20170913,20170912,210117500,3824.0,13212,325152,506099220.0,3824.0,69,3822.0,27
rb1805,20170913,20170912,210118000,3824.0,13328,325164,510534880.0,3824.0,21,3822.0,27
rb1805,20170913,20170912,210118500,3823.0,13344,325160,511146580.0,3824.0,19,3822.0,46
rb1805,20170913,20170912,210119000,3824.0,13422,325156,514129460.0,3826.0,26,3824.0,4
rb1805,20170913,20170912,210119500,3824.0,13430,325156,514435380.0,3826.0,21,3824.0,59
rb1805,20170913,20170912,210120000,3826.0,13502,325166,517189280.0,3826.0,13,3825.0,13
rb1805,20170913,20170912,210120500,3826.0,13570,325164,519790960.0,3827.0,23,3826.0,42
rb1805,20170913,20170912,210121000,3826.0,13580,325164,520173600.0,3827.0,14,3826.0,32
rb1805,20170913,20170912,210121500,3827.0,13634,325190,522240300.0,3828.0,1,3827.0,28
rb1805,20170913,20170912,210122000,3827.0,13644,325194,522623040.0,3829.0,68,3828.0,3
rb1805,20170913,20170912,210122500,3828.0,13678,325162,523924540.0,3828.0,6,3827.0,13
rb1805,20170913,20170912,210123000,3827.0,13734,325150,526067680.0,3828.0,120,3827.0,2
rb1805,20170913,20170912,210123500,3826.0,13750,325150,526679920.0,3827.0,4,3826.0,27
rb1805,20170913,20170912,210124000,3828.0,13764,325150,527215740.0,3828.0,58,3827.0,1
rb1805,20170913,20170912,210124500,3827.0,13768,325146,527368820.0,3828.0,60,3826.0,16
rb1805,20170913,20170912,210125000,3827.0,13772,325146,527521900.0,3827.0,1,3826.0,17
rb1805,20170913,20170912,210125500,3827.0,13772,325146,527521900.0,3827.0,12,3826.0,22
rb1805,20170913,20170912,210126000,3827.0,13798,325136,528516700.0,3827.0,12,3826.0,1
rb1805,20170913,20170912,210126500,3826.0,13802,325138,528669740.0,3826.0,120,3825.0,40
rb1805,20170913,20170912,210127000,3826.0,13810,325136,528975820.0,3826.0,115,3825.0,11
rb1805,20170913,20170912,210127500,3826.0,13824,325140,529511420.0,3826.0,108,3825.0,15
rb1805,20170913,20170912,210128000,3826.0,13830,325140,529740940.0,3826.0,107,3825.0,11
rb1805,20170913,20170912,210128500,3825.0,13838,325142,530046980.0,3826.0,115,3825.0,9
rb1805,20170913,20170912,210129000,3825.0,13838,325142,530046980.0,3826.0,114,3825.0,30
rb1805,20170913,20170912,210129500,3826.0,13934,325130,533719940.0,3826.0,66,3825.0,30
rb1805,20170913,20170912,210130000,3826.0,14074,325120,539076340.0,3827.0,9,3826.0,17
rb1805,20170913,20170912,210130500,3827.0,14116,325152,540683680.0,3828.0,77,3827.0,5
rb1805,20170913,20170912,210131000,3827.0,14126,325152,541066400.0,3828.0,86,3827.0,6
rb1805,20170913,20170912,210131500,3826.0,14178,325130,543056260.0,3827.0,19,3826.0,10
rb1805,20170913,20170912,210132000,3827.0,14214,325122,544433880.0,3827.0,5,3826.0,3
rb1805,20170913,20170912,210132500,3827.0,14228,325114,544969660.0,3828.0,84,3827.0,8
rb1805,20170913,20170912,210133000,3827.0,14244,325114,545581980.0,3827.0,10,3826.0,9
rb1805,20170913,20170912,210133500,3827.0,14244,325114,545581980.0,3827.0,10,3826.0,10
rb1805,20170913,20170912,210134000,3827.0,14258,325128,546117760.0,3827.0,7,3826.0,10
rb1805,20170913,20170912,210134500,3826.0,14260,325130,546194280.0,3827.0,15,3826.0,13
rb1805,20170913,20170912,210135000,3826.0,14282,325128,547036000.0,3826.0,21,3825.0,46
rb1805,20170913,20170912,210135500,3826.0,14294,325120,547495120.0,3826.0,18,3825.0,46
rb1805,20170913,20170912,210136000,3827.0,14334,325138,549025560.0,3827.0,14,3826.0,63
rb1805,20170913,20170912,210136500,3827.0,14362,325128,550097120.0,3827.0,1,3826.0,63
rb1805,20170913,20170912,210137000,3827.0,14376,325118,550632900.0,3827.0,21,3826.0,73
rb1805,20170913,20170912,210137500,3827.0,14414,325116,552087160.0,3827.0,2,3826.0,74
rb1805,20170913,20170912,210138000,3827.0,14418,325116,552240240.0,3828.0,88,3827.0,56
rb1805,20170913,20170912,210138500,3827.0,14482,325174,554689520.0,3828.0,41,3827.0,30
rb1805,20170913,20170912,210139000,3827.0,14482,325174,554689520.0,3828.0,41,3827.0,30
rb1805,20170913,20170912,210139500,3827.0,14482,325174,554689520.0,3828.0,42,3827.0,31
rb1805,20170913,20170912,210140000,3827.0,14484,325174,554766060.0,3828.0,42,3827.0,31
rb1805,20170913,20170912,210140500,3827.0,14514,325184,555914200.0,3828.0,90,3827.0,18
rb1805,20170913,20170912,210141000,3827.0,14550,325174,557291920.0,3827.0,24,3826.0,83
rb1805,20170913,20170912,210141500,3827.0,14552,325174,557368460.0,3827.0,26,3826.0,77
rb1805,20170913,20170912,210142000,3827.0,14558,325174,557598080.0,3827.0,23,3826.0,77
rb1805,20170913,20170912,210142500,3827.0,14618,325196,559894280.0,3827.0,15,3826.0,89
rb1805,20170913,20170912,210143000,3827.0,14710,325226,563415140.0,3828.0,96,3827.0,22
rb1805,20170913,20170912,210143500,3827.0,14716,325232,563644780.0,3828.0,96,3827.0,28
rb1805,20170913,20170912,210144000,3827.0,14718,325230,563721320.0,3828.0,96,3827.0,27
rb1805,20170913,20170912,210144500,3828.0,14910,325254,571071080.0,3828.0,1,3827.0,27
rb1805,20170913,20170912,210145000,3827.0,14970,325226,573367660.0,3827.0,74,3826.0,79
rb1805,20170913,20170912,210145500,3829.0,15132,325238,579567680.0,3829.0,44,3828.0,3
rb1805,20170913,20170912,210146000,3829.0,15138,325238,579797380.0,3829.0,48,3828.0,12
rb1805,20170913,20170912,210146500,3827.0,15196,325198,582017380.0,3829.0,46,3827.0,72
rb1805,20170913,20170912,210147000,3827.0,15196,325198,582017380.0,3829.0,47,3827.0,88
rb1805,20170913,20170912,210147500,3828.0,15228,325168,583242060.0,3828.0,2,3827.0,74
rb1805,20170913,20170912,210148000,3830.0,15328,325206,587071040.0,3830.0,60,3829.0,1
rb1805,20170913,20170912,210148500,3828.0,15364,325216,588449260.0,3830.0,60,3828.0,50
rb1805,20170913,20170912,210149000,3828.0,15364,325216,588449260.0,3830.0,60,3829.0,8
rb1805,20170913,20170912,210149500,3830.0,15370,325220,588679000.0,3830.0,59,3828.0,48
rb1805,20170913,20170912,210150000,3828.0,15376,325224,588908760.0,3829.0,3,3828.0,58
rb1805,20170913,20170912,210150500,3830.0,15384,325220,589215100.0,3830.0,57,3829.0,13
rb1805,20170913,20170912,210151000,3829.0,15444,325220,591513060.0,3830.0,29,3829.0,12
rb1805,20170913,20170912,210151500,3829.0,15526,325248,594653060.0,3830.0,18,3829.0,15
rb1805,20170913,20170912,210152000,3829.0,15528,325250,594729640.0,3830.0,18,3829.0,14
rb1805,20170913,20170912,210152500,3830.0,15532,325250,594882840.0,3830.0,17,3829.0,14
rb1805,20170913,20170912,210153000,3829.0,15538,325254,595112620.0,3830.0,14,3829.0,13
rb1805,20170913,20170912,210153500,3829.0,15544,325254,595342400.0,3830.0,17,3829.0,13
rb1805,20170913,20170912,210154000,3831.0,15600,325276,597487420.0,3831.0,34,3830.0,8
rb1805,20170913,20170912,210154500,3831.0,15674,325236,600322320.0,3832.0,68,3831.0,12
rb1805,20170913,20170912,210155000,3830.0,15710,325236,601701360.0,3830.0,39,3829.0,59
rb1805,20170913,20170912,210155500,3831.0,15810,325232,605531520.0,3831.0,32,3830.0,42
rb1805,20170913,20170912,210156000,3832.0,15814,325234,605684780.0,3832.0,71,3830.0,63
rb1805,20170913,20170912,210156500,3830.0,15892,325178,608672280.0,3830.0,2,3829.0,24
rb1805,20170913,20170912,210157000,3830.0,15898,325178,608902080.0,3831.0,35,3830.0,7
rb1805,20170913,20170912,210157500,3830.0,15908,325180,609285140.0,3831.0,2,3830.0,67
rb1805,20170913,20170912,210158000,3832.0,15930,325174,610128000.0,3832.0,76,3830.0,85
rb1805,20170913,20170912,210158500,3830.0,15940,325170,610511000.0,3831.0,3,3830.0,75
rb1805,20170913,20170912,210159000,3831.0,15948,325168,610817480.0,3832.0,77,3831.0,3
rb1805,20170913,20170912,210159500,3831.0,15978,325188,611966980.0,3831.0,15,3830.0,74
rb1805,20170913,20170912,210200000,3831.0,16040,325146,614342260.0,3832.0,64,3831.0,40
rb1805,20170913,20170912,210200500,3832.0,16186,325092,619936160.0,3832.0,26,3831.0,1
rb1805,20170913,20170912,210201000,3832.0,16244,325098,622158700.0,3832.0,1,3831.0,65
rb1805,20170913,20170912,210201500,3831.0,16268,325096,623078340.0,3833.0,112,3831.0,65
rb1805,20170913,20170912,210202000,3831.0,16284,325104,623691420.0,3832.0,5,3831.0,65
rb1805,20170913,20170912,210202500,3832.0,16306,325102,624534460.0,3832.0,2,3831.0,33
rb1805,20170913,20170912,210203000,3832.0,16394,325102,627905960.0,3831.0,1,3830.0,78
rb1805,20170913,20170912,210203500,3831.0,16402,325102,628212440.0,3831.0,4,3830.0,79
rb1805,20170913,20170912,210204000,3832.0,16414,325106,628672160.0,3832.0,40,3831.0,6
rb1805,20170913,20170912,210204500,3832.0,16442,325106,629744980.0,3832.0,35,3831.0,1
rb1805,20170913,20170912,210205000,3830.0,16518,325174,632656220.0,3832.0,18,3830.0,54
rb1805,20170913,20170912,210205500,3830.0,16538,325184,633422480.0,3832.0,12,3830.0,55
rb1805,20170913,20170912,210206000,3832.0,16544,325190,633652360.0,3832.0,11,3831.0,10
rb1805,20170913,20170912,210206500,3831.0,16568,325168,634571800.0,3831.0,41,3830.0,43
rb1805,20170913,20170912,210207000,3832.0,16734,325240,640932100.0,3832.0,10,3831.0,31
rb1805,20170913,20170912,210207500,3831.0,16758,325226,641851760.0,3832.0,1,3831.0,31
rb1805,20170913,20170912,210208000,3833.0,16788,325246,643001180.0,3833.0,114,3831.0,21
rb1805,20170913,20170912,210208500,3831.0,16810,325256,643844080.0,3832.0,1,3831.0,13
rb1805,20170913,20170912,210209000,3832.0,16814,325258,643997340.0,3832.0,8,3831.0,17
rb1805,20170913,20170912,210209500,3832.0,16826,325262,644457140.0,3832.0,6,3831.0,20
rb1805,20170913,20170912,210210000,3832.0,16832,325262,644687060.0,3832.0,5,3831.0,20
rb1805,20170913,20170912,210210500,3832.0,16840,325264,644993600.0,3832.0,12,3831.0,12
rb1805,20170913,20170912,210211000,3831.0,16862,325264,645836620.0,3832.0,9,3831.0,10
rb1805,20170913,20170912,210211500,3831.0,16864,325264,645913240.0,3832.0,9,3831.0,9
rb1805,20170913,20170912,210212000,3832.0,16872,325264,646219780.0,3833.0,113,3832.0,14
rb1805,20170913,20170912,210212500,3831.0,16906,325252,647522600.0,3833.0,119,3832.0,9
rb1805,20170913,20170912,210213000,3831.0,16950,325264,649208500.0,3831.0,1,3830.0,75
rb1805,20170913,20170912,210213500,3831.0,16964,325264,649744840.0,3833.0,120,3832.0,2
rb1805,20170913,20170912,210214000,3831.0,16972,325268,650051380.0,3832.0,43,3831.0,15
rb1805,20170913,20170912,210214500,3832.0,16976,325268,650204640.0,3832.0,22,3831.0,12
rb1805,20170913,20170912,210215000,3831.0,16994,325266,650894360.0,3832.0,32,3831.0,11
rb1805,20170913,20170912,210215500,3831.0,17016,325264,651737180.0,3832.0,33,3831.0,1
rb1805,20170913,20170912,210216000,3831.0,17024,325270,652043660.0,3831.0,27,3830.0,68
rb1805,20170913,20170912,210216500,3832.0,17044,325280,652809880.0,3831.0,1,3830.0,68
rb1805,20170913,20170912,210217000,3832.0,17048,325282,652963160.0,3831.0,11,3830.0,68
rb1805,20170913,20170912,210217500,3832.0,17060,325280,653423000.0,3831.0,43,3830.0,68
rb1805,20170913,20170912,210218000,3830.0,17120,325340,655721000.0,3831.0,53,3830.0,43
rb1805,20170913,20170912,210218500,3830.0,17210,325406,659168000.0,3830.0,62,3829.0,39
rb1805,20170913,20170912,210219000,3830.0,17292,325406,662308000.0,3830.0,83,3828.0,32
rb1805,20170913,20170912,210219500,3828.0,17314,325400,663150200.0,3829.0,11,3827.0,81
rb1805,20170913,20170912,210220000,3827.0,17326,325390,663609540.0,3828.0,7,3827.0,80
rb1805,20170913,20170912,210220500,3827.0,17362,325366,664987320.0,3828.0,4,3827.0,60
rb1805,20170913,20170912,210221000,3828.0,17376,325356,665523160.0,3828.0,3,3827.0,57
rb1805,20170913,20170912,210221500,3828.0,17382,325360,665752840.0,3828.0,1,3827.0,58
rb1805,20170913,20170912,210222000,3829.0,17392,325352,666135680.0,3829.0,28,3827.0,58
rb1805,20170913,20170912,210222500,3827.0,17394,325350,666212220.0,3829.0,33,3827.0,57
rb1805,20170913,20170912,210223000,3827.0,17394,325350,666212220.0,3829.0,33,3827.0,57
rb1805,20170913,20170912,210223500,3827.0,17396,325350,666288760.0,3829.0,28,3828.0,1
rb1805,20170913,20170912,210224000,3828.0,17398,325350,666365320.0,3829.0,33,3828.0,7
rb1805,20170913,20170912,210224500,3829.0,17402,325350,666518480.0,3829.0,31,3828.0,14
rb1805,20170913,20170912,210225000,3829.0,17404,325348,666595060.0,3829.0,41,3828.0,22
rb1805,20170913,20170912,210225500,3828.0,17448,325334,668279380.0,3829.0,41,3827.0,54
rb1805,20170913,20170912,210226000,3827.0,17454,325334,668509020.0,3828.0,10,3827.0,54
rb1805,20170913,20170912,210226500,3828.0,17568,325336,672871860.0,3828.0,14,3827.0,7
rb1805,20170913,20170912,210227000,3828.0,17592,325340,673790400.0,3828.0,48,3827.0,2
rb1805,20170913,20170912,210227500,3826.0,17614,325338,674632200.0,3827.0,19,3826.0,48
rb1805,20170913,20170912,210228000,3827.0,17636,325350,675474140.0,3827.0,7,3826.0,34
rb1805,20170913,20170912,210228500,3828.0,17676,325384,677005180.0,3828.0,40,3827.0,1
rb1805,20170913,20170912,210229000,3827.0,17678,325384,677081720.0,3827.0,10,3826.0,34
rb1805,20170913,20170912,210229500,3827.0,17686,325382,677387880.0,3827.0,8,3826.0,35
rb1805,20170913,20170912,210230000,3827.0,17694,325384,677694020.0,3827.0,5,3826.0,34
rb1805,20170913,20170912,210230500,3827.0,17700,325386,677923620.0,3827.0,4,3826.0,38
rb1805,20170913,20170912,210231000,3827.0,17712,325392,678382860.0,3828.0,36,3827.0,2
rb1805,20170913,20170912,210231500,3828.0,17736,325388,679301400.0,3828.0,33,3826.0,39
rb1805,20170913,20170912,210232000,3827.0,17740,325388,679454500.0,3828.0,30,3827.0,2
rb1805,20170913,20170912,210232500,3828.0,17750,325388,679837240.0,3828.0,28,3826.0,42
rb1805,20170913,20170912,210233000,3828.0,17752,325386,679913800.0,3828.0,30,3827.0,16
rb1805,20170913,20170912,210233500,3828.0,17762,325386,680296600.0,3828.0,57,3827.0,16
rb1805,20170913,20170912,210234000,3828.0,17822,325362,682592680.0,3827.0,1,3826.0,32
rb1805,20170913,20170912,210234500,3828.0,17822,325362,682592680.0,3827.0,2,3826.0,34
rb1805,20170913,20170912,210235000,3826.0,17836,325364,683128400.0,3827.0,8,3826.0,31
rb1805,20170913,20170912,210235500,3826.0,17846,325362,683511000.0,3827.0,45,3826.0,26
rb1805,20170913,20170912,210236000,3827.0,17908,325326,685883220.0,3826.0,1,3825.0,52
rb1805,20170913,20170912,210236500,3825.0,17918,325326,686265820.0,3827.0,48,3826.0,1
rb1805,20170913,20170912,210237000,3826.0,17940,325310,687107460.0,3827.0,44,3825.0,45
rb1805,20170913,20170912,210237500,3826.0,17944,325306,687260520.0,3827.0,44,3826.0,17
rb1805,20170913,20170912,210238000,3826.0,17958,325308,687796220.0,3827.0,41,3826.0,13
rb1805,20170913,20170912,210238500,3826.0,17968,325304,688178820.0,3827.0,41,3826.0,11
rb1805,20170913,20170912,210239000,3826.0,17968,325304,688178820.0,3827.0,43,3826.0,11
rb1805,20170913,20170912,210239500,3826.0,17978,325296,688561420.0,3827.0,45,3826.0,7
rb1805,20170913,20170912,210240000,3827.0,17982,325300,688714500.0,3827.0,43,3826.0,27
rb1805,20170913,20170912,210240500,3826.0,18016,325314,690015460.0,3827.0,33,3826.0,16
rb1805,20170913,20170912,210241000,3827.0,18076,325370,692311660.0,3827.0,9,3826.0,26
rb1805,20170913,20170912,210241500,3827.0,18098,325358,693153600.0,3828.0,40,3827.0,9
rb1805,20170913,20170912,210242000,3827.0,18118,325342,693919000.0,3828.0,53,3826.0,27
rb1805,20170913,20170912,210242500,3827.0,18132,325350,694454780.0,3827.0,10,3826.0,17
rb1805,20170913,20170912,210243000,3827.0,18160,325378,695526080.0,3827.0,9,3826.0,4
rb1805,20170913,20170912,210243500,3826.0,18176,325382,696138360.0,3827.0,4,3826.0,4
rb1805,20170913,20170912,210244000,3827.0,18186,325392,696521060.0,3827.0,4,3826.0,14
rb1805,20170913,20170912,210244500,3826.0,18188,325392,696597580.0,3827.0,4,3826.0,14
rb1805,20170913,20170912,210245000,3826.0,18198,325392,696980260.0,3827.0,3,3826.0,24
rb1805,20170913,20170912,210245500,3827.0,18212,325404,697516000.0,3827.0,10,3826.0,23
rb1805,20170913,20170912,210246000,3826.0,18214,325406,697592520.0,3827.0,10,3826.0,18
rb1805,20170913,20170912,210246500,3827.0,18218,325410,697745600.0,3827.0,12,3826.0,18
rb1805,20170913,20170912,210247000,3826.0,18226,325412,698051680.0,3827.0,12,3826.0,15
rb1805,20170913,20170912,210247500,3826.0,18246,325432,698816880.0,3827.0,12,3826.0,6
rb1805,20170913,20170912,210248000,3827.0,18256,325442,699199580.0,3827.0,7,3826.0,6
rb1805,20170913,20170912,210248500,3827.0,18274,325458,699888400.0,3828.0,47,3827.0,26
rb1805,20170913,20170912,210249000,3826.0,18328,325470,701954960.0,3827.0,44,3826.0,8
rb1805,20170913,20170912,210249500,3826.0,18362,325478,703255800.0,3828.0,45,3826.0,10
rb1805,20170913,20170912,210250000,3826.0,18364,325478,703332320.0,3828.0,45,3827.0,9
rb1805,20170913,20170912,210250500,3827.0,18366,325480,703408860.0,3828.0,35,3827.0,12
rb1805,20170913,20170912,210251000,3828.0,18374,325486,703715060.0,3828.0,33,3827.0,10
rb1805,20170913,20170912,210251500,3827.0,18432,325518,705935280.0,3828.0,6,3827.0,18
rb1805,20170913,20170912,210252000,3828.0,18456,325522,706854000.0,3829.0,43,3828.0,22
rb1805,20170913,20170912,210252500,3827.0,18496,325502,708385120.0,3828.0,3,3827.0,25
rb1805,20170913,20170912,210253000,3827.0,18506,325502,708767900.0,3828.0,44,3827.0,19
rb1805,20170913,20170912,210253500,3828.0,18530,325500,709686400.0,3828.0,44,3827.0,2
rb1805,20170913,20170912,210254000,3827.0,18536,325504,709916020.0,3827.0,21,3826.0,18
rb1805,20170913,20170912,210254500,3827.0,18538,325504,709992560.0,3827.0,70,3826.0,8
rb1805,20170913,20170912,210255000,3826.0,18558,325496,710757760.0,3826.0,28,3825.0,62
rb1805,20170913,20170912,210255500,3826.0,18564,325490,710987320.0,3826.0,16,3825.0,65
rb1805,20170913,20170912,210256000,3826.0,18564,325490,710987320.0,3826.0,11,3825.0,65
rb1805,20170913,20170912,210256500,3826.0,18570,325490,711216880.0,3826.0,8,3825.0,73
rb1805,20170913,20170912,210257000,3825.0,18574,325490,711369920.0,3827.0,66,3825.0,82
rb1805,20170913,20170912,210257500,3827.0,18576,325490,711446460.0,3827.0,70,3826.0,17
rb1805,20170913,20170912,210258000,3826.0,18598,325494,712288380.0,3827.0,60,3826.0,20
rb1805,20170913,20170912,210258500,3826.0,18634,325492,713665980.0,3827.0,48,3826.0,67
rb1805,20170913,20170912,210259000,3826.0,18654,325502,714431280.0,3827.0,44,3826.0,67
rb1805,20170913,20170912,210259500,3826.0,18656,325502,714507800.0,3827.0,44,3826.0,66
rb1805,20170913,20170912,210300000,3827.0,18674,325512,715196660.0,3827.0,35,3826.0,60
rb1805,20170913,20170912,210300500,3826.0,18688,325518,715732320.0,3827.0,34,3826.0,62
rb1805,20170913,20170912,210301000,3826.0,18712,325538,716650720.0,3827.0,27,3826.0,61
rb1805,20170913,20170912,210301500,3827.0,18714,325540,716727260.0,3827.0,26,3826.0,58
rb1805,20170913,20170912,210302000,3827.0,18718,325542,716880320.0,3827.0,25,3826.0,57
rb1805,20170913,20170912,210302500,3827.0,18752,325552,718181300.0,3827.0,18,3826.0,48
rb1805,20170913,20170912,210303000,3826.0,18756,325556,718334340.0,3827.0,18,3826.0,48
rb1805,20170913,20170912,210303500,3826.0,18758,325556,718410860.0,3827.0,18,3826.0,50
rb1805,20170913,20170912,210304000,3827.0,18760,325558,718487400.0,3827.0,17,3826.0,52
rb1805,20170913,20170912,210304500,3827.0,18760,325558,718487400.0,3827.0,20,3826.0,52
rb1805,20170913,20170912,210305000,3827.0,18780,325578,719252800.0,3827.0,10,3826.0,52
rb1805,20170913,20170912,210305500,3827.0,18786,325582,719482400.0,3827.0,8,3826.0,51
rb1805,20170913,20170912,210306000,3826.0,18788,325584,719558920.0,3827.0,8,3826.0,51
rb1805,20170913,20170912,210306500,3827.0,18798,325586,719941540.0,3827.0,10,3826.0,47
rb1805,20170913,20170912,210307000,3826.0,18812,325600,720477240.0,3827.0,21,3826.0,43
rb1805,20170913,20170912,210307500,3827.0,18902,325632,723920680.0,3827.0,29,3825.0,83
rb1805,20170913,20170912,210308000,3825.0,18908,325632,724150220.0,3826.0,19,3825.0,81
rb1805,20170913,20170912,210308500,3826.0,18920,325632,724609340.0,3826.0,16,3825.0,87
rb1805,20170913,20170912,210309000,3826.0,18922,325634,724685860.0,3826.0,20,3825.0,82
rb1805,20170913,20170912,210309500,3826.0,18926,325638,724838900.0,3826.0,16,3825.0,82
rb1805,20170913,20170912,210310000,3825.0,18940,325650,725374420.0,3826.0,48,3825.0,76
rb1805,20170913,20170912,210310500,3826.0,19000,325696,727669520.0,3826.0,44,3825.0,52
rb1805,20170913,20170912,210311000,3825.0,19018,325710,728358020.0,3826.0,45,3825.0,43
rb1805,20170913,20170912,210311500,3826.0,19030,325722,728817100.0,3826.0,42,3825.0,44
rb1805,20170913,20170912,210312000,3825.0,19102,325694,731571140.0,3826.0,42,3825.0,10
rb1805,20170913,20170912,210312500,3825.0,19118,325702,732183240.0,3826.0,63,3825.0,8
rb1805,20170913,20170912,210313000,3825.0,19174,325732,734325240.0,3826.0,65,3825.0,3
rb1805,20170913,20170912,210313500,3825.0,19180,325732,734554740.0,3825.0,11,3824.0,82
rb1805,20170913,20170912,210314000,3825.0,19208,325732,735625480.0,3825.0,17,3824.0,70
rb1805,20170913,20170912,210314500,3825.0,19210,325734,735701980.0,3825.0,21,3824.0,70
rb1805,20170913,20170912,210315000,3824.0,19220,325734,736084380.0,3825.0,53,3824.0,65
rb1805,20170913,20170912,210315500,3824.0,19282,325696,738455280.0,3825.0,57,3824.0,37
rb1805,20170913,20170912,210316000,3825.0,19352,325696,741132500.0,3825.0,36,3824.0,23
rb1805,20170913,20170912,210316500,3824.0,19358,325700,741361960.0,3825.0,36,3824.0,27
rb1805,20170913,20170912,210317000,3824.0,19364,325706,741591420.0,3825.0,35,3824.0,32
rb1805,20170913,20170912,210317500,3824.0,19374,325704,741973880.0,3825.0,33,3824.0,30
rb1805,20170913,20170912,210318000,3824.0,19386,325704,742432860.0,3825.0,28,3824.0,30
rb1805,20170913,20170912,210318500,3825.0,19408,325704,743274360.0,3825.0,17,3824.0,30
rb1805,20170913,20170912,210319000,3824.0,19412,325702,743427340.0,3825.0,16,3824.0,30
rb1805,20170913,20170912,210319500,3825.0,19418,325700,743656820.0,3825.0,20,3824.0,29
rb1805,20170913,20170912,210320000,3825.0,19424,325702,743886320.0,3825.0,18,3824.0,38
rb1805,20170913,20170912,210320500,3825.0,19430,325702,744115800.0,3825.0,13,3824.0,46
rb1805,20170913,20170912,210321000,3824.0,19456,325700,745110120.0,3825.0,9,3824.0,38
rb1805,20170913,20170912,210321500,3825.0,19460,325702,745263100.0,3825.0,8,3824.0,37
rb1805,20170913,20170912,210322000,3824.0,19478,325692,745951580.0,3825.0,2,3824.0,37
rb1805,20170913,20170912,210322500,3825.0,19504,325700,746945960.0,3826.0,47,3825.0,3
rb1805,20170913,20170912,210323000,3825.0,19564,325704,749240940.0,3825.0,8,3824.0,29
rb1805,20170913,20170912,210323500,3825.0,19572,325706,749546880.0,3825.0,9,3824.0,26
rb1805,20170913,20170912,210324000,3825.0,19586,325708,750082340.0,3825.0,4,3824.0,26
rb1805,20170913,20170912,210324500,3825.0,19608,325710,750923840.0,3825.0,1,3824.0,22
rb1805,20170913,20170912,210325000,3825.0,19632,325690,751841840.0,3826.0,51,3825.0,5
rb1805,20170913,20170912,210325500,3825.0,19652,325700,752606860.0,3825.0,5,3824.0,38
rb1805,20170913,20170912,210326000,3825.0,19654,325700,752683360.0,3825.0,5,3824.0,39
rb1805,20170913,20170912,210326500,3825.0,19712,325694,754901980.0,3826.0,41,3825.0,23
rb1805,20170913,20170912,210327000,3825.0,19716,325694,755054980.0,3826.0,41,3825.0,20
rb1805,20170913,20170912,210327500,3825.0,19720,325694,755207980.0,3826.0,51,3825.0,17
rb1805,20170913,20170912,210328000,3825.0,19768,325676,757043980.0,3825.0,52,3824.0,41
rb1805,20170913,20170912,210328500,3824.0,19856,325734,760409120.0,3824.0,58,3823.0,71
rb1805,20170913,20170912,210329000,3824.0,19860,325738,760562080.0,3824.0,56,3823.0,71
rb1805,20170913,20170912,210329500,3823.0,19880,325726,761326720.0,3824.0,54,3823.0,63
rb1805,20170913,20170912,210330000,3823.0,19906,325718,762320700.0,3824.0,54,3823.0,53
rb1805,20170913,20170912,210330500,3823.0,19916,325718,762703080.0,3824.0,50,3823.0,54
rb1805,20170913,20170912,210331000,3823.0,19948,325734,763926440.0,3824.0,50,3823.0,38
rb1805,20170913,20170912,210331500,3824.0,19966,325740,764614620.0,3824.0,48,3823.0,33
rb1805,20170913,20170912,210332000,3824.0,19978,325750,765073480.0,3824.0,43,3823.0,32
rb1805,20170913,20170912,210332500,3823.0,20004,325742,766067460.0,3824.0,43,3823.0,19
rb1805,20170913,20170912,210333000,3823.0,20014,325746,766449780.0,3824.0,43,3823.0,27
rb1805,20170913,20170912,210333500,3823.0,20070,325770,768590680.0,3823.0,1,3822.0,58
rb1805,20170913,20170912,210334000,3823.0,20078,325776,768896560.0,3824.0,40,3823.0,2
rb1805,20170913,20170912,210334500,3823.0,20084,325778,769125940.0,3824.0,40,3823.0,8
rb1805,20170913,20170912,210335000,3823.0,20094,325768,769508240.0,3824.0,40,3823.0,11
rb1805,20170913,20170912,210335500,3823.0,20100,325764,769737620.0,3824.0,40,3823.0,9
rb1805,20170913,20170912,210336000,3824.0,20112,325758,770196400.0,3824.0,39,3823.0,5
rb1805,20170913,20170912,210336500,3824.0,20118,325758,770425800.0,3824.0,39,3823.0,26
rb1805,20170913,20170912,210337000,3823.0,20174,325748,772566680.0,3823.0,8,3822.0,58
rb1805,20170913,20170912,210337500,3823.0,20208,325746,773866460.0,3823.0,2,3822.0,56
rb1805,20170913,20170912,210338000,3823.0,20216,325750,774172300.0,3823.0,3,3822.0,56
rb1805,20170913,20170912,210338500,3823.0,20220,325752,774325220.0,3823.0,2,3822.0,56
rb1805,20170913,20170912,210339000,3823.0,20226,325752,774554600.0,3823.0,9,3822.0,58
rb1805,20170913,20170912,210339500,3823.0,20244,325752,775242740.0,3824.0,58,3823.0,21
rb1805,20170913,20170912,210340000,3824.0,20252,325754,775548600.0,3824.0,57,3823.0,10
rb1805,20170913,20170912,210340500,3823.0,20282,325746,776695500.0,3824.0,57,3823.0,1
rb1805,20170913,20170912,210341000,3823.0,20306,325726,777613020.0,3823.0,11,3822.0,67
rb1805,20170913,20170912,210341500,3823.0,20344,325746,779065620.0,3823.0,15,3822.0,58
rb1805,20170913,20170912,210342000,3823.0,20360,325750,779677280.0,3823.0,9,3822.0,67
rb1805,20170913,20170912,210342500,3822.0,20498,325840,784951640.0,3822.0,12,3821.0,111
rb1805,20170913,20170912,210343000,3823.0,20540,325832,786556740.0,3823.0,47,3822.0,3
rb1805,20170913,20170912,210343500,3822.0,20546,325838,786786060.0,3822.0,5,3821.0,98
rb1805,20170913,20170912,210344000,3821.0,20552,325842,787015360.0,3822.0,6,3821.0,97
rb1805,20170913,20170912,210344500,3823.0,20740,325854,794200200.0,3823.0,16,3821.0,41
rb1805,20170913,20170912,210345000,3821.0,20756,325864,794811620.0,3822.0,15,3821.0,36
rb1805,20170913,20170912,210345500,3821.0,20758,325866,794888040.0,3822.0,15,3821.0,36
rb1805,20170913,20170912,210346000,3822.0,20782,325860,795805100.0,3822.0,10,3821.0,26
rb1805,20170913,20170912,210346500,3822.0,20786,325862,795957960.0,3822.0,11,3821.0,27
rb1805,20170913,20170912,210347000,3821.0,20796,325862,796340060.0,3822.0,15,3821.0,25
rb1805,20170913,20170912,210347500,3821.0,20802,325866,796569320.0,3822.0,15,3821.0,22
rb1805,20170913,20170912,210348000,3821.0,20804,325868,796645740.0,3822.0,15,3821.0,25
rb1805,20170913,20170912,210348500,3821.0,20806,325868,796722160.0,3822.0,15,3821.0,44
rb1805,20170913,20170912,210349000,3822.0,20876,325846,799396940.0,3822.0,11,3821.0,16
rb1805,20170913,20170912,210349500,3823.0,20894,325834,800084940.0,3823.0,31,3821.0,18
rb1805,20170913,20170912,210350000,3823.0,20906,325834,800543520.0,3823.0,32,3821.0,18
rb1805,20170913,20170912,210350500,3822.0,20938,325846,801766360.0,3822.0,19,3821.0,17
rb1805,20170913,20170912,210351000,3822.0,20986,325854,803600840.0,3823.0,36,3822.0,1
rb1805,20170913,20170912,210351500,3822.0,21012,325848,804594560.0,3822.0,2,3821.0,40
rb1805,20170913,20170912,210352000,3822.0,21046,325852,805894080.0,3823.0,11,3822.0,25
rb1805,20170913,20170912,210352500,3823.0,21086,325872,807423340.0,3824.0,40,3823.0,61
rb1805,20170913,20170912,210353000,3823.0,21120,325878,808723180.0,3824.0,40,3823.0,35
rb1805,20170913,20170912,210353500,3824.0,21126,325882,808952580.0,3824.0,52,3823.0,39
rb1805,20170913,20170912,210354000,3824.0,21228,325956,812853060.0,3825.0,150,3824.0,9
rb1805,20170913,20170912,210354500,3824.0,21228,325956,812853060.0,3825.0,147,3824.0,13
rb1805,20170913,20170912,210355000,3825.0,21236,325962,813159060.0,3825.0,143,3824.0,20
rb1805,20170913,20170912,210355500,3824.0,21276,325980,814688660.0,3825.0,145,3824.0,3
rb1805,20170913,20170912,210356000,3824.0,21280,325980,814841640.0,3825.0,144,3824.0,13
rb1805,20170913,20170912,210356500,3825.0,21284,325980,814994620.0,3825.0,143,3824.0,19
rb1805,20170913,20170912,210357000,3824.0,21290,325982,815224080.0,3825.0,142,3824.0,17
rb1805,20170913,20170912,210357500,3824.0,21300,325982,815606480.0,3825.0,148,3824.0,13
rb1805,20170913,20170912,210358000,3824.0,21330,325976,816753680.0,3824.0,26,3823.0,55
rb1805,20170913,20170912,210358500,3824.0,21338,325982,817059600.0,3824.0,22,3823.0,45
rb1805,20170913,20170912,210359000,3824.0,21346,325990,817365520.0,3824.0,11,3823.0,45
rb1805,20170913,20170912,210359500,3823.0,21348,325992,817441980.0,3824.0,11,3823.0,69
rb1805,20170913,20170912,210400000,3825.0,21372,325982,818359800.0,3825.0,141,3823.0,71
rb1805,20170913,20170912,210400500,3824.0,21374,325980,818436280.0,3824.0,4,3823.0,74
rb1805,20170913,20170912,210401000,3824.0,21382,325980,818742200.0,3825.0,141,3824.0,18
rb1805,20170913,20170912,210401500,3825.0,21392,325980,819124620.0,3825.0,141,3824.0,27
rb1805,20170913,20170912,210402000,3824.0,21396,325982,819277580.0,3825.0,141,3824.0,65
rb1805,20170913,20170912,210402500,3825.0,21404,325982,819583580.0,3825.0,112,3824.0,76
rb1805,20170913,20170912,210403000,3825.0,21408,325980,819736580.0,3825.0,110,3824.0,80
rb1805,20170913,20170912,210403500,3824.0,21414,325984,819966040.0,3825.0,109,3824.0,77
rb1805,20170913,20170912,210404000,3825.0,21418,325982,820119020.0,3825.0,114,3824.0,72
rb1805,20170913,20170912,210404500,3825.0,21418,325982,820119020.0,3825.0,116,3824.0,72
rb1805,20170913,20170912,210405000,3825.0,21418,325982,820119020.0,3825.0,125,3824.0,73
rb1805,20170913,20170912,210405500,3825.0,21454,325986,821495980.0,3825.0,111,3824.0,71
rb1805,20170913,20170912,210406000,3824.0,21480,325978,822490260.0,3825.0,109,3824.0,60
rb1805,20170913,20170912,210406500,3824.0,21486,325972,822719740.0,3825.0,99,3824.0,80
rb1805,20170913,20170912,210407000,3824.0,21490,325972,822872700.0,3825.0,99,3824.0,79
rb1805,20170913,20170912,210407500,3825.0,21492,325972,822949200.0,3825.0,100,3824.0,86
rb1805,20170913,20170912,210408000,3825.0,21504,325968,823408200.0,3825.0,99,3824.0,87
rb1805,20170913,20170912,210408500,3824.0,21548,325968,825091180.0,3825.0,78,3824.0,86
rb1805,20170913,20170912,210409000,3825.0,21608,325908,827386180.0,3825.0,48,3824.0,86
rb1805,20170913,20170912,210409500,3825.0,21650,325912,828992680.0,3825.0,29,3824.0,88
rb1805,20170913,20170912,210410000,3825.0,21652,325912,829069180.0,3825.0,29,3824.0,93
rb1805,20170913,20170912,210410500,3825.0,21766,325924,833429680.0,3826.0,57,3825.0,49
rb1805,20170913,20170912,210411000,3825.0,21766,325924,833429680.0,3826.0,57,3825.0,49
rb1805,20170913,20170912,210411500,3825.0,21790,325914,834347680.0,3826.0,57,3825.0,39
rb1805,20170913,20170912,210412000,3825.0,21812,325904,835189200.0,3826.0,56,3825.0,31
rb1805,20170913,20170912,210412500,3826.0,21814,325906,835265720.0,3826.0,55,3825.0,32
rb1805,20170913,20170912,210413000,3826.0,21836,325928,836107240.0,3826.0,54,3825.0,22
rb1805,20170913,20170912,210413500,3825.0,21840,325932,836260260.0,3826.0,55,3825.0,22
rb1805,20170913,20170912,210414000,3825.0,21844,325934,836413280.0,3826.0,44,3825.0,28
rb1805,20170913,20170912,210414500,3826.0,21868,325958,837331520.0,3826.0,44,3825.0,58
rb1805,20170913,20170912,210415000,3826.0,21872,325962,837484560.0,3826.0,42,3825.0,59
rb1805,20170913,20170912,210415500,3826.0,21872,325962,837484560.0,3826.0,43,3825.0,57
rb1805,20170913,20170912,210416000,3826.0,21872,325962,837484560.0,3826.0,54,3825.0,59
rb1805,20170913,20170912,210416500,3826.0,21880,325968,837790640.0,3826.0,51,3825.0,60
rb1805,20170913,20170912,210417000,3825.0,21882,325970,837867140.0,3826.0,59,3825.0,62
rb1805,20170913,20170912,210417500,3825.0,21886,325974,838020140.0,3826.0,59,3825.0,49
rb1805,20170913,20170912,210418000,3826.0,21890,325974,838173180.0,3826.0,56,3825.0,55
rb1805,20170913,20170912,210418500,3825.0,21896,325980,838402680.0,3826.0,57,3825.0,53
rb1805,20170913,20170912,210419000,3825.0,21896,325980,838402680.0,3826.0,57,3825.0,53
rb1805,20170913,20170912,210419500,3826.0,21918,325978,839244380.0,3826.0,49,3825.0,51
rb1805,20170913,20170912,210420000,3826.0,21948,325954,840392180.0,3826.0,34,3825.0,54
rb1805,20170913,20170912,210420500,3826.0,21952,325954,840545220.0,3826.0,34,3825.0,50
rb1805,20170913,20170912,210421000,3826.0,21958,325954,840774780.0,3826.0,31,3825.0,51
rb1805,20170913,20170912,210421500,3825.0,21962,325954,840927780.0,3826.0,31,3825.0,50
rb1805,20170913,20170912,210422000,3826.0,21978,325960,841539940.0,3826.0,23,3825.0,53
rb1805,20170913,20170912,210422500,3826.0,21978,325960,841539940.0,3826.0,23,3825.0,53
rb1805,20170913,20170912,210423000,3826.0,21996,325972,842228560.0,3826.0,19,3825.0,52
rb1805,20170913,20170912,210423500,3826.0,22050,325952,844294600.0,3827.0,17,3826.0,3
rb1805,20170913,20170912,210424000,3826.0,22068,325946,844983280.0,3827.0,30,3826.0,15
rb1805,20170913,20170912,210424500,3826.0,22100,325950,846207600.0,3826.0,18,3825.0,51
rb1805,20170913,20170912,210425000,3825.0,22110,325958,846590100.0,3826.0,34,3825.0,45
rb1805,20170913,20170912,210425500,3826.0,22112,325960,846666620.0,3826.0,18,3825.0,56
rb1805,20170913,20170912,210426000,3826.0,22114,325962,846743140.0,3826.0,28,3825.0,56
rb1805,20170913,20170912,210426500,3825.0,22306,325876,854087940.0,3825.0,32,3824.0,58
rb1805,20170913,20170912,210427000,3825.0,22372,325878,856612440.0,3827.0,42,3825.0,32
rb1805,20170913,20170912,210427500,3825.0,22374,325880,856688940.0,3827.0,42,3824.0,58
rb1805,20170913,20170912,210428000,3825.0,22374,325880,856688940.0,3826.0,1,3825.0,24
rb1805,20170913,20170912,210428500,3826.0,22376,325882,856765460.0,3827.0,57,3826.0,1
rb1805,20170913,20170912,210429000,3826.0,22376,325882,856765460.0,3827.0,45,3826.0,1
rb1805,20170913,20170912,210429500,3827.0,22466,325810,860209760.0,3828.0,48,3827.0,31
rb1805,20170913,20170912,210430000,3828.0,22476,325814,860592540.0,3828.0,44,3827.0,31
rb1805,20170913,20170912,210430500,3827.0,22488,325826,861051880.0,3828.0,39,3827.0,30
rb1805,20170913,20170912,210431000,3827.0,22492,325828,861204960.0,3828.0,39,3827.0,29
rb1805,20170913,20170912,210431500,3828.0,22494,325830,861281520.0,3828.0,38,3827.0,29
rb1805,20170913,20170912,210432000,3828.0,22494,325830,861281520.0,3828.0,38,3827.0,2
rb1805,20170913,20170912,210432500,3827.0,22498,325832,861434600.0,3827.0,1,3826.0,65
rb1805,20170913,20170912,210433000,3827.0,22502,325832,861587680.0,3827.0,4,3826.0,58
rb1805,20170913,20170912,210433500,3827.0,22504,325832,861664220.0,3827.0,3,3826.0,57
rb1805,20170913,20170912,210434000,3827.0,22504,325832,861664220.0,3827.0,4,3826.0,60
rb1805,20170913,20170912,210434500,3827.0,22506,325832,861740760.0,3827.0,3,3826.0,70
rb1805,20170913,20170912,210435000,3827.0,22508,325832,861817300.0,3827.0,2,3826.0,70
rb1805,20170913,20170912,210435500,3827.0,22516,325834,862123440.0,3828.0,56,3826.0,69
rb1805,20170913,20170912,210436000,3827.0,22518,325834,862199980.0,3827.0,9,3826.0,70
rb1805,20170913,20170912,210436500,3827.0,22556,325814,863654240.0,3828.0,58,3827.0,32
rb1805,20170913,20170912,210437000,3827.0,22556,325814,863654240.0,3828.0,58,3827.0,52
rb1805,20170913,20170912,210437500,3827.0,22598,325844,865261980.0,3828.0,38,3827.0,51
rb1805,20170913,20170912,210438000,3828.0,22602,325846,865415080.0,3828.0,37,3827.0,50
rb1805,20170913,20170912,210438500,3827.0,22610,325854,865721240.0,3828.0,39,3827.0,47
rb1805,20170913,20170912,210439000,3827.0,22610,325854,865721240.0,3828.0,39,3827.0,47
rb1805,20170913,20170912,210439500,3828.0,22636,325852,866716480.0,3828.0,28,3827.0,45
rb1805,20170913,20170912,210440000,3828.0,22642,325854,866946120.0,3828.0,37,3827.0,43
rb1805,20170913,20170912,210440500,3827.0,22664,325858,867788160.0,3828.0,32,3827.0,47
rb1805,20170913,20170912,210441000,3827.0,22664,325858,867788160.0,3828.0,32,3827.0,47
rb1805,20170913,20170912,210441500,3827.0,22664,325858,867788160.0,3828.0,32,3827.0,47
rb1805,20170913,20170912,210442000,3827.0,22664,325858,867788160.0,3828.0,32,3827.0,48
rb1805,20170913,20170912,210442500,3827.0,22664,325858,867788160.0,3828.0,32,3827.0,48
rb1805,20170913,20170912,210443000,3828.0,22750,325792,871080240.0,3829.0,42,3828.0,1
rb1805,20170913,20170912,210443500,3829.0,22758,325788,871386540.0,3829.0,39,3828.0,3
rb1805,20170913,20170912,210444000,3829.0,22764,325784,871616280.0,3829.0,38,3828.0,18
rb1805,20170913,20170912,210444500,3829.0,22798,325802,872917820.0,3829.0,38,3828.0,3
rb1805,20170913,20170912,210445000,3829.0,22800,325800,872994400.0,3829.0,37,3828.0,3
rb1805,20170913,20170912,210445500,3828.0,22804,325802,873147520.0,3829.0,37,3828.0,1
rb1805,20170913,20170912,210446000,3829.0,22806,325802,873224100.0,3829.0,36,3828.0,2
rb1805,20170913,20170912,210446500,3828.0,22812,325802,873453780.0,3828.0,2,3827.0,50
rb1805,20170913,20170912,210447000,3829.0,22842,325780,874602200.0,3829.0,37,3828.0,9
rb1805,20170913,20170912,210447500,3828.0,22874,325772,875827060.0,3828.0,20,3827.0,43
rb1805,20170913,20170912,210448000,3828.0,22874,325772,875827060.0,3828.0,29,3827.0,43
rb1805,20170913,20170912,210448500,3828.0,23006,325812,880878800.0,3828.0,34,3826.0,47
rb1805,20170913,20170912,210449000,3828.0,23008,325810,880955360.0,3827.0,15,3826.0,43
rb1805,20170913,20170912,210449500,3828.0,23014,325808,881185040.0,3827.0,12,3826.0,43
rb1805,20170913,20170912,210450000,3827.0,23028,325800,881720900.0,3827.0,6,3826.0,53
rb1805,20170913,20170912,210450500,3827.0,23042,325802,882256680.0,3828.0,17,3827.0,21
rb1805,20170913,20170912,210451000,3827.0,23052,325802,882639420.0,3828.0,1,3827.0,19
rb1805,20170913,20170912,210451500,3827.0,23092,325802,884170220.0,3828.0,46,3826.0,27
rb1805,20170913,20170912,210452000,3827.0,23092,325802,884170220.0,3828.0,52,3826.0,27
rb1805,20170913,20170912,210452500,3826.0,23094,325802,884246740.0,3828.0,66,3827.0,1
rb1805,20170913,20170912,210453000,3827.0,23096,325804,884323280.0,3827.0,39,3826.0,26
rb1805,20170913,20170912,210453500,3826.0,23106,325814,884705880.0,3827.0,10,3826.0,22
rb1805,20170913,20170912,210454000,3826.0,23106,325814,884705880.0,3827.0,17,3826.0,22
rb1805,20170913,20170912,210454500,3826.0,23108,325814,884782400.0,3827.0,17,3826.0,21
rb1805,20170913,20170912,210455000,3826.0,23108,325814,884782400.0,3827.0,18,3826.0,22
rb1805,20170913,20170912,210455500,3826.0,23116,325806,885088480.0,3827.0,18,3826.0,28
rb1805,20170913,20170912,210456000,3827.0,23126,325804,885471180.0,3827.0,13,3826.0,44
rb1805,20170913,20170912,210456500,3826.0,23130,325804,885624220.0,3827.0,12,3826.0,43
rb1805,20170913,20170912,210457000,3827.0,23154,325826,886542700.0,3828.0,68,3827.0,2
rb1805,20170913,20170912,210457500,3827.0,23158,325830,886695780.0,3827.0,18,3826.0,53
rb1805,20170913,20170912,210458000,3827.0,23158,325830,886695780.0,3828.0,77,3827.0,2
rb1805,20170913,20170912,210458500,3827.0,23162,325828,886848860.0,3828.0,68,3826.0,53
rb1805,20170913,20170912,210459000,3828.0,23182,325838,887614460.0,3828.0,58,3827.0,16
rb1805,20170913,20170912,210459500,3828.0,23182,325838,887614460.0,3828.0,58,3827.0,16
rb1805,20170913,20170912,210500000,3827.0,23248,325840,890140600.0,3827.0,33,3826.0,35
rb1805,20170913,20170912,210500500,3827.0,23254,325844,890370220.0,3827.0,30,3826.0,35
rb1805,20170913,20170912,210501000,3827.0,23258,325848,890523300.0,3827.0,28,3826.0,35
rb1805,20170913,20170912,210501500,3826.0,23322,325868,892972280.0,3827.0,20,3826.0,23
rb1805,20170913,20170912,210502000,3827.0,23368,325908,894732700.0,3828.0,74,3826.0,25
rb1805,20170913,20170912,210502500,3827.0,23376,325902,895038860.0,3828.0,74,3827.0,2
rb1805,20170913,20170912,210503000,3827.0,23378,325902,895115400.0,3828.0,42,3827.0,7
rb1805,20170913,20170912,210503500,3827.0,23406,325884,896187200.0,3828.0,26,3827.0,37
rb1805,20170913,20170912,210504000,3827.0,23408,325884,896263740.0,3828.0,26,3827.0,48
rb1805,20170913,20170912,210504500,3828.0,23466,325862,898483980.0,3829.0,74,3828.0,10
rb1805,20170913,20170912,210505000,3828.0,23466,325862,898483980.0,3829.0,74,3828.0,12
rb1805,20170913,20170912,210505500,3828.0,23468,325860,898560540.0,3829.0,74,3828.0,8
rb1805,20170913,20170912,210506000,3829.0,23474,325862,898790240.0,3829.0,64,3828.0,6
rb1805,20170913,20170912,210506500,3828.0,23506,325862,900015280.0,3829.0,60,3828.0,22
rb1805,20170913,20170912,210507000,3829.0,23508,325860,900091860.0,3829.0,59,3828.0,22
rb1805,20170913,20170912,210507500,3828.0,23512,325858,900244980.0,3829.0,59,3828.0,20
rb1805,20170913,20170912,210508000,3829.0,23532,325870,901010740.0,3829.0,51,3828.0,18
rb1805,20170913,20170912,210508500,3828.0,23542,325860,901393540.0,3829.0,60,3828.0,13
rb1805,20170913,20170912,210509000,3828.0,23570,325848,902465460.0,3829.0,76,3828.0,3
rb1805,20170913,20170912,210509500,3828.0,23576,325842,902695140.0,3828.0,10,3827.0,48
rb1805,20170913,20170912,210510000,3828.0,23596,325832,903460740.0,3829.0,78,3828.0,2
rb1805,20170913,20170912,210510500,3828.0,23600,325832,903613860.0,3828.0,6,3827.0,49
rb1805,20170913,20170912,210511000,3828.0,23604,325830,903766980.0,3828.0,30,3827.0,49
rb1805,20170913,20170912,210511500,3828.0,23650,325868,905527860.0,3828.0,12,3827.0,49
rb1805,20170913,20170912,210512000,3828.0,23654,325872,905680980.0,3828.0,54,3827.0,49
rb1805,20170913,20170912,210512500,3828.0,23654,325872,905680980.0,3828.0,66,3827.0,50
rb1805,20170913,20170912,210513000,3828.0,23654,325872,905680980.0,3828.0,90,3827.0,51
rb1805,20170913,20170912,210513500,3828.0,23670,325868,906293420.0,3828.0,89,3827.0,44
rb1805,20170913,20170912,210514000,3828.0,23676,325872,906523080.0,3828.0,97,3827.0,43
rb1805,20170913,20170912,210514500,3828.0,23710,325870,907824420.0,3828.0,89,3827.0,25
rb1805,20170913,20170912,210515000,3828.0,23720,325866,908207180.0,3828.0,86,3827.0,23
rb1805,20170913,20170912,210515500,3828.0,23724,325866,908360300.0,3828.0,85,3827.0,23
rb1805,20170913,20170912,210516000,3829.0,23898,325992,915021040.0,3829.0,85,3827.0,26
rb1805,20170913,20170912,210516500,3829.0,23908,325994,915403820.0,3829.0,83,3827.0,24
rb1805,20170913,20170912,210517000,3829.0,23908,325994,915403820.0,3829.0,83,3827.0,24
rb1805,20170913,20170912,210517500,3829.0,23908,325994,915403820.0,3829.0,83,3827.0,24
rb1805,20170913,20170912,210518000,3829.0,23908,325994,915403820.0,3829.0,83,3827.0,24
rb1805,20170913,20170912,210518500,3829.0,23908,325994,915403820.0,3829.0,83,3827.0,24
rb1805,20170913,20170912,210519000,3829.0,23910,325994,915480400.0,3828.0,15,3827.0,73
rb1805,20170913,20170912,210519500,3829.0,23910,325994,915480400.0,3828.0,16,3827.0,74
rb1805,20170913,20170912,210520000,3827.0,23916,325998,915710060.0,3828.0,19,3827.0,73
rb1805,20170913,20170912,210520500,3827.0,23916,325998,915710060.0,3828.0,19,3827.0,73
rb1805,20170913,20170912,210521000,3827.0,23918,326000,915786600.0,3828.0,19,3827.0,72
rb1805,20170913,20170912,210522000,3828.0,23920,326002,915863160.0,3828.0,18,3827.0,78
rb1805,20170913,20170912,210522500,3828.0,23920,326002,915863160.0,3828.0,23,3827.0,81
rb1805,20170913,20170912,210523000,3828.0,23920,326002,915863160.0,3828.0,23,3827.0,81
rb1805,20170913,20170912,210523500,3828.0,23920,326002,915863160.0,3828.0,23,3827.0,82
rb1805,20170913,20170912,210524000,3827.0,23942,326020,916705120.0,3828.0,22,3827.0,71
rb1805,20170913,20170912,210524500,3827.0,23942,326020,916705120.0,3828.0,22,3827.0,71
rb1805,20170913,20170912,210525000,3828.0,23944,326022,916781680.0,3828.0,22,3827.0,71
rb1805,20170913,20170912,210525500,3828.0,23946,326022,916858240.0,3828.0,32,3827.0,72
rb1805,20170913,20170912,210526000,3828.0,23954,326028,917164460.0,3828.0,30,3827.0,71
rb1805,20170913,20170912,210526500,3828.0,23974,326028,917930060.0,3828.0,21,3827.0,71
rb1805,20170913,20170912,210527000,3828.0,23974,326028,917930060.0,3828.0,21,3827.0,71
rb1805,20170913,20170912,210527500,3828.0,23974,326028,917930060.0,3828.0,22,3827.0,72
rb1805,20170913,20170912,210528000,3828.0,23976,326030,918006620.0,3828.0,21,3827.0,72
rb1805,20170913,20170912,210528500,3827.0,24008,326006,919231460.0,3828.0,11,3827.0,66
rb1805,20170913,20170912,210529000,3827.0,24010,326006,919308000.0,3828.0,11,3827.0,65
rb1805,20170913,20170912,210529500,3828.0,24028,326008,919997040.0,3828.0,13,3827.0,64
rb1805,20170913,20170912,210530000,3828.0,24028,326008,919997040.0,3828.0,15,3827.0,64
rb1805,20170913,20170912,210530500,3828.0,24030,326010,920073600.0,3828.0,15,3827.0,64
rb1805,20170913,20170912,210531000,3828.0,24032,326010,920150160.0,3828.0,15,3827.0,64
rb1805,20170913,20170912,210531500,3828.0,24032,326010,920150160.0,3828.0,15,3827.0,64
rb1805,20170913,20170912,210532000,3828.0,24052,326010,920915760.0,3828.0,5,3827.0,64
rb1805,20170913,20170912,210532500,3827.0,24060,326010,921221920.0,3828.0,5,3827.0,60
rb1805,20170913,20170912,210533000,3829.0,24072,326008,921681300.0,3829.0,83,3828.0,2
rb1805,20170913,20170912,210533500,3828.0,24076,326012,921834420.0,3829.0,73,3828.0,4
rb1805,20170913,20170912,210534000,3828.0,24076,326012,921834420.0,3829.0,73,3828.0,3
rb1805,20170913,20170912,210534500,3829.0,24082,326012,922064160.0,3829.0,70,3828.0,4
rb1805,20170913,20170912,210535000,3828.0,24090,326006,922370400.0,3829.0,70,3828.0,5
rb1805,20170913,20170912,210535500,3828.0,24100,326010,922753200.0,3828.0,6,3827.0,60
rb1805,20170913,20170912,210536000,3828.0,24110,326020,923136000.0,3828.0,6,3827.0,16
rb1805,20170913,20170912,210536500,3828.0,24110,326020,923136000.0,3828.0,10,3827.0,17
rb1805,20170913,20170912,210537000,3827.0,24162,326048,925126040.0,3828.0,23,3826.0,30
rb1805,20170913,20170912,210537500,3828.0,24164,326048,925202600.0,3828.0,23,3827.0,1
rb1805,20170913,20170912,210538000,3827.0,24192,326050,926274160.0,3827.0,16,3826.0,41
rb1805,20170913,20170912,210538500,3827.0,24192,326050,926274160.0,3827.0,5,3826.0,40
rb1805,20170913,20170912,210539000,3826.0,24196,326054,926427200.0,3827.0,33,3826.0,38
rb1805,20170913,20170912,210539500,3826.0,24232,326036,927804580.0,3827.0,42,3826.0,21
rb1805,20170913,20170912,210540000,3826.0,24278,326050,929564540.0,3826.0,96,3825.0,43
rb1805,20170913,20170912,210540500,3825.0,24366,326120,932930540.0,3825.0,33,3824.0,51
rb1805,20170913,20170912,210541000,3824.0,24442,326082,935836780.0,3825.0,34,3824.0,3
rb1805,20170913,20170912,210541500,3824.0,24460,326066,936525080.0,3825.0,4,3824.0,2
rb1805,20170913,20170912,210542000,3825.0,24512,326036,938513780.0,3826.0,101,3823.0,89
rb1805,20170913,20170912,210542500,3824.0,24514,326036,938590260.0,3825.0,4,3824.0,15
rb1805,20170913,20170912,210543000,3824.0,24518,326032,938743220.0,3825.0,8,3824.0,17
rb1805,20170913,20170912,210543500,3825.0,24520,326032,938819720.0,3825.0,9,3824.0,20
rb1805,20170913,20170912,210544000,3825.0,24558,326026,940273100.0,3826.0,104,3824.0,28
rb1805,20170913,20170912,210544500,3824.0,24560,326024,940349580.0,3826.0,104,3825.0,1
rb1805,20170913,20170912,210545000,3826.0,24572,326022,940808560.0,3826.0,106,3824.0,35
rb1805,20170913,20170912,210545500,3825.0,24574,326022,940885060.0,3826.0,107,3824.0,35
rb1805,20170913,20170912,210546000,3824.0,24578,326022,941038020.0,3826.0,110,3824.0,34
rb1805,20170913,20170912,210546500,3826.0,24580,326020,941114540.0,3826.0,109,3824.0,34
rb1805,20170913,20170912,210547000,3826.0,24580,326020,941114540.0,3825.0,2,3824.0,44
rb1805,20170913,20170912,210547500,3824.0,24606,326034,942108780.0,3825.0,2,3824.0,41
rb1805,20170913,20170912,210548000,3824.0,24618,326040,942567740.0,3825.0,1,3824.0,29
rb1805,20170913,20170912,210548500,3824.0,24618,326040,942567740.0,3825.0,1,3824.0,30
rb1805,20170913,20170912,210549000,3825.0,24622,326040,942720740.0,3826.0,71,3825.0,1
rb1805,20170913,20170912,210549500,3825.0,24624,326038,942797240.0,3825.0,4,3824.0,31
rb1805,20170913,20170912,210550000,3825.0,24628,326040,942950220.0,3825.0,5,3824.0,32
rb1805,20170913,20170912,210550500,3825.0,24628,326040,942950220.0,3825.0,6,3824.0,32
rb1805,20170913,20170912,210551000,3825.0,24628,326040,942950220.0,3825.0,11,3824.0,32
rb1805,20170913,20170912,210551500,3825.0,24630,326040,943026720.0,3825.0,11,3824.0,32
rb1805,20170913,20170912,210552000,3825.0,24630,326040,943026720.0,3825.0,21,3824.0,36
rb1805,20170913,20170912,210552500,3824.0,24634,326040,943179700.0,3825.0,26,3824.0,40
rb1805,20170913,20170912,210553000,3824.0,24634,326040,943179700.0,3825.0,28,3824.0,40
rb1805,20170913,20170912,210553500,3824.0,24696,326076,945551180.0,3825.0,28,3824.0,39
rb1805,20170913,20170912,210554000,3824.0,24696,326076,945551180.0,3825.0,49,3824.0,39
rb1805,20170913,20170912,210554500,3824.0,24698,326078,945627660.0,3825.0,49,3824.0,38
rb1805,20170913,20170912,210555000,3825.0,24702,326078,945780660.0,3825.0,47,3824.0,38
rb1805,20170913,20170912,210555500,3824.0,24780,326036,948763380.0,3824.0,8,3823.0,83
rb1805,20170913,20170912,210556000,3825.0,24806,326036,949757720.0,3825.0,43,3824.0,55
rb1805,20170913,20170912,210556500,3825.0,24828,326052,950599220.0,3825.0,33,3824.0,41
rb1805,20170913,20170912,210557000,3824.0,24832,326052,950752180.0,3825.0,35,3824.0,34
rb1805,20170913,20170912,210557500,3824.0,24836,326054,950905160.0,3825.0,34,3824.0,33
rb1805,20170913,20170912,210558000,3824.0,24836,326054,950905160.0,3825.0,36,3824.0,33
rb1805,20170913,20170912,210558500,3824.0,24840,326054,951058120.0,3825.0,36,3824.0,31
rb1805,20170913,20170912,210559000,3824.0,24884,326096,952740680.0,3824.0,10,3823.0,81
rb1805,20170913,20170912,210559500,3824.0,24886,326096,952817160.0,3825.0,36,3823.0,78
rb1805,20170913,20170912,210600000,3824.0,24888,326096,952893640.0,3825.0,36,3824.0,1
rb1805,20170913,20170912,210600500,3823.0,24902,326096,953428880.0,3825.0,36,3824.0,14
rb1805,20170913,20170912,210601000,3823.0,24906,326098,953581800.0,3825.0,37,3824.0,12
rb1805,20170913,20170912,210601500,3823.0,24906,326098,953581800.0,3825.0,137,3824.0,13
rb1805,20170913,20170912,210602000,3824.0,24910,326100,953734780.0,3825.0,136,3824.0,14
rb1805,20170913,20170912,210602500,3824.0,24916,326100,953964220.0,3825.0,136,3824.0,11
rb1805,20170913,20170912,210603000,3824.0,24916,326100,953964220.0,3825.0,136,3824.0,14
rb1805,20170913,20170912,210603500,3824.0,24926,326102,954346700.0,3825.0,133,3824.0,13
rb1805,20170913,20170912,210604000,3824.0,24970,326078,956029300.0,3825.0,131,3824.0,13
rb1805,20170913,20170912,210604500,3824.0,25004,326058,957329480.0,3825.0,130,3824.0,6
rb1805,20170913,20170912,210605000,3824.0,25004,326058,957329480.0,3825.0,130,3824.0,11
rb1805,20170913,20170912,210605500,3824.0,25008,326060,957482440.0,3825.0,130,3824.0,9
rb1805,20170913,20170912,210606000,3824.0,25026,326052,958170760.0,3824.0,191,3823.0,101
rb1805,20170913,20170912,210606500,3824.0,25050,326052,959088520.0,3824.0,184,3823.0,104
rb1805,20170913,20170912,210607000,3824.0,25152,325950,962989000.0,3824.0,133,3823.0,106
rb1805,20170913,20170912,210607500,3825.0,25448,325806,974308340.0,3825.0,116,3824.0,52
rb1805,20170913,20170912,210608000,3824.0,25452,325806,974461300.0,3825.0,116,3824.0,45
rb1805,20170913,20170912,210608500,3825.0,25474,325820,975302780.0,3825.0,109,3824.0,49
rb1805,20170913,20170912,210609000,3825.0,25474,325820,975302780.0,3825.0,109,3824.0,49
rb1805,20170913,20170912,210609500,3824.0,25476,325820,975379260.0,3825.0,109,3824.0,54
rb1805,20170913,20170912,210610000,3824.0,25496,325806,976144060.0,3825.0,109,3824.0,68
rb1805,20170913,20170912,210610500,3824.0,25496,325806,976144060.0,3825.0,109,3824.0,69
rb1805,20170913,20170912,210611000,3825.0,25714,325918,984482560.0,3826.0,31,3825.0,15
rb1805,20170913,20170912,210611500,3825.0,25762,325892,986318560.0,3826.0,31,3824.0,69
rb1805,20170913,20170912,210612000,3825.0,25778,325888,986930520.0,3825.0,50,3824.0,66
rb1805,20170913,20170912,210612500,3825.0,25800,325882,987771920.0,3825.0,55,3824.0,64
rb1805,20170913,20170912,210613000,3824.0,25856,325846,989913720.0,3825.0,41,3824.0,51
rb1805,20170913,20170912,210613500,3824.0,25856,325846,989913720.0,3825.0,41,3824.0,51
rb1805,20170913,20170912,210614000,3824.0,25856,325846,989913720.0,3825.0,43,3824.0,53
rb1805,20170913,20170912,210614500,3824.0,25882,325846,990908000.0,3825.0,41,3824.0,42
rb1805,20170913,20170912,210615000,3824.0,25882,325846,990908000.0,3825.0,41,3824.0,42
rb1805,20170913,20170912,210615500,3825.0,25964,325824,994044500.0,3826.0,42,3824.0,43
rb1805,20170913,20170912,210616000,3824.0,25972,325822,994350420.0,3826.0,42,3824.0,39
rb1805,20170913,20170912,210616500,3825.0,25974,325824,994426920.0,3826.0,42,3825.0,4
rb1805,20170913,20170912,210617000,3825.0,25992,325824,995115420.0,3825.0,24,3824.0,67
rb1805,20170913,20170912,210617500,3825.0,25994,325824,995191920.0,3825.0,20,3824.0,70
rb1805,20170913,20170912,210618000,3825.0,26136,325762,1000622060.0,3825.0,24,3824.0,12
rb1805,20170913,20170912,210618500,3824.0,26160,325784,1001539820.0,3824.0,73,3823.0,102
rb1805,20170913,20170912,210619000,3824.0,26180,325782,1002304480.0,3824.0,58,3823.0,92
rb1805,20170913,20170912,210619500,3824.0,26204,325782,1003222240.0,3824.0,58,3823.0,92
rb1805,20170913,20170912,210620000,3823.0,26388,325932,1010256560.0,3824.0,54,3822.0,28
rb1805,20170913,20170912,210620500,3823.0,26390,325932,1010333020.0,3823.0,5,3822.0,28
rb1805,20170913,20170912,210621000,3822.0,26392,325932,1010409460.0,3823.0,25,3822.0,27
rb1805,20170913,20170912,210621500,3823.0,26418,325942,1011403420.0,3823.0,13,3822.0,26
rb1805,20170913,20170912,210622000,3823.0,26442,325964,1012320940.0,3823.0,5,3822.0,26
rb1805,20170913,20170912,210622500,3823.0,26452,325964,1012703240.0,3824.0,28,3823.0,5
rb1805,20170913,20170912,210623000,3823.0,26452,325964,1012703240.0,3824.0,28,3823.0,7
rb1805,20170913,20170912,210623500,3823.0,26466,325950,1013238460.0,3823.0,46,3822.0,16
rb1805,20170913,20170912,210624000,3823.0,26486,325950,1014003060.0,3823.0,2,3822.0,19
rb1805,20170913,20170912,210624500,3822.0,26490,325950,1014155940.0,3823.0,2,3822.0,16
rb1805,20170913,20170912,210625000,3822.0,26490,325950,1014155940.0,3823.0,3,3822.0,16
rb1805,20170913,20170912,210625500,3822.0,26494,325952,1014308840.0,3823.0,2,3822.0,13
rb1805,20170913,20170912,210626000,3823.0,26560,325934,1016831740.0,3824.0,42,3821.0,96
rb1805,20170913,20170912,210626500,3821.0,26572,325928,1017290380.0,3823.0,19,3821.0,95
rb1805,20170913,20170912,210627000,3821.0,26580,325924,1017596060.0,3823.0,23,3821.0,90
rb1805,20170913,20170912,210627500,3821.0,26588,325924,1017901820.0,3823.0,38,3822.0,1
rb1805,20170913,20170912,210628000,3822.0,26610,325904,1018742640.0,3822.0,5,3821.0,97
rb1805,20170913,20170912,210628500,3823.0,26628,325904,1019430620.0,3823.0,37,3822.0,92
rb1805,20170913,20170912,210629000,3822.0,26818,325806,1026692400.0,3822.0,9,3821.0,112
rb1805,20170913,20170912,210629500,3821.0,26820,325806,1026768820.0,3822.0,10,3821.0,111
rb1805,20170913,20170912,210630000,3822.0,26826,325806,1026998140.0,3822.0,10,3821.0,108
rb1805,20170913,20170912,210630500,3822.0,26856,325814,1028144740.0,3823.0,30,3822.0,8
rb1805,20170913,20170912,210631000,3821.0,26876,325830,1028909140.0,3822.0,1,3821.0,107
rb1805,20170913,20170912,210631500,3821.0,26922,325818,1030667000.0,3823.0,32,3822.0,1
rb1805,20170913,20170912,210632000,3821.0,26936,325824,1031201960.0,3822.0,7,3821.0,89
rb1805,20170913,20170912,210632500,3822.0,26966,325850,1032348560.0,3823.0,32,3822.0,1
rb1805,20170913,20170912,210633000,3822.0,26992,325850,1033342280.0,3822.0,14,3821.0,69
rb1805,20170913,20170912,210633500,3822.0,27022,325830,1034488880.0,3823.0,33,3822.0,45
rb1805,20170913,20170912,210634000,3823.0,27040,325818,1035176880.0,3823.0,33,3822.0,38
rb1805,20170913,20170912,210634500,3822.0,27044,325816,1035329760.0,3823.0,33,3822.0,36
rb1805,20170913,20170912,210635000,3822.0,27050,325816,1035559080.0,3823.0,44,3822.0,37
rb1805,20170913,20170912,210635500,3822.0,27128,325826,1038540240.0,3822.0,99,3821.0,72
rb1805,20170913,20170912,210636000,3821.0,27130,325828,1038616660.0,3822.0,100,3821.0,71
rb1805,20170913,20170912,210636500,3822.0,27144,325838,1039151620.0,3822.0,100,3821.0,66
rb1805,20170913,20170912,210637000,3821.0,27284,325794,1044501000.0,3821.0,15,3820.0,249
rb1805,20170913,20170912,210637500,3821.0,27284,325794,1044501000.0,3821.0,19,3820.0,249
rb1805,20170913,20170912,210638000,3820.0,27294,325790,1044883080.0,3821.0,15,3820.0,248
rb1805,20170913,20170912,210638500,3820.0,27414,325732,1049468280.0,3822.0,31,3820.0,256
rb1805,20170913,20170912,210639000,3822.0,27424,325724,1049850320.0,3822.0,41,3821.0,12
rb1805,20170913,20170912,210639500,3821.0,27448,325720,1050767360.0,3822.0,41,3821.0,3
rb1805,20170913,20170912,210640000,3821.0,27464,325720,1051378720.0,3822.0,40,3821.0,8
rb1805,20170913,20170912,210640500,3821.0,27502,325698,1052830620.0,3821.0,100,3820.0,254
rb1805,20170913,20170912,210641000,3821.0,27558,325644,1054970360.0,3821.0,74,3820.0,254
rb1805,20170913,20170912,210641500,3820.0,27582,325664,1055887200.0,3821.0,76,3820.0,244
rb1805,20170913,20170912,210642000,3821.0,27636,325654,1057950500.0,3821.0,61,3820.0,242
rb1805,20170913,20170912,210642500,3820.0,27640,325652,1058103320.0,3821.0,62,3820.0,240
rb1805,20170913,20170912,210643000,3821.0,27766,325566,1062917760.0,3822.0,111,3821.0,7
rb1805,20170913,20170912,210643500,3821.0,27768,325564,1062994180.0,3822.0,114,3821.0,16
rb1805,20170913,20170912,210644000,3821.0,27832,325592,1065439480.0,3821.0,25,3820.0,233
rb1805,20170913,20170912,210644500,3820.0,27860,325600,1066509340.0,3822.0,115,3820.0,233
rb1805,20170913,20170912,210645000,3822.0,27894,325600,1067808500.0,3822.0,114,3821.0,7
rb1805,20170913,20170912,210645500,3821.0,27910,325614,1068419860.0,3821.0,39,3820.0,236
rb1805,20170913,20170912,210646000,3820.0,28382,326000,1086450260.0,3821.0,47,3819.0,65
rb1805,20170913,20170912,210646500,3820.0,28522,325976,1091796840.0,3820.0,7,3818.0,83
rb1805,20170913,20170912,210647000,3819.0,28810,326052,1102791100.0,3819.0,24,3816.0,49
rb1805,20170913,20170912,210647500,3817.0,28898,326046,1106150160.0,3819.0,38,3818.0,6
rb1805,20170913,20170912,210648000,3816.0,29232,326022,1118894760.0,3817.0,2,3815.0,47
rb1805,20170913,20170912,210648500,3816.0,29452,325976,1127289760.0,3818.0,144,3817.0,4
rb1805,20170913,20170912,210649000,3816.0,29532,325994,1130343240.0,3817.0,1,3816.0,16
rb1805,20170913,20170912,210649500,3818.0,29652,326076,1134923700.0,3818.0,119,3816.0,22
rb1805,20170913,20170912,210650000,3818.0,29686,326108,1136221360.0,3818.0,121,3817.0,20
rb1805,20170913,20170912,210650500,3817.0,29740,326120,1138282560.0,3817.0,25,3816.0,45
rb1805,20170913,20170912,210651000,3816.0,29766,326132,1139274800.0,3817.0,21,3816.0,40
rb1805,20170913,20170912,210651500,3816.0,29884,326072,1143777560.0,3816.0,28,3815.0,71
rb1805,20170913,20170912,210652000,3816.0,29928,326042,1145456480.0,3816.0,16,3815.0,55
rb1805,20170913,20170912,210652500,3816.0,29938,326034,1145838000.0,3816.0,35,3815.0,53
rb1805,20170913,20170912,210653000,3815.0,30102,326048,1152094480.0,3815.0,5,3814.0,390
rb1805,20170913,20170912,210653500,3815.0,30190,326018,1155451600.0,3815.0,6,3814.0,383
rb1805,20170913,20170912,210654000,3815.0,30256,325986,1157969580.0,3816.0,24,3815.0,27
rb1805,20170913,20170912,210654500,3815.0,30324,325984,1160564240.0,3817.0,4,3815.0,23
rb1805,20170913,20170912,210655000,3816.0,30334,325978,1160945860.0,3817.0,2,3816.0,4
rb1805,20170913,20170912,210655500,3816.0,30372,325976,1162395720.0,3817.0,7,3816.0,4
rb1805,20170913,20170912,210656000,3817.0,30402,325966,1163540500.0,3817.0,3,3815.0,209
rb1805,20170913,20170912,210656500,3817.0,30422,325960,1164303680.0,3817.0,1,3815.0,221
rb1805,20170913,20170912,210657000,3818.0,30468,325944,1166059760.0,3818.0,89,3817.0,1
rb1805,20170913,20170912,210657500,3817.0,30656,325808,1173237540.0,3818.0,1,3817.0,74
rb1805,20170913,20170912,210658000,3818.0,30662,325812,1173466620.0,3819.0,17,3818.0,50
rb1805,20170913,20170912,210658500,3818.0,30692,325790,1174612040.0,3819.0,17,3818.0,34
rb1805,20170913,20170912,210659000,3818.0,30734,325762,1176215600.0,3819.0,27,3818.0,13
rb1805,20170913,20170912,210659500,3818.0,30736,325762,1176291960.0,3819.0,28,3818.0,22
rb1805,20170913,20170912,210700000,3819.0,30746,325754,1176673820.0,3819.0,25,3818.0,20
rb1805,20170913,20170912,210700500,3818.0,30750,325750,1176826560.0,3819.0,24,3818.0,31
rb1805,20170913,20170912,210701000,3818.0,30768,325740,1177513960.0,3819.0,16,3818.0,40
rb1805,20170913,20170912,210701500,3819.0,30802,325756,1178812420.0,3820.0,41,3819.0,16
rb1805,20170913,20170912,210702000,3819.0,30810,325756,1179117940.0,3820.0,34,3819.0,12
rb1805,20170913,20170912,210702500,3818.0,30866,325738,1181256180.0,3819.0,63,3818.0,26
rb1805,20170913,20170912,210703000,3819.0,30974,325700,1185380660.0,3819.0,7,3818.0,28
rb1805,20170913,20170912,210703500,3819.0,30986,325700,1185838940.0,3819.0,3,3818.0,29
rb1805,20170913,20170912,210704000,3819.0,31002,325700,1186449900.0,3819.0,1,3818.0,31
rb1805,20170913,20170912,210704500,3819.0,31022,325684,1187213700.0,3820.0,49,3819.0,49
rb1805,20170913,20170912,210705000,3820.0,31034,325680,1187672020.0,3820.0,43,3819.0,49
rb1805,20170913,20170912,210705500,3819.0,31046,325678,1188130400.0,3820.0,38,3819.0,88
rb1805,20170913,20170912,210706000,3820.0,31072,325682,1189123560.0,3820.0,30,3819.0,51
rb1805,20170913,20170912,210706500,3820.0,31076,325686,1189276340.0,3820.0,29,3819.0,50
rb1805,20170913,20170912,210707000,3820.0,31086,325696,1189658340.0,3820.0,24,3819.0,51
rb1805,20170913,20170912,210707500,3819.0,31136,325702,1191567900.0,3820.0,26,3819.0,31
rb1805,20170913,20170912,210708000,3819.0,31198,325750,1193935680.0,3819.0,1,3818.0,39
rb1805,20170913,20170912,210708500,3819.0,31204,325752,1194164840.0,3820.0,30,3818.0,39
rb1805,20170913,20170912,210709000,3819.0,31204,325752,1194164840.0,3820.0,44,3819.0,6
rb1805,20170913,20170912,210709500,3820.0,31220,325742,1194775960.0,3820.0,42,3819.0,15
rb1805,20170913,20170912,210710000,3819.0,31224,325742,1194928720.0,3820.0,43,3819.0,19
rb1805,20170913,20170912,210710500,3819.0,31224,325742,1194928720.0,3820.0,43,3819.0,20
rb1805,20170913,20170912,210711000,3819.0,31240,325744,1195539760.0,3820.0,43,3819.0,13
rb1805,20170913,20170912,210711500,3819.0,31240,325744,1195539760.0,3820.0,38,3819.0,17
rb1805,20170913,20170912,210712000,3819.0,31338,325804,1199283160.0,3821.0,66,3820.0,1
rb1805,20170913,20170912,210712500,3820.0,31344,325808,1199512380.0,3821.0,57,3820.0,2
rb1805,20170913,20170912,210713000,3820.0,31348,325804,1199665180.0,3820.0,2,3819.0,26
rb1805,20170913,20170912,210713500,3820.0,31354,325800,1199894380.0,3821.0,57,3820.0,26
rb1805,20170913,20170912,210714000,3821.0,31388,325784,1201193380.0,3821.0,48,3820.0,5
rb1805,20170913,20170912,210714500,3821.0,31402,325778,1201728240.0,3821.0,52,3820.0,1
rb1805,20170913,20170912,210715000,3820.0,31404,325778,1201804640.0,3820.0,1,3819.0,20
rb1805,20170913,20170912,210715500,3820.0,31410,325778,1202033860.0,3821.0,45,3820.0,8
rb1805,20170913,20170912,210716000,3820.0,31424,325778,1202568680.0,3821.0,46,3820.0,20
rb1805,20170913,20170912,210716500,3820.0,31460,325780,1203943920.0,3820.0,1,3819.0,19
rb1805,20170913,20170912,210717000,3820.0,31464,325782,1204096720.0,3821.0,43,3820.0,15
rb1805,20170913,20170912,210717500,3820.0,31464,325782,1204096720.0,3821.0,98,3820.0,10
rb1805,20170913,20170912,210718000,3821.0,31478,325778,1204631560.0,3821.0,96,3820.0,5
rb1805,20170913,20170912,210718500,3821.0,31480,325780,1204707980.0,3821.0,95,3820.0,6
rb1805,20170913,20170912,210719000,3821.0,31492,325786,1205166420.0,3821.0,93,3820.0,3
rb1805,20170913,20170912,210719500,3820.0,31496,325788,1205319240.0,3821.0,93,3820.0,10
rb1805,20170913,20170912,210720000,3821.0,31684,325736,1212502700.0,3822.0,64,3821.0,16
rb1805,20170913,20170912,210720500,3822.0,31704,325754,1213267100.0,3822.0,49,3821.0,26
rb1805,20170913,20170912,210721000,3822.0,31810,325754,1217318420.0,3823.0,48,3822.0,23
rb1805,20170913,20170912,210721500,3822.0,31812,325756,1217394860.0,3823.0,49,3822.0,14
rb1805,20170913,20170912,210722000,3821.0,31844,325764,1218617860.0,3822.0,1,3821.0,54
rb1805,20170913,20170912,210722500,3822.0,31850,325764,1218847180.0,3823.0,51,3822.0,2
rb1805,20170913,20170912,210723000,3822.0,31856,325768,1219076500.0,3823.0,61,3822.0,4
rb1805,20170913,20170912,210723500,3823.0,31866,325778,1219458800.0,3823.0,57,3822.0,4
rb1805,20170913,20170912,210724000,3822.0,31890,325778,1220376260.0,3822.0,2,3821.0,60
rb1805,20170913,20170912,210724500,3823.0,31896,325780,1220605600.0,3823.0,69,3822.0,3
rb1805,20170913,20170912,210725000,3822.0,31898,325782,1220682040.0,3823.0,71,3822.0,3
rb1805,20170913,20170912,210725500,3823.0,31916,325778,1221370180.0,3823.0,62,3822.0,3
rb1805,20170913,20170912,210726000,3822.0,31918,325778,1221446620.0,3823.0,65,3822.0,2
rb1805,20170913,20170912,210726500,3822.0,31920,325780,1221523060.0,3823.0,62,3822.0,1
rb1805,20170913,20170912,210727000,3822.0,31922,325780,1221599500.0,3823.0,62,3822.0,4
rb1805,20170913,20170912,210727500,3822.0,31934,325778,1222058140.0,3822.0,2,3821.0,50
rb1805,20170913,20170912,210728000,3821.0,31938,325780,1222210980.0,3822.0,2,3821.0,46
rb1805,20170913,20170912,210728500,3821.0,31940,325782,1222287400.0,3822.0,6,3821.0,36
rb1805,20170913,20170912,210729000,3821.0,31940,325782,1222287400.0,3822.0,19,3821.0,36
rb1805,20170913,20170912,210729500,3821.0,31940,325782,1222287400.0,3822.0,22,3821.0,25
rb1805,20170913,20170912,210730000,3822.0,31946,325786,1222516720.0,3822.0,32,3821.0,15
rb1805,20170913,20170912,210730500,3822.0,31946,325786,1222516720.0,3822.0,34,3821.0,16
rb1805,20170913,20170912,210731000,3822.0,31980,325798,1223816200.0,3822.0,17,3821.0,15
rb1805,20170913,20170912,210731500,3822.0,31980,325798,1223816200.0,3822.0,26,3821.0,15
rb1805,20170913,20170912,210732000,3822.0,31980,325798,1223816200.0,3822.0,27,3821.0,55
rb1805,20170913,20170912,210732500,3821.0,31982,325800,1223892620.0,3822.0,32,3821.0,54
rb1805,20170913,20170912,210733000,3821.0,31982,325800,1223892620.0,3822.0,37,3821.0,14
rb1805,20170913,20170912,210733500,3821.0,31982,325800,1223892620.0,3822.0,38,3821.0,14
rb1805,20170913,20170912,210734000,3822.0,32006,325816,1224809900.0,3822.0,29,3821.0,14
rb1805,20170913,20170912,210734500,3821.0,32026,325806,1225574100.0,3822.0,30,3821.0,5
rb1805,20170913,20170912,210735000,3821.0,32026,325806,1225574100.0,3822.0,36,3821.0,16
rb1805,20170913,20170912,210735500,3821.0,32028,325808,1225650520.0,3822.0,36,3821.0,57
rb1805,20170913,20170912,210736000,3821.0,32028,325808,1225650520.0,3822.0,36,3821.0,59
rb1805,20170913,20170912,210736500,3822.0,32030,325808,1225726960.0,3822.0,38,3821.0,75
rb1805,20170913,20170912,210737000,3822.0,32090,325790,1228020120.0,3822.0,9,3821.0,73
rb1805,20170913,20170912,210737500,3822.0,32112,325776,1228860960.0,3823.0,78,3822.0,34
rb1805,20170913,20170912,210738000,3823.0,32116,325776,1229013860.0,3823.0,77,3822.0,62
rb1805,20170913,20170912,210738500,3823.0,32126,325774,1229396080.0,3823.0,76,3822.0,60
rb1805,20170913,20170912,210739000,3823.0,32144,325768,1230084100.0,3823.0,84,3822.0,54
rb1805,20170913,20170912,210739500,3822.0,32146,325768,1230160540.0,3823.0,78,3822.0,63
rb1805,20170913,20170912,210740000,3822.0,32148,325766,1230236980.0,3823.0,80,3822.0,62
rb1805,20170913,20170912,210740500,3821.0,32344,325856,1237727380.0,3822.0,44,3821.0,62
rb1805,20170913,20170912,210741000,3820.0,32480,325796,1242923840.0,3821.0,54,3820.0,43
rb1805,20170913,20170912,210741500,3820.0,32566,325854,1246209040.0,3820.0,25,3819.0,19
rb1805,20170913,20170912,210742000,3819.0,32616,325862,1248118540.0,3819.0,5,3818.0,84
rb1805,20170913,20170912,210742500,3819.0,32618,325864,1248194920.0,3819.0,18,3818.0,84
rb1805,20170913,20170912,210743000,3819.0,32656,325864,1249646140.0,3820.0,28,3819.0,56
rb1805,20170913,20170912,210743500,3819.0,32666,325866,1250028120.0,3820.0,25,3819.0,55
rb1805,20170913,20170912,210744000,3819.0,32670,325864,1250180880.0,3820.0,25,3819.0,53
rb1805,20170913,20170912,210744500,3820.0,32732,325822,1252548840.0,3820.0,28,3819.0,31
rb1805,20170913,20170912,210745000,3819.0,32802,325790,1255222140.0,3819.0,8,3818.0,78
rb1805,20170913,20170912,210745500,3818.0,32804,325792,1255298500.0,3819.0,1,3818.0,77
rb1805,20170913,20170912,210746000,3818.0,32814,325792,1255680320.0,3820.0,34,3819.0,1
rb1805,20170913,20170912,210746500,3820.0,32818,325796,1255833120.0,3820.0,17,3819.0,19
rb1805,20170913,20170912,210747000,3820.0,32830,325794,1256291520.0,3820.0,15,3819.0,31
rb1805,20170913,20170912,210747500,3820.0,32882,325822,1258277920.0,3821.0,10,3820.0,17
rb1805,20170913,20170912,210748000,3820.0,32886,325822,1258430760.0,3822.0,59,3820.0,17
rb1805,20170913,20170912,210748500,3820.0,32892,325822,1258659960.0,3820.0,4,3819.0,52
rb1805,20170913,20170912,210749000,3820.0,32926,325830,1259958760.0,3822.0,67,3820.0,13
rb1805,20170913,20170912,210749500,3820.0,32932,325834,1260188000.0,3821.0,14,3820.0,14
rb1805,20170913,20170912,210750000,3820.0,32934,325834,1260264400.0,3821.0,15,3820.0,11
rb1805,20170913,20170912,210750500,3820.0,32946,325836,1260722820.0,3821.0,14,3820.0,6
rb1805,20170913,20170912,210751000,3820.0,32946,325836,1260722820.0,3821.0,18,3820.0,7
rb1805,20170913,20170912,210751500,3820.0,32950,325836,1260875620.0,3821.0,23,3820.0,11
rb1805,20170913,20170912,210752000,3821.0,32952,325838,1260952040.0,3821.0,21,3820.0,11
rb1805,20170913,20170912,210752500,3821.0,32952,325838,1260952040.0,3821.0,24,3820.0,11
rb1805,20170913,20170912,210753000,3821.0,32958,325840,1261181280.0,3821.0,19,3820.0,13
rb1805,20170913,20170912,210753500,3820.0,32962,325840,1261334080.0,3821.0,19,3820.0,11
rb1805,20170913,20170912,210754000,3820.0,32964,325842,1261410480.0,3821.0,19,3820.0,7
rb1805,20170913,20170912,210754500,3820.0,32968,325842,1261563300.0,3821.0,19,3820.0,47
rb1805,20170913,20170912,210755000,3820.0,32968,325842,1261563300.0,3821.0,19,3820.0,47
rb1805,20170913,20170912,210755500,3820.0,32972,325842,1261716100.0,3821.0,19,3820.0,45
rb1805,20170913,20170912,210756000,3820.0,32974,325842,1261792500.0,3821.0,19,3820.0,45
rb1805,20170913,20170912,210756500,3820.0,32974,325842,1261792500.0,3821.0,19,3820.0,47
rb1805,20170913,20170912,210757000,3820.0,32982,325848,1262098160.0,3821.0,16,3820.0,58
rb1805,20170913,20170912,210757500,3821.0,32988,325854,1262327420.0,3821.0,13,3820.0,58
rb1805,20170913,20170912,210758000,3821.0,32988,325854,1262327420.0,3821.0,13,3820.0,59
rb1805,20170913,20170912,210758500,3821.0,33022,325852,1263626560.0,3822.0,65,3821.0,23
rb1805,20170913,20170912,210759000,3821.0,33050,325824,1264696440.0,3822.0,72,3821.0,9
rb1805,20170913,20170912,210759500,3821.0,33068,325806,1265384220.0,3821.0,41,3820.0,50
rb1805,20170913,20170912,210800000,3821.0,33068,325806,1265384220.0,3821.0,34,3820.0,50
rb1805,20170913,20170912,210800500,3821.0,33068,325806,1265384220.0,3821.0,34,3820.0,50
rb1805,20170913,20170912,210801000,3820.0,33124,325754,1267523440.0,3821.0,33,3820.0,25
rb1805,20170913,20170912,210801500,3821.0,33134,325754,1267905460.0,3821.0,33,3820.0,23
rb1805,20170913,20170912,210802000,3821.0,33134,325754,1267905460.0,3821.0,45,3820.0,23
rb1805,20170913,20170912,210802500,3820.0,33160,325740,1268898660.0,3821.0,35,3820.0,10
rb1805,20170913,20170912,210803000,3819.0,33196,325730,1270273700.0,3821.0,35,3820.0,2
rb1805,20170913,20170912,210803500,3819.0,33222,325732,1271266740.0,3820.0,16,3819.0,33
rb1805,20170913,20170912,210804000,3819.0,33222,325732,1271266740.0,3820.0,12,3819.0,20
rb1805,20170913,20170912,210804500,3819.0,33228,325734,1271495920.0,3820.0,10,3819.0,19
rb1805,20170913,20170912,210805000,3819.0,33228,325734,1271495920.0,3820.0,10,3819.0,19
rb1805,20170913,20170912,210805500,3820.0,33248,325754,1272259920.0,3820.0,5,3819.0,24
rb1805,20170913,20170912,210806000,3820.0,33248,325754,1272259920.0,3820.0,7,3819.0,23
rb1805,20170913,20170912,210806500,3820.0,33252,325756,1272412720.0,3820.0,5,3819.0,23
rb1805,20170913,20170912,210807000,3819.0,33256,325756,1272565500.0,3820.0,4,3819.0,23
rb1805,20170913,20170912,210807500,3819.0,33278,325762,1273405680.0,3820.0,4,3819.0,13
rb1805,20170913,20170912,210808000,3819.0,33278,325762,1273405680.0,3820.0,4,3819.0,16
rb1805,20170913,20170912,210808500,3820.0,33284,325764,1273634860.0,3820.0,2,3819.0,17
rb1805,20170913,20170912,210809000,3820.0,33284,325764,1273634860.0,3820.0,8,3819.0,17
rb1805,20170913,20170912,210809500,3820.0,33290,325770,1273864060.0,3820.0,7,3819.0,9
rb1805,20170913,20170912,210810000,3820.0,33294,325774,1274016840.0,3820.0,22,3819.0,9
rb1805,20170913,20170912,210810500,3819.0,33330,325786,1275391920.0,3820.0,15,3819.0,3
rb1805,20170913,20170912,210811000,3819.0,33336,325786,1275621060.0,3819.0,10,3818.0,115
rb1805,20170913,20170912,210811500,3819.0,33340,325786,1275773820.0,3819.0,15,3818.0,114
rb1805,20170913,20170912,210812000,3819.0,33340,325786,1275773820.0,3819.0,15,3818.0,108
rb1805,20170913,20170912,210812500,3819.0,33354,325796,1276308360.0,3819.0,14,3818.0,102
rb1805,20170913,20170912,210813000,3819.0,33354,325796,1276308360.0,3819.0,14,3818.0,102
rb1805,20170913,20170912,210813500,3819.0,33356,325794,1276384740.0,3819.0,13,3818.0,103
rb1805,20170913,20170912,210814000,3819.0,33360,325790,1276537500.0,3819.0,11,3818.0,105
rb1805,20170913,20170912,210814500,3819.0,33382,325790,1277377680.0,3820.0,17,3819.0,4
rb1805,20170913,20170912,210815000,3819.0,33390,325786,1277683200.0,3820.0,14,3819.0,3
rb1805,20170913,20170912,210815500,3819.0,33392,325784,1277759580.0,3820.0,7,3819.0,13
rb1805,20170913,20170912,210816000,3819.0,33394,325784,1277835960.0,3820.0,7,3819.0,24
rb1805,20170913,20170912,210816500,3820.0,33408,325782,1278370760.0,3821.0,44,3820.0,7
rb1805,20170913,20170912,210817000,3821.0,33416,325780,1278676380.0,3821.0,50,3820.0,4
rb1805,20170913,20170912,210817500,3820.0,33418,325780,1278752780.0,3821.0,51,3820.0,11
rb1805,20170913,20170912,210818000,3820.0,33418,325780,1278752780.0,3821.0,51,3820.0,13
rb1805,20170913,20170912,210818500,3820.0,33420,325780,1278829180.0,3821.0,51,3820.0,14
rb1805,20170913,20170912,210819000,3820.0,33422,325778,1278905580.0,3821.0,51,3820.0,13
rb1805,20170913,20170912,210819500,3820.0,33458,325782,1280280780.0,3820.0,37,3819.0,14
rb1805,20170913,20170912,210820000,3820.0,33460,325782,1280357180.0,3820.0,31,3819.0,10
rb1805,20170913,20170912,210820500,3820.0,33480,325782,1281121180.0,3820.0,21,3819.0,22
rb1805,20170913,20170912,210821000,3820.0,33532,325768,1283107600.0,3821.0,52,3820.0,5
rb1805,20170913,20170912,210821500,3820.0,33542,325758,1283489600.0,3820.0,8,3819.0,23
rb1805,20170913,20170912,210822000,3820.0,33542,325758,1283489600.0,3820.0,8,3819.0,23
rb1805,20170913,20170912,210822500,3820.0,33542,325758,1283489600.0,3821.0,27,3819.0,63
rb1805,20170913,20170912,210823000,3820.0,33546,325754,1283642400.0,3821.0,31,3820.0,14
rb1805,20170913,20170912,210823500,3820.0,33546,325754,1283642400.0,3821.0,32,3820.0,16
rb1805,20170913,20170912,210824000,3820.0,33546,325754,1283642400.0,3821.0,35,3820.0,26
rb1805,20170913,20170912,210824500,3820.0,33548,325754,1283718800.0,3821.0,37,3820.0,25
rb1805,20170913,20170912,210825000,3820.0,33548,325754,1283718800.0,3821.0,30,3820.0,25
rb1805,20170913,20170912,210825500,3820.0,33602,325732,1285781600.0,3820.0,8,3819.0,65
rb1805,20170913,20170912,210826000,3820.0,33604,325732,1285858000.0,3820.0,7,3819.0,60
rb1805,20170913,20170912,210826500,3820.0,33604,325732,1285858000.0,3820.0,7,3819.0,60
rb1805,20170913,20170912,210827000,3820.0,33604,325732,1285858000.0,3820.0,8,3819.0,60
rb1805,20170913,20170912,210827500,3820.0,33604,325732,1285858000.0,3820.0,8,3819.0,61
rb1805,20170913,20170912,210828000,3820.0,33660,325678,1287997200.0,3821.0,31,3820.0,21
rb1805,20170913,20170912,210828500,3819.0,33700,325658,1289525060.0,3820.0,9,3819.0,63
rb1805,20170913,20170912,210829000,3820.0,33706,325658,1289754240.0,3820.0,24,3819.0,54
rb1805,20170913,20170912,210829500,3819.0,33782,325594,1292656680.0,3820.0,32,3819.0,16
rb1805,20170913,20170912,210830000,3819.0,33816,325594,1293955140.0,3819.0,73,3818.0,115
rb1805,20170913,20170912,210830500,3819.0,33846,325588,1295100740.0,3819.0,23,3818.0,107
rb1805,20170913,20170912,210831000,3819.0,33848,325590,1295177120.0,3819.0,27,3818.0,107
rb1805,20170913,20170912,210831500,3819.0,33848,325590,1295177120.0,3819.0,27,3818.0,107
rb1805,20170913,20170912,210832000,3819.0,33848,325590,1295177120.0,3819.0,17,3818.0,141
rb1805,20170913,20170912,210832500,3819.0,33872,325610,1296093660.0,3819.0,6,3818.0,135
rb1805,20170913,20170912,210833000,3819.0,33882,325618,1296475560.0,3819.0,6,3818.0,135
rb1805,20170913,20170912,210833500,3819.0,33894,325618,1296933840.0,3820.0,38,3819.0,6
rb1805,20170913,20170912,210834000,3819.0,33896,325618,1297010220.0,3820.0,19,3819.0,6
rb1805,20170913,20170912,210834500,3819.0,33896,325618,1297010220.0,3820.0,16,3819.0,6
rb1805,20170913,20170912,210835000,3819.0,33896,325618,1297010220.0,3820.0,23,3819.0,15
rb1805,20170913,20170912,210835500,3819.0,33896,325618,1297010220.0,3820.0,21,3819.0,25
rb1805,20170913,20170912,210836000,3819.0,33916,325604,1297774020.0,3820.0,22,3819.0,16
rb1805,20170913,20170912,210836500,3819.0,33918,325606,1297850400.0,3820.0,22,3819.0,15
rb1805,20170913,20170912,210837000,3820.0,33920,325608,1297926800.0,3820.0,29,3819.0,16
rb1805,20170913,20170912,210837500,3820.0,33920,325608,1297926800.0,3820.0,33,3819.0,16
rb1805,20170913,20170912,210838000,3819.0,33932,325606,1298385080.0,3820.0,33,3819.0,15
rb1805,20170913,20170912,210838500,3820.0,33942,325596,1298767080.0,3820.0,28,3819.0,15
rb1805,20170913,20170912,210839000,3819.0,33944,325598,1298843460.0,3820.0,31,3819.0,14
rb1805,20170913,20170912,210839500,3819.0,33948,325602,1298996220.0,3820.0,31,3819.0,13
rb1805,20170913,20170912,210840000,3819.0,33948,325602,1298996220.0,3820.0,23,3819.0,13
rb1805,20170913,20170912,210840500,3819.0,33948,325602,1298996220.0,3820.0,29,3819.0,15
rb1805,20170913,20170912,210841000,3819.0,33948,325602,1298996220.0,3820.0,29,3819.0,15
rb1805,20170913,20170912,210841500,3819.0,33978,325592,1300141920.0,3819.0,15,3818.0,149
rb1805,20170913,20170912,210842000,3819.0,33996,325574,1300829340.0,3819.0,6,3818.0,137
rb1805,20170913,20170912,210842500,3819.0,34008,325570,1301287620.0,3820.0,28,3818.0,137
rb1805,20170913,20170912,210843000,3820.0,34012,325570,1301440400.0,3820.0,23,3818.0,142
rb1805,20170913,20170912,210843500,3820.0,34022,325574,1301822400.0,3820.0,19,3818.0,142
rb1805,20170913,20170912,210844000,3820.0,34024,325574,1301898800.0,3820.0,40,3818.0,142
rb1805,20170913,20170912,210844500,3820.0,34024,325574,1301898800.0,3819.0,3,3818.0,143
rb1805,20170913,20170912,210845000,3819.0,34026,325574,1301975180.0,3819.0,2,3818.0,143
rb1805,20170913,20170912,210845500,3819.0,34028,325576,1302051560.0,3819.0,23,3818.0,143
rb1805,20170913,20170912,210846000,3818.0,34046,325560,1302738800.0,3819.0,27,3818.0,134
rb1805,20170913,20170912,210846500,3818.0,34084,325562,1304189640.0,3819.0,30,3818.0,115
rb1805,20170913,20170912,210847000,3818.0,34084,325562,1304189640.0,3819.0,32,3818.0,115
rb1805,20170913,20170912,210847500,3818.0,34084,325562,1304189640.0,3819.0,32,3818.0,116
rb1805,20170913,20170912,210848000,3818.0,34090,325568,1304418720.0,3819.0,28,3818.0,114
rb1805,20170913,20170912,210848500,3819.0,34096,325574,1304647860.0,3819.0,27,3818.0,114
rb1805,20170913,20170912,210849000,3818.0,34098,325576,1304724220.0,3819.0,27,3818.0,112
rb1805,20170913,20170912,210849500,3819.0,34102,325574,1304876960.0,3819.0,16,3818.0,110
rb1805,20170913,20170912,210850000,3818.0,34112,325576,1305258760.0,3819.0,16,3818.0,105
rb1805,20170913,20170912,210850500,3818.0,34138,325576,1306251600.0,3819.0,8,3818.0,100
rb1805,20170913,20170912,210851000,3818.0,34156,325568,1306939000.0,3820.0,40,3818.0,99
rb1805,20170913,20170912,210851500,3818.0,34256,325514,1310757000.0,3819.0,1,3818.0,49
rb1805,20170913,20170912,210852000,3818.0,34260,325510,1310909740.0,3820.0,36,3819.0,2
rb1805,20170913,20170912,210852500,3818.0,34302,325518,1312513660.0,3819.0,5,3818.0,46
rb1805,20170913,20170912,210853000,3819.0,34314,325520,1312971940.0,3820.0,24,3819.0,23
rb1805,20170913,20170912,210853500,3820.0,34316,325520,1313048340.0,3820.0,23,3819.0,25
rb1805,20170913,20170912,210854000,3819.0,34318,325520,1313124720.0,3820.0,25,3819.0,24
rb1805,20170913,20170912,210854500,3819.0,34318,325520,1313124720.0,3820.0,25,3819.0,51
rb1805,20170913,20170912,210855000,3819.0,34318,325520,1313124720.0,3820.0,32,3819.0,52
rb1805,20170913,20170912,210855500,3819.0,34320,325518,1313201100.0,3820.0,33,3819.0,53
rb1805,20170913,20170912,210856000,3820.0,34436,325448,1317631280.0,3820.0,20,3819.0,2
rb1805,20170913,20170912,210856500,3820.0,34436,325448,1317631280.0,3820.0,20,3819.0,7
rb1805,20170913,20170912,210857000,3820.0,34436,325448,1317631280.0,3820.0,20,3819.0,15
rb1805,20170913,20170912,210857500,3819.0,34476,325460,1319158880.0,3820.0,22,3819.0,2
rb1805,20170913,20170912,210858000,3819.0,34476,325460,1319158880.0,3820.0,23,3819.0,2
rb1805,20170913,20170912,210858500,3819.0,34482,325456,1319388020.0,3819.0,7,3818.0,50
rb1805,20170913,20170912,210859000,3819.0,34514,325424,1320610100.0,3819.0,2,3818.0,51
rb1805,20170913,20170912,210859500,3819.0,34514,325424,1320610100.0,3819.0,16,3818.0,51
rb1805,20170913,20170912,210900000,3819.0,34516,325426,1320686480.0,3819.0,18,3818.0,50
rb1805,20170913,20170912,210900500,3818.0,34616,325414,1324504480.0,3818.0,34,3817.0,145
rb1805,20170913,20170912,210901000,3817.0,34638,325412,1325344240.0,3818.0,33,3817.0,125
rb1805,20170913,20170912,210901500,3817.0,34644,325412,1325573260.0,3818.0,36,3817.0,122
rb1805,20170913,20170912,210902000,3818.0,34646,325412,1325649620.0,3818.0,46,3817.0,124
rb1805,20170913,20170912,210902500,3818.0,34648,325412,1325725980.0,3818.0,45,3817.0,124
rb1805,20170913,20170912,210903000,3818.0,34654,325412,1325955060.0,3818.0,43,3817.0,124
rb1805,20170913,20170912,210903500,3818.0,34654,325412,1325955060.0,3818.0,43,3817.0,124
rb1805,20170913,20170912,210904000,3818.0,34656,325410,1326031420.0,3818.0,42,3817.0,125
rb1805,20170913,20170912,210904500,3818.0,34656,325410,1326031420.0,3818.0,42,3817.0,125
rb1805,20170913,20170912,210905000,3818.0,34752,325322,1329696700.0,3818.0,1,3817.0,125
rb1805,20170913,20170912,210905500,3818.0,34756,325322,1329849420.0,3819.0,13,3818.0,4
rb1805,20170913,20170912,210906000,3818.0,34756,325322,1329849420.0,3819.0,17,3818.0,28
rb1805,20170913,20170912,210906500,3818.0,34768,325318,1330307580.0,3819.0,17,3818.0,22
rb1805,20170913,20170912,210907000,3818.0,34770,325320,1330383940.0,3819.0,17,3818.0,31
rb1805,20170913,20170912,210907500,3819.0,34810,325338,1331911580.0,3820.0,32,3818.0,33
rb1805,20170913,20170912,210908000,3818.0,34824,325352,1332446100.0,3820.0,46,3819.0,1
rb1805,20170913,20170912,210908500,3819.0,34836,325354,1332904360.0,3820.0,34,3818.0,26
rb1805,20170913,20170912,210909000,3819.0,34836,325354,1332904360.0,3820.0,34,3819.0,7
rb1805,20170913,20170912,210909500,3818.0,34934,325366,1336647600.0,3820.0,2,3818.0,38
rb1805,20170913,20170912,210910000,3819.0,35004,325416,1339321140.0,3821.0,32,3819.0,38
rb1805,20170913,20170912,210910500,3821.0,35066,325450,1341690160.0,3822.0,150,3821.0,1
rb1805,20170913,20170912,210911000,3820.0,35074,325452,1341995800.0,3822.0,153,3820.0,12
rb1805,20170913,20170912,210911500,3821.0,35084,325444,1342377920.0,3822.0,152,3821.0,4
rb1805,20170913,20170912,210912000,3821.0,35106,325436,1343218640.0,3821.0,3,3820.0,17
rb1805,20170913,20170912,210912500,3820.0,35108,325436,1343295040.0,3822.0,139,3820.0,16
rb1805,20170913,20170912,210913000,3820.0,35110,325438,1343371440.0,3821.0,5,3820.0,30
rb1805,20170913,20170912,210913500,3820.0,35110,325438,1343371440.0,3821.0,5,3820.0,33
rb1805,20170913,20170912,210914000,3820.0,35110,325438,1343371440.0,3821.0,8,3820.0,33
rb1805,20170913,20170912,210914500,3821.0,35112,325438,1343447860.0,3821.0,17,3820.0,43
rb1805,20170913,20170912,210915000,3820.0,35116,325434,1343600660.0,3821.0,29,3820.0,39
rb1805,20170913,20170912,210915500,3820.0,35196,325440,1346656660.0,3820.0,10,3819.0,49
rb1805,20170913,20170912,210916000,3820.0,35200,325440,1346809460.0,3820.0,8,3819.0,35
rb1805,20170913,20170912,210916500,3820.0,35206,325440,1347038660.0,3820.0,6,3819.0,35
rb1805,20170913,20170912,210917000,3820.0,35214,325442,1347344260.0,3820.0,3,3819.0,35
rb1805,20170913,20170912,210917500,3820.0,35220,325438,1347573460.0,3821.0,19,3820.0,12
rb1805,20170913,20170912,210918000,3821.0,35228,325436,1347879120.0,3821.0,16,3820.0,11
rb1805,20170913,20170912,210918500,3820.0,35232,325438,1348031920.0,3821.0,16,3820.0,9
rb1805,20170913,20170912,210919000,3820.0,35236,325440,1348184720.0,3821.0,19,3820.0,9
rb1805,20170913,20170912,210919500,3821.0,35238,325440,1348261140.0,3821.0,19,3820.0,11
rb1805,20170913,20170912,210920000,3821.0,35242,325444,1348413960.0,3821.0,18,3820.0,42
rb1805,20170913,20170912,210920500,3820.0,35302,325408,1350705960.0,3821.0,21,3820.0,17
rb1805,20170913,20170912,210921000,3821.0,35304,325410,1350782380.0,3821.0,18,3820.0,20
rb1805,20170913,20170912,210921500,3821.0,35304,325410,1350782380.0,3821.0,19,3820.0,23
rb1805,20170913,20170912,210922000,3821.0,35310,325410,1351011640.0,3821.0,17,3820.0,127
rb1805,20170913,20170912,210922500,3821.0,35318,325408,1351317320.0,3821.0,15,3820.0,127
rb1805,20170913,20170912,210923000,3822.0,35354,325382,1352692920.0,3822.0,188,3820.0,128
rb1805,20170913,20170912,210923500,3822.0,35362,325374,1352998600.0,3822.0,198,3821.0,1
rb1805,20170913,20170912,210924000,3821.0,35366,325376,1353151460.0,3822.0,159,3821.0,1
rb1805,20170913,20170912,210924500,3822.0,35372,325370,1353380780.0,3822.0,156,3821.0,7
rb1805,20170913,20170912,210925000,3821.0,35378,325368,1353610060.0,3822.0,156,3821.0,11
rb1805,20170913,20170912,210925500,3821.0,35378,325368,1353610060.0,3822.0,156,3821.0,17
rb1805,20170913,20170912,210926000,3821.0,35380,325370,1353686480.0,3822.0,140,3821.0,16
rb1805,20170913,20170912,210926500,3821.0,35414,325400,1354985620.0,3821.0,5,3820.0,133
rb1805,20170913,20170912,210927000,3821.0,35426,325390,1355444120.0,3821.0,28,3820.0,132
rb1805,20170913,20170912,210927500,3821.0,35436,325394,1355826180.0,3821.0,36,3820.0,127
rb1805,20170913,20170912,210928000,3820.0,35686,325296,1365376180.0,3821.0,37,3820.0,2
rb1805,20170913,20170912,210928500,3820.0,35690,325300,1365528980.0,3820.0,29,3819.0,25
rb1805,20170913,20170912,210929000,3820.0,35702,325298,1365987340.0,3820.0,6,3819.0,20
rb1805,20170913,20170912,210929500,3820.0,35704,325300,1366063740.0,3820.0,9,3819.0,20
rb1805,20170913,20170912,210930000,3821.0,35714,325300,1366445760.0,3821.0,39,3819.0,19
rb1805,20170913,20170912,210930500,3820.0,35718,325300,1366598580.0,3820.0,4,3819.0,49
rb1805,20170913,20170912,210931000,3820.0,35726,325292,1366904180.0,3821.0,40,3820.0,1
rb1805,20170913,20170912,210931500,3820.0,35814,325378,1370265780.0,3821.0,32,3820.0,7
rb1805,20170913,20170912,210932000,3821.0,35816,325380,1370342200.0,3821.0,40,3820.0,22
rb1805,20170913,20170912,210932500,3821.0,35840,325384,1371259240.0,3821.0,28,3820.0,27
rb1805,20170913,20170912,210933000,3821.0,35840,325384,1371259240.0,3821.0,28,3820.0,27
rb1805,20170913,20170912,210933500,3820.0,35900,325430,1373551260.0,3820.0,12,3819.0,20
