instrument,tradingday,calendarday,time,lastp,volume,openinterest,turnover,ask1,asksz1,bid1,bidsz1
rb1805,20170628,20170627,183225500,2943.0,0,75970,0.0,0.0,0,0.0,0
rb1805,20170628,20170627,205900500,2945.0,14,75958,412300.0,2947.0,3,2944.0,6
rb1805,20170628,20170627,210000500,2944.0,18,75960,530060.0,2945.0,50,2944.0,4
rb1805,20170628,20170627,210001000,2945.0,118,75880,3475060.0,2947.0,3,2944.0,4
rb1805,20170628,20170627,210001500,2945.0,118,75880,3475060.0,2947.0,3,2944.0,4
rb1805,20170628,20170627,210002000,2947.0,122,75880,3592880.0,2947.0,2,2944.0,5
rb1805,20170628,20170627,210002500,2947.0,126,75876,3710760.0,2946.0,1,2944.0,5
rb1805,20170628,20170627,210003000,2947.0,128,75876,3769700.0,2948.0,1,2946.0,1
rb1805,20170628,20170627,210003500,2948.0,130,75876,3828660.0,2947.0,1,2946.0,29
rb1805,20170628,20170627,210004000,2946.0,134,75876,3946540.0,2950.0,55,2947.0,1
rb1805,20170628,20170627,210004500,2947.0,138,75878,4064480.0,2950.0,54,2946.0,28
rb1805,20170628,20170627,210005000,2950.0,140,75878,4123480.0,2950.0,53,2948.0,2
rb1805,20170628,20170627,210005500,2948.0,146,75880,4300360.0,2948.0,2,2946.0,28
rb1805,20170628,20170627,210006000,2948.0,154,75876,4536320.0,2950.0,50,2947.0,3
rb1805,20170628,20170627,210006500,2950.0,156,75876,4595320.0,2950.0,49,2947.0,3
rb1805,20170628,20170627,210007000,2950.0,218,75876,6424320.0,2950.0,18,2947.0,3
rb1805,20170628,20170627,210007500,2950.0,238,75860,7014320.0,2950.0,9,2947.0,2
rb1805,20170628,20170627,210008000,2950.0,240,75860,7073320.0,2950.0,8,2948.0,6
rb1805,20170628,20170627,210008500,2950.0,242,75860,7132320.0,2950.0,8,2948.0,6
rb1805,20170628,20170627,210009000,2950.0,242,75860,7132320.0,2950.0,7,2946.0,28
rb1805,20170628,20170627,210009500,2950.0,244,75860,7191320.0,2949.0,4,2947.0,2
rb1805,20170628,20170627,210010000,2949.0,248,75858,7309280.0,2949.0,3,2947.0,2
rb1805,20170628,20170627,210010500,2949.0,250,75858,7368260.0,2949.0,2,2946.0,28
rb1805,20170628,20170627,210011000,2949.0,252,75858,7427240.0,2949.0,1,2946.0,28
rb1805,20170628,20170627,210011500,2949.0,292,75828,8605760.0,2950.0,7,2946.0,12
rb1805,20170628,20170627,210012000,2950.0,294,75828,8664760.0,2950.0,6,2949.0,1
rb1805,20170628,20170627,210012500,2949.0,298,75828,8782740.0,2950.0,5,2947.0,9
rb1805,20170628,20170627,210013000,2950.0,300,75828,8841740.0,2950.0,4,2948.0,1
rb1805,20170628,20170627,210013500,2950.0,308,75820,9077740.0,2952.0,2,2950.0,1
rb1805,20170628,20170627,210014000,2951.0,310,75822,9136760.0,2952.0,2,2950.0,1
rb1805,20170628,20170627,210014500,2946.0,316,75822,9313640.0,2952.0,2,2950.0,1
rb1805,20170628,20170627,210015000,2952.0,318,75822,9372680.0,2952.0,1,2950.0,1
rb1805,20170628,20170627,210015500,2952.0,320,75822,9431720.0,2953.0,1,2952.0,1
rb1805,20170628,20170627,210016000,2953.0,322,75820,9490780.0,2955.0,52,2953.0,1
rb1805,20170628,20170627,210016500,2955.0,324,75820,9549880.0,2955.0,51,2953.0,1
rb1805,20170628,20170627,210017000,2955.0,328,75820,9668080.0,2955.0,49,2950.0,1
rb1805,20170628,20170627,210017500,2950.0,332,75822,9786180.0,2955.0,48,2950.0,1
rb1805,20170628,20170627,210018000,2955.0,336,75822,9904360.0,2955.0,47,2950.0,1
rb1805,20170628,20170627,210018500,2955.0,336,75822,9904360.0,2955.0,48,2946.0,10
rb1805,20170628,20170627,210019000,2955.0,336,75822,9904360.0,2954.0,6,2947.0,3
rb1805,20170628,20170627,210019500,2955.0,338,75824,9963460.0,2954.0,5,2950.0,1
rb1805,20170628,20170627,210020000,2954.0,340,75826,10022540.0,2955.0,47,2950.0,1
rb1805,20170628,20170627,210020500,2955.0,342,75826,10081640.0,2955.0,46,2950.0,2
rb1805,20170628,20170627,210021000,2955.0,344,75826,10140740.0,2955.0,45,2951.0,1
rb1805,20170628,20170627,210021500,2955.0,346,75826,10199840.0,2955.0,44,2951.0,11
rb1805,20170628,20170627,210022000,2955.0,348,75826,10258940.0,2955.0,43,2951.0,11
rb1805,20170628,20170627,210022500,2955.0,350,75826,10318040.0,2955.0,42,2952.0,1
rb1805,20170628,20170627,210023000,2952.0,354,75826,10436180.0,2955.0,41,2951.0,2
rb1805,20170628,20170627,210023500,2955.0,356,75826,10495280.0,2955.0,40,2953.0,2
rb1805,20170628,20170627,210024000,2955.0,360,75824,10613480.0,2955.0,38,2953.0,2
rb1805,20170628,20170627,210024500,2955.0,362,75824,10672580.0,2955.0,37,2951.0,1
rb1805,20170628,20170627,210025000,2955.0,364,75824,10731680.0,2955.0,37,2952.0,1
rb1805,20170628,20170627,210025500,2955.0,364,75824,10731680.0,2955.0,37,2953.0,1
rb1805,20170628,20170627,210026000,2955.0,366,75824,10790780.0,2955.0,36,2953.0,1
rb1805,20170628,20170627,210026500,2955.0,372,75824,10968080.0,2955.0,33,2953.0,1
rb1805,20170628,20170627,210027000,2955.0,380,75820,11204480.0,2955.0,29,2953.0,2
rb1805,20170628,20170627,210027500,2955.0,382,75820,11263580.0,2955.0,28,2954.0,3
rb1805,20170628,20170627,210028000,2954.0,392,75824,11558980.0,2955.0,29,2953.0,2
rb1805,20170628,20170627,210028500,2955.0,394,75824,11618080.0,2955.0,28,2953.0,2
rb1805,20170628,20170627,210029000,2955.0,396,75824,11677180.0,2955.0,28,2953.0,2
rb1805,20170628,20170627,210029500,2955.0,396,75824,11677180.0,2955.0,28,2953.0,7
rb1805,20170628,20170627,210030500,2955.0,398,75824,11736280.0,2955.0,27,2954.0,1
rb1805,20170628,20170627,210031000,2955.0,400,75824,11795380.0,2954.0,1,2953.0,6
rb1805,20170628,20170627,210031500,2954.0,402,75826,11854460.0,2955.0,27,2953.0,7
rb1805,20170628,20170627,210032000,2954.0,402,75826,11854460.0,2954.0,1,2953.0,6
rb1805,20170628,20170627,210032500,2954.0,404,75828,11913540.0,2955.0,27,2954.0,1
rb1805,20170628,20170627,210033000,2954.0,408,75830,12031720.0,2955.0,26,2954.0,10
rb1805,20170628,20170627,210033500,2955.0,414,75830,12209000.0,2955.0,24,2954.0,9
rb1805,20170628,20170627,210034000,2955.0,418,75830,12327180.0,2955.0,24,2954.0,8
rb1805,20170628,20170627,210034500,2954.0,422,75830,12445340.0,2955.0,24,2954.0,6
rb1805,20170628,20170627,210035000,2954.0,424,75830,12504420.0,2955.0,24,2954.0,5
rb1805,20170628,20170627,210035500,2953.0,450,75808,13272380.0,2953.0,40,2952.0,1
rb1805,20170628,20170627,210036000,2953.0,468,75792,13803920.0,2953.0,31,2952.0,2
rb1805,20170628,20170627,210036500,2953.0,470,75792,13862980.0,2953.0,30,2951.0,1
rb1805,20170628,20170627,210037000,2953.0,472,75792,13922040.0,2953.0,29,2952.0,1
rb1805,20170628,20170627,210037500,2953.0,474,75792,13981100.0,2953.0,28,2952.0,1
rb1805,20170628,20170627,210038000,2953.0,476,75792,14040160.0,2953.0,27,2951.0,1
rb1805,20170628,20170627,210038500,2953.0,478,75792,14099220.0,2953.0,26,2951.0,1
rb1805,20170628,20170627,210039000,2953.0,518,75754,15280420.0,2953.0,6,2951.0,1
rb1805,20170628,20170627,210039500,2953.0,520,75754,15339480.0,2953.0,5,2951.0,1
rb1805,20170628,20170627,210040000,2953.0,522,75754,15398540.0,2952.0,3,2951.0,1
rb1805,20170628,20170627,210040500,2953.0,532,75744,15693840.0,2953.0,2,2952.0,2
rb1805,20170628,20170627,210041000,2953.0,536,75744,15811960.0,2954.0,1,2952.0,3
rb1805,20170628,20170627,210041500,2954.0,538,75744,15871040.0,2955.0,22,2954.0,1
rb1805,20170628,20170627,210042000,2955.0,542,75746,15989220.0,2955.0,21,2952.0,3
rb1805,20170628,20170627,210042500,2955.0,544,75746,16048320.0,2955.0,20,2952.0,3
rb1805,20170628,20170627,210043000,2955.0,546,75746,16107420.0,2954.0,1,2952.0,3
rb1805,20170628,20170627,210043500,2954.0,548,75746,16166500.0,2955.0,19,2952.0,3
rb1805,20170628,20170627,210044000,2955.0,550,75746,16225600.0,2955.0,18,2952.0,3
rb1805,20170628,20170627,210044500,2952.0,554,75748,16343740.0,2955.0,17,2952.0,2
rb1805,20170628,20170627,210045000,2954.0,556,75750,16402820.0,2955.0,17,2952.0,2
rb1805,20170628,20170627,210046000,2952.0,558,75750,16461860.0,2955.0,17,2952.0,1
rb1805,20170628,20170627,210047000,2954.0,560,75752,16520940.0,2955.0,17,2952.0,1
rb1805,20170628,20170627,210047500,2954.0,560,75752,16520940.0,2955.0,17,2953.0,9
rb1805,20170628,20170627,210048000,2953.0,566,75756,16698160.0,2955.0,17,2953.0,8
rb1805,20170628,20170627,210048500,2953.0,568,75758,16757220.0,2955.0,17,2953.0,7
rb1805,20170628,20170627,210049000,2953.0,570,75760,16816280.0,2954.0,1,2953.0,6
rb1805,20170628,20170627,210049500,2953.0,578,75764,17052540.0,2954.0,3,2953.0,3
rb1805,20170628,20170627,210050000,2954.0,580,75766,17111620.0,2954.0,3,2953.0,3
rb1805,20170628,20170627,210050500,2953.0,584,75768,17229740.0,2954.0,3,2953.0,1
rb1805,20170628,20170627,210051000,2953.0,586,75768,17288800.0,2954.0,3,2952.0,1
rb1805,20170628,20170627,210051500,2953.0,588,75770,17347860.0,2954.0,3,2952.0,1
rb1805,20170628,20170627,210052000,2953.0,590,75772,17406920.0,2954.0,4,2952.0,1
rb1805,20170628,20170627,210052500,2954.0,596,75778,17584120.0,2954.0,2,2951.0,4
rb1805,20170628,20170627,210053000,2954.0,598,75778,17643200.0,2953.0,1,2952.0,2
rb1805,20170628,20170627,210053500,2952.0,602,75782,17761300.0,2954.0,1,2952.0,1
rb1805,20170628,20170627,210054000,2954.0,606,75786,17879420.0,2955.0,17,2952.0,1
rb1805,20170628,20170627,210054500,2954.0,612,75786,18056620.0,2955.0,17,2951.0,4
rb1805,20170628,20170627,210055000,2954.0,612,75786,18056620.0,2952.0,1,2951.0,4
rb1805,20170628,20170627,210055500,2952.0,614,75788,18115660.0,2954.0,5,2951.0,4
rb1805,20170628,20170627,210056000,2954.0,618,75792,18233820.0,2954.0,8,2953.0,1
rb1805,20170628,20170627,210056500,2954.0,622,75794,18351960.0,2953.0,1,2951.0,4
rb1805,20170628,20170627,210057000,2953.0,624,75796,18411020.0,2954.0,4,2951.0,4
rb1805,20170628,20170627,210057500,2954.0,626,75796,18470100.0,2954.0,4,2951.0,4
rb1805,20170628,20170627,210058000,2954.0,628,75796,18529180.0,2954.0,4,2952.0,3
rb1805,20170628,20170627,210058500,2954.0,628,75796,18529180.0,2954.0,4,2952.0,3
rb1805,20170628,20170627,210059000,2954.0,630,75796,18588260.0,2954.0,3,2952.0,3
rb1805,20170628,20170627,210059500,2954.0,632,75796,18647340.0,2954.0,2,2952.0,6
rb1805,20170628,20170627,210100000,2954.0,634,75798,18706420.0,2954.0,1,2952.0,6
rb1805,20170628,20170627,210100500,2954.0,636,75798,18765500.0,2955.0,23,2953.0,1
rb1805,20170628,20170627,210101000,2955.0,640,75798,18883660.0,2955.0,22,2952.0,5
rb1805,20170628,20170627,210101500,2955.0,646,75800,19060900.0,2955.0,19,2953.0,1
rb1805,20170628,20170627,210102000,2953.0,650,75802,19179060.0,2955.0,19,2952.0,8
rb1805,20170628,20170627,210102500,2953.0,650,75802,19179060.0,2955.0,19,2953.0,7
rb1805,20170628,20170627,210103000,2953.0,650,75802,19179060.0,2955.0,19,2953.0,7
rb1805,20170628,20170627,210103500,2955.0,654,75802,19297260.0,2955.0,17,2953.0,7
rb1805,20170628,20170627,210104000,2955.0,656,75802,19356360.0,2955.0,16,2953.0,7
rb1805,20170628,20170627,210104500,2953.0,660,75804,19474520.0,2955.0,15,2953.0,6
rb1805,20170628,20170627,210105000,2955.0,668,75806,19710880.0,2955.0,12,2953.0,5
rb1805,20170628,20170627,210105500,2953.0,674,75808,19888100.0,2955.0,11,2952.0,8
rb1805,20170628,20170627,210106000,2955.0,676,75810,19947200.0,2953.0,1,2952.0,8
rb1805,20170628,20170627,210106500,2953.0,678,75810,20006260.0,2955.0,10,2953.0,3
rb1805,20170628,20170627,210107000,2955.0,682,75810,20124460.0,2955.0,8,2953.0,1
rb1805,20170628,20170627,210107500,2955.0,686,75814,20242660.0,2955.0,6,2952.0,9
rb1805,20170628,20170627,210108000,2955.0,688,75816,20301760.0,2955.0,5,2952.0,8
rb1805,20170628,20170627,210108500,2955.0,690,75816,20360860.0,2955.0,4,2952.0,9
rb1805,20170628,20170627,210109000,2952.0,694,75818,20479000.0,2955.0,3,2952.0,8
rb1805,20170628,20170627,210109500,2955.0,696,75818,20538100.0,2955.0,3,2952.0,7
rb1805,20170628,20170627,210110000,2955.0,696,75818,20538100.0,2955.0,3,2952.0,8
rb1805,20170628,20170627,210110500,2955.0,698,75818,20597200.0,2955.0,2,2952.0,8
rb1805,20170628,20170627,210111000,2955.0,700,75818,20656300.0,2954.0,1,2952.0,7
rb1805,20170628,20170627,210111500,2952.0,704,75822,20774420.0,2955.0,4,2952.0,6
rb1805,20170628,20170627,210112000,2955.0,708,75826,20892620.0,2955.0,2,2954.0,1
rb1805,20170628,20170627,210112500,2954.0,712,75828,21010800.0,2956.0,4,2952.0,6
rb1805,20170628,20170627,210113000,2956.0,714,75830,21069920.0,2955.0,20,2952.0,6
rb1805,20170628,20170627,210113500,2955.0,718,75832,21188120.0,2955.0,20,2952.0,6
rb1805,20170628,20170627,210114000,2955.0,718,75832,21188120.0,2954.0,36,2952.0,6
rb1805,20170628,20170627,210114500,2954.0,720,75834,21247200.0,2954.0,35,2952.0,7
rb1805,20170628,20170627,210115000,2954.0,722,75834,21306280.0,2954.0,34,2952.0,7
rb1805,20170628,20170627,210115500,2952.0,728,75834,21483480.0,2954.0,32,2952.0,6
rb1805,20170628,20170627,210116000,2954.0,730,75834,21542560.0,2954.0,31,2952.0,7
rb1805,20170628,20170627,210116500,2954.0,734,75832,21660720.0,2954.0,29,2952.0,7
rb1805,20170628,20170627,210117000,2954.0,736,75832,21719800.0,2954.0,28,2953.0,1
rb1805,20170628,20170627,210117500,2952.0,742,75832,21896980.0,2954.0,27,2952.0,6
rb1805,20170628,20170627,210118000,2952.0,742,75832,21896980.0,2954.0,29,2953.0,1
rb1805,20170628,20170627,210118500,2954.0,744,75832,21956060.0,2954.0,26,2953.0,1
rb1805,20170628,20170627,210119000,2954.0,746,75832,22015140.0,2954.0,25,2953.0,1
rb1805,20170628,20170627,210119500,2954.0,748,75832,22074220.0,2954.0,24,2953.0,1
rb1805,20170628,20170627,210120000,2953.0,752,75834,22192360.0,2954.0,23,2953.0,1
rb1805,20170628,20170627,210120500,2954.0,756,75836,22310500.0,2953.0,1,2952.0,4
rb1805,20170628,20170627,210121000,2953.0,758,75838,22369560.0,2954.0,22,2953.0,1
rb1805,20170628,20170627,210121500,2953.0,762,75840,22487700.0,2953.0,1,2952.0,4
rb1805,20170628,20170627,210122000,2953.0,764,75842,22546760.0,2954.0,21,2952.0,4
rb1805,20170628,20170627,210122500,2954.0,766,75842,22605840.0,2954.0,23,2952.0,4
rb1805,20170628,20170627,210123000,2954.0,768,75842,22664920.0,2954.0,22,2952.0,5
rb1805,20170628,20170627,210123500,2954.0,770,75842,22724000.0,2954.0,21,2952.0,5
rb1805,20170628,20170627,210124000,2954.0,772,75842,22783080.0,2953.0,30,2952.0,5
rb1805,20170628,20170627,210124500,2953.0,782,75842,23078380.0,2953.0,25,2952.0,5
rb1805,20170628,20170627,210125000,2953.0,784,75842,23137440.0,2953.0,24,2952.0,5
rb1805,20170628,20170627,210127000,2953.0,786,75842,23196500.0,2953.0,23,2952.0,5
rb1805,20170628,20170627,210127500,2953.0,788,75842,23255560.0,2953.0,22,2952.0,5
rb1805,20170628,20170627,210128000,2953.0,790,75842,23314620.0,2953.0,22,2952.0,5
rb1805,20170628,20170627,210128500,2953.0,790,75842,23314620.0,2953.0,22,2952.0,6
rb1805,20170628,20170627,210129000,2953.0,790,75842,23314620.0,2953.0,22,2952.0,6
rb1805,20170628,20170627,210129500,2953.0,790,75842,23314620.0,2953.0,23,2952.0,6
rb1805,20170628,20170627,210130000,2952.0,794,75842,23432720.0,2953.0,22,2952.0,6
rb1805,20170628,20170627,210130500,2953.0,798,75842,23550840.0,2953.0,20,2952.0,6
rb1805,20170628,20170627,210131000,2952.0,808,75842,23846060.0,2953.0,19,2952.0,2
rb1805,20170628,20170627,210131500,2953.0,810,75842,23905120.0,2953.0,18,2952.0,2
rb1805,20170628,20170627,210132000,2953.0,812,75842,23964180.0,2953.0,17,2952.0,2
rb1805,20170628,20170627,210132500,2953.0,814,75842,24023240.0,2953.0,16,2952.0,2
rb1805,20170628,20170627,210133000,2953.0,816,75842,24082300.0,2953.0,15,2952.0,2
rb1805,20170628,20170627,210133500,2953.0,818,75842,24141360.0,2953.0,14,2952.0,2
rb1805,20170628,20170627,210134000,2953.0,820,75842,24200420.0,2953.0,13,2952.0,2
rb1805,20170628,20170627,210134500,2953.0,822,75842,24259480.0,2953.0,12,2952.0,2
rb1805,20170628,20170627,210135000,2952.0,826,75844,24377580.0,2953.0,11,2952.0,11
rb1805,20170628,20170627,210135500,2953.0,832,75844,24554760.0,2953.0,8,2952.0,11
rb1805,20170628,20170627,210136000,2952.0,838,75846,24731900.0,2953.0,7,2952.0,9
rb1805,20170628,20170627,210136500,2953.0,840,75846,24790960.0,2953.0,6,2952.0,9
rb1805,20170628,20170627,210137000,2953.0,844,75848,24909060.0,2953.0,5,2952.0,8
rb1805,20170628,20170627,210137500,2953.0,858,75850,25322360.0,2953.0,4,2952.0,2
rb1805,20170628,20170627,210138000,2953.0,862,75852,25440460.0,2953.0,3,2952.0,1
rb1805,20170628,20170627,210138500,2952.0,866,75852,25558560.0,2952.0,1,2951.0,5
rb1805,20170628,20170627,210139000,2952.0,868,75854,25617600.0,2952.0,1,2951.0,5
rb1805,20170628,20170627,210139500,2952.0,870,75856,25676640.0,2953.0,2,2951.0,5
rb1805,20170628,20170627,210140000,2951.0,874,75858,25794720.0,2953.0,1,2951.0,4
rb1805,20170628,20170627,210140500,2953.0,876,75860,25853780.0,2954.0,21,2951.0,4
rb1805,20170628,20170627,210141000,2953.0,878,75862,25912840.0,2953.0,1,2951.0,9
rb1805,20170628,20170627,210141500,2953.0,880,75864,25971900.0,2954.0,21,2951.0,9
rb1805,20170628,20170627,210142000,2954.0,882,75864,26030980.0,2954.0,20,2951.0,9
rb1805,20170628,20170627,210142500,2954.0,884,75864,26090060.0,2954.0,19,2951.0,9
rb1805,20170628,20170627,210143000,2954.0,886,75864,26149140.0,2954.0,18,2951.0,9
rb1805,20170628,20170627,210143500,2954.0,888,75864,26208220.0,2954.0,17,2951.0,9
rb1805,20170628,20170627,210144000,2954.0,890,75864,26267300.0,2954.0,16,2951.0,9
rb1805,20170628,20170627,210144500,2954.0,892,75864,26326380.0,2953.0,1,2951.0,9
rb1805,20170628,20170627,210145000,2953.0,896,75868,26444460.0,2953.0,2,2951.0,3
rb1805,20170628,20170627,210145500,2951.0,900,75872,26562540.0,2953.0,1,2951.0,2
rb1805,20170628,20170627,210146000,2953.0,904,75876,26680620.0,2954.0,15,2951.0,1
rb1805,20170628,20170627,210146500,2951.0,908,75878,26798720.0,2954.0,26,2950.0,13
rb1805,20170628,20170627,210147000,2954.0,910,75878,26857800.0,2954.0,25,2953.0,2
rb1805,20170628,20170627,210147500,2954.0,916,75880,27035000.0,2953.0,1,2950.0,13
rb1805,20170628,20170627,210148000,2954.0,916,75880,27035000.0,2954.0,24,2953.0,1
rb1805,20170628,20170627,210148500,2954.0,920,75882,27153140.0,2953.0,1,2951.0,2
rb1805,20170628,20170627,210149000,2951.0,924,75882,27271220.0,2953.0,1,2951.0,1
rb1805,20170628,20170627,210149500,2951.0,926,75882,27330240.0,2953.0,1,2950.0,13
rb1805,20170628,20170627,210150000,2951.0,926,75882,27330240.0,2951.0,1,2950.0,18
rb1805,20170628,20170627,210150500,2951.0,928,75882,27389260.0,2953.0,1,2951.0,3
rb1805,20170628,20170627,210151000,2951.0,932,75884,27507340.0,2954.0,23,2950.0,12
rb1805,20170628,20170627,210151500,2951.0,932,75884,27507340.0,2954.0,24,2950.0,17
rb1805,20170628,20170627,210152000,2954.0,934,75884,27566420.0,2954.0,22,2950.0,17
rb1805,20170628,20170627,210152500,2954.0,936,75884,27625500.0,2954.0,21,2950.0,17
rb1805,20170628,20170627,210153000,2954.0,938,75884,27684580.0,2954.0,20,2950.0,17
rb1805,20170628,20170627,210153500,2954.0,940,75884,27743660.0,2954.0,19,2950.0,17
rb1805,20170628,20170627,210154000,2954.0,940,75884,27743660.0,2954.0,19,2950.0,18
rb1805,20170628,20170627,210154500,2953.0,944,75888,27861720.0,2954.0,19,2950.0,18
rb1805,20170628,20170627,210155000,2953.0,944,75888,27861720.0,2954.0,19,2950.0,18
rb1805,20170628,20170627,210156000,2953.0,944,75888,27861720.0,2953.0,1,2950.0,18
rb1805,20170628,20170627,210156500,2953.0,946,75888,27920780.0,2954.0,28,2951.0,1
rb1805,20170628,20170627,210157000,2953.0,946,75888,27920780.0,2953.0,2,2951.0,1
rb1805,20170628,20170627,210157500,2953.0,950,75890,28038860.0,2953.0,1,2950.0,18
rb1805,20170628,20170627,210158000,2953.0,950,75890,28038860.0,2954.0,29,2953.0,1
rb1805,20170628,20170627,210158500,2953.0,954,75894,28156980.0,2953.0,3,2951.0,1
rb1805,20170628,20170627,210159000,2953.0,956,75896,28216040.0,2953.0,1,2951.0,1
rb1805,20170628,20170627,210159500,2953.0,958,75898,28275100.0,2953.0,1,2951.0,1
rb1805,20170628,20170627,210200000,2953.0,958,75898,28275100.0,2954.0,28,2951.0,1
rb1805,20170628,20170627,210200500,2951.0,962,75902,28393180.0,2953.0,3,2951.0,4
rb1805,20170628,20170627,210201000,2953.0,964,75902,28452240.0,2954.0,30,2951.0,4
rb1805,20170628,20170627,210201500,2954.0,966,75902,28511320.0,2954.0,29,2951.0,4
rb1805,20170628,20170627,210202000,2954.0,968,75902,28570400.0,2954.0,28,2951.0,4
rb1805,20170628,20170627,210202500,2954.0,970,75902,28629480.0,2954.0,27,2952.0,2
rb1805,20170628,20170627,210203000,2952.0,976,75906,28806640.0,2954.0,26,2951.0,4
rb1805,20170628,20170627,210203500,2953.0,978,75906,28865700.0,2953.0,1,2951.0,4
rb1805,20170628,20170627,210204000,2953.0,980,75906,28924760.0,2954.0,26,2951.0,4
rb1805,20170628,20170627,210204500,2954.0,984,75908,29042920.0,2954.0,24,2951.0,4
rb1805,20170628,20170627,210205000,2954.0,986,75910,29102000.0,2954.0,24,2952.0,2
rb1805,20170628,20170627,210205500,2952.0,988,75912,29161040.0,2953.0,1,2952.0,1
rb1805,20170628,20170627,210206000,2952.0,990,75914,29220080.0,2954.0,25,2953.0,1
rb1805,20170628,20170627,210206500,2953.0,994,75918,29338200.0,2954.0,25,2951.0,14
rb1805,20170628,20170627,210207000,2951.0,996,75920,29397220.0,2952.0,1,2951.0,13
rb1805,20170628,20170627,210207500,2952.0,998,75922,29456260.0,2953.0,1,2951.0,10
rb1805,20170628,20170627,210208000,2953.0,1000,75924,29515320.0,2953.0,1,2952.0,1
rb1805,20170628,20170627,210208500,2952.0,1002,75924,29574360.0,2953.0,1,2951.0,10
rb1805,20170628,20170627,210209000,2952.0,1002,75924,29574360.0,2952.0,1,2951.0,10
rb1805,20170628,20170627,210209500,2952.0,1004,75926,29633400.0,2953.0,4,2951.0,10
rb1805,20170628,20170627,210210000,2953.0,1006,75928,29692460.0,2953.0,3,2951.0,10
rb1805,20170628,20170627,210210500,2951.0,1012,75928,29869560.0,2953.0,2,2951.0,8
rb1805,20170628,20170627,210211000,2953.0,1014,75928,29928620.0,2953.0,1,2951.0,8
rb1805,20170628,20170627,210211500,2953.0,1014,75928,29928620.0,2953.0,2,2951.0,8
rb1805,20170628,20170627,210212500,2953.0,1016,75930,29987680.0,2953.0,1,2952.0,1
rb1805,20170628,20170627,210213000,2953.0,1020,75930,30105780.0,2954.0,26,2951.0,8
rb1805,20170628,20170627,210213500,2953.0,1022,75930,30164840.0,2953.0,2,2951.0,8
rb1805,20170628,20170627,210214000,2953.0,1024,75930,30223900.0,2953.0,2,2951.0,8
rb1805,20170628,20170627,210215000,2951.0,1028,75932,30341940.0,2953.0,2,2951.0,6
rb1805,20170628,20170627,210215500,2953.0,1030,75932,30401000.0,2953.0,1,2951.0,6
rb1805,20170628,20170627,210216000,2953.0,1032,75934,30460060.0,2954.0,26,2951.0,6
rb1805,20170628,20170627,210216500,2954.0,1034,75936,30519140.0,2954.0,25,2952.0,1
rb1805,20170628,20170627,210217000,2954.0,1038,75938,30637260.0,2954.0,24,2951.0,6
rb1805,20170628,20170627,210217500,2952.0,1042,75942,30755380.0,2954.0,23,2952.0,1
rb1805,20170628,20170627,210218000,2952.0,1044,75944,30814420.0,2953.0,2,2952.0,2
rb1805,20170628,20170627,210218500,2953.0,1048,75946,30932520.0,2953.0,1,2952.0,1
rb1805,20170628,20170627,210219000,2954.0,1060,75948,31286980.0,2954.0,18,2952.0,3
rb1805,20170628,20170627,210219500,2952.0,1064,75950,31405100.0,2954.0,16,2952.0,7
rb1805,20170628,20170627,210220000,2954.0,1068,75952,31523220.0,2954.0,15,2952.0,6
rb1805,20170628,20170627,210220500,2954.0,1070,75952,31582300.0,2954.0,14,2952.0,6
rb1805,20170628,20170627,210221000,2954.0,1072,75952,31641380.0,2954.0,13,2952.0,6
rb1805,20170628,20170627,210221500,2954.0,1074,75952,31700460.0,2954.0,12,2952.0,6
rb1805,20170628,20170627,210222000,2952.0,1078,75952,31818580.0,2954.0,11,2951.0,7
rb1805,20170628,20170627,210222500,2954.0,1080,75952,31877660.0,2952.0,1,2951.0,7
rb1805,20170628,20170627,210223000,2952.0,1084,75952,31995740.0,2954.0,10,2952.0,2
rb1805,20170628,20170627,210223500,2952.0,1088,75954,32113860.0,2953.0,1,2951.0,7
rb1805,20170628,20170627,210224000,2953.0,1090,75954,32172920.0,2952.0,1,2951.0,7
rb1805,20170628,20170627,210224500,2952.0,1092,75956,32231960.0,2954.0,9,2952.0,7
rb1805,20170628,20170627,210225000,2953.0,1096,75958,32350060.0,2953.0,1,2952.0,6
rb1805,20170628,20170627,210225500,2953.0,1100,75958,32468160.0,2954.0,9,2952.0,5
rb1805,20170628,20170627,210226000,2952.0,1104,75958,32586280.0,2954.0,9,2953.0,1
rb1805,20170628,20170627,210226500,2953.0,1106,75958,32645340.0,2954.0,9,2952.0,9
rb1805,20170628,20170627,210227000,2953.0,1106,75958,32645340.0,2954.0,9,2952.0,4
rb1805,20170628,20170627,210227500,2954.0,1108,75958,32704420.0,2954.0,8,2952.0,6
rb1805,20170628,20170627,210228000,2954.0,1110,75958,32763500.0,2954.0,7,2952.0,6
rb1805,20170628,20170627,210228500,2954.0,1112,75958,32822580.0,2954.0,6,2952.0,6
rb1805,20170628,20170627,210229000,2954.0,1114,75958,32881660.0,2954.0,5,2952.0,6
rb1805,20170628,20170627,210229500,2954.0,1116,75958,32940740.0,2954.0,4,2952.0,6
rb1805,20170628,20170627,210230000,2954.0,1118,75958,32999820.0,2954.0,3,2952.0,6
rb1805,20170628,20170627,210230500,2954.0,1120,75960,33058900.0,2954.0,2,2952.0,10
rb1805,20170628,20170627,210231000,2952.0,1132,75952,33413180.0,2954.0,1,2952.0,5
rb1805,20170628,20170627,210231500,2954.0,1134,75952,33472260.0,2955.0,38,2952.0,4
rb1805,20170628,20170627,210232000,2954.0,1134,75952,33472260.0,2955.0,38,2952.0,5
rb1805,20170628,20170627,210232500,2955.0,1136,75952,33531360.0,2954.0,1,2952.0,5
rb1805,20170628,20170627,210233000,2954.0,1138,75952,33590440.0,2955.0,38,2952.0,5
rb1805,20170628,20170627,210233500,2955.0,1140,75952,33649540.0,2955.0,37,2952.0,10
rb1805,20170628,20170627,210234000,2955.0,1142,75952,33708640.0,2955.0,36,2952.0,10
rb1805,20170628,20170627,210234500,2955.0,1144,75952,33767740.0,2954.0,1,2953.0,2
rb1805,20170628,20170627,210235000,2954.0,1148,75954,33885880.0,2955.0,35,2953.0,1
rb1805,20170628,20170627,210235500,2953.0,1152,75956,34004040.0,2953.0,1,2952.0,11
rb1805,20170628,20170627,210236000,2954.0,1158,75958,34181260.0,2955.0,35,2954.0,8
rb1805,20170628,20170627,210236500,2954.0,1168,75964,34476680.0,2955.0,34,2954.0,4
rb1805,20170628,20170627,210237000,2954.0,1170,75966,34535760.0,2955.0,34,2954.0,3
rb1805,20170628,20170627,210237500,2955.0,1178,75970,34772120.0,2955.0,31,2954.0,1
rb1805,20170628,20170627,210238000,2955.0,1184,75970,34949400.0,2955.0,29,2952.0,11
rb1805,20170628,20170627,210238500,2955.0,1184,75970,34949400.0,2954.0,2,2953.0,2
rb1805,20170628,20170627,210239000,2954.0,1186,75972,35008480.0,2954.0,1,2953.0,2
rb1805,20170628,20170627,210239500,2954.0,1188,75972,35067560.0,2954.0,1,2953.0,2
rb1805,20170628,20170627,210240000,2954.0,1188,75972,35067560.0,2954.0,1,2953.0,8
rb1805,20170628,20170627,210241000,2954.0,1190,75974,35126640.0,2955.0,29,2953.0,8
rb1805,20170628,20170627,210241500,2954.0,1190,75974,35126640.0,2954.0,4,2953.0,9
rb1805,20170628,20170627,210242000,2954.0,1192,75976,35185720.0,2954.0,3,2953.0,4
rb1805,20170628,20170627,210242500,2954.0,1194,75978,35244800.0,2954.0,2,2953.0,4
rb1805,20170628,20170627,210243000,2954.0,1196,75980,35303880.0,2954.0,1,2953.0,4
rb1805,20170628,20170627,210243500,2954.0,1196,75980,35303880.0,2955.0,29,2954.0,1
rb1805,20170628,20170627,210244000,2955.0,1200,75982,35422060.0,2955.0,28,2953.0,5
rb1805,20170628,20170627,210244500,2955.0,1200,75982,35422060.0,2954.0,1,2953.0,5
rb1805,20170628,20170627,210245000,2954.0,1202,75984,35481140.0,2955.0,28,2953.0,6
rb1805,20170628,20170627,210245500,2953.0,1204,75986,35540200.0,2955.0,28,2953.0,10
rb1805,20170628,20170627,210246000,2953.0,1206,75988,35599260.0,2955.0,28,2953.0,9
rb1805,20170628,20170627,210248000,2953.0,1206,75988,35599260.0,2955.0,28,2953.0,9
rb1805,20170628,20170627,210248500,2953.0,1206,75988,35599260.0,2955.0,29,2953.0,9
rb1805,20170628,20170627,210249000,2953.0,1206,75988,35599260.0,2955.0,29,2953.0,9
rb1805,20170628,20170627,210250000,2953.0,1206,75988,35599260.0,2955.0,29,2953.0,10
rb1805,20170628,20170627,210251000,2955.0,1208,75988,35658360.0,2955.0,28,2953.0,10
rb1805,20170628,20170627,210251500,2955.0,1208,75988,35658360.0,2955.0,28,2953.0,10
rb1805,20170628,20170627,210252000,2955.0,1208,75988,35658360.0,2955.0,28,2953.0,10
rb1805,20170628,20170627,210252500,2955.0,1208,75988,35658360.0,2955.0,28,2953.0,10
rb1805,20170628,20170627,210253000,2955.0,1208,75988,35658360.0,2955.0,28,2953.0,12
rb1805,20170628,20170627,210254500,2955.0,1210,75988,35717460.0,2955.0,27,2953.0,12
rb1805,20170628,20170627,210256000,2955.0,1210,75988,35717460.0,2955.0,27,2953.0,12
rb1805,20170628,20170627,210257000,2955.0,1210,75988,35717460.0,2955.0,27,2953.0,12
rb1805,20170628,20170627,210258000,2955.0,1210,75988,35717460.0,2955.0,27,2953.0,12
rb1805,20170628,20170627,210300000,2955.0,1210,75988,35717460.0,2955.0,27,2953.0,12
rb1805,20170628,20170627,210301500,2955.0,1210,75988,35717460.0,2955.0,27,2953.0,12
rb1805,20170628,20170627,210302500,2955.0,1210,75988,35717460.0,2955.0,27,2953.0,13
rb1805,20170628,20170627,210303000,2955.0,1220,75988,36012960.0,2955.0,22,2953.0,13
rb1805,20170628,20170627,210303500,2955.0,1228,75990,36249360.0,2955.0,18,2953.0,13
rb1805,20170628,20170627,210306000,2955.0,1228,75990,36249360.0,2955.0,18,2953.0,13
rb1805,20170628,20170627,210306500,2955.0,1230,75992,36308460.0,2955.0,20,2953.0,13
rb1805,20170628,20170627,210307000,2955.0,1230,75992,36308460.0,2955.0,20,2953.0,8
rb1805,20170628,20170627,210307500,2955.0,1230,75992,36308460.0,2955.0,20,2953.0,8
rb1805,20170628,20170627,210308000,2955.0,1230,75992,36308460.0,2954.0,3,2953.0,13
rb1805,20170628,20170627,210308500,2955.0,1230,75992,36308460.0,2955.0,40,2953.0,13
rb1805,20170628,20170627,210309000,2955.0,1230,75992,36308460.0,2955.0,40,2953.0,14
rb1805,20170628,20170627,210309500,2955.0,1230,75992,36308460.0,2955.0,48,2953.0,9
rb1805,20170628,20170627,210312000,2955.0,1232,75992,36367560.0,2955.0,47,2953.0,9
rb1805,20170628,20170627,210312500,2953.0,1234,75992,36426620.0,2954.0,2,2953.0,8
rb1805,20170628,20170627,210313000,2953.0,1234,75992,36426620.0,2954.0,2,2953.0,8
rb1805,20170628,20170627,210314500,2953.0,1236,75994,36485680.0,2954.0,2,2953.0,8
rb1805,20170628,20170627,210317500,2953.0,1236,75994,36485680.0,2954.0,2,2953.0,6
rb1805,20170628,20170627,210319500,2954.0,1238,75994,36544760.0,2954.0,1,2953.0,11
rb1805,20170628,20170627,210320000,2955.0,1242,75996,36662940.0,2955.0,47,2954.0,3
rb1805,20170628,20170627,210320500,2954.0,1248,75990,36840180.0,2955.0,47,2953.0,13
rb1805,20170628,20170627,210321000,2954.0,1248,75990,36840180.0,2955.0,47,2953.0,13
rb1805,20170628,20170627,210321500,2954.0,1248,75990,36840180.0,2955.0,47,2954.0,1
rb1805,20170628,20170627,210322000,2954.0,1250,75990,36899260.0,2955.0,47,2953.0,13
rb1805,20170628,20170627,210322500,2954.0,1250,75990,36899260.0,2955.0,47,2953.0,13
rb1805,20170628,20170627,210323000,2954.0,1250,75990,36899260.0,2954.0,12,2953.0,13
rb1805,20170628,20170627,210323500,2954.0,1274,76014,37608220.0,2955.0,47,2953.0,13
rb1805,20170628,20170627,210325000,2954.0,1274,76014,37608220.0,2955.0,47,2954.0,6
rb1805,20170628,20170627,210325500,2955.0,1286,76014,37962740.0,2955.0,45,2953.0,13
rb1805,20170628,20170627,210327000,2955.0,1286,76014,37962740.0,2955.0,44,2953.0,13
rb1805,20170628,20170627,210327500,2955.0,1286,76014,37962740.0,2955.0,44,2953.0,8
rb1805,20170628,20170627,210328000,2955.0,1286,76014,37962740.0,2954.0,1,2953.0,8
rb1805,20170628,20170627,210328500,2955.0,1286,76014,37962740.0,2954.0,1,2953.0,8
rb1805,20170628,20170627,210330000,2955.0,1286,76014,37962740.0,2954.0,2,2953.0,8
rb1805,20170628,20170627,210330500,2954.0,1288,76014,38021820.0,2954.0,1,2953.0,8
rb1805,20170628,20170627,210331000,2954.0,1290,76016,38080900.0,2955.0,38,2953.0,8
rb1805,20170628,20170627,210332500,2954.0,1290,76016,38080900.0,2955.0,38,2954.0,2
rb1805,20170628,20170627,210333000,2954.0,1290,76016,38080900.0,2955.0,38,2954.0,2
rb1805,20170628,20170627,210334000,2954.0,1290,76016,38080900.0,2955.0,38,2954.0,2
rb1805,20170628,20170627,210335500,2954.0,1292,76016,38139980.0,2955.0,38,2954.0,1
rb1805,20170628,20170627,210336500,2954.0,1294,76018,38199060.0,2955.0,38,2953.0,9
rb1805,20170628,20170627,210337000,2954.0,1294,76018,38199060.0,2955.0,43,2953.0,9
rb1805,20170628,20170627,210337500,2954.0,1294,76018,38199060.0,2955.0,43,2953.0,9
rb1805,20170628,20170627,210339000,2954.0,1294,76018,38199060.0,2954.0,3,2953.0,9
rb1805,20170628,20170627,210339500,2954.0,1300,76018,38376300.0,2955.0,43,2953.0,9
rb1805,20170628,20170627,210340500,2955.0,1302,76018,38435400.0,2955.0,42,2953.0,9
rb1805,20170628,20170627,210341000,2955.0,1302,76018,38435400.0,2955.0,42,2953.0,9
rb1805,20170628,20170627,210342500,2955.0,1302,76018,38435400.0,2955.0,42,2953.0,9
rb1805,20170628,20170627,210343500,2955.0,1302,76018,38435400.0,2955.0,42,2953.0,9
rb1805,20170628,20170627,210344500,2955.0,1302,76018,38435400.0,2955.0,42,2953.0,9
rb1805,20170628,20170627,210345000,2955.0,1302,76018,38435400.0,2955.0,42,2953.0,9
rb1805,20170628,20170627,210345500,2953.0,1304,76018,38494460.0,2955.0,42,2953.0,8
rb1805,20170628,20170627,210346500,2953.0,1306,76018,38553520.0,2955.0,42,2953.0,7
rb1805,20170628,20170627,210348000,2953.0,1306,76018,38553520.0,2954.0,1,2953.0,7
rb1805,20170628,20170627,210350000,2955.0,1392,76064,41094800.0,2956.0,18,2955.0,22
rb1805,20170628,20170627,210350500,2955.0,1436,76096,42395000.0,2955.0,10,2954.0,2
rb1805,20170628,20170627,210351000,2955.0,1436,76096,42395000.0,2955.0,11,2954.0,2
rb1805,20170628,20170627,210351500,2954.0,1438,76098,42454080.0,2955.0,11,2954.0,1
rb1805,20170628,20170627,210352000,2954.0,1438,76098,42454080.0,2955.0,11,2954.0,1
rb1805,20170628,20170627,210353000,2954.0,1438,76098,42454080.0,2955.0,10,2954.0,4
rb1805,20170628,20170627,210353500,2954.0,1438,76098,42454080.0,2955.0,11,2954.0,4
rb1805,20170628,20170627,210354000,2954.0,1438,76098,42454080.0,2955.0,12,2954.0,4
rb1805,20170628,20170627,210355500,2954.0,1438,76098,42454080.0,2955.0,11,2954.0,4
rb1805,20170628,20170627,210356000,2954.0,1438,76098,42454080.0,2955.0,12,2954.0,4
rb1805,20170628,20170627,210356500,2954.0,1440,76098,42513160.0,2955.0,12,2954.0,3
rb1805,20170628,20170627,210357000,2954.0,1440,76098,42513160.0,2955.0,12,2954.0,3
rb1805,20170628,20170627,210357500,2954.0,1440,76098,42513160.0,2955.0,13,2954.0,8
rb1805,20170628,20170627,210358000,2955.0,1450,76108,42808660.0,2955.0,7,2954.0,8
rb1805,20170628,20170627,210358500,2954.0,1454,76108,42926820.0,2955.0,7,2954.0,7
rb1805,20170628,20170627,210359500,2955.0,1458,76110,43045020.0,2955.0,5,2954.0,7
rb1805,20170628,20170627,210400000,2955.0,1470,76104,43399620.0,2956.0,18,2955.0,1
rb1805,20170628,20170627,210400500,2954.0,1474,76106,43517780.0,2956.0,23,2954.0,5
rb1805,20170628,20170627,210401000,2954.0,1474,76106,43517780.0,2956.0,23,2953.0,5
rb1805,20170628,20170627,210401500,2954.0,1474,76106,43517780.0,2955.0,3,2954.0,7
rb1805,20170628,20170627,210402000,2955.0,1486,76110,43872400.0,2956.0,17,2955.0,1
rb1805,20170628,20170627,210402500,2956.0,1488,76110,43931520.0,2956.0,16,2954.0,8
rb1805,20170628,20170627,210403500,2956.0,1488,76110,43931520.0,2956.0,16,2954.0,8
rb1805,20170628,20170627,210404000,2956.0,1488,76110,43931520.0,2956.0,16,2954.0,8
rb1805,20170628,20170627,210404500,2956.0,1488,76110,43931520.0,2956.0,16,2954.0,8
rb1805,20170628,20170627,210405000,2956.0,1488,76110,43931520.0,2956.0,16,2954.0,8
rb1805,20170628,20170627,210406000,2956.0,1488,76110,43931520.0,2956.0,16,2954.0,9
rb1805,20170628,20170627,210406500,2956.0,1488,76110,43931520.0,2956.0,17,2954.0,9
rb1805,20170628,20170627,210407000,2956.0,1488,76110,43931520.0,2956.0,17,2954.0,9
rb1805,20170628,20170627,210407500,2956.0,1488,76110,43931520.0,2956.0,17,2954.0,9
rb1805,20170628,20170627,210409000,2956.0,1494,76106,44108880.0,2956.0,14,2954.0,10
rb1805,20170628,20170627,210409500,2956.0,1494,76106,44108880.0,2956.0,14,2954.0,10
rb1805,20170628,20170627,210410000,2956.0,1494,76106,44108880.0,2956.0,14,2954.0,10
rb1805,20170628,20170627,210410500,2956.0,1494,76106,44108880.0,2956.0,14,2955.0,1
rb1805,20170628,20170627,210411000,2955.0,1496,76106,44167980.0,2955.0,2,2954.0,9
rb1805,20170628,20170627,210411500,2956.0,1498,76106,44227100.0,2956.0,13,2955.0,1
rb1805,20170628,20170627,210412000,2955.0,1504,76108,44404400.0,2956.0,13,2955.0,2
rb1805,20170628,20170627,210412500,2955.0,1508,76110,44522600.0,2955.0,2,2954.0,9
rb1805,20170628,20170627,210413000,2955.0,1508,76110,44522600.0,2956.0,13,2954.0,10
rb1805,20170628,20170627,210413500,2956.0,1510,76110,44581720.0,2956.0,12,2954.0,10
rb1805,20170628,20170627,210414500,2956.0,1510,76110,44581720.0,2955.0,30,2954.0,10
rb1805,20170628,20170627,210415500,2955.0,1512,76110,44640820.0,2955.0,29,2954.0,10
rb1805,20170628,20170627,210416500,2955.0,1516,76110,44759020.0,2955.0,27,2954.0,10
rb1805,20170628,20170627,210417000,2955.0,1522,76110,44936320.0,2955.0,24,2954.0,10
rb1805,20170628,20170627,210417500,2955.0,1532,76110,45231820.0,2955.0,19,2954.0,10
rb1805,20170628,20170627,210418000,2955.0,1532,76110,45231820.0,2955.0,19,2954.0,11
rb1805,20170628,20170627,210418500,2955.0,1532,76110,45231820.0,2955.0,19,2954.0,11
rb1805,20170628,20170627,210419000,2955.0,1534,76108,45290920.0,2955.0,18,2954.0,11
rb1805,20170628,20170627,210419500,2955.0,1534,76108,45290920.0,2955.0,18,2954.0,6
rb1805,20170628,20170627,210420500,2955.0,1536,76108,45350020.0,2955.0,17,2954.0,6
rb1805,20170628,20170627,210421500,2955.0,1536,76108,45350020.0,2955.0,23,2954.0,6
rb1805,20170628,20170627,210422000,2955.0,1536,76108,45350020.0,2955.0,23,2954.0,6
rb1805,20170628,20170627,210422500,2955.0,1536,76108,45350020.0,2955.0,23,2954.0,5
rb1805,20170628,20170627,210424000,2955.0,1536,76108,45350020.0,2955.0,18,2954.0,3
rb1805,20170628,20170627,210425000,2955.0,1536,76108,45350020.0,2955.0,18,2954.0,4
rb1805,20170628,20170627,210425500,2954.0,1544,76114,45586340.0,2954.0,1,2953.0,12
rb1805,20170628,20170627,210426000,2954.0,1544,76114,45586340.0,2955.0,18,2953.0,8
rb1805,20170628,20170627,210426500,2954.0,1544,76114,45586340.0,2955.0,17,2953.0,8
rb1805,20170628,20170627,210429000,2954.0,1544,76114,45586340.0,2955.0,22,2953.0,8
rb1805,20170628,20170627,210429500,2954.0,1544,76114,45586340.0,2955.0,22,2953.0,8
rb1805,20170628,20170627,210430000,2955.0,1548,76114,45704540.0,2955.0,20,2954.0,1
rb1805,20170628,20170627,210430500,2954.0,1550,76116,45763620.0,2955.0,21,2953.0,8
rb1805,20170628,20170627,210433000,2954.0,1550,76116,45763620.0,2955.0,21,2953.0,8
rb1805,20170628,20170627,210433500,2954.0,1550,76116,45763620.0,2955.0,21,2953.0,8
rb1805,20170628,20170627,210434000,2954.0,1550,76116,45763620.0,2955.0,20,2953.0,8
rb1805,20170628,20170627,210434500,2955.0,1552,76116,45822720.0,2955.0,19,2953.0,8
rb1805,20170628,20170627,210435000,2955.0,1552,76116,45822720.0,2955.0,14,2953.0,8
rb1805,20170628,20170627,210436000,2955.0,1552,76116,45822720.0,2955.0,15,2953.0,8
rb1805,20170628,20170627,210436500,2955.0,1560,76116,46059120.0,2955.0,11,2953.0,8
rb1805,20170628,20170627,210437000,2955.0,1582,76118,46709220.0,2956.0,22,2953.0,8
rb1805,20170628,20170627,210437500,2953.0,1596,76118,47122940.0,2956.0,17,2953.0,6
rb1805,20170628,20170627,210438000,2953.0,1596,76118,47122940.0,2956.0,18,2954.0,2
rb1805,20170628,20170627,210438500,2953.0,1596,76118,47122940.0,2956.0,23,2954.0,2
rb1805,20170628,20170627,210440000,2956.0,1620,76130,47832380.0,2956.0,11,2954.0,2
rb1805,20170628,20170627,210440500,2956.0,1632,76140,48187100.0,2956.0,5,2954.0,2
rb1805,20170628,20170627,210441500,2956.0,1632,76140,48187100.0,2956.0,5,2954.0,2
rb1805,20170628,20170627,210442000,2956.0,1640,76140,48423580.0,2956.0,1,2954.0,2
rb1805,20170628,20170627,210442500,2956.0,1642,76140,48482700.0,2957.0,23,2954.0,2
rb1805,20170628,20170627,210443000,2956.0,1642,76140,48482700.0,2957.0,29,2954.0,2
rb1805,20170628,20170627,210444000,2956.0,1642,76140,48482700.0,2956.0,6,2954.0,2
rb1805,20170628,20170627,210444500,2956.0,1654,76152,48837420.0,2957.0,28,2954.0,2
rb1805,20170628,20170627,210445000,2956.0,1654,76152,48837420.0,2956.0,1,2954.0,2
rb1805,20170628,20170627,210446000,2956.0,1654,76152,48837420.0,2956.0,1,2954.0,2
rb1805,20170628,20170627,210446500,2956.0,1656,76152,48896540.0,2957.0,28,2954.0,2
rb1805,20170628,20170627,210447000,2956.0,1656,76152,48896540.0,2957.0,28,2954.0,2
rb1805,20170628,20170627,210447500,2956.0,1656,76152,48896540.0,2957.0,24,2954.0,2
rb1805,20170628,20170627,210448000,2956.0,1656,76152,48896540.0,2957.0,24,2956.0,3
rb1805,20170628,20170627,210448500,2956.0,1656,76152,48896540.0,2957.0,24,2956.0,3
rb1805,20170628,20170627,210449000,2956.0,1656,76152,48896540.0,2957.0,24,2956.0,3
rb1805,20170628,20170627,210450000,2956.0,1656,76152,48896540.0,2957.0,24,2956.0,3
rb1805,20170628,20170627,210450500,2956.0,1656,76152,48896540.0,2957.0,24,2956.0,3
rb1805,20170628,20170627,210451000,2957.0,1658,76152,48955680.0,2957.0,23,2956.0,3
rb1805,20170628,20170627,210451500,2957.0,1660,76152,49014820.0,2957.0,22,2956.0,3
rb1805,20170628,20170627,210452000,2956.0,1666,76152,49192200.0,2957.0,21,2956.0,1
rb1805,20170628,20170627,210452500,2957.0,1668,76152,49251340.0,2957.0,20,2956.0,1
rb1805,20170628,20170627,210453000,2956.0,1672,76150,49369600.0,2956.0,1,2954.0,8
rb1805,20170628,20170627,210453500,2956.0,1674,76150,49428720.0,2957.0,19,2956.0,1
rb1805,20170628,20170627,210454000,2957.0,1678,76150,49547000.0,2957.0,17,2956.0,1
rb1805,20170628,20170627,210454500,2957.0,1682,76150,49665280.0,2957.0,15,2954.0,8
rb1805,20170628,20170627,210455000,2957.0,1684,76150,49724420.0,2957.0,14,2954.0,8
rb1805,20170628,20170627,210455500,2957.0,1686,76150,49783560.0,2957.0,13,2955.0,6
rb1805,20170628,20170627,210456000,2957.0,1688,76150,49842700.0,2957.0,27,2956.0,2
rb1805,20170628,20170627,210456500,2957.0,1688,76150,49842700.0,2957.0,22,2956.0,3
rb1805,20170628,20170627,210457000,2957.0,1690,76150,49901840.0,2957.0,21,2956.0,3
rb1805,20170628,20170627,210457500,2957.0,1692,76150,49960980.0,2957.0,20,2956.0,3
rb1805,20170628,20170627,210458000,2957.0,1692,76150,49960980.0,2957.0,20,2956.0,3
rb1805,20170628,20170627,210459000,2957.0,1696,76150,50079260.0,2957.0,18,2956.0,3
rb1805,20170628,20170627,210459500,2957.0,1698,76150,50138400.0,2957.0,17,2956.0,3
rb1805,20170628,20170627,210500000,2956.0,1706,76150,50374900.0,2956.0,7,2954.0,20
rb1805,20170628,20170627,210500500,2956.0,1720,76144,50788740.0,2957.0,16,2956.0,1
rb1805,20170628,20170627,210501000,2957.0,1722,76144,50847880.0,2957.0,16,2956.0,1
rb1805,20170628,20170627,210501500,2957.0,1722,76144,50847880.0,2957.0,17,2956.0,1
rb1805,20170628,20170627,210502000,2957.0,1724,76144,50907020.0,2957.0,16,2956.0,1
rb1805,20170628,20170627,210502500,2957.0,1726,76144,50966160.0,2957.0,15,2956.0,1
rb1805,20170628,20170627,210503000,2957.0,1728,76144,51025300.0,2957.0,14,2956.0,1
rb1805,20170628,20170627,210503500,2957.0,1730,76144,51084440.0,2957.0,13,2956.0,1
rb1805,20170628,20170627,210504000,2957.0,1732,76144,51143580.0,2957.0,12,2956.0,1
rb1805,20170628,20170627,210504500,2957.0,1734,76144,51202720.0,2957.0,17,2956.0,3
rb1805,20170628,20170627,210505000,2957.0,1736,76144,51261860.0,2957.0,16,2956.0,3
rb1805,20170628,20170627,210505500,2957.0,1738,76144,51321000.0,2957.0,15,2956.0,3
rb1805,20170628,20170627,210506000,2957.0,1740,76144,51380140.0,2957.0,14,2956.0,3
rb1805,20170628,20170627,210506500,2957.0,1742,76144,51439280.0,2957.0,13,2956.0,3
rb1805,20170628,20170627,210507000,2957.0,1744,76144,51498420.0,2957.0,12,2956.0,3
rb1805,20170628,20170627,210507500,2957.0,1746,76144,51557560.0,2957.0,11,2956.0,3
rb1805,20170628,20170627,210508000,2956.0,1750,76146,51675820.0,2957.0,10,2956.0,2
rb1805,20170628,20170627,210508500,2957.0,1752,76146,51734960.0,2957.0,9,2956.0,2
rb1805,20170628,20170627,210509000,2957.0,1768,76136,52208080.0,2957.0,1,2956.0,2
rb1805,20170628,20170627,210509500,2957.0,1770,76136,52267220.0,2958.0,29,2956.0,2
rb1805,20170628,20170627,210510000,2957.0,1772,76136,52326360.0,2958.0,30,2956.0,2
rb1805,20170628,20170627,210510500,2958.0,1774,76136,52385520.0,2958.0,29,2956.0,2
rb1805,20170628,20170627,210511000,2958.0,1776,76136,52444680.0,2958.0,27,2956.0,2
rb1805,20170628,20170627,210511500,2958.0,1778,76136,52503840.0,2958.0,27,2956.0,2
rb1805,20170628,20170627,210512000,2958.0,1778,76136,52503840.0,2958.0,27,2956.0,2
rb1805,20170628,20170627,210512500,2958.0,1786,76144,52740480.0,2958.0,23,2956.0,3
rb1805,20170628,20170627,210513000,2958.0,1788,76146,52799640.0,2958.0,22,2956.0,3
rb1805,20170628,20170627,210513500,2958.0,1790,76148,52858800.0,2958.0,21,2957.0,2
rb1805,20170628,20170627,210514000,2958.0,1792,76150,52917960.0,2958.0,20,2957.0,2
rb1805,20170628,20170627,210514500,2958.0,1794,76152,52977120.0,2958.0,19,2957.0,2
rb1805,20170628,20170627,210515000,2958.0,1796,76154,53036280.0,2958.0,18,2957.0,2
rb1805,20170628,20170627,210515500,2958.0,1798,76156,53095440.0,2958.0,17,2957.0,2
rb1805,20170628,20170627,210516000,2958.0,1800,76158,53154600.0,2958.0,16,2957.0,2
rb1805,20170628,20170627,210516500,2958.0,1802,76160,53213760.0,2958.0,15,2957.0,2
rb1805,20170628,20170627,210517000,2958.0,1804,76162,53272920.0,2958.0,14,2957.0,2
rb1805,20170628,20170627,210517500,2957.0,1810,76168,53450340.0,2957.0,2,2956.0,3
rb1805,20170628,20170627,210518000,2956.0,1812,76170,53509460.0,2958.0,19,2957.0,1
rb1805,20170628,20170627,210518500,2957.0,1816,76172,53627740.0,2958.0,20,2956.0,2
rb1805,20170628,20170627,210519000,2957.0,1816,76172,53627740.0,2958.0,15,2956.0,2
rb1805,20170628,20170627,210519500,2958.0,1818,76174,53686900.0,2958.0,14,2956.0,4
rb1805,20170628,20170627,210520000,2958.0,1820,76176,53746060.0,2958.0,13,2956.0,4
rb1805,20170628,20170627,210520500,2958.0,1822,76178,53805220.0,2958.0,12,2956.0,4
rb1805,20170628,20170627,210521000,2958.0,1824,76180,53864380.0,2958.0,10,2956.0,4
rb1805,20170628,20170627,210521500,2958.0,1826,76182,53923540.0,2958.0,10,2956.0,4
rb1805,20170628,20170627,210522000,2958.0,1826,76182,53923540.0,2958.0,10,2956.0,14
rb1805,20170628,20170627,210522500,2958.0,1828,76184,53982700.0,2958.0,9,2956.0,14
rb1805,20170628,20170627,210523000,2958.0,1830,76186,54041860.0,2958.0,8,2956.0,24
rb1805,20170628,20170627,210523500,2958.0,1832,76188,54101020.0,2958.0,7,2956.0,28
rb1805,20170628,20170627,210524000,2958.0,1834,76190,54160180.0,2958.0,6,2956.0,28
rb1805,20170628,20170627,210524500,2958.0,1836,76192,54219340.0,2958.0,5,2956.0,28
rb1805,20170628,20170627,210525000,2958.0,1838,76194,54278500.0,2958.0,4,2956.0,28
rb1805,20170628,20170627,210525500,2958.0,1840,76196,54337660.0,2958.0,3,2956.0,28
rb1805,20170628,20170627,210526000,2958.0,1842,76198,54396820.0,2958.0,2,2956.0,28
rb1805,20170628,20170627,210526500,2958.0,1844,76198,54455980.0,2958.0,1,2956.0,28
rb1805,20170628,20170627,210527000,2958.0,1846,76198,54515140.0,2959.0,2,2956.0,28
rb1805,20170628,20170627,210527500,2958.0,1848,76198,54574300.0,2958.0,4,2956.0,28
rb1805,20170628,20170627,210528000,2958.0,1850,76198,54633460.0,2958.0,4,2956.0,28
rb1805,20170628,20170627,210528500,2958.0,1850,76198,54633460.0,2958.0,1,2956.0,30
rb1805,20170628,20170627,210529000,2958.0,1852,76200,54692620.0,2959.0,7,2957.0,10
rb1805,20170628,20170627,210529500,2959.0,1854,76202,54751800.0,2959.0,6,2957.0,13
rb1805,20170628,20170627,210530000,2959.0,1856,76202,54810980.0,2959.0,5,2957.0,13
rb1805,20170628,20170627,210531000,2959.0,1856,76202,54810980.0,2959.0,6,2957.0,13
rb1805,20170628,20170627,210531500,2959.0,1856,76202,54810980.0,2959.0,6,2957.0,14
rb1805,20170628,20170627,210532500,2959.0,1856,76202,54810980.0,2959.0,5,2957.0,14
rb1805,20170628,20170627,210533000,2957.0,1878,76206,55462020.0,2959.0,3,2957.0,13
rb1805,20170628,20170627,210533500,2957.0,1878,76206,55462020.0,2959.0,3,2957.0,13
rb1805,20170628,20170627,210534000,2959.0,1880,76206,55521200.0,2959.0,2,2957.0,14
rb1805,20170628,20170627,210534500,2959.0,1882,76206,55580380.0,2959.0,1,2957.0,14
rb1805,20170628,20170627,210535000,2959.0,1884,76204,55639560.0,2960.0,73,2959.0,2
rb1805,20170628,20170627,210535500,2959.0,1888,76206,55757920.0,2959.0,1,2957.0,14
rb1805,20170628,20170627,210536000,2959.0,1888,76206,55757920.0,2960.0,74,2959.0,1
rb1805,20170628,20170627,210536500,2959.0,1890,76208,55817100.0,2960.0,74,2957.0,19
rb1805,20170628,20170627,210537000,2959.0,1890,76208,55817100.0,2959.0,2,2957.0,19
rb1805,20170628,20170627,210537500,2959.0,1892,76210,55876280.0,2959.0,1,2957.0,19
rb1805,20170628,20170627,210538000,2959.0,1892,76210,55876280.0,2959.0,1,2958.0,1
rb1805,20170628,20170627,210538500,2959.0,1892,76210,55876280.0,2959.0,1,2958.0,11
rb1805,20170628,20170627,210539000,2959.0,1894,76212,55935460.0,2960.0,73,2958.0,11
rb1805,20170628,20170627,210539500,2960.0,1896,76212,55994660.0,2960.0,72,2959.0,2
rb1805,20170628,20170627,210540000,2960.0,1898,76212,56053860.0,2960.0,72,2959.0,3
rb1805,20170628,20170627,210541500,2960.0,1900,76212,56113060.0,2960.0,71,2959.0,3
rb1805,20170628,20170627,210542500,2960.0,1904,76210,56231440.0,2960.0,70,2959.0,2
rb1805,20170628,20170627,210543000,2960.0,1906,76210,56290640.0,2960.0,69,2959.0,2
rb1805,20170628,20170627,210544000,2959.0,1910,76208,56409000.0,2960.0,69,2958.0,10
rb1805,20170628,20170627,210545500,2959.0,1910,76208,56409000.0,2960.0,69,2958.0,10
rb1805,20170628,20170627,210546000,2960.0,1922,76214,56764140.0,2960.0,66,2958.0,10
rb1805,20170628,20170627,210546500,2960.0,1922,76214,56764140.0,2959.0,3,2958.0,10
rb1805,20170628,20170627,210547000,2960.0,1922,76214,56764140.0,2960.0,67,2959.0,1
rb1805,20170628,20170627,210548000,2960.0,1926,76214,56882540.0,2960.0,65,2958.0,10
rb1805,20170628,20170627,210548500,2960.0,1936,76214,57178540.0,2960.0,60,2958.0,20
rb1805,20170628,20170627,210549000,2958.0,1978,76254,58420940.0,2960.0,58,2958.0,5
rb1805,20170628,20170627,210549500,2958.0,1990,76264,58775940.0,2958.0,15,2957.0,17
rb1805,20170628,20170627,210550000,2958.0,1996,76268,58953420.0,2958.0,12,2957.0,17
rb1805,20170628,20170627,210550500,2958.0,1998,76270,59012580.0,2958.0,11,2957.0,17
rb1805,20170628,20170627,210551000,2958.0,2000,76272,59071740.0,2958.0,10,2957.0,17
rb1805,20170628,20170627,210551500,2958.0,2002,76274,59130900.0,2958.0,9,2957.0,17
rb1805,20170628,20170627,210552000,2958.0,2004,76276,59190060.0,2958.0,8,2957.0,12
rb1805,20170628,20170627,210552500,2958.0,2006,76278,59249220.0,2958.0,7,2957.0,12
rb1805,20170628,20170627,210553000,2958.0,2008,76280,59308380.0,2958.0,6,2957.0,12
rb1805,20170628,20170627,210553500,2958.0,2014,76282,59485860.0,2958.0,3,2957.0,12
rb1805,20170628,20170627,210554000,2958.0,2016,76284,59545020.0,2958.0,2,2957.0,12
rb1805,20170628,20170627,210554500,2958.0,2018,76286,59604180.0,2958.0,1,2957.0,12
rb1805,20170628,20170627,210555000,2958.0,2020,76288,59663340.0,2959.0,1,2958.0,5
rb1805,20170628,20170627,210555500,2959.0,2022,76288,59722520.0,2960.0,58,2958.0,15
rb1805,20170628,20170627,210556000,2960.0,2024,76288,59781720.0,2960.0,58,2958.0,15
rb1805,20170628,20170627,210556500,2960.0,2024,76288,59781720.0,2960.0,57,2958.0,15
rb1805,20170628,20170627,210557000,2960.0,2026,76288,59840920.0,2960.0,56,2958.0,20
rb1805,20170628,20170627,210558000,2960.0,2068,76318,61083320.0,2958.0,20,2957.0,12
rb1805,20170628,20170627,210558500,2958.0,2070,76320,61142480.0,2958.0,19,2957.0,12
rb1805,20170628,20170627,210559000,2958.0,2072,76322,61201640.0,2958.0,18,2957.0,12
rb1805,20170628,20170627,210559500,2958.0,2102,76332,62089040.0,2958.0,3,2957.0,12
rb1805,20170628,20170627,210600000,2958.0,2108,76338,62266520.0,2960.0,56,2958.0,5
rb1805,20170628,20170627,210600500,2960.0,2120,76338,62621720.0,2960.0,50,2958.0,1
rb1805,20170628,20170627,210601000,2960.0,2124,76338,62740120.0,2960.0,48,2957.0,13
rb1805,20170628,20170627,210601500,2960.0,2126,76338,62799320.0,2960.0,47,2957.0,13
rb1805,20170628,20170627,210602000,2960.0,2128,76338,62858520.0,2960.0,47,2957.0,13
rb1805,20170628,20170627,210602500,2960.0,2128,76338,62858520.0,2960.0,47,2957.0,13
rb1805,20170628,20170627,210603500,2960.0,2130,76338,62917720.0,2960.0,46,2957.0,13
rb1805,20170628,20170627,210604000,2960.0,2132,76338,62976920.0,2960.0,45,2957.0,13
rb1805,20170628,20170627,210604500,2960.0,2134,76338,63036120.0,2960.0,44,2957.0,13
rb1805,20170628,20170627,210605000,2960.0,2142,76334,63272920.0,2960.0,40,2957.0,13
rb1805,20170628,20170627,210605500,2960.0,2144,76334,63332120.0,2960.0,36,2959.0,1
rb1805,20170628,20170627,210606000,2960.0,2146,76334,63391320.0,2960.0,35,2959.0,1
rb1805,20170628,20170627,210606500,2960.0,2148,76334,63450520.0,2960.0,35,2959.0,1
rb1805,20170628,20170627,210607000,2960.0,2148,76334,63450520.0,2960.0,35,2958.0,12
rb1805,20170628,20170627,210607500,2960.0,2150,76332,63509720.0,2959.0,3,2958.0,22
rb1805,20170628,20170627,210608000,2959.0,2152,76332,63568900.0,2959.0,2,2958.0,22
rb1805,20170628,20170627,210608500,2959.0,2154,76332,63628080.0,2959.0,1,2958.0,22
rb1805,20170628,20170627,210609000,2960.0,2160,76332,63805660.0,2960.0,32,2959.0,9
rb1805,20170628,20170627,210609500,2960.0,2162,76332,63864860.0,2960.0,31,2959.0,1
rb1805,20170628,20170627,210610000,2960.0,2166,76332,63983260.0,2960.0,29,2958.0,22
rb1805,20170628,20170627,210610500,2960.0,2168,76332,64042460.0,2960.0,34,2958.0,22
rb1805,20170628,20170627,210611000,2960.0,2170,76332,64101660.0,2960.0,33,2958.0,22
rb1805,20170628,20170627,210611500,2958.0,2212,76350,65344060.0,2959.0,5,2958.0,2
rb1805,20170628,20170627,210612000,2958.0,2230,76358,65876520.0,2958.0,12,2957.0,14
rb1805,20170628,20170627,210612500,2958.0,2238,76366,66113160.0,2958.0,8,2957.0,14
rb1805,20170628,20170627,210613000,2958.0,2242,76370,66231480.0,2958.0,6,2957.0,14
rb1805,20170628,20170627,210613500,2958.0,2244,76372,66290640.0,2958.0,5,2957.0,14
rb1805,20170628,20170627,210614000,2958.0,2246,76374,66349800.0,2958.0,4,2957.0,14
rb1805,20170628,20170627,210614500,2958.0,2252,76376,66527280.0,2958.0,1,2957.0,14
rb1805,20170628,20170627,210615000,2958.0,2254,76378,66586440.0,2959.0,5,2958.0,2
rb1805,20170628,20170627,210615500,2958.0,2260,76376,66763920.0,2958.0,2,2957.0,14
rb1805,20170628,20170627,210616000,2958.0,2260,76376,66763920.0,2959.0,5,2958.0,1
rb1805,20170628,20170627,210616500,2958.0,2264,76378,66882240.0,2958.0,2,2957.0,14
rb1805,20170628,20170627,210617000,2958.0,2266,76378,66941400.0,2958.0,6,2957.0,14
rb1805,20170628,20170627,210617500,2958.0,2268,76378,67000560.0,2958.0,5,2957.0,14
rb1805,20170628,20170627,210618000,2959.0,2288,76386,67592260.0,2960.0,34,2959.0,21
rb1805,20170628,20170627,210618500,2959.0,2332,76428,68894220.0,2959.0,2,2957.0,14
rb1805,20170628,20170627,210619000,2959.0,2334,76430,68953400.0,2959.0,1,2957.0,14
rb1805,20170628,20170627,210619500,2959.0,2336,76432,69012580.0,2959.0,20,2957.0,14
rb1805,20170628,20170627,210620000,2959.0,2338,76434,69071760.0,2959.0,19,2958.0,1
rb1805,20170628,20170627,210620500,2959.0,2340,76436,69130940.0,2959.0,18,2958.0,1
rb1805,20170628,20170627,210621000,2959.0,2342,76438,69190120.0,2959.0,17,2958.0,1
rb1805,20170628,20170627,210621500,2959.0,2344,76440,69249300.0,2959.0,16,2958.0,1
rb1805,20170628,20170627,210622000,2959.0,2348,76444,69367640.0,2959.0,16,2957.0,15
rb1805,20170628,20170627,210623000,2959.0,2350,76446,69426820.0,2959.0,14,2957.0,15
rb1805,20170628,20170627,210623500,2959.0,2352,76448,69486000.0,2959.0,13,2957.0,15
rb1805,20170628,20170627,210624000,2959.0,2354,76450,69545180.0,2959.0,12,2957.0,15
rb1805,20170628,20170627,210624500,2959.0,2358,76454,69663540.0,2959.0,10,2957.0,15
rb1805,20170628,20170627,210625000,2959.0,2360,76456,69722720.0,2959.0,9,2957.0,15
rb1805,20170628,20170627,210625500,2959.0,2362,76458,69781900.0,2959.0,8,2957.0,15
rb1805,20170628,20170627,210626000,2959.0,2364,76460,69841080.0,2959.0,7,2957.0,15
rb1805,20170628,20170627,210626500,2959.0,2374,76462,70136980.0,2959.0,2,2957.0,15
rb1805,20170628,20170627,210627000,2959.0,2376,76464,70196160.0,2959.0,6,2957.0,15
rb1805,20170628,20170627,210627500,2959.0,2378,76466,70255340.0,2959.0,5,2957.0,15
rb1805,20170628,20170627,210628500,2959.0,2380,76466,70314520.0,2959.0,4,2957.0,15
rb1805,20170628,20170627,210629000,2959.0,2382,76466,70373700.0,2959.0,4,2957.0,15
rb1805,20170628,20170627,210630000,2959.0,2384,76466,70432880.0,2959.0,4,2958.0,2
rb1805,20170628,20170627,210630500,2958.0,2388,76470,70551200.0,2959.0,3,2957.0,15
rb1805,20170628,20170627,210631000,2959.0,2390,76470,70610380.0,2959.0,2,2957.0,15
rb1805,20170628,20170627,210631500,2959.0,2392,76470,70669560.0,2959.0,2,2957.0,15
rb1805,20170628,20170627,210632000,2959.0,2392,76470,70669560.0,2959.0,1,2957.0,15
rb1805,20170628,20170627,210632500,2959.0,2394,76470,70728740.0,2960.0,31,2957.0,16
rb1805,20170628,20170627,210633000,2959.0,2396,76470,70787920.0,2959.0,1,2957.0,16
rb1805,20170628,20170627,210633500,2959.0,2398,76470,70847100.0,2960.0,37,2957.0,16
rb1805,20170628,20170627,210634000,2960.0,2400,76470,70906300.0,2960.0,35,2957.0,21
rb1805,20170628,20170627,210634500,2960.0,2402,76472,70965500.0,2960.0,34,2957.0,21
rb1805,20170628,20170627,210635000,2960.0,2444,76508,72207500.0,2960.0,33,2959.0,5
rb1805,20170628,20170627,210635500,2957.0,2472,76524,73035780.0,2957.0,6,2956.0,8
rb1805,20170628,20170627,210636000,2957.0,2484,76528,73390620.0,2960.0,33,2957.0,5
rb1805,20170628,20170627,210636500,2960.0,2486,76530,73449820.0,2960.0,28,2957.0,1
rb1805,20170628,20170627,210637000,2960.0,2490,76532,73568220.0,2960.0,25,2959.0,1
rb1805,20170628,20170627,210637500,2960.0,2494,76534,73686600.0,2959.0,1,2956.0,6
rb1805,20170628,20170627,210638000,2959.0,2496,76536,73745780.0,2959.0,5,2957.0,3
rb1805,20170628,20170627,210638500,2959.0,2498,76536,73804960.0,2960.0,24,2957.0,4
rb1805,20170628,20170627,210639000,2960.0,2500,76536,73864160.0,2960.0,30,2957.0,4
rb1805,20170628,20170627,210639500,2960.0,2502,76536,73923360.0,2959.0,2,2957.0,4
rb1805,20170628,20170627,210640000,2959.0,2504,76538,73982540.0,2959.0,1,2957.0,4
rb1805,20170628,20170627,210640500,2959.0,2506,76540,74041720.0,2959.0,1,2958.0,2
rb1805,20170628,20170627,210641500,2959.0,2508,76540,74100900.0,2960.0,27,2958.0,2
rb1805,20170628,20170627,210642000,2960.0,2510,76540,74160100.0,2960.0,27,2958.0,2
rb1805,20170628,20170627,210643000,2960.0,2510,76540,74160100.0,2960.0,27,2958.0,2
rb1805,20170628,20170627,210643500,2960.0,2510,76540,74160100.0,2960.0,37,2958.0,2
rb1805,20170628,20170627,210644000,2960.0,2512,76540,74219300.0,2960.0,36,2958.0,2
rb1805,20170628,20170627,210644500,2960.0,2514,76540,74278500.0,2960.0,34,2958.0,2
rb1805,20170628,20170627,210645000,2960.0,2516,76540,74337700.0,2960.0,33,2958.0,2
rb1805,20170628,20170627,210645500,2960.0,2518,76540,74396900.0,2960.0,32,2958.0,2
rb1805,20170628,20170627,210646000,2960.0,2520,76540,74456100.0,2959.0,2,2958.0,2
rb1805,20170628,20170627,210646500,2959.0,2526,76540,74633600.0,2959.0,6,2957.0,4
rb1805,20170628,20170627,210647000,2959.0,2528,76540,74692780.0,2959.0,8,2957.0,4
rb1805,20170628,20170627,210647500,2959.0,2530,76542,74751960.0,2959.0,7,2957.0,4
rb1805,20170628,20170627,210648000,2959.0,2532,76544,74811140.0,2959.0,6,2957.0,4
rb1805,20170628,20170627,210648500,2959.0,2534,76546,74870320.0,2959.0,3,2957.0,4
rb1805,20170628,20170627,210649000,2959.0,2536,76548,74929500.0,2959.0,2,2957.0,5
rb1805,20170628,20170627,210649500,2959.0,2538,76550,74988680.0,2959.0,1,2957.0,5
rb1805,20170628,20170627,210650000,2959.0,2540,76552,75047860.0,2960.0,32,2957.0,5
rb1805,20170628,20170627,210650500,2960.0,2542,76552,75107060.0,2960.0,32,2957.0,5
rb1805,20170628,20170627,210651000,2960.0,2542,76552,75107060.0,2960.0,32,2957.0,5
rb1805,20170628,20170627,210651500,2960.0,2542,76552,75107060.0,2960.0,34,2957.0,6
rb1805,20170628,20170627,210652000,2960.0,2544,76552,75166260.0,2959.0,2,2957.0,6
rb1805,20170628,20170627,210652500,2959.0,2546,76554,75225440.0,2959.0,1,2957.0,6
rb1805,20170628,20170627,210653000,2959.0,2548,76556,75284620.0,2959.0,1,2958.0,2
rb1805,20170628,20170627,210653500,2959.0,2548,76556,75284620.0,2959.0,1,2958.0,2
rb1805,20170628,20170627,210654000,2959.0,2550,76556,75343800.0,2960.0,34,2958.0,2
rb1805,20170628,20170627,210654500,2959.0,2552,76558,75402980.0,2959.0,2,2958.0,2
rb1805,20170628,20170627,210655000,2959.0,2554,76560,75462160.0,2959.0,1,2958.0,2
rb1805,20170628,20170627,210655500,2959.0,2556,76562,75521340.0,2960.0,34,2958.0,2
rb1805,20170628,20170627,210656000,2960.0,2558,76562,75580540.0,2960.0,33,2958.0,2
rb1805,20170628,20170627,210657000,2960.0,2560,76562,75639740.0,2960.0,32,2958.0,2
rb1805,20170628,20170627,210657500,2960.0,2568,76562,75876540.0,2960.0,28,2958.0,2
rb1805,20170628,20170627,210658000,2960.0,2570,76562,75935740.0,2960.0,27,2958.0,2
rb1805,20170628,20170627,210658500,2960.0,2572,76562,75994940.0,2960.0,26,2958.0,2
rb1805,20170628,20170627,210659000,2960.0,2574,76564,76054140.0,2960.0,25,2958.0,2
rb1805,20170628,20170627,210659500,2960.0,2576,76564,76113340.0,2960.0,24,2958.0,2
rb1805,20170628,20170627,210700000,2960.0,2578,76564,76172540.0,2960.0,23,2958.0,2
rb1805,20170628,20170627,210700500,2960.0,2580,76564,76231740.0,2960.0,19,2958.0,2
rb1805,20170628,20170627,210701000,2960.0,2580,76564,76231740.0,2960.0,20,2958.0,2
rb1805,20170628,20170627,210701500,2960.0,2580,76564,76231740.0,2960.0,19,2958.0,2
rb1805,20170628,20170627,210702000,2960.0,2582,76564,76290940.0,2960.0,18,2958.0,2
rb1805,20170628,20170627,210702500,2960.0,2584,76566,76350140.0,2960.0,17,2958.0,2
rb1805,20170628,20170627,210703000,2960.0,2618,76566,77356540.0,2961.0,1,2960.0,13
rb1805,20170628,20170627,210703500,2960.0,2642,76574,78066940.0,2961.0,2,2960.0,2
rb1805,20170628,20170627,210704000,2960.0,2642,76574,78066940.0,2961.0,2,2960.0,2
rb1805,20170628,20170627,210704500,2960.0,2646,76576,78185340.0,2960.0,5,2958.0,2
rb1805,20170628,20170627,210705000,2960.0,2646,76576,78185340.0,2961.0,2,2958.0,2
rb1805,20170628,20170627,210705500,2960.0,2646,76576,78185340.0,2961.0,2,2958.0,7
rb1805,20170628,20170627,210706000,2960.0,2646,76576,78185340.0,2961.0,3,2958.0,7
rb1805,20170628,20170627,210707500,2961.0,2648,76578,78244560.0,2961.0,2,2958.0,7
rb1805,20170628,20170627,210708000,2961.0,2650,76578,78303780.0,2961.0,1,2958.0,7
rb1805,20170628,20170627,210710500,2961.0,2652,76578,78363000.0,2962.0,3,2958.0,17
rb1805,20170628,20170627,210711000,2961.0,2652,76578,78363000.0,2961.0,12,2958.0,17
rb1805,20170628,20170627,210711500,2961.0,2652,76578,78363000.0,2961.0,13,2959.0,2
rb1805,20170628,20170627,210712000,2961.0,2652,76578,78363000.0,2961.0,13,2959.0,2
rb1805,20170628,20170627,210712500,2958.0,2686,76564,79368760.0,2958.0,35,2957.0,17
rb1805,20170628,20170627,210713000,2958.0,2698,76558,79723720.0,2958.0,30,2957.0,16
rb1805,20170628,20170627,210713500,2958.0,2700,76558,79782880.0,2958.0,29,2957.0,16
rb1805,20170628,20170627,210714000,2958.0,2712,76558,80137840.0,2958.0,23,2957.0,16
rb1805,20170628,20170627,210714500,2958.0,2714,76558,80197000.0,2958.0,22,2957.0,16
rb1805,20170628,20170627,210715000,2958.0,2716,76558,80256160.0,2958.0,21,2957.0,16
rb1805,20170628,20170627,210715500,2958.0,2716,76558,80256160.0,2958.0,20,2957.0,16
rb1805,20170628,20170627,210716000,2958.0,2718,76558,80315320.0,2958.0,19,2957.0,16
rb1805,20170628,20170627,210716500,2958.0,2720,76558,80374480.0,2958.0,18,2957.0,16
rb1805,20170628,20170627,210717000,2958.0,2722,76558,80433640.0,2958.0,17,2957.0,16
rb1805,20170628,20170627,210717500,2958.0,2726,76558,80551960.0,2958.0,15,2957.0,16
rb1805,20170628,20170627,210718000,2958.0,2730,76558,80670280.0,2958.0,13,2957.0,16
rb1805,20170628,20170627,210718500,2958.0,2732,76558,80729440.0,2958.0,12,2957.0,16
rb1805,20170628,20170627,210719000,2958.0,2734,76558,80788600.0,2958.0,11,2957.0,16
rb1805,20170628,20170627,210719500,2958.0,2738,76556,80906920.0,2958.0,9,2957.0,16
rb1805,20170628,20170627,210720000,2958.0,2740,76556,80966080.0,2958.0,8,2957.0,16
rb1805,20170628,20170627,210720500,2958.0,2742,76556,81025240.0,2958.0,7,2957.0,16
rb1805,20170628,20170627,210721000,2958.0,2744,76556,81084400.0,2958.0,6,2957.0,16
rb1805,20170628,20170627,210721500,2958.0,2748,76556,81202720.0,2958.0,4,2957.0,16
rb1805,20170628,20170627,210722000,2958.0,2750,76556,81261880.0,2958.0,3,2957.0,16
rb1805,20170628,20170627,210722500,2957.0,2754,76556,81380180.0,2958.0,2,2957.0,15
rb1805,20170628,20170627,210723000,2958.0,2756,76556,81439340.0,2958.0,1,2957.0,15
rb1805,20170628,20170627,210723500,2957.0,2760,76556,81557640.0,2960.0,3,2957.0,13
rb1805,20170628,20170627,210724000,2957.0,2760,76556,81557640.0,2960.0,7,2958.0,5
rb1805,20170628,20170627,210725000,2958.0,2766,76562,81735120.0,2960.0,17,2958.0,2
rb1805,20170628,20170627,210725500,2958.0,2766,76562,81735120.0,2960.0,17,2958.0,2
rb1805,20170628,20170627,210726000,2960.0,2772,76564,81912720.0,2960.0,14,2958.0,2
rb1805,20170628,20170627,210726500,2958.0,2776,76564,82031040.0,2958.0,8,2957.0,18
rb1805,20170628,20170627,210727000,2958.0,2778,76564,82090200.0,2958.0,7,2957.0,13
rb1805,20170628,20170627,210727500,2958.0,2780,76564,82149360.0,2958.0,6,2957.0,13
rb1805,20170628,20170627,210728000,2958.0,2782,76564,82208520.0,2958.0,5,2957.0,13
rb1805,20170628,20170627,210728500,2958.0,2784,76564,82267680.0,2958.0,5,2957.0,13
rb1805,20170628,20170627,210729000,2958.0,2784,76564,82267680.0,2958.0,5,2957.0,18
rb1805,20170628,20170627,210729500,2958.0,2786,76564,82326840.0,2958.0,4,2957.0,18
rb1805,20170628,20170627,210730000,2958.0,2794,76556,82563480.0,2960.0,26,2958.0,4
rb1805,20170628,20170627,210730500,2958.0,2794,76556,82563480.0,2960.0,26,2958.0,1
rb1805,20170628,20170627,210731000,2960.0,2796,76558,82622680.0,2960.0,25,2957.0,18
rb1805,20170628,20170627,210732000,2960.0,2796,76558,82622680.0,2960.0,25,2958.0,1
rb1805,20170628,20170627,210732500,2960.0,2796,76558,82622680.0,2960.0,25,2958.0,1
rb1805,20170628,20170627,210733500,2960.0,2796,76558,82622680.0,2960.0,22,2958.0,6
rb1805,20170628,20170627,210734000,2958.0,2798,76558,82681840.0,2960.0,22,2958.0,5
rb1805,20170628,20170627,210735000,2958.0,2798,76558,82681840.0,2960.0,23,2958.0,5
rb1805,20170628,20170627,210736000,2958.0,2798,76558,82681840.0,2960.0,23,2958.0,7
rb1805,20170628,20170627,210737000,2958.0,2798,76558,82681840.0,2960.0,23,2958.0,8
rb1805,20170628,20170627,210738000,2958.0,2798,76558,82681840.0,2959.0,1,2958.0,8
rb1805,20170628,20170627,210738500,2959.0,2800,76558,82741020.0,2960.0,23,2958.0,9
rb1805,20170628,20170627,210739000,2959.0,2800,76558,82741020.0,2960.0,26,2958.0,4
rb1805,20170628,20170627,210739500,2959.0,2800,76558,82741020.0,2960.0,26,2959.0,1
rb1805,20170628,20170627,210740000,2959.0,2802,76560,82800200.0,2959.0,9,2958.0,4
rb1805,20170628,20170627,210740500,2959.0,2804,76562,82859380.0,2959.0,8,2958.0,4
rb1805,20170628,20170627,210741000,2959.0,2806,76564,82918560.0,2959.0,7,2958.0,4
rb1805,20170628,20170627,210741500,2959.0,2808,76566,82977740.0,2959.0,6,2958.0,4
rb1805,20170628,20170627,210742000,2959.0,2810,76568,83036920.0,2959.0,5,2958.0,4
rb1805,20170628,20170627,210742500,2959.0,2814,76570,83155280.0,2959.0,3,2958.0,5
rb1805,20170628,20170627,210743000,2959.0,2816,76572,83214460.0,2959.0,2,2958.0,5
rb1805,20170628,20170627,210743500,2959.0,2818,76574,83273640.0,2959.0,1,2958.0,5
rb1805,20170628,20170627,210744000,2959.0,2820,76576,83332820.0,2960.0,14,2958.0,5
rb1805,20170628,20170627,210744500,2960.0,2822,76576,83392020.0,2960.0,13,2959.0,1
rb1805,20170628,20170627,210745000,2959.0,2826,76580,83510380.0,2960.0,13,2958.0,5
rb1805,20170628,20170627,210745500,2959.0,2826,76580,83510380.0,2960.0,14,2959.0,5
rb1805,20170628,20170627,210746000,2960.0,2832,76584,83687940.0,2960.0,13,2959.0,3
rb1805,20170628,20170627,210746500,2960.0,2834,76584,83747140.0,2960.0,12,2959.0,3
rb1805,20170628,20170627,210747000,2960.0,2842,76586,83983880.0,2960.0,11,2958.0,4
rb1805,20170628,20170627,210747500,2960.0,2844,76586,84043080.0,2960.0,10,2959.0,1
rb1805,20170628,20170627,210748000,2959.0,2846,76588,84102260.0,2960.0,10,2958.0,4
rb1805,20170628,20170627,210748500,2959.0,2846,76588,84102260.0,2960.0,10,2958.0,4
rb1805,20170628,20170627,210749000,2960.0,2848,76588,84161460.0,2960.0,9,2958.0,4
rb1805,20170628,20170627,210749500,2960.0,2850,76588,84220660.0,2960.0,8,2958.0,4
rb1805,20170628,20170627,210750000,2960.0,2852,76588,84279860.0,2960.0,7,2958.0,4
rb1805,20170628,20170627,210750500,2960.0,2856,76588,84398260.0,2960.0,11,2958.0,4
rb1805,20170628,20170627,210751000,2960.0,2858,76590,84457460.0,2960.0,10,2958.0,4
rb1805,20170628,20170627,210753000,2960.0,2858,76590,84457460.0,2960.0,11,2958.0,4
rb1805,20170628,20170627,210754000,2960.0,2858,76590,84457460.0,2960.0,12,2958.0,4
rb1805,20170628,20170627,210755000,2960.0,2858,76590,84457460.0,2960.0,11,2958.0,4
rb1805,20170628,20170627,210755500,2960.0,2858,76590,84457460.0,2960.0,11,2958.0,5
rb1805,20170628,20170627,210758000,2960.0,2858,76590,84457460.0,2960.0,11,2958.0,7
rb1805,20170628,20170627,210758500,2960.0,2858,76590,84457460.0,2960.0,11,2958.0,7
rb1805,20170628,20170627,210759000,2960.0,2860,76592,84516660.0,2960.0,10,2958.0,7
rb1805,20170628,20170627,210759500,2960.0,2862,76594,84575860.0,2960.0,22,2958.0,7
rb1805,20170628,20170627,210800000,2960.0,2864,76596,84635060.0,2960.0,21,2958.0,7
rb1805,20170628,20170627,210800500,2960.0,2866,76596,84694260.0,2960.0,20,2958.0,7
rb1805,20170628,20170627,210801000,2960.0,2868,76596,84753460.0,2960.0,19,2958.0,7
rb1805,20170628,20170627,210801500,2960.0,2886,76606,85286260.0,2960.0,10,2959.0,2
rb1805,20170628,20170627,210802000,2960.0,2888,76606,85345460.0,2960.0,9,2958.0,7
rb1805,20170628,20170627,210802500,2960.0,2890,76606,85404660.0,2960.0,8,2958.0,7
rb1805,20170628,20170627,210803000,2960.0,2892,76606,85463860.0,2960.0,7,2958.0,7
rb1805,20170628,20170627,210803500,2960.0,2894,76606,85523060.0,2960.0,6,2958.0,7
rb1805,20170628,20170627,210804500,2960.0,2896,76606,85582260.0,2960.0,5,2958.0,7
rb1805,20170628,20170627,210805000,2960.0,2898,76606,85641460.0,2960.0,4,2958.0,7
rb1805,20170628,20170627,210805500,2960.0,2900,76606,85700660.0,2960.0,3,2958.0,7
rb1805,20170628,20170627,210806000,2960.0,2902,76606,85759860.0,2960.0,2,2958.0,7
rb1805,20170628,20170627,210806500,2960.0,2904,76606,85819060.0,2960.0,1,2958.0,7
rb1805,20170628,20170627,210807000,2960.0,2906,76606,85878260.0,2961.0,6,2958.0,7
rb1805,20170628,20170627,210807500,2960.0,2906,76606,85878260.0,2961.0,7,2958.0,7
rb1805,20170628,20170627,210808000,2961.0,2908,76608,85937480.0,2961.0,5,2958.0,7
rb1805,20170628,20170627,210808500,2961.0,2908,76608,85937480.0,2961.0,6,2959.0,2
rb1805,20170628,20170627,210809000,2961.0,2910,76610,85996700.0,2961.0,4,2959.0,2
rb1805,20170628,20170627,210809500,2961.0,2910,76610,85996700.0,2961.0,5,2959.0,2
rb1805,20170628,20170627,210810000,2961.0,2910,76610,85996700.0,2960.0,1,2959.0,2
rb1805,20170628,20170627,210810500,2960.0,2912,76610,86055900.0,2960.0,50,2959.0,2
rb1805,20170628,20170627,210811000,2960.0,2922,76606,86351900.0,2960.0,45,2959.0,7
rb1805,20170628,20170627,210811500,2959.0,2928,76610,86529460.0,2960.0,44,2959.0,5
rb1805,20170628,20170627,210812000,2960.0,2930,76610,86588660.0,2960.0,43,2958.0,8
rb1805,20170628,20170627,210812500,2960.0,2932,76610,86647860.0,2960.0,42,2959.0,5
rb1805,20170628,20170627,210813000,2960.0,2934,76610,86707060.0,2960.0,44,2959.0,3
rb1805,20170628,20170627,210813500,2960.0,2936,76610,86766260.0,2960.0,43,2959.0,3
rb1805,20170628,20170627,210814000,2960.0,2938,76610,86825460.0,2960.0,42,2959.0,5
rb1805,20170628,20170627,210814500,2960.0,2942,76608,86943840.0,2960.0,41,2959.0,4
rb1805,20170628,20170627,210815000,2960.0,2956,76606,87358240.0,2960.0,34,2959.0,4
rb1805,20170628,20170627,210815500,2960.0,2958,76606,87417440.0,2960.0,33,2959.0,4
rb1805,20170628,20170627,210816000,2960.0,2972,76604,87831840.0,2960.0,26,2959.0,6
rb1805,20170628,20170627,210816500,2960.0,2974,76604,87891040.0,2960.0,25,2959.0,6
rb1805,20170628,20170627,210817000,2959.0,2978,76602,88009420.0,2960.0,24,2959.0,5
rb1805,20170628,20170627,210817500,2960.0,2980,76602,88068620.0,2960.0,23,2959.0,4
rb1805,20170628,20170627,210818000,2960.0,2982,76602,88127820.0,2960.0,22,2959.0,4
rb1805,20170628,20170627,210818500,2960.0,2986,76600,88246220.0,2960.0,20,2959.0,2
rb1805,20170628,20170627,210819000,2960.0,2988,76600,88305420.0,2960.0,19,2959.0,2
rb1805,20170628,20170627,210819500,2960.0,2998,76592,88601420.0,2960.0,14,2959.0,2
rb1805,20170628,20170627,210820000,2962.0,3044,76594,89963300.0,2963.0,2,2961.0,1
rb1805,20170628,20170627,210820500,2961.0,3048,76596,90081740.0,2961.0,2,2960.0,4
rb1805,20170628,20170627,210821000,2965.0,3066,76602,90615040.0,2965.0,58,2960.0,2
rb1805,20170628,20170627,210821500,2965.0,3072,76604,90792940.0,2964.0,7,2960.0,7
rb1805,20170628,20170627,210822000,2964.0,3074,76604,90852220.0,2965.0,58,2961.0,2
rb1805,20170628,20170627,210822500,2965.0,3076,76604,90911520.0,2965.0,57,2961.0,7
rb1805,20170628,20170627,210823000,2965.0,3078,76604,90970820.0,2965.0,56,2961.0,7
rb1805,20170628,20170627,210823500,2965.0,3080,76604,91030120.0,2965.0,55,2961.0,7
rb1805,20170628,20170627,210824000,2961.0,3084,76606,91148640.0,2965.0,54,2961.0,6
rb1805,20170628,20170627,210824500,2965.0,3086,76606,91207940.0,2965.0,53,2961.0,6
rb1805,20170628,20170627,210825000,2965.0,3086,76606,91207940.0,2965.0,54,2961.0,6
rb1805,20170628,20170627,210825500,2965.0,3086,76606,91207940.0,2965.0,54,2961.0,6
rb1805,20170628,20170627,210826000,2965.0,3088,76606,91267240.0,2965.0,52,2961.0,6
rb1805,20170628,20170627,210826500,2961.0,3092,76606,91385680.0,2965.0,52,2961.0,4
rb1805,20170628,20170627,210827000,2961.0,3092,76606,91385680.0,2965.0,53,2962.0,1
rb1805,20170628,20170627,210827500,2965.0,3096,76608,91504220.0,2965.0,51,2961.0,6
rb1805,20170628,20170627,210828000,2962.0,3100,76610,91622760.0,2965.0,50,2962.0,1
rb1805,20170628,20170627,210828500,2962.0,3104,76612,91741300.0,2965.0,49,2962.0,5
rb1805,20170628,20170627,210829000,2965.0,3108,76614,91859840.0,2965.0,48,2962.0,6
rb1805,20170628,20170627,210829500,2965.0,3122,76616,92274880.0,2965.0,43,2962.0,5
rb1805,20170628,20170627,210830000,2965.0,3126,76618,92393420.0,2965.0,42,2962.0,4
rb1805,20170628,20170627,210830500,2962.0,3132,76620,92571200.0,2965.0,42,2962.0,2
rb1805,20170628,20170627,210831000,2962.0,3134,76622,92630440.0,2964.0,41,2962.0,1
rb1805,20170628,20170627,210831500,2962.0,3138,76626,92748960.0,2964.0,40,2961.0,4
rb1805,20170628,20170627,210832000,2962.0,3142,76626,92867480.0,2964.0,42,2962.0,9
rb1805,20170628,20170627,210832500,2962.0,3148,76626,93045240.0,2964.0,42,2962.0,7
rb1805,20170628,20170627,210833000,2962.0,3150,76626,93104480.0,2964.0,42,2962.0,6
rb1805,20170628,20170627,210833500,2962.0,3156,76630,93282240.0,2964.0,41,2962.0,4
rb1805,20170628,20170627,210834000,2964.0,3162,76632,93460000.0,2964.0,40,2962.0,2
rb1805,20170628,20170627,210834500,2962.0,3166,76634,93578520.0,2964.0,37,2962.0,6
rb1805,20170628,20170627,210835000,2964.0,3168,76634,93637800.0,2964.0,36,2962.0,6
rb1805,20170628,20170627,210835500,2964.0,3170,76634,93697080.0,2964.0,35,2962.0,5
rb1805,20170628,20170627,210836000,2964.0,3172,76634,93756360.0,2964.0,35,2963.0,1
rb1805,20170628,20170627,210836500,2963.0,3174,76636,93815620.0,2964.0,35,2962.0,5
rb1805,20170628,20170627,210837000,2963.0,3174,76636,93815620.0,2963.0,1,2962.0,6
rb1805,20170628,20170627,210837500,2964.0,3236,76616,95653280.0,2964.0,5,2963.0,9
rb1805,20170628,20170627,210838000,2964.0,3240,76616,95771840.0,2964.0,3,2963.0,6
rb1805,20170628,20170627,210838500,2964.0,3248,76620,96008940.0,2965.0,43,2964.0,1
rb1805,20170628,20170627,210839000,2962.0,3268,76618,96601860.0,2965.0,35,2962.0,2
rb1805,20170628,20170627,210839500,2965.0,3298,76618,97491360.0,2965.0,21,2963.0,4
rb1805,20170628,20170627,210840000,2965.0,3316,76618,98025060.0,2965.0,12,2963.0,4
rb1805,20170628,20170627,210840500,2965.0,3318,76618,98084360.0,2965.0,11,2963.0,4
rb1805,20170628,20170627,210841000,2963.0,3328,76616,98380700.0,2963.0,1,2962.0,9
rb1805,20170628,20170627,210841500,2963.0,3330,76614,98439960.0,2965.0,11,2963.0,6
rb1805,20170628,20170627,210842000,2965.0,3334,76616,98558540.0,2965.0,10,2963.0,1
rb1805,20170628,20170627,210842500,2965.0,3338,76620,98677140.0,2965.0,9,2962.0,4
rb1805,20170628,20170627,210843000,2965.0,3340,76622,98736440.0,2964.0,1,2962.0,4
rb1805,20170628,20170627,210843500,2964.0,3346,76622,98914280.0,2965.0,8,2964.0,3
rb1805,20170628,20170627,210844000,2965.0,3356,76630,99210700.0,2965.0,7,2962.0,4
rb1805,20170628,20170627,210844500,2965.0,3358,76632,99270000.0,2965.0,7,2962.0,9
rb1805,20170628,20170627,210845500,2965.0,3360,76634,99329300.0,2965.0,6,2962.0,9
rb1805,20170628,20170627,210846000,2965.0,3362,76636,99388600.0,2965.0,6,2964.0,3
rb1805,20170628,20170627,210846500,2964.0,3364,76638,99447880.0,2965.0,6,2964.0,2
rb1805,20170628,20170627,210847000,2964.0,3368,76642,99566440.0,2965.0,6,2962.0,10
rb1805,20170628,20170627,210847500,2965.0,3370,76642,99625740.0,2965.0,5,2962.0,10
rb1805,20170628,20170627,210848000,2965.0,3372,76644,99685040.0,2965.0,4,2962.0,10
rb1805,20170628,20170627,210848500,2964.0,3376,76646,99803620.0,2965.0,3,2962.0,11
rb1805,20170628,20170627,210849000,2965.0,3378,76646,99862920.0,2965.0,2,2962.0,11
rb1805,20170628,20170627,210849500,2965.0,3380,76646,99922220.0,2965.0,1,2962.0,13
rb1805,20170628,20170627,210850000,2965.0,3382,76648,99981520.0,2964.0,1,2962.0,13
rb1805,20170628,20170627,210850500,2964.0,3384,76648,100040800.0,2965.0,1,2964.0,3
rb1805,20170628,20170627,210851000,2965.0,3386,76650,100100100.0,2964.0,1,2962.0,13
rb1805,20170628,20170627,210851500,2965.0,3386,76650,100100100.0,2965.0,2,2964.0,4
rb1805,20170628,20170627,210852000,2964.0,3390,76652,100218680.0,2965.0,1,2962.0,13
rb1805,20170628,20170627,210852500,2965.0,3392,76652,100277980.0,2964.0,9,2963.0,1
rb1805,20170628,20170627,210853000,2964.0,3400,76654,100515100.0,2964.0,5,2963.0,1
rb1805,20170628,20170627,210853500,2964.0,3402,76654,100574380.0,2964.0,5,2962.0,13
rb1805,20170628,20170627,210854000,2964.0,3410,76654,100811500.0,2966.0,3,2964.0,2
rb1805,20170628,20170627,210854500,2965.0,3412,76654,100870800.0,2964.0,1,2962.0,13
rb1805,20170628,20170627,210855000,2964.0,3416,76654,100989360.0,2966.0,4,2964.0,2
rb1805,20170628,20170627,210855500,2964.0,3418,76656,101048640.0,2964.0,1,2963.0,2
rb1805,20170628,20170627,210856000,2964.0,3422,76654,101167200.0,2965.0,1,2964.0,2
rb1805,20170628,20170627,210856500,2964.0,3426,76656,101285780.0,2966.0,3,2965.0,1
rb1805,20170628,20170627,210857000,2964.0,3432,76662,101463680.0,2966.0,2,2963.0,17
rb1805,20170628,20170627,210857500,2964.0,3436,76664,101582280.0,2966.0,1,2964.0,1
rb1805,20170628,20170627,210858000,2964.0,3440,76666,101700880.0,2967.0,5,2963.0,25
rb1805,20170628,20170627,210858500,2964.0,3444,76668,101819500.0,2967.0,5,2963.0,24
rb1805,20170628,20170627,210859000,2963.0,3494,76706,103301000.0,2963.0,15,2962.0,10
rb1805,20170628,20170627,210859500,2965.0,3526,76708,104249200.0,2967.0,9,2963.0,3
rb1805,20170628,20170627,210900000,2966.0,3528,76708,104308520.0,2964.0,1,2963.0,1
rb1805,20170628,20170627,210900500,2964.0,3530,76710,104367800.0,2966.0,1,2964.0,1
rb1805,20170628,20170627,210901000,2966.0,3534,76712,104486400.0,2966.0,5,2962.0,6
rb1805,20170628,20170627,210901500,2966.0,3536,76714,104545720.0,2965.0,1,2963.0,1
rb1805,20170628,20170627,210902000,2963.0,3538,76716,104604980.0,2965.0,6,2962.0,7
rb1805,20170628,20170627,210902500,2963.0,3538,76716,104604980.0,2965.0,7,2962.0,7
rb1805,20170628,20170627,210903000,2965.0,3542,76716,104723520.0,2965.0,6,2962.0,6
rb1805,20170628,20170627,210903500,2964.0,3546,76720,104842040.0,2965.0,6,2963.0,2
rb1805,20170628,20170627,210904000,2963.0,3548,76722,104901300.0,2965.0,6,2963.0,2
rb1805,20170628,20170627,210904500,2963.0,3550,76724,104960560.0,2965.0,8,2963.0,1
rb1805,20170628,20170627,210905000,2963.0,3554,76726,105079120.0,2964.0,2,2962.0,11
rb1805,20170628,20170627,210905500,2965.0,3564,76732,105375540.0,2965.0,3,2963.0,1
rb1805,20170628,20170627,210906000,2966.0,3574,76742,105672020.0,2966.0,3,2963.0,15
rb1805,20170628,20170627,210906500,2966.0,3580,76746,105849920.0,2966.0,2,2963.0,20
rb1805,20170628,20170627,210907000,2963.0,3624,76770,107153700.0,2964.0,1,2962.0,10
rb1805,20170628,20170627,210907500,2963.0,3634,76780,107449960.0,2963.0,17,2962.0,9
rb1805,20170628,20170627,210908000,2967.0,3702,76810,109465540.0,2967.0,6,2963.0,1
rb1805,20170628,20170627,210908500,2967.0,3722,76814,110058820.0,2967.0,2,2963.0,5
rb1805,20170628,20170627,210909000,2963.0,3730,76816,110296020.0,2968.0,6,2963.0,6
rb1805,20170628,20170627,210909500,2963.0,3736,76816,110473900.0,2967.0,1,2966.0,1
rb1805,20170628,20170627,210910000,2967.0,3744,76816,110711160.0,2968.0,6,2964.0,1
rb1805,20170628,20170627,210910500,2963.0,3780,76794,111778060.0,2963.0,7,2962.0,9
rb1805,20170628,20170627,210911000,2970.0,3814,76802,112786500.0,2970.0,56,2963.0,2
rb1805,20170628,20170627,210911500,2969.0,3824,76812,113083340.0,2968.0,1,2964.0,1
rb1805,20170628,20170627,210912000,2968.0,3830,76816,113261340.0,2968.0,9,2964.0,1
rb1805,20170628,20170627,210912500,2968.0,3834,76820,113379980.0,2968.0,9,2964.0,1
rb1805,20170628,20170627,210913000,2965.0,3836,76822,113439280.0,2967.0,5,2965.0,1
rb1805,20170628,20170627,210913500,2967.0,3838,76822,113498620.0,2965.0,1,2964.0,1
rb1805,20170628,20170627,210914000,2965.0,3840,76824,113557920.0,2967.0,4,2965.0,2
rb1805,20170628,20170627,210914500,2965.0,3844,76826,113676540.0,2966.0,1,2965.0,3
rb1805,20170628,20170627,210915000,2965.0,3850,76828,113854460.0,2967.0,9,2965.0,1
rb1805,20170628,20170627,210915500,2967.0,3854,76830,113973100.0,2967.0,8,2964.0,3
rb1805,20170628,20170627,210916000,2965.0,3858,76832,114091740.0,2967.0,7,2964.0,6
rb1805,20170628,20170627,210916500,2965.0,3862,76834,114210380.0,2967.0,6,2965.0,1
rb1805,20170628,20170627,210917000,2967.0,3866,76836,114329020.0,2965.0,1,2964.0,6
rb1805,20170628,20170627,210917500,2965.0,3868,76838,114388320.0,2965.0,1,2964.0,4
rb1805,20170628,20170627,210918500,2965.0,3870,76840,114447620.0,2965.0,1,2964.0,4
rb1805,20170628,20170627,210919000,2965.0,3872,76842,114506920.0,2966.0,1,2965.0,1
rb1805,20170628,20170627,210919500,2966.0,3876,76846,114625540.0,2967.0,16,2965.0,1
rb1805,20170628,20170627,210920000,2965.0,3878,76846,114684840.0,2965.0,6,2964.0,4
rb1805,20170628,20170627,210920500,2966.0,3894,76848,115159280.0,2967.0,16,2964.0,4
rb1805,20170628,20170627,210921000,2967.0,3896,76850,115218620.0,2965.0,1,2964.0,7
rb1805,20170628,20170627,210921500,2965.0,3898,76852,115277920.0,2967.0,15,2964.0,7
rb1805,20170628,20170627,210922000,2965.0,3900,76854,115337220.0,2966.0,2,2965.0,207
rb1805,20170628,20170627,210922500,2965.0,3944,76898,116641840.0,2966.0,1,2965.0,187
rb1805,20170628,20170627,210923000,2965.0,3988,76942,117946460.0,2967.0,16,2965.0,166
rb1805,20170628,20170627,210923500,2965.0,3996,76946,118183700.0,2966.0,1,2965.0,164
rb1805,20170628,20170627,210924000,2965.0,4020,76954,118895720.0,2967.0,4,2965.0,163
rb1805,20170628,20170627,210924500,2965.0,4064,76996,120200360.0,2967.0,3,2965.0,142
rb1805,20170628,20170627,210925000,2965.0,4108,77036,121505000.0,2967.0,2,2965.0,122
rb1805,20170628,20170627,210925500,2965.0,4112,77038,121623640.0,2967.0,2,2965.0,121
rb1805,20170628,20170627,210926000,2965.0,4114,77040,121682940.0,2967.0,2,2965.0,120
rb1805,20170628,20170627,210926500,2967.0,4118,77042,121801580.0,2967.0,1,2965.0,119
rb1805,20170628,20170627,210927000,2965.0,4162,77086,123106220.0,2967.0,7,2966.0,5
rb1805,20170628,20170627,210927500,2965.0,4176,77080,123521440.0,2966.0,3,2965.0,97
rb1805,20170628,20170627,210928000,2966.0,4178,77080,123580760.0,2966.0,2,2965.0,97
rb1805,20170628,20170627,210928500,2965.0,4182,77082,123699380.0,2966.0,1,2965.0,97
rb1805,20170628,20170627,210929000,2965.0,4226,77124,125004000.0,2967.0,1,2966.0,1
rb1805,20170628,20170627,210929500,2966.0,4230,77126,125122660.0,2967.0,2,2965.0,76
rb1805,20170628,20170627,210930000,2967.0,4234,77128,125241300.0,2967.0,1,2966.0,1
rb1805,20170628,20170627,210930500,2966.0,4240,77128,125419280.0,2966.0,1,2965.0,75
rb1805,20170628,20170627,210931000,2966.0,4242,77130,125478600.0,2968.0,8,2965.0,75
rb1805,20170628,20170627,210931500,2966.0,4244,77132,125537920.0,2967.0,1,2965.0,80
rb1805,20170628,20170627,210932000,2967.0,4248,77134,125656560.0,2968.0,9,2965.0,79
rb1805,20170628,20170627,210932500,2968.0,4252,77138,125775240.0,2968.0,9,2966.0,1
rb1805,20170628,20170627,210933000,2968.0,4256,77142,125893920.0,2968.0,8,2965.0,79
rb1805,20170628,20170627,210933500,2968.0,4258,77144,125953280.0,2968.0,7,2965.0,78
rb1805,20170628,20170627,210934000,2968.0,4260,77144,126012640.0,2968.0,6,2965.0,79
rb1805,20170628,20170627,210934500,2965.0,4266,77144,126190600.0,2968.0,5,2965.0,76
rb1805,20170628,20170627,210935000,2968.0,4268,77146,126249960.0,2968.0,4,2965.0,76
rb1805,20170628,20170627,210936500,2968.0,4268,77146,126249960.0,2968.0,4,2965.0,77
rb1805,20170628,20170627,210937000,2968.0,4270,77146,126309320.0,2968.0,3,2966.0,1
rb1805,20170628,20170627,210937500,2968.0,4272,77148,126368680.0,2968.0,3,2966.0,1
rb1805,20170628,20170627,210938000,2968.0,4276,77150,126487400.0,2968.0,1,2967.0,1
rb1805,20170628,20170627,210938500,2968.0,4278,77150,126546760.0,2969.0,7,2966.0,23
rb1805,20170628,20170627,210939000,2969.0,4280,77150,126606140.0,2969.0,9,2966.0,28
rb1805,20170628,20170627,210939500,2969.0,4282,77150,126665520.0,2969.0,5,2967.0,1
rb1805,20170628,20170627,210940000,2969.0,4284,77150,126724900.0,2969.0,4,2967.0,1
rb1805,20170628,20170627,210940500,2967.0,4288,77150,126843620.0,2969.0,3,2967.0,1
rb1805,20170628,20170627,210941000,2968.0,4292,77150,126962360.0,2968.0,9,2967.0,1
rb1805,20170628,20170627,210941500,2968.0,4294,77150,127021720.0,2968.0,8,2967.0,1
rb1805,20170628,20170627,210942000,2968.0,4300,77150,127199800.0,2968.0,6,2967.0,1
rb1805,20170628,20170627,210942500,2968.0,4302,77150,127259160.0,2968.0,5,2967.0,1
rb1805,20170628,20170627,210943000,2968.0,4304,77150,127318520.0,2968.0,5,2967.0,1
rb1805,20170628,20170627,210943500,2968.0,4304,77150,127318520.0,2968.0,5,2967.0,2
rb1805,20170628,20170627,210944000,2968.0,4306,77150,127377880.0,2968.0,4,2967.0,2
rb1805,20170628,20170627,210944500,2968.0,4308,77150,127437240.0,2968.0,3,2967.0,2
rb1805,20170628,20170627,210945000,2968.0,4310,77150,127496600.0,2968.0,2,2967.0,2
rb1805,20170628,20170627,210945500,2968.0,4312,77150,127555960.0,2968.0,1,2967.0,2
rb1805,20170628,20170627,210946000,2968.0,4314,77150,127615320.0,2969.0,2,2967.0,2
rb1805,20170628,20170627,210946500,2969.0,4316,77150,127674700.0,2969.0,1,2967.0,2
rb1805,20170628,20170627,210947000,2969.0,4318,77150,127734080.0,2970.0,67,2968.0,1
rb1805,20170628,20170627,210947500,2968.0,4322,77154,127852800.0,2968.0,1,2967.0,2
rb1805,20170628,20170627,210948000,2967.0,4324,77156,127912140.0,2969.0,1,2968.0,7
rb1805,20170628,20170627,210948500,2968.0,4326,77158,127971500.0,2969.0,1,2968.0,6
rb1805,20170628,20170627,210949000,2969.0,4328,77158,128030880.0,2970.0,67,2968.0,6
rb1805,20170628,20170627,210949500,2970.0,4330,77158,128090280.0,2970.0,69,2968.0,6
rb1805,20170628,20170627,210950000,2970.0,4332,77158,128149680.0,2969.0,3,2968.0,6
rb1805,20170628,20170627,210950500,2969.0,4336,77158,128268440.0,2969.0,2,2968.0,6
rb1805,20170628,20170627,210951000,2969.0,4338,77158,128327820.0,2969.0,1,2968.0,6
rb1805,20170628,20170627,210951500,2969.0,4340,77160,128387200.0,2970.0,66,2968.0,7
rb1805,20170628,20170627,210952000,2970.0,4342,77160,128446600.0,2970.0,68,2968.0,7
rb1805,20170628,20170627,210952500,2970.0,4344,77160,128506000.0,2970.0,67,2968.0,7
rb1805,20170628,20170627,210953000,2970.0,4346,77160,128565400.0,2970.0,67,2968.0,7
rb1805,20170628,20170627,210953500,2968.0,4356,77160,128862200.0,2970.0,59,2968.0,7
rb1805,20170628,20170627,210954000,2970.0,4358,77160,128921600.0,2969.0,1,2968.0,7
rb1805,20170628,20170627,210954500,2970.0,4402,77120,130228400.0,2970.0,37,2969.0,1
rb1805,20170628,20170627,210955000,2969.0,4406,77120,130347180.0,2970.0,37,2968.0,7
rb1805,20170628,20170627,210955500,2969.0,4406,77120,130347180.0,2970.0,37,2968.0,7
rb1805,20170628,20170627,210956000,2968.0,4408,77120,130406540.0,2970.0,37,2968.0,6
rb1805,20170628,20170627,210956500,2970.0,4410,77120,130465940.0,2970.0,37,2968.0,6
rb1805,20170628,20170627,210957000,2970.0,4410,77120,130465940.0,2970.0,37,2968.0,6
rb1805,20170628,20170627,210957500,2970.0,4412,77120,130525340.0,2970.0,36,2968.0,6
rb1805,20170628,20170627,210958000,2970.0,4414,77120,130584740.0,2970.0,35,2968.0,6
rb1805,20170628,20170627,210958500,2970.0,4416,77120,130644140.0,2970.0,34,2969.0,1
rb1805,20170628,20170627,210959000,2970.0,4418,77120,130703540.0,2970.0,33,2969.0,1
rb1805,20170628,20170627,210959500,2970.0,4422,77120,130822320.0,2970.0,35,2968.0,5
rb1805,20170628,20170627,211000000,2970.0,4424,77120,130881720.0,2970.0,34,2968.0,6
rb1805,20170628,20170627,211000500,2970.0,4426,77120,130941120.0,2969.0,2,2968.0,6
rb1805,20170628,20170627,211001000,2969.0,4428,77122,131000500.0,2969.0,1,2968.0,5
rb1805,20170628,20170627,211001500,2969.0,4430,77124,131059880.0,2970.0,30,2968.0,5
rb1805,20170628,20170627,211002000,2970.0,4432,77124,131119280.0,2970.0,29,2968.0,6
rb1805,20170628,20170627,211002500,2970.0,4434,77124,131178680.0,2970.0,28,2969.0,1
rb1805,20170628,20170627,211003000,2970.0,4436,77124,131238080.0,2970.0,28,2969.0,1
rb1805,20170628,20170627,211003500,2969.0,4438,77126,131297460.0,2970.0,28,2968.0,6
rb1805,20170628,20170627,211004000,2969.0,4438,77126,131297460.0,2969.0,10,2968.0,6
rb1805,20170628,20170627,211004500,2969.0,4440,77128,131356840.0,2969.0,10,2968.0,1
rb1805,20170628,20170627,211006000,2969.0,4442,77130,131416220.0,2969.0,11,2968.0,1
rb1805,20170628,20170627,211006500,2969.0,4444,77132,131475600.0,2969.0,10,2968.0,1
rb1805,20170628,20170627,211007000,2969.0,4446,77134,131534980.0,2969.0,13,2968.0,1
rb1805,20170628,20170627,211007500,2968.0,4452,77136,131713080.0,2968.0,3,2967.0,2
rb1805,20170628,20170627,211008000,2968.0,4454,77136,131772440.0,2968.0,2,2967.0,2
rb1805,20170628,20170627,211008500,2968.0,4456,77136,131831800.0,2968.0,2,2967.0,1
rb1805,20170628,20170627,211009500,2968.0,4456,77136,131831800.0,2968.0,3,2967.0,1
rb1805,20170628,20170627,211010000,2968.0,4458,77136,131891160.0,2968.0,2,2967.0,1
rb1805,20170628,20170627,211010500,2968.0,4460,77136,131950520.0,2968.0,3,2967.0,1
rb1805,20170628,20170627,211011000,2967.0,4464,77136,132069220.0,2967.0,4,2966.0,28
rb1805,20170628,20170627,211011500,2966.0,4512,77134,133493080.0,2968.0,2,2966.0,13
rb1805,20170628,20170627,211012000,2966.0,4538,77142,134264440.0,2966.0,9,2965.0,77
rb1805,20170628,20170627,211012500,2966.0,4556,77158,134798320.0,2969.0,12,2967.0,1
rb1805,20170628,20170627,211013000,2969.0,4558,77160,134857700.0,2969.0,11,2967.0,1
rb1805,20170628,20170627,211013500,2969.0,4562,77164,134976460.0,2969.0,9,2967.0,1
rb1805,20170628,20170627,211014000,2969.0,4564,77166,135035840.0,2969.0,8,2967.0,1
rb1805,20170628,20170627,211014500,2969.0,4566,77168,135095220.0,2969.0,7,2967.0,1
rb1805,20170628,20170627,211015000,2969.0,4568,77168,135154600.0,2969.0,6,2967.0,1
rb1805,20170628,20170627,211015500,2969.0,4570,77168,135213980.0,2969.0,5,2967.0,1
rb1805,20170628,20170627,211016000,2969.0,4572,77168,135273360.0,2969.0,4,2967.0,1
rb1805,20170628,20170627,211016500,2969.0,4574,77168,135332740.0,2969.0,3,2967.0,1
rb1805,20170628,20170627,211017000,2969.0,4576,77168,135392120.0,2969.0,2,2967.0,1
rb1805,20170628,20170627,211017500,2969.0,4578,77170,135451500.0,2969.0,1,2967.0,1
rb1805,20170628,20170627,211018000,2967.0,4582,77174,135570220.0,2970.0,29,2966.0,1
rb1805,20170628,20170627,211018500,2967.0,4586,77176,135688960.0,2970.0,28,2966.0,6
rb1805,20170628,20170627,211019000,2970.0,4588,77176,135748360.0,2969.0,2,2966.0,6
rb1805,20170628,20170627,211019500,2969.0,4592,77180,135867120.0,2970.0,27,2967.0,2
rb1805,20170628,20170627,211020000,2970.0,4594,77180,135926520.0,2970.0,26,2967.0,9
rb1805,20170628,20170627,211020500,2970.0,4596,77180,135985920.0,2970.0,25,2967.0,9
rb1805,20170628,20170627,211021000,2970.0,4598,77180,136045320.0,2970.0,24,2967.0,9
rb1805,20170628,20170627,211021500,2970.0,4600,77180,136104720.0,2970.0,23,2968.0,2
rb1805,20170628,20170627,211022000,2969.0,4606,77182,136282820.0,2969.0,6,2967.0,7
rb1805,20170628,20170627,211022500,2969.0,4608,77184,136342200.0,2969.0,6,2967.0,7
rb1805,20170628,20170627,211024000,2969.0,4610,77186,136401580.0,2969.0,5,2967.0,7
rb1805,20170628,20170627,211025000,2969.0,4612,77188,136460960.0,2969.0,4,2967.0,7
rb1805,20170628,20170627,211025500,2969.0,4614,77190,136520340.0,2969.0,3,2967.0,7
rb1805,20170628,20170627,211026000,2969.0,4616,77192,136579720.0,2969.0,2,2967.0,7
rb1805,20170628,20170627,211027000,2969.0,4618,77192,136639100.0,2969.0,1,2967.0,7
rb1805,20170628,20170627,211027500,2969.0,4620,77192,136698480.0,2969.0,1,2967.0,7
rb1805,20170628,20170627,211028000,2969.0,4620,77192,136698480.0,2969.0,1,2967.0,2
rb1805,20170628,20170627,211028500,2965.0,4648,77206,137528900.0,2969.0,6,2965.0,66
rb1805,20170628,20170627,211029000,2969.0,4650,77206,137588280.0,2969.0,5,2966.0,1
rb1805,20170628,20170627,211029500,2969.0,4652,77206,137647660.0,2969.0,6,2966.0,1
rb1805,20170628,20170627,211030000,2969.0,4652,77206,137647660.0,2969.0,6,2968.0,9
rb1805,20170628,20170627,211030500,2969.0,4656,77208,137766400.0,2969.0,6,2968.0,8
rb1805,20170628,20170627,211031000,2968.0,4660,77208,137885120.0,2969.0,4,2968.0,7
rb1805,20170628,20170627,211031500,2969.0,4662,77208,137944500.0,2969.0,3,2968.0,7
rb1805,20170628,20170627,211032000,2969.0,4664,77208,138003880.0,2969.0,2,2968.0,7
rb1805,20170628,20170627,211032500,2969.0,4666,77208,138063260.0,2969.0,1,2968.0,7
rb1805,20170628,20170627,211033000,2969.0,4668,77208,138122640.0,2970.0,25,2968.0,7
rb1805,20170628,20170627,211033500,2970.0,4670,77208,138182040.0,2970.0,24,2968.0,7
rb1805,20170628,20170627,211034000,2970.0,4672,77208,138241440.0,2970.0,24,2968.0,7
rb1805,20170628,20170627,211034500,2970.0,4672,77208,138241440.0,2970.0,31,2968.0,7
rb1805,20170628,20170627,211035000,2970.0,4674,77208,138300840.0,2970.0,30,2968.0,7
rb1805,20170628,20170627,211035500,2970.0,4676,77208,138360240.0,2970.0,31,2968.0,7
rb1805,20170628,20170627,211036000,2968.0,4680,77208,138479000.0,2970.0,36,2968.0,6
rb1805,20170628,20170627,211036500,2970.0,4682,77208,138538400.0,2970.0,35,2968.0,7
rb1805,20170628,20170627,211037000,2970.0,4684,77208,138597800.0,2970.0,34,2968.0,7
rb1805,20170628,20170627,211037500,2970.0,4686,77208,138657200.0,2970.0,33,2968.0,7
rb1805,20170628,20170627,211038000,2970.0,4688,77208,138716600.0,2970.0,32,2968.0,7
rb1805,20170628,20170627,211038500,2970.0,4690,77208,138776000.0,2970.0,31,2968.0,7
rb1805,20170628,20170627,211039000,2968.0,4696,77212,138954120.0,2970.0,30,2968.0,5
rb1805,20170628,20170627,211039500,2970.0,4698,77212,139013520.0,2970.0,29,2968.0,5
rb1805,20170628,20170627,211040000,2970.0,4700,77214,139072920.0,2970.0,28,2968.0,5
rb1805,20170628,20170627,211040500,2970.0,4702,77216,139132320.0,2970.0,27,2968.0,5
rb1805,20170628,20170627,211041000,2970.0,4704,77216,139191720.0,2970.0,27,2968.0,5
rb1805,20170628,20170627,211041500,2970.0,4704,77216,139191720.0,2970.0,28,2968.0,5
rb1805,20170628,20170627,211042000,2970.0,4706,77218,139251120.0,2970.0,27,2968.0,5
rb1805,20170628,20170627,211042500,2970.0,4708,77218,139310520.0,2970.0,26,2968.0,5
rb1805,20170628,20170627,211043000,2970.0,4710,77218,139369920.0,2970.0,25,2968.0,5
rb1805,20170628,20170627,211043500,2970.0,4712,77220,139429320.0,2970.0,24,2968.0,5
rb1805,20170628,20170627,211044500,2970.0,4712,77220,139429320.0,2970.0,24,2968.0,5
rb1805,20170628,20170627,211045000,2970.0,4714,77222,139488720.0,2970.0,23,2968.0,5
rb1805,20170628,20170627,211045500,2970.0,4716,77222,139548120.0,2969.0,1,2968.0,5
rb1805,20170628,20170627,211046000,2969.0,4718,77224,139607500.0,2970.0,23,2968.0,5
rb1805,20170628,20170627,211046500,2970.0,4720,77226,139666900.0,2970.0,23,2969.0,1
rb1805,20170628,20170627,211047000,2968.0,4724,77228,139785640.0,2969.0,3,2968.0,4
rb1805,20170628,20170627,211047500,2969.0,4732,77234,140023100.0,2970.0,13,2968.0,1
rb1805,20170628,20170627,211048000,2970.0,4734,77234,140082500.0,2970.0,12,2968.0,1
rb1805,20170628,20170627,211048500,2970.0,4744,77240,140379500.0,2970.0,7,2968.0,1
rb1805,20170628,20170627,211049000,2970.0,4744,77240,140379500.0,2970.0,8,2968.0,1
rb1805,20170628,20170627,211049500,2970.0,4744,77240,140379500.0,2969.0,10,2968.0,1
rb1805,20170628,20170627,211050000,2968.0,4748,77240,140498220.0,2969.0,10,2966.0,2
rb1805,20170628,20170627,211050500,2968.0,4748,77240,140498220.0,2969.0,10,2966.0,7
rb1805,20170628,20170627,211051000,2968.0,4748,77240,140498220.0,2969.0,10,2967.0,1
rb1805,20170628,20170627,211051500,2969.0,4750,77240,140557600.0,2969.0,9,2967.0,1
rb1805,20170628,20170627,211052000,2969.0,4752,77240,140616980.0,2969.0,8,2967.0,1
rb1805,20170628,20170627,211052500,2969.0,4754,77240,140676360.0,2969.0,7,2967.0,1
rb1805,20170628,20170627,211053000,2969.0,4756,77240,140735740.0,2969.0,7,2967.0,2
rb1805,20170628,20170627,211053500,2969.0,4756,77240,140735740.0,2969.0,7,2967.0,2
rb1805,20170628,20170627,211054000,2969.0,4756,77240,140735740.0,2969.0,7,2967.0,2
rb1805,20170628,20170627,211054500,2969.0,4758,77240,140795120.0,2969.0,6,2967.0,2
rb1805,20170628,20170627,211055000,2969.0,4760,77240,140854500.0,2969.0,5,2967.0,2
rb1805,20170628,20170627,211055500,2969.0,4764,77244,140973260.0,2969.0,3,2967.0,2
rb1805,20170628,20170627,211056000,2969.0,4766,77246,141032640.0,2969.0,2,2967.0,2
rb1805,20170628,20170627,211056500,2969.0,4768,77248,141092020.0,2969.0,1,2967.0,2
rb1805,20170628,20170627,211057000,2969.0,4770,77248,141151400.0,2970.0,15,2967.0,2
rb1805,20170628,20170627,211057500,2969.0,4772,77248,141210780.0,2969.0,3,2967.0,7
rb1805,20170628,20170627,211058000,2969.0,4774,77248,141270160.0,2969.0,2,2967.0,7
rb1805,20170628,20170627,211058500,2969.0,4774,77248,141270160.0,2970.0,15,2967.0,7
rb1805,20170628,20170627,211059000,2969.0,4774,77248,141270160.0,2969.0,2,2967.0,7
rb1805,20170628,20170627,211059500,2969.0,4774,77248,141270160.0,2969.0,2,2967.0,7
rb1805,20170628,20170627,211100000,2969.0,4774,77248,141270160.0,2970.0,16,2967.0,7
rb1805,20170628,20170627,211100500,2969.0,4774,77248,141270160.0,2969.0,2,2967.0,7
rb1805,20170628,20170627,211101000,2969.0,4774,77248,141270160.0,2969.0,3,2967.0,7
rb1805,20170628,20170627,211101500,2969.0,4776,77250,141329540.0,2970.0,16,2967.0,7
rb1805,20170628,20170627,211102000,2969.0,4776,77250,141329540.0,2969.0,10,2967.0,7
rb1805,20170628,20170627,211102500,2969.0,4780,77250,141448300.0,2969.0,8,2967.0,7
rb1805,20170628,20170627,211103000,2969.0,4780,77250,141448300.0,2969.0,9,2967.0,7
rb1805,20170628,20170627,211104000,2969.0,4780,77250,141448300.0,2969.0,9,2968.0,1
rb1805,20170628,20170627,211104500,2968.0,4782,77250,141507660.0,2968.0,8,2967.0,2
rb1805,20170628,20170627,211105000,2968.0,4786,77248,141626360.0,2969.0,10,2967.0,1
rb1805,20170628,20170627,211105500,2968.0,4788,77248,141685720.0,2968.0,3,2967.0,1
rb1805,20170628,20170627,211106000,2968.0,4788,77248,141685720.0,2969.0,10,2968.0,1
rb1805,20170628,20170627,211106500,2968.0,4790,77250,141745080.0,2968.0,8,2967.0,1
rb1805,20170628,20170627,211107000,2968.0,4792,77250,141804440.0,2969.0,10,2967.0,7
rb1805,20170628,20170627,211108000,2967.0,4806,77252,142219820.0,2967.0,4,2966.0,12
rb1805,20170628,20170627,211108500,2967.0,4808,77252,142279160.0,2969.0,2,2966.0,7
rb1805,20170628,20170627,211109000,2967.0,4808,77252,142279160.0,2968.0,10,2966.0,12
rb1805,20170628,20170627,211110000,2967.0,4808,77252,142279160.0,2967.0,2,2966.0,12
rb1805,20170628,20170627,211110500,2967.0,4808,77252,142279160.0,2968.0,11,2967.0,1
rb1805,20170628,20170627,211111000,2967.0,4810,77252,142338500.0,2967.0,2,2966.0,8
rb1805,20170628,20170627,211111500,2967.0,4812,77252,142397840.0,2968.0,12,2966.0,8
rb1805,20170628,20170627,211112000,2967.0,4812,77252,142397840.0,2968.0,12,2966.0,9
rb1805,20170628,20170627,211113000,2966.0,4814,77250,142457160.0,2968.0,13,2966.0,9
rb1805,20170628,20170627,211114000,2966.0,4822,77242,142694440.0,2968.0,3,2966.0,5
rb1805,20170628,20170627,211114500,2966.0,4822,77242,142694440.0,2967.0,10,2966.0,5
rb1805,20170628,20170627,211115000,2966.0,4826,77238,142813080.0,2967.0,10,2966.0,4
rb1805,20170628,20170627,211116000,2966.0,4826,77238,142813080.0,2968.0,3,2967.0,1
rb1805,20170628,20170627,211116500,2967.0,4828,77238,142872420.0,2967.0,1,2966.0,4
rb1805,20170628,20170627,211117000,2968.0,4832,77238,142991120.0,2968.0,2,2966.0,4
rb1805,20170628,20170627,211117500,2966.0,4834,77238,143050440.0,2967.0,1,2966.0,3
rb1805,20170628,20170627,211118000,2967.0,4836,77240,143109780.0,2968.0,2,2966.0,3
rb1805,20170628,20170627,211118500,2967.0,4836,77240,143109780.0,2968.0,2,2967.0,1
rb1805,20170628,20170627,211119000,2967.0,4838,77242,143169120.0,2968.0,3,2966.0,3
rb1805,20170628,20170627,211119500,2966.0,4842,77242,143287760.0,2968.0,3,2966.0,2
rb1805,20170628,20170627,211121000,2966.0,4842,77242,143287760.0,2968.0,3,2966.0,2
rb1805,20170628,20170627,211121500,2966.0,4846,77238,143406400.0,2968.0,4,2965.0,71
rb1805,20170628,20170627,211122000,2966.0,4846,77238,143406400.0,2968.0,4,2966.0,2
rb1805,20170628,20170627,211122500,2966.0,4848,77238,143465720.0,2968.0,16,2966.0,1
rb1805,20170628,20170627,211123000,2966.0,4850,77238,143525040.0,2968.0,16,2965.0,71
