instrument,tradingday,calendarday,time,lastp,volume,openinterest,turnover,ask1,asksz1,bid1,bidsz1
rb1805,20170718,20170717,183400500,3290.0,0,86942,0.0,0.0,0,0.0,0
rb1805,20170718,20170717,205900500,3295.0,18,86926,593100.0,3297.0,1,3288.0,10
rb1805,20170718,20170717,210000500,3288.0,20,86924,658860.0,3290.0,3,3288.0,10
rb1805,20170718,20170717,210001000,3290.0,22,86926,724660.0,3290.0,2,3288.0,10
rb1805,20170718,20170717,210001500,3290.0,22,86926,724660.0,3290.0,2,3288.0,10
rb1805,20170718,20170717,210002000,3290.0,22,86926,724660.0,3290.0,2,3288.0,10
rb1805,20170718,20170717,210002500,3290.0,22,86926,724660.0,3290.0,2,3288.0,10
rb1805,20170718,20170717,210003000,3290.0,22,86926,724660.0,3290.0,2,3288.0,10
rb1805,20170718,20170717,210003500,3290.0,26,86930,856260.0,3297.0,2,3288.0,10
rb1805,20170718,20170717,210004000,3290.0,26,86930,856260.0,3296.0,7,3289.0,5
rb1805,20170718,20170717,210004500,3290.0,26,86930,856260.0,3289.0,1,3288.0,10
rb1805,20170718,20170717,210005000,3290.0,28,86930,922060.0,3297.0,2,3289.0,3
rb1805,20170718,20170717,210005500,3290.0,28,86930,922060.0,3297.0,8,3291.0,6
rb1805,20170718,20170717,210006000,3297.0,30,86930,988000.0,3295.0,1,3293.0,1
rb1805,20170718,20170717,210006500,3297.0,30,86930,988000.0,3295.0,1,3290.0,1
rb1805,20170718,20170717,210007000,3288.0,50,86916,1645640.0,3295.0,1,3288.0,1
rb1805,20170718,20170717,210007500,3288.0,50,86916,1645640.0,3295.0,1,3291.0,6
rb1805,20170718,20170717,210008000,3295.0,52,86916,1711540.0,3297.0,1,3289.0,2
rb1805,20170718,20170717,210008500,3295.0,52,86916,1711540.0,3297.0,1,3293.0,3
rb1805,20170718,20170717,210009000,3295.0,52,86916,1711540.0,3291.0,1,3288.0,1
rb1805,20170718,20170717,210009500,3294.0,56,86914,1843300.0,3297.0,1,3294.0,1
rb1805,20170718,20170717,210010000,3294.0,58,86912,1909180.0,3297.0,4,3293.0,1
rb1805,20170718,20170717,210010500,3294.0,58,86912,1909180.0,3297.0,4,3290.0,1
rb1805,20170718,20170717,210011000,3294.0,58,86912,1909180.0,3296.0,8,3291.0,1
rb1805,20170718,20170717,210011500,3294.0,58,86912,1909180.0,3296.0,3,3291.0,1
rb1805,20170718,20170717,210012000,3294.0,58,86912,1909180.0,3297.0,4,3291.0,1
rb1805,20170718,20170717,210012500,3291.0,60,86914,1975000.0,3296.0,1,3290.0,1
rb1805,20170718,20170717,210013000,3291.0,60,86914,1975000.0,3296.0,1,3291.0,1
rb1805,20170718,20170717,210014000,3291.0,60,86914,1975000.0,3296.0,1,3291.0,1
rb1805,20170718,20170717,210014500,3291.0,60,86914,1975000.0,3296.0,2,3291.0,1
rb1805,20170718,20170717,210015000,3291.0,60,86914,1975000.0,3295.0,1,3291.0,1
rb1805,20170718,20170717,210017500,3291.0,60,86914,1975000.0,3295.0,1,3291.0,1
rb1805,20170718,20170717,210018500,3291.0,60,86914,1975000.0,3295.0,1,3291.0,2
rb1805,20170718,20170717,210019000,3291.0,60,86914,1975000.0,3295.0,1,3291.0,2
rb1805,20170718,20170717,210019500,3291.0,60,86914,1975000.0,3295.0,1,3291.0,2
rb1805,20170718,20170717,210021000,3291.0,60,86914,1975000.0,3295.0,1,3291.0,22
rb1805,20170718,20170717,210021500,3291.0,60,86914,1975000.0,3295.0,1,3291.0,22
rb1805,20170718,20170717,210022000,3291.0,60,86914,1975000.0,3295.0,1,3292.0,1
rb1805,20170718,20170717,210022500,3291.0,60,86914,1975000.0,3295.0,1,3292.0,1
rb1805,20170718,20170717,210023000,3291.0,60,86914,1975000.0,3295.0,1,3292.0,1
rb1805,20170718,20170717,210025000,3295.0,62,86914,2040900.0,3296.0,2,3292.0,3
rb1805,20170718,20170717,210025500,3295.0,62,86914,2040900.0,3296.0,2,3292.0,1
rb1805,20170718,20170717,210026000,3295.0,62,86914,2040900.0,3296.0,2,3292.0,6
rb1805,20170718,20170717,210026500,3295.0,62,86914,2040900.0,3296.0,2,3292.0,6
rb1805,20170718,20170717,210027000,3295.0,62,86914,2040900.0,3296.0,2,3292.0,6
rb1805,20170718,20170717,210029000,3295.0,62,86914,2040900.0,3296.0,2,3292.0,8
rb1805,20170718,20170717,210029500,3295.0,62,86914,2040900.0,3296.0,2,3292.0,6
rb1805,20170718,20170717,210030000,3295.0,62,86914,2040900.0,3296.0,2,3292.0,8
rb1805,20170718,20170717,210030500,3295.0,62,86914,2040900.0,3296.0,2,3292.0,6
rb1805,20170718,20170717,210031000,3295.0,62,86914,2040900.0,3296.0,2,3292.0,6
rb1805,20170718,20170717,210031500,3295.0,62,86914,2040900.0,3296.0,2,3292.0,12
rb1805,20170718,20170717,210032000,3295.0,62,86914,2040900.0,3296.0,2,3293.0,20
rb1805,20170718,20170717,210032500,3295.0,62,86914,2040900.0,3296.0,2,3294.0,1
rb1805,20170718,20170717,210033000,3294.0,64,86916,2106780.0,3296.0,2,3293.0,20
rb1805,20170718,20170717,210033500,3294.0,64,86916,2106780.0,3296.0,3,3293.0,20
rb1805,20170718,20170717,210034000,3294.0,64,86916,2106780.0,3296.0,3,3293.0,20
rb1805,20170718,20170717,210035000,3296.0,66,86916,2172700.0,3296.0,2,3293.0,20
rb1805,20170718,20170717,210035500,3296.0,66,86916,2172700.0,3296.0,2,3294.0,6
rb1805,20170718,20170717,210036000,3296.0,66,86916,2172700.0,3296.0,2,3293.0,20
rb1805,20170718,20170717,210036500,3297.0,72,86920,2370480.0,3297.0,1,3296.0,3
rb1805,20170718,20170717,210037000,3297.0,72,86920,2370480.0,3297.0,1,3296.0,3
rb1805,20170718,20170717,210039000,3297.0,72,86920,2370480.0,3298.0,4,3296.0,3
rb1805,20170718,20170717,210039500,3297.0,72,86920,2370480.0,3298.0,4,3296.0,3
rb1805,20170718,20170717,210041000,3297.0,72,86920,2370480.0,3298.0,4,3296.0,3
rb1805,20170718,20170717,210041500,3297.0,72,86920,2370480.0,3298.0,4,3296.0,3
rb1805,20170718,20170717,210042000,3298.0,80,86926,2634320.0,3299.0,1,3298.0,6
rb1805,20170718,20170717,210042500,3296.0,82,86926,2700240.0,3299.0,1,3296.0,2
rb1805,20170718,20170717,210043500,3296.0,82,86926,2700240.0,3299.0,1,3296.0,2
rb1805,20170718,20170717,210044000,3296.0,82,86926,2700240.0,3299.0,1,3296.0,9
rb1805,20170718,20170717,210044500,3296.0,82,86926,2700240.0,3299.0,1,3296.0,9
rb1805,20170718,20170717,210045000,3296.0,82,86926,2700240.0,3299.0,1,3296.0,10
rb1805,20170718,20170717,210045500,3296.0,82,86926,2700240.0,3298.0,2,3296.0,10
rb1805,20170718,20170717,210046000,3298.0,86,86930,2832160.0,3299.0,1,3296.0,10
rb1805,20170718,20170717,210046500,3298.0,86,86930,2832160.0,3299.0,1,3298.0,1
rb1805,20170718,20170717,210047000,3299.0,90,86928,2964100.0,3300.0,7,3296.0,10
rb1805,20170718,20170717,210047500,3299.0,90,86928,2964100.0,3300.0,7,3297.0,2
rb1805,20170718,20170717,210048000,3300.0,94,86924,3096100.0,3300.0,5,3297.0,6
rb1805,20170718,20170717,210048500,3300.0,94,86924,3096100.0,3300.0,5,3298.0,2
rb1805,20170718,20170717,210049000,3300.0,94,86924,3096100.0,3300.0,5,3298.0,2
rb1805,20170718,20170717,210050000,3300.0,94,86924,3096100.0,3300.0,5,3298.0,2
rb1805,20170718,20170717,210050500,3298.0,98,86920,3228020.0,3300.0,5,3297.0,11
rb1805,20170718,20170717,210051000,3298.0,98,86920,3228020.0,3300.0,7,3297.0,11
rb1805,20170718,20170717,210051500,3298.0,98,86920,3228020.0,3299.0,2,3297.0,11
rb1805,20170718,20170717,210052000,3299.0,102,86924,3359980.0,3300.0,7,3297.0,11
rb1805,20170718,20170717,210052500,3299.0,102,86924,3359980.0,3300.0,7,3298.0,2
rb1805,20170718,20170717,210053000,3300.0,104,86924,3425980.0,3300.0,6,3298.0,2
rb1805,20170718,20170717,210053500,3302.0,156,86972,5142780.0,3303.0,1,3301.0,5
rb1805,20170718,20170717,210054000,3301.0,158,86974,5208800.0,3301.0,1,3300.0,1
rb1805,20170718,20170717,210054500,3300.0,160,86974,5274800.0,3303.0,1,3299.0,20
rb1805,20170718,20170717,210055000,3300.0,160,86974,5274800.0,3303.0,1,3299.0,20
rb1805,20170718,20170717,210055500,3300.0,160,86974,5274800.0,3303.0,1,3299.0,27
rb1805,20170718,20170717,210056000,3300.0,160,86974,5274800.0,3303.0,1,3300.0,2
rb1805,20170718,20170717,210056500,3300.0,160,86974,5274800.0,3303.0,1,3301.0,20
rb1805,20170718,20170717,210058000,3300.0,162,86974,5340800.0,3303.0,2,3301.0,20
rb1805,20170718,20170717,210058500,3300.0,162,86974,5340800.0,3303.0,2,3301.0,20
rb1805,20170718,20170717,210059500,3300.0,162,86974,5340800.0,3303.0,2,3301.0,20
rb1805,20170718,20170717,210100000,3303.0,164,86974,5406860.0,3303.0,1,3301.0,20
rb1805,20170718,20170717,210100500,3303.0,164,86974,5406860.0,3303.0,1,3301.0,20
rb1805,20170718,20170717,210101000,3303.0,166,86974,5472920.0,3302.0,1,3301.0,20
rb1805,20170718,20170717,210101500,3303.0,166,86974,5472920.0,3302.0,1,3301.0,20
rb1805,20170718,20170717,210102500,3303.0,166,86974,5472920.0,3302.0,1,3301.0,25
rb1805,20170718,20170717,210103000,3303.0,166,86974,5472920.0,3302.0,1,3301.0,25
rb1805,20170718,20170717,210103500,3301.0,170,86970,5604980.0,3304.0,1,3301.0,24
rb1805,20170718,20170717,210104000,3301.0,170,86970,5604980.0,3304.0,1,3302.0,2
rb1805,20170718,20170717,210104500,3301.0,170,86970,5604980.0,3304.0,1,3303.0,16
rb1805,20170718,20170717,210105000,3303.0,182,86968,6001340.0,3304.0,1,3303.0,10
rb1805,20170718,20170717,210105500,3303.0,182,86968,6001340.0,3304.0,1,3303.0,10
rb1805,20170718,20170717,210106500,3303.0,182,86968,6001340.0,3304.0,6,3303.0,10
rb1805,20170718,20170717,210107000,3304.0,186,86966,6133480.0,3305.0,1,3304.0,5
rb1805,20170718,20170717,210107500,3303.0,206,86948,6794100.0,3304.0,6,3302.0,7
rb1805,20170718,20170717,210108000,3303.0,210,86944,6926220.0,3304.0,2,3302.0,7
rb1805,20170718,20170717,210108500,3303.0,210,86944,6926220.0,3304.0,2,3302.0,7
rb1805,20170718,20170717,210109000,3304.0,212,86944,6992300.0,3304.0,1,3302.0,7
rb1805,20170718,20170717,210109500,3304.0,212,86944,6992300.0,3304.0,1,3302.0,7
rb1805,20170718,20170717,210110000,3304.0,212,86944,6992300.0,3304.0,1,3302.0,7
rb1805,20170718,20170717,210110500,3304.0,212,86944,6992300.0,3304.0,1,3302.0,7
rb1805,20170718,20170717,210113000,3304.0,212,86944,6992300.0,3304.0,6,3302.0,2
rb1805,20170718,20170717,210113500,3304.0,212,86944,6992300.0,3304.0,6,3301.0,6
rb1805,20170718,20170717,210114000,3304.0,214,86944,7058380.0,3304.0,5,3302.0,2
rb1805,20170718,20170717,210114500,3304.0,214,86944,7058380.0,3304.0,25,3302.0,2
rb1805,20170718,20170717,210115000,3304.0,214,86944,7058380.0,3304.0,26,3302.0,2
rb1805,20170718,20170717,210115500,3304.0,214,86944,7058380.0,3304.0,26,3302.0,2
rb1805,20170718,20170717,210116000,3302.0,218,86940,7190460.0,3304.0,26,3301.0,2
rb1805,20170718,20170717,210116500,3302.0,218,86940,7190460.0,3303.0,2,3301.0,2
rb1805,20170718,20170717,210117000,3302.0,218,86940,7190460.0,3303.0,2,3301.0,2
rb1805,20170718,20170717,210117500,3303.0,220,86940,7256520.0,3303.0,8,3301.0,2
rb1805,20170718,20170717,210118000,3303.0,220,86940,7256520.0,3302.0,1,3301.0,2
rb1805,20170718,20170717,210119000,3303.0,220,86940,7256520.0,3302.0,1,3301.0,2
rb1805,20170718,20170717,210119500,3302.0,222,86942,7322560.0,3303.0,8,3301.0,2
rb1805,20170718,20170717,210120000,3303.0,226,86946,7454680.0,3303.0,6,3301.0,2
rb1805,20170718,20170717,210120500,3303.0,226,86946,7454680.0,3303.0,6,3301.0,2
rb1805,20170718,20170717,210121000,3303.0,226,86946,7454680.0,3303.0,6,3301.0,1
rb1805,20170718,20170717,210121500,3303.0,226,86946,7454680.0,3303.0,2,3301.0,6
rb1805,20170718,20170717,210122000,3303.0,226,86946,7454680.0,3303.0,2,3301.0,6
rb1805,20170718,20170717,210122500,3300.0,240,86936,7916800.0,3301.0,4,3296.0,22
rb1805,20170718,20170717,210123000,3300.0,240,86936,7916800.0,3301.0,6,3297.0,3
rb1805,20170718,20170717,210123500,3300.0,240,86936,7916800.0,3301.0,10,3297.0,4
rb1805,20170718,20170717,210124000,3300.0,240,86936,7916800.0,3301.0,6,3297.0,4
rb1805,20170718,20170717,210125000,3300.0,240,86936,7916800.0,3301.0,7,3297.0,4
rb1805,20170718,20170717,210126000,3300.0,240,86936,7916800.0,3301.0,7,3297.0,4
rb1805,20170718,20170717,210126500,3300.0,240,86936,7916800.0,3301.0,7,3297.0,4
rb1805,20170718,20170717,210127000,3300.0,240,86936,7916800.0,3301.0,7,3297.0,4
rb1805,20170718,20170717,210127500,3300.0,240,86936,7916800.0,3301.0,7,3297.0,4
rb1805,20170718,20170717,210128000,3300.0,240,86936,7916800.0,3300.0,1,3297.0,4
rb1805,20170718,20170717,210128500,3300.0,242,86938,7982800.0,3301.0,7,3297.0,4
rb1805,20170718,20170717,210129000,3297.0,244,86936,8048740.0,3301.0,7,3297.0,3
rb1805,20170718,20170717,210129500,3297.0,246,86934,8114680.0,3301.0,7,3297.0,2
rb1805,20170718,20170717,210130000,3297.0,246,86934,8114680.0,3301.0,7,3297.0,2
rb1805,20170718,20170717,210131000,3297.0,246,86934,8114680.0,3301.0,7,3297.0,2
rb1805,20170718,20170717,210131500,3297.0,250,86930,8246560.0,3301.0,7,3296.0,3
rb1805,20170718,20170717,210132000,3297.0,250,86930,8246560.0,3301.0,7,3297.0,1
rb1805,20170718,20170717,210132500,3297.0,250,86930,8246560.0,3301.0,7,3297.0,1
rb1805,20170718,20170717,210133500,3301.0,252,86932,8312580.0,3300.0,1,3297.0,4
rb1805,20170718,20170717,210134000,3300.0,254,86932,8378580.0,3301.0,6,3300.0,3
rb1805,20170718,20170717,210135000,3300.0,254,86932,8378580.0,3301.0,6,3300.0,3
rb1805,20170718,20170717,210135500,3301.0,260,86938,8576640.0,3301.0,3,3300.0,3
rb1805,20170718,20170717,210136000,3301.0,260,86938,8576640.0,3301.0,2,3300.0,3
rb1805,20170718,20170717,210136500,3301.0,260,86938,8576640.0,3301.0,2,3300.0,3
rb1805,20170718,20170717,210137000,3301.0,260,86938,8576640.0,3301.0,1,3300.0,3
rb1805,20170718,20170717,210137500,3301.0,260,86938,8576640.0,3301.0,1,3300.0,3
rb1805,20170718,20170717,210138500,3301.0,260,86938,8576640.0,3301.0,1,3300.0,7
rb1805,20170718,20170717,210139000,3301.0,260,86938,8576640.0,3301.0,1,3300.0,7
rb1805,20170718,20170717,210142000,3301.0,262,86938,8642660.0,3302.0,10,3300.0,7
rb1805,20170718,20170717,210143000,3301.0,262,86938,8642660.0,3301.0,1,3300.0,7
rb1805,20170718,20170717,210144000,3301.0,262,86938,8642660.0,3301.0,1,3300.0,3
rb1805,20170718,20170717,210145500,3301.0,264,86938,8708680.0,3302.0,10,3300.0,3
rb1805,20170718,20170717,210146000,3301.0,264,86938,8708680.0,3302.0,10,3300.0,3
rb1805,20170718,20170717,210147000,3301.0,264,86938,8708680.0,3302.0,10,3300.0,3
rb1805,20170718,20170717,210148500,3301.0,264,86938,8708680.0,3302.0,15,3301.0,8
rb1805,20170718,20170717,210149000,3300.0,292,86938,9632840.0,3300.0,1,3299.0,1
rb1805,20170718,20170717,210149500,3300.0,294,86938,9698840.0,3302.0,15,3299.0,1
rb1805,20170718,20170717,210150000,3300.0,294,86938,9698840.0,3302.0,15,3299.0,5
rb1805,20170718,20170717,210150500,3302.0,310,86938,10227160.0,3302.0,2,3299.0,5
rb1805,20170718,20170717,210151000,3302.0,310,86938,10227160.0,3302.0,2,3299.0,5
rb1805,20170718,20170717,210153500,3302.0,310,86938,10227160.0,3302.0,2,3299.0,5
rb1805,20170718,20170717,210154000,3299.0,312,86940,10293140.0,3302.0,2,3299.0,4
rb1805,20170718,20170717,210154500,3299.0,312,86940,10293140.0,3301.0,3,3300.0,1
rb1805,20170718,20170717,210155000,3299.0,312,86940,10293140.0,3301.0,3,3300.0,1
rb1805,20170718,20170717,210155500,3299.0,312,86940,10293140.0,3301.0,3,3300.0,1
rb1805,20170718,20170717,210156000,3302.0,322,86940,10623280.0,3303.0,3,3300.0,1
rb1805,20170718,20170717,210156500,3302.0,324,86940,10689320.0,3302.0,1,3300.0,5
rb1805,20170718,20170717,210157000,3302.0,324,86940,10689320.0,3302.0,3,3300.0,5
rb1805,20170718,20170717,210157500,3302.0,324,86940,10689320.0,3302.0,3,3300.0,5
rb1805,20170718,20170717,210158500,3302.0,324,86940,10689320.0,3302.0,3,3300.0,5
rb1805,20170718,20170717,210159000,3302.0,324,86940,10689320.0,3302.0,3,3300.0,5
rb1805,20170718,20170717,210200500,3302.0,330,86938,10887440.0,3302.0,1,3300.0,5
rb1805,20170718,20170717,210201500,3302.0,330,86938,10887440.0,3302.0,1,3300.0,5
rb1805,20170718,20170717,210202000,3302.0,332,86936,10953480.0,3303.0,5,3302.0,2
rb1805,20170718,20170717,210202500,3303.0,336,86936,11085580.0,3303.0,4,3302.0,4
rb1805,20170718,20170717,210203000,3303.0,342,86934,11283760.0,3303.0,1,3301.0,2
rb1805,20170718,20170717,210203500,3303.0,342,86934,11283760.0,3303.0,6,3301.0,2
rb1805,20170718,20170717,210204500,3303.0,342,86934,11283760.0,3303.0,6,3301.0,2
rb1805,20170718,20170717,210205000,3303.0,350,86934,11548000.0,3303.0,2,3301.0,2
rb1805,20170718,20170717,210206000,3303.0,350,86934,11548000.0,3303.0,2,3301.0,3
rb1805,20170718,20170717,210206500,3300.0,358,86938,11812060.0,3303.0,2,3300.0,4
rb1805,20170718,20170717,210208000,3303.0,362,86940,11944180.0,3304.0,6,3303.0,3
rb1805,20170718,20170717,210208500,3303.0,368,86940,12142360.0,3303.0,9,3300.0,5
rb1805,20170718,20170717,210209000,3304.0,388,86936,12803000.0,3305.0,2,3304.0,1
rb1805,20170718,20170717,210209500,3304.0,390,86934,12869080.0,3303.0,4,3300.0,5
rb1805,20170718,20170717,210210000,3304.0,390,86934,12869080.0,3305.0,3,3301.0,1
rb1805,20170718,20170717,210210500,3305.0,394,86930,13001280.0,3305.0,6,3301.0,6
rb1805,20170718,20170717,210211000,3305.0,394,86930,13001280.0,3305.0,6,3301.0,6
rb1805,20170718,20170717,210212000,3305.0,394,86930,13001280.0,3305.0,6,3301.0,5
rb1805,20170718,20170717,210213000,3305.0,394,86930,13001280.0,3303.0,5,3301.0,5
rb1805,20170718,20170717,210213500,3305.0,394,86930,13001280.0,3303.0,5,3301.0,5
rb1805,20170718,20170717,210214000,3305.0,402,86922,13265680.0,3303.0,1,3301.0,5
rb1805,20170718,20170717,210215000,3305.0,402,86922,13265680.0,3303.0,1,3301.0,5
rb1805,20170718,20170717,210215500,3305.0,402,86922,13265680.0,3303.0,1,3301.0,5
rb1805,20170718,20170717,210216500,3305.0,402,86922,13265680.0,3303.0,1,3301.0,5
rb1805,20170718,20170717,210217500,3305.0,402,86922,13265680.0,3303.0,1,3301.0,5
rb1805,20170718,20170717,210218000,3305.0,402,86922,13265680.0,3303.0,6,3301.0,5
rb1805,20170718,20170717,210218500,3304.0,410,86920,13530000.0,3303.0,2,3301.0,5
rb1805,20170718,20170717,210219000,3304.0,410,86920,13530000.0,3303.0,2,3301.0,5
rb1805,20170718,20170717,210219500,3304.0,410,86920,13530000.0,3303.0,2,3300.0,11
rb1805,20170718,20170717,210220000,3302.0,416,86920,13728200.0,3304.0,2,3300.0,12
rb1805,20170718,20170717,210220500,3302.0,416,86920,13728200.0,3304.0,2,3300.0,12
rb1805,20170718,20170717,210221000,3304.0,418,86918,13794280.0,3304.0,1,3300.0,12
rb1805,20170718,20170717,210221500,3304.0,418,86918,13794280.0,3304.0,1,3300.0,12
rb1805,20170718,20170717,210222000,3304.0,418,86918,13794280.0,3304.0,1,3300.0,12
rb1805,20170718,20170717,210222500,3304.0,418,86918,13794280.0,3304.0,2,3300.0,12
rb1805,20170718,20170717,210223000,3304.0,420,86916,13860360.0,3304.0,1,3300.0,11
rb1805,20170718,20170717,210223500,3300.0,426,86916,14058360.0,3304.0,5,3300.0,8
rb1805,20170718,20170717,210224000,3304.0,432,86912,14256600.0,3304.0,2,3300.0,9
rb1805,20170718,20170717,210224500,3304.0,432,86912,14256600.0,3304.0,2,3300.0,8
rb1805,20170718,20170717,210225000,3304.0,432,86912,14256600.0,3304.0,8,3300.0,8
rb1805,20170718,20170717,210225500,3304.0,438,86908,14454840.0,3304.0,5,3300.0,9
rb1805,20170718,20170717,210226000,3304.0,438,86908,14454840.0,3304.0,5,3301.0,1
rb1805,20170718,20170717,210226500,3300.0,470,86886,15511060.0,3301.0,1,3300.0,4
rb1805,20170718,20170717,210227000,3301.0,472,86884,15577080.0,3303.0,2,3301.0,2
rb1805,20170718,20170717,210227500,3303.0,476,86884,15709200.0,3304.0,10,3301.0,1
rb1805,20170718,20170717,210228500,3303.0,476,86884,15709200.0,3304.0,10,3301.0,1
rb1805,20170718,20170717,210229000,3304.0,480,86880,15841360.0,3304.0,8,3301.0,1
rb1805,20170718,20170717,210229500,3304.0,480,86880,15841360.0,3304.0,8,3301.0,1
rb1805,20170718,20170717,210230500,3304.0,492,86874,16237840.0,3304.0,2,3301.0,3
rb1805,20170718,20170717,210231000,3304.0,492,86874,16237840.0,3304.0,2,3301.0,4
rb1805,20170718,20170717,210231500,3304.0,492,86874,16237840.0,3303.0,1,3301.0,4
rb1805,20170718,20170717,210232000,3304.0,496,86874,16370000.0,3304.0,1,3301.0,4
rb1805,20170718,20170717,210233000,3304.0,496,86874,16370000.0,3304.0,1,3301.0,3
rb1805,20170718,20170717,210233500,3304.0,496,86874,16370000.0,3304.0,2,3302.0,2
rb1805,20170718,20170717,210234000,3302.0,502,86874,16568120.0,3304.0,2,3301.0,3
rb1805,20170718,20170717,210234500,3302.0,502,86874,16568120.0,3302.0,1,3301.0,3
rb1805,20170718,20170717,210235000,3302.0,504,86874,16634160.0,3304.0,3,3301.0,1
rb1805,20170718,20170717,210235500,3303.0,506,86874,16700220.0,3303.0,1,3301.0,4
rb1805,20170718,20170717,210236500,3300.0,532,86886,17558300.0,3303.0,1,3299.0,6
rb1805,20170718,20170717,210237000,3300.0,532,86886,17558300.0,3303.0,6,3299.0,7
rb1805,20170718,20170717,210237500,3303.0,538,86886,17756480.0,3303.0,3,3299.0,7
rb1805,20170718,20170717,210238000,3303.0,538,86886,17756480.0,3303.0,3,3299.0,7
rb1805,20170718,20170717,210238500,3303.0,538,86886,17756480.0,3303.0,3,3299.0,7
rb1805,20170718,20170717,210239000,3303.0,538,86886,17756480.0,3303.0,3,3299.0,8
rb1805,20170718,20170717,210240000,3303.0,542,86886,17888600.0,3303.0,1,3299.0,8
rb1805,20170718,20170717,210240500,3303.0,542,86886,17888600.0,3303.0,1,3299.0,8
rb1805,20170718,20170717,210241000,3303.0,542,86886,17888600.0,3303.0,1,3299.0,8
rb1805,20170718,20170717,210241500,3303.0,542,86886,17888600.0,3303.0,2,3299.0,4
rb1805,20170718,20170717,210242000,3303.0,544,86886,17954660.0,3303.0,6,3299.0,9
rb1805,20170718,20170717,210242500,3303.0,544,86886,17954660.0,3303.0,6,3299.0,9
rb1805,20170718,20170717,210243000,3303.0,544,86886,17954660.0,3303.0,6,3300.0,2
rb1805,20170718,20170717,210243500,3303.0,552,86884,18218900.0,3303.0,2,3300.0,2
rb1805,20170718,20170717,210244000,3303.0,552,86884,18218900.0,3302.0,5,3300.0,7
rb1805,20170718,20170717,210244500,3303.0,552,86884,18218900.0,3302.0,5,3300.0,9
rb1805,20170718,20170717,210245000,3303.0,560,86878,18483140.0,3302.0,1,3300.0,9
rb1805,20170718,20170717,210245500,3303.0,560,86878,18483140.0,3302.0,1,3300.0,9
rb1805,20170718,20170717,210247500,3302.0,562,86878,18549180.0,3303.0,5,3300.0,9
rb1805,20170718,20170717,210248000,3303.0,568,86878,18747360.0,3303.0,2,3300.0,9
rb1805,20170718,20170717,210248500,3303.0,568,86878,18747360.0,3303.0,3,3301.0,2
rb1805,20170718,20170717,210249500,3303.0,572,86878,18879480.0,3303.0,1,3301.0,2
rb1805,20170718,20170717,210250500,3303.0,572,86878,18879480.0,3303.0,1,3302.0,1
rb1805,20170718,20170717,210251000,3302.0,574,86878,18945520.0,3303.0,1,3301.0,2
rb1805,20170718,20170717,210251500,3301.0,588,86878,19407660.0,3302.0,1,3301.0,5
rb1805,20170718,20170717,210252000,3301.0,598,86888,19737760.0,3303.0,2,3300.0,8
rb1805,20170718,20170717,210252500,3301.0,600,86888,19803780.0,3302.0,2,3300.0,8
rb1805,20170718,20170717,210253500,3302.0,602,86888,19869820.0,3302.0,6,3300.0,3
rb1805,20170718,20170717,210254500,3302.0,602,86888,19869820.0,3302.0,1,3300.0,3
rb1805,20170718,20170717,210255000,3302.0,602,86888,19869820.0,3302.0,1,3300.0,3
rb1805,20170718,20170717,210256000,3302.0,602,86888,19869820.0,3302.0,1,3300.0,5
rb1805,20170718,20170717,210257500,3302.0,602,86888,19869820.0,3302.0,6,3300.0,5
rb1805,20170718,20170717,210258000,3302.0,602,86888,19869820.0,3302.0,1,3300.0,5
rb1805,20170718,20170717,210258500,3303.0,610,86884,20134040.0,3304.0,5,3303.0,1
rb1805,20170718,20170717,210259000,3303.0,612,86884,20200100.0,3301.0,2,3300.0,5
rb1805,20170718,20170717,210259500,3303.0,612,86884,20200100.0,3301.0,2,3300.0,5
rb1805,20170718,20170717,210300000,3302.0,614,86882,20266140.0,3301.0,1,3300.0,5
rb1805,20170718,20170717,210300500,3302.0,614,86882,20266140.0,3301.0,1,3300.0,5
rb1805,20170718,20170717,210301500,3302.0,614,86882,20266140.0,3301.0,1,3300.0,4
rb1805,20170718,20170717,210302000,3300.0,616,86882,20332140.0,3302.0,9,3300.0,3
rb1805,20170718,20170717,210302500,3300.0,616,86882,20332140.0,3302.0,9,3300.0,3
rb1805,20170718,20170717,210303000,3300.0,630,86880,20794380.0,3302.0,8,3300.0,2
rb1805,20170718,20170717,210304000,3300.0,634,86884,20926380.0,3302.0,8,3299.0,6
rb1805,20170718,20170717,210304500,3302.0,646,86872,21322620.0,3302.0,2,3299.0,9
rb1805,20170718,20170717,210305000,3302.0,646,86872,21322620.0,3302.0,2,3300.0,2
rb1805,20170718,20170717,210305500,3302.0,646,86872,21322620.0,3302.0,2,3300.0,2
rb1805,20170718,20170717,210306000,3302.0,648,86870,21388660.0,3302.0,1,3300.0,2
rb1805,20170718,20170717,210307000,3302.0,648,86870,21388660.0,3302.0,1,3300.0,2
rb1805,20170718,20170717,210307500,3302.0,648,86870,21388660.0,3303.0,3,3300.0,6
rb1805,20170718,20170717,210308000,3303.0,650,86868,21454720.0,3303.0,2,3302.0,1
rb1805,20170718,20170717,210308500,3302.0,652,86868,21520760.0,3302.0,6,3300.0,6
rb1805,20170718,20170717,210309000,3300.0,654,86866,21586760.0,3302.0,5,3300.0,5
rb1805,20170718,20170717,210309500,3302.0,664,86864,21916960.0,3303.0,2,3300.0,5
rb1805,20170718,20170717,210310000,3302.0,664,86864,21916960.0,3303.0,7,3300.0,5
rb1805,20170718,20170717,210310500,3303.0,672,86862,22181200.0,3303.0,3,3300.0,5
rb1805,20170718,20170717,210312000,3303.0,672,86862,22181200.0,3302.0,1,3300.0,5
rb1805,20170718,20170717,210312500,3303.0,672,86862,22181200.0,3302.0,1,3301.0,1
rb1805,20170718,20170717,210313000,3302.0,674,86860,22247240.0,3303.0,3,3301.0,6
rb1805,20170718,20170717,210313500,3302.0,674,86860,22247240.0,3302.0,20,3301.0,6
rb1805,20170718,20170717,210314000,3302.0,684,86860,22577440.0,3302.0,15,3301.0,6
rb1805,20170718,20170717,210314500,3302.0,694,86860,22907640.0,3302.0,10,3301.0,6
rb1805,20170718,20170717,210315000,3302.0,714,86878,23568040.0,3304.0,4,3302.0,6
rb1805,20170718,20170717,210315500,3302.0,714,86878,23568040.0,3304.0,3,3302.0,5
rb1805,20170718,20170717,210316500,3302.0,714,86878,23568040.0,3303.0,3,3302.0,5
rb1805,20170718,20170717,210317000,3302.0,714,86878,23568040.0,3303.0,3,3302.0,5
rb1805,20170718,20170717,210317500,3302.0,714,86878,23568040.0,3303.0,3,3302.0,5
rb1805,20170718,20170717,210318000,3303.0,716,86878,23634100.0,3303.0,2,3302.0,5
rb1805,20170718,20170717,210319000,3303.0,716,86878,23634100.0,3303.0,2,3302.0,5
rb1805,20170718,20170717,210320000,3303.0,716,86878,23634100.0,3303.0,5,3302.0,5
rb1805,20170718,20170717,210320500,3303.0,726,86878,23964400.0,3304.0,6,3303.0,4
rb1805,20170718,20170717,210321000,3303.0,726,86878,23964400.0,3304.0,6,3303.0,12
rb1805,20170718,20170717,210321500,3303.0,726,86878,23964400.0,3304.0,6,3303.0,12
rb1805,20170718,20170717,210322000,3304.0,738,86874,24360880.0,3305.0,13,3303.0,12
rb1805,20170718,20170717,210322500,3304.0,738,86874,24360880.0,3305.0,8,3304.0,4
rb1805,20170718,20170717,210323000,3304.0,738,86874,24360880.0,3305.0,8,3304.0,9
rb1805,20170718,20170717,210323500,3304.0,738,86874,24360880.0,3305.0,8,3304.0,9
rb1805,20170718,20170717,210325000,3305.0,746,86876,24625280.0,3305.0,4,3304.0,4
rb1805,20170718,20170717,210325500,3304.0,750,86878,24757460.0,3305.0,3,3304.0,8
rb1805,20170718,20170717,210326000,3304.0,752,86878,24823540.0,3305.0,3,3304.0,7
rb1805,20170718,20170717,210326500,3304.0,752,86878,24823540.0,3305.0,3,3304.0,7
rb1805,20170718,20170717,210327000,3304.0,752,86878,24823540.0,3305.0,3,3304.0,2
rb1805,20170718,20170717,210327500,3304.0,752,86878,24823540.0,3305.0,8,3304.0,2
rb1805,20170718,20170717,210328500,3305.0,758,86884,25021840.0,3305.0,5,3304.0,2
rb1805,20170718,20170717,210329000,3305.0,762,86880,25154040.0,3305.0,3,3304.0,2
rb1805,20170718,20170717,210329500,3305.0,766,86880,25286240.0,3305.0,1,3304.0,2
rb1805,20170718,20170717,210330000,3304.0,770,86880,25418400.0,3304.0,9,3303.0,5
rb1805,20170718,20170717,210330500,3304.0,776,86880,25616640.0,3304.0,2,3302.0,5
rb1805,20170718,20170717,210331000,3304.0,776,86880,25616640.0,3304.0,1,3300.0,6
rb1805,20170718,20170717,210331500,3304.0,776,86880,25616640.0,3304.0,1,3301.0,1
rb1805,20170718,20170717,210332000,3304.0,776,86880,25616640.0,3305.0,2,3302.0,3
rb1805,20170718,20170717,210332500,3304.0,776,86880,25616640.0,3305.0,1,3303.0,1
rb1805,20170718,20170717,210333000,3304.0,776,86880,25616640.0,3305.0,21,3303.0,6
rb1805,20170718,20170717,210333500,3304.0,776,86880,25616640.0,3305.0,21,3303.0,6
rb1805,20170718,20170717,210334000,3305.0,778,86882,25682740.0,3305.0,20,3304.0,1
rb1805,20170718,20170717,210334500,3305.0,806,86882,26608140.0,3305.0,7,3304.0,1
rb1805,20170718,20170717,210335000,3305.0,808,86884,26674240.0,3305.0,5,3304.0,1
rb1805,20170718,20170717,210335500,3305.0,810,86884,26740340.0,3305.0,4,3304.0,1
rb1805,20170718,20170717,210337000,3305.0,810,86884,26740340.0,3305.0,4,3304.0,1
rb1805,20170718,20170717,210337500,3305.0,810,86884,26740340.0,3305.0,5,3304.0,1
rb1805,20170718,20170717,210338000,3305.0,810,86884,26740340.0,3305.0,5,3304.0,1
rb1805,20170718,20170717,210338500,3304.0,812,86884,26806420.0,3304.0,2,3303.0,6
rb1805,20170718,20170717,210339000,3303.0,820,86884,27070660.0,3304.0,1,3302.0,8
rb1805,20170718,20170717,210339500,3303.0,820,86884,27070660.0,3304.0,1,3302.0,8
rb1805,20170718,20170717,210340000,3303.0,820,86884,27070660.0,3305.0,6,3302.0,8
rb1805,20170718,20170717,210340500,3303.0,820,86884,27070660.0,3303.0,1,3302.0,8
rb1805,20170718,20170717,210341000,3303.0,822,86884,27136720.0,3304.0,3,3302.0,9
rb1805,20170718,20170717,210341500,3303.0,822,86884,27136720.0,3304.0,3,3302.0,8
rb1805,20170718,20170717,210342000,3303.0,822,86884,27136720.0,3304.0,3,3302.0,9
rb1805,20170718,20170717,210342500,3303.0,822,86884,27136720.0,3304.0,3,3302.0,8
rb1805,20170718,20170717,210344000,3303.0,822,86884,27136720.0,3304.0,3,3302.0,9
rb1805,20170718,20170717,210344500,3304.0,824,86882,27202800.0,3304.0,2,3302.0,8
rb1805,20170718,20170717,210345000,3304.0,824,86882,27202800.0,3304.0,2,3302.0,8
rb1805,20170718,20170717,210345500,3304.0,824,86882,27202800.0,3304.0,6,3302.0,10
rb1805,20170718,20170717,210346000,3304.0,824,86882,27202800.0,3304.0,6,3302.0,9
rb1805,20170718,20170717,210347000,3304.0,824,86882,27202800.0,3304.0,6,3302.0,9
rb1805,20170718,20170717,210347500,3304.0,824,86882,27202800.0,3304.0,6,3302.0,9
rb1805,20170718,20170717,210348000,3304.0,826,86880,27268880.0,3304.0,5,3302.0,9
rb1805,20170718,20170717,210348500,3304.0,828,86878,27334960.0,3305.0,6,3302.0,8
rb1805,20170718,20170717,210349000,3304.0,828,86878,27334960.0,3305.0,6,3303.0,5
rb1805,20170718,20170717,210349500,3304.0,828,86878,27334960.0,3305.0,6,3303.0,5
rb1805,20170718,20170717,210350000,3304.0,828,86878,27334960.0,3305.0,6,3303.0,5
rb1805,20170718,20170717,210350500,3304.0,828,86878,27334960.0,3305.0,6,3303.0,10
rb1805,20170718,20170717,210351500,3305.0,830,86880,27401060.0,3305.0,5,3303.0,10
rb1805,20170718,20170717,210352000,3305.0,830,86880,27401060.0,3305.0,4,3303.0,10
rb1805,20170718,20170717,210352500,3305.0,830,86880,27401060.0,3305.0,4,3303.0,10
rb1805,20170718,20170717,210353000,3305.0,830,86880,27401060.0,3305.0,4,3303.0,10
rb1805,20170718,20170717,210353500,3305.0,830,86880,27401060.0,3305.0,4,3303.0,10
rb1805,20170718,20170717,210354000,3305.0,830,86880,27401060.0,3305.0,8,3303.0,10
rb1805,20170718,20170717,210355000,3305.0,830,86880,27401060.0,3305.0,28,3304.0,1
rb1805,20170718,20170717,210355500,3304.0,834,86878,27533220.0,3305.0,28,3304.0,2
rb1805,20170718,20170717,210356000,3305.0,864,86880,28524720.0,3305.0,13,3304.0,2
rb1805,20170718,20170717,210356500,3305.0,864,86880,28524720.0,3306.0,2,3304.0,2
rb1805,20170718,20170717,210357000,3305.0,864,86880,28524720.0,3306.0,2,3304.0,9
rb1805,20170718,20170717,210357500,3305.0,864,86880,28524720.0,3305.0,4,3304.0,9
rb1805,20170718,20170717,210358000,3305.0,864,86880,28524720.0,3306.0,2,3304.0,14
rb1805,20170718,20170717,210359000,3305.0,864,86880,28524720.0,3306.0,2,3304.0,14
rb1805,20170718,20170717,210359500,3305.0,864,86880,28524720.0,3306.0,2,3304.0,15
rb1805,20170718,20170717,210400000,3305.0,864,86880,28524720.0,3306.0,2,3304.0,10
rb1805,20170718,20170717,210400500,3305.0,864,86880,28524720.0,3306.0,2,3304.0,10
rb1805,20170718,20170717,210401000,3305.0,864,86880,28524720.0,3306.0,2,3305.0,1
rb1805,20170718,20170717,210402000,3305.0,864,86880,28524720.0,3306.0,2,3305.0,4
rb1805,20170718,20170717,210402500,3305.0,864,86880,28524720.0,3306.0,2,3305.0,4
rb1805,20170718,20170717,210403000,3305.0,868,86880,28656940.0,3306.0,1,3305.0,3
rb1805,20170718,20170717,210403500,3306.0,874,86880,28855260.0,3307.0,1,3305.0,1
rb1805,20170718,20170717,210404000,3305.0,878,86880,28987460.0,3305.0,8,3304.0,9
rb1805,20170718,20170717,210404500,3305.0,878,86880,28987460.0,3305.0,8,3304.0,9
rb1805,20170718,20170717,210405000,3305.0,878,86880,28987460.0,3305.0,9,3304.0,14
rb1805,20170718,20170717,210405500,3305.0,896,86864,29582360.0,3307.0,1,3304.0,14
rb1805,20170718,20170717,210406000,3305.0,896,86864,29582360.0,3307.0,1,3305.0,2
rb1805,20170718,20170717,210406500,3305.0,896,86864,29582360.0,3307.0,1,3305.0,7
rb1805,20170718,20170717,210407000,3305.0,896,86864,29582360.0,3306.0,4,3305.0,7
rb1805,20170718,20170717,210407500,3305.0,896,86864,29582360.0,3306.0,4,3305.0,7
rb1805,20170718,20170717,210408500,3305.0,896,86864,29582360.0,3306.0,4,3305.0,2
rb1805,20170718,20170717,210409000,3305.0,896,86864,29582360.0,3306.0,4,3305.0,2
rb1805,20170718,20170717,210409500,3305.0,896,86864,29582360.0,3306.0,4,3305.0,7
rb1805,20170718,20170717,210410000,3305.0,896,86864,29582360.0,3306.0,4,3305.0,7
rb1805,20170718,20170717,210410500,3305.0,896,86864,29582360.0,3306.0,5,3305.0,7
rb1805,20170718,20170717,210411000,3305.0,896,86864,29582360.0,3306.0,5,3305.0,2
rb1805,20170718,20170717,210411500,3305.0,896,86864,29582360.0,3306.0,5,3305.0,7
rb1805,20170718,20170717,210412500,3306.0,898,86864,29648480.0,3306.0,4,3305.0,7
rb1805,20170718,20170717,210413000,3306.0,898,86864,29648480.0,3306.0,5,3305.0,7
rb1805,20170718,20170717,210413500,3306.0,900,86864,29714600.0,3306.0,4,3305.0,7
rb1805,20170718,20170717,210414000,3306.0,908,86868,29979080.0,3307.0,1,3305.0,7
rb1805,20170718,20170717,210415000,3306.0,908,86868,29979080.0,3307.0,1,3305.0,17
rb1805,20170718,20170717,210415500,3306.0,908,86868,29979080.0,3307.0,1,3305.0,15
rb1805,20170718,20170717,210416000,3306.0,908,86868,29979080.0,3307.0,1,3305.0,15
rb1805,20170718,20170717,210418500,3306.0,908,86868,29979080.0,3306.0,1,3305.0,15
rb1805,20170718,20170717,210419000,3306.0,908,86868,29979080.0,3306.0,1,3305.0,10
rb1805,20170718,20170717,210420000,3306.0,908,86868,29979080.0,3306.0,1,3305.0,10
rb1805,20170718,20170717,210420500,3307.0,912,86866,30111340.0,3307.0,1,3305.0,10
rb1805,20170718,20170717,210421500,3307.0,912,86866,30111340.0,3306.0,4,3305.0,10
rb1805,20170718,20170717,210422000,3307.0,912,86866,30111340.0,3306.0,4,3305.0,10
rb1805,20170718,20170717,210422500,3307.0,912,86866,30111340.0,3306.0,4,3305.0,10
rb1805,20170718,20170717,210423000,3307.0,912,86866,30111340.0,3306.0,4,3305.0,10
rb1805,20170718,20170717,210423500,3307.0,912,86866,30111340.0,3306.0,4,3305.0,10
rb1805,20170718,20170717,210424000,3307.0,912,86866,30111340.0,3306.0,4,3305.0,10
rb1805,20170718,20170717,210424500,3305.0,932,86866,30772340.0,3305.0,1,3304.0,7
rb1805,20170718,20170717,210425000,3305.0,932,86866,30772340.0,3306.0,5,3304.0,2
rb1805,20170718,20170717,210425500,3305.0,932,86866,30772340.0,3305.0,4,3304.0,2
rb1805,20170718,20170717,210426500,3304.0,934,86864,30838420.0,3305.0,4,3304.0,1
rb1805,20170718,20170717,210427000,3304.0,936,86862,30904500.0,3305.0,4,3303.0,14
rb1805,20170718,20170717,210427500,3304.0,936,86862,30904500.0,3305.0,4,3303.0,14
rb1805,20170718,20170717,210428000,3304.0,936,86862,30904500.0,3305.0,4,3303.0,14
rb1805,20170718,20170717,210428500,3304.0,936,86862,30904500.0,3305.0,4,3303.0,9
rb1805,20170718,20170717,210429000,3304.0,936,86862,30904500.0,3305.0,4,3303.0,9
rb1805,20170718,20170717,210429500,3304.0,936,86862,30904500.0,3304.0,4,3303.0,10
rb1805,20170718,20170717,210430000,3304.0,936,86862,30904500.0,3304.0,4,3303.0,10
rb1805,20170718,20170717,210430500,3304.0,936,86862,30904500.0,3304.0,4,3303.0,9
rb1805,20170718,20170717,210431500,3304.0,936,86862,30904500.0,3304.0,4,3303.0,9
rb1805,20170718,20170717,210432000,3303.0,944,86870,31168740.0,3304.0,4,3303.0,5
rb1805,20170718,20170717,210432500,3303.0,944,86870,31168740.0,3304.0,4,3303.0,5
rb1805,20170718,20170717,210433000,3303.0,944,86870,31168740.0,3304.0,4,3303.0,5
rb1805,20170718,20170717,210434000,3303.0,954,86880,31499040.0,3304.0,4,3302.0,2
rb1805,20170718,20170717,210435000,3303.0,954,86880,31499040.0,3304.0,4,3302.0,2
rb1805,20170718,20170717,210435500,3303.0,954,86880,31499040.0,3304.0,4,3302.0,3
rb1805,20170718,20170717,210436000,3303.0,954,86880,31499040.0,3304.0,5,3302.0,3
rb1805,20170718,20170717,210436500,3303.0,954,86880,31499040.0,3304.0,5,3302.0,8
rb1805,20170718,20170717,210437000,3302.0,956,86880,31565080.0,3304.0,5,3302.0,7
rb1805,20170718,20170717,210437500,3302.0,956,86880,31565080.0,3304.0,1,3302.0,7
rb1805,20170718,20170717,210438000,3302.0,958,86878,31631120.0,3306.0,1,3302.0,6
rb1805,20170718,20170717,210438500,3302.0,958,86878,31631120.0,3305.0,1,3302.0,6
rb1805,20170718,20170717,210439500,3302.0,958,86878,31631120.0,3305.0,1,3302.0,1
rb1805,20170718,20170717,210440500,3302.0,960,86876,31697160.0,3305.0,1,3301.0,1
rb1805,20170718,20170717,210441000,3302.0,960,86876,31697160.0,3305.0,1,3303.0,2
rb1805,20170718,20170717,210441500,3302.0,960,86876,31697160.0,3305.0,1,3303.0,2
rb1805,20170718,20170717,210442000,3303.0,964,86874,31829280.0,3303.0,3,3301.0,6
rb1805,20170718,20170717,210442500,3303.0,964,86874,31829280.0,3302.0,1,3301.0,6
rb1805,20170718,20170717,210443000,3303.0,964,86874,31829280.0,3302.0,1,3301.0,1
rb1805,20170718,20170717,210443500,3303.0,964,86874,31829280.0,3302.0,1,3301.0,1
rb1805,20170718,20170717,210444000,3303.0,964,86874,31829280.0,3306.0,21,3301.0,1
rb1805,20170718,20170717,210444500,3303.0,964,86874,31829280.0,3305.0,2,3301.0,6
rb1805,20170718,20170717,210445000,3301.0,966,86874,31895300.0,3305.0,2,3300.0,7
rb1805,20170718,20170717,210445500,3301.0,966,86874,31895300.0,3305.0,2,3300.0,7
rb1805,20170718,20170717,210446000,3301.0,966,86874,31895300.0,3304.0,1,3300.0,7
rb1805,20170718,20170717,210446500,3301.0,966,86874,31895300.0,3303.0,1,3300.0,6
rb1805,20170718,20170717,210447000,3301.0,966,86874,31895300.0,3303.0,1,3300.0,6
rb1805,20170718,20170717,210447500,3301.0,966,86874,31895300.0,3303.0,1,3301.0,2
rb1805,20170718,20170717,210448000,3301.0,966,86874,31895300.0,3303.0,1,3301.0,7
rb1805,20170718,20170717,210448500,3301.0,966,86874,31895300.0,3303.0,1,3301.0,2
rb1805,20170718,20170717,210449000,3301.0,966,86874,31895300.0,3303.0,1,3301.0,7
rb1805,20170718,20170717,210450500,3303.0,968,86874,31961360.0,3304.0,1,3301.0,7
rb1805,20170718,20170717,210451000,3301.0,970,86874,32027380.0,3303.0,1,3301.0,1
rb1805,20170718,20170717,210451500,3301.0,970,86874,32027380.0,3303.0,21,3301.0,1
rb1805,20170718,20170717,210452000,3301.0,970,86874,32027380.0,3303.0,21,3301.0,1
rb1805,20170718,20170717,210452500,3301.0,970,86874,32027380.0,3302.0,1,3301.0,5
rb1805,20170718,20170717,210453000,3301.0,970,86874,32027380.0,3302.0,1,3301.0,5
rb1805,20170718,20170717,210454500,3302.0,972,86876,32093420.0,3303.0,21,3301.0,5
rb1805,20170718,20170717,210455000,3302.0,972,86876,32093420.0,3303.0,21,3301.0,5
rb1805,20170718,20170717,210455500,3302.0,972,86876,32093420.0,3303.0,21,3301.0,5
rb1805,20170718,20170717,210456000,3302.0,972,86876,32093420.0,3303.0,21,3301.0,5
rb1805,20170718,20170717,210456500,3302.0,972,86876,32093420.0,3303.0,21,3300.0,12
rb1805,20170718,20170717,210457000,3302.0,972,86876,32093420.0,3303.0,21,3300.0,12
rb1805,20170718,20170717,210458000,3300.0,978,86874,32291420.0,3303.0,22,3300.0,9
rb1805,20170718,20170717,210458500,3300.0,1006,86862,33215420.0,3300.0,6,3299.0,3
rb1805,20170718,20170717,210459000,3300.0,1010,86860,33347420.0,3300.0,4,3299.0,3
rb1805,20170718,20170717,210500000,3300.0,1010,86860,33347420.0,3300.0,5,3299.0,3
rb1805,20170718,20170717,210501000,3300.0,1010,86860,33347420.0,3300.0,5,3299.0,3
rb1805,20170718,20170717,210501500,3300.0,1010,86860,33347420.0,3300.0,5,3299.0,3
rb1805,20170718,20170717,210502000,3300.0,1010,86860,33347420.0,3300.0,5,3299.0,3
rb1805,20170718,20170717,210503000,3299.0,1016,86866,33545360.0,3299.0,5,3298.0,1
rb1805,20170718,20170717,210503500,3299.0,1016,86866,33545360.0,3299.0,8,3298.0,1
rb1805,20170718,20170717,210504500,3299.0,1016,86866,33545360.0,3299.0,3,3298.0,1
rb1805,20170718,20170717,210505000,3298.0,1020,86870,33677280.0,3298.0,1,3297.0,3
rb1805,20170718,20170717,210505500,3298.0,1022,86870,33743240.0,3300.0,30,3299.0,3
rb1805,20170718,20170717,210506000,3300.0,1038,86862,34271140.0,3300.0,22,3297.0,4
rb1805,20170718,20170717,210506500,3300.0,1038,86862,34271140.0,3300.0,22,3298.0,2
rb1805,20170718,20170717,210507000,3300.0,1038,86862,34271140.0,3300.0,22,3298.0,4
rb1805,20170718,20170717,210508500,3300.0,1040,86862,34337140.0,3300.0,21,3298.0,4
rb1805,20170718,20170717,210509000,3300.0,1066,86882,35195140.0,3300.0,8,3298.0,4
rb1805,20170718,20170717,210509500,3300.0,1066,86882,35195140.0,3300.0,8,3298.0,4
rb1805,20170718,20170717,210510000,3300.0,1082,86898,35723140.0,3302.0,9,3298.0,4
rb1805,20170718,20170717,210510500,3300.0,1082,86898,35723140.0,3302.0,14,3298.0,4
rb1805,20170718,20170717,210511000,3300.0,1082,86898,35723140.0,3302.0,14,3298.0,5
rb1805,20170718,20170717,210511500,3298.0,1084,86898,35789100.0,3302.0,14,3298.0,4
rb1805,20170718,20170717,210512500,3298.0,1084,86898,35789100.0,3302.0,14,3298.0,5
rb1805,20170718,20170717,210513000,3298.0,1084,86898,35789100.0,3302.0,15,3298.0,5
rb1805,20170718,20170717,210514000,3298.0,1084,86898,35789100.0,3302.0,15,3298.0,5
rb1805,20170718,20170717,210514500,3298.0,1084,86898,35789100.0,3302.0,15,3298.0,6
rb1805,20170718,20170717,210515500,3298.0,1084,86898,35789100.0,3302.0,15,3298.0,5
rb1805,20170718,20170717,210516000,3298.0,1084,86898,35789100.0,3301.0,1,3298.0,5
rb1805,20170718,20170717,210516500,3298.0,1084,86898,35789100.0,3301.0,6,3299.0,1
rb1805,20170718,20170717,210517500,3298.0,1084,86898,35789100.0,3301.0,6,3299.0,1
rb1805,20170718,20170717,210519000,3298.0,1084,86898,35789100.0,3301.0,6,3299.0,1
rb1805,20170718,20170717,210520000,3298.0,1084,86898,35789100.0,3301.0,6,3300.0,1
rb1805,20170718,20170717,210520500,3300.0,1086,86900,35855100.0,3300.0,4,3299.0,1
rb1805,20170718,20170717,210521000,3300.0,1086,86900,35855100.0,3301.0,6,3300.0,2
rb1805,20170718,20170717,210521500,3300.0,1090,86904,35987100.0,3300.0,2,3299.0,1
rb1805,20170718,20170717,210522000,3300.0,1090,86904,35987100.0,3300.0,1,3299.0,1
rb1805,20170718,20170717,210523500,3300.0,1090,86904,35987100.0,3300.0,1,3299.0,2
rb1805,20170718,20170717,210524000,3300.0,1090,86904,35987100.0,3300.0,1,3299.0,2
rb1805,20170718,20170717,210525500,3300.0,1090,86904,35987100.0,3300.0,1,3299.0,2
rb1805,20170718,20170717,210526000,3300.0,1090,86904,35987100.0,3300.0,1,3299.0,1
rb1805,20170718,20170717,210527500,3300.0,1090,86904,35987100.0,3300.0,1,3299.0,1
rb1805,20170718,20170717,210529000,3300.0,1090,86904,35987100.0,3300.0,1,3299.0,1
rb1805,20170718,20170717,210530500,3300.0,1090,86904,35987100.0,3300.0,1,3299.0,1
rb1805,20170718,20170717,210531500,3300.0,1090,86904,35987100.0,3300.0,6,3299.0,1
rb1805,20170718,20170717,210534000,3299.0,1092,86904,36053080.0,3300.0,6,3298.0,12
rb1805,20170718,20170717,210534500,3299.0,1092,86904,36053080.0,3300.0,6,3298.0,12
rb1805,20170718,20170717,210535500,3299.0,1092,86904,36053080.0,3300.0,1,3298.0,12
rb1805,20170718,20170717,210536500,3299.0,1092,86904,36053080.0,3300.0,1,3298.0,12
rb1805,20170718,20170717,210537000,3299.0,1092,86904,36053080.0,3300.0,6,3298.0,12
rb1805,20170718,20170717,210538000,3299.0,1092,86904,36053080.0,3300.0,6,3298.0,12
rb1805,20170718,20170717,210538500,3299.0,1092,86904,36053080.0,3300.0,6,3299.0,1
rb1805,20170718,20170717,210539000,3299.0,1092,86904,36053080.0,3300.0,6,3299.0,1
rb1805,20170718,20170717,210539500,3299.0,1092,86904,36053080.0,3300.0,6,3299.0,1
rb1805,20170718,20170717,210540500,3299.0,1092,86904,36053080.0,3300.0,6,3299.0,6
rb1805,20170718,20170717,210541500,3299.0,1104,86902,36448960.0,3299.0,2,3298.0,12
rb1805,20170718,20170717,210542000,3300.0,1120,86890,36976920.0,3302.0,6,3299.0,3
rb1805,20170718,20170717,210542500,3300.0,1120,86890,36976920.0,3301.0,2,3298.0,12
rb1805,20170718,20170717,210543000,3300.0,1120,86890,36976920.0,3301.0,7,3298.0,12
rb1805,20170718,20170717,210543500,3300.0,1120,86890,36976920.0,3301.0,2,3298.0,12
rb1805,20170718,20170717,210545000,3300.0,1120,86890,36976920.0,3301.0,2,3300.0,3
rb1805,20170718,20170717,210545500,3300.0,1120,86890,36976920.0,3301.0,2,3300.0,4
rb1805,20170718,20170717,210547000,3301.0,1124,86890,37108960.0,3302.0,6,3301.0,7
rb1805,20170718,20170717,210547500,3302.0,1126,86888,37175000.0,3303.0,6,3302.0,2
rb1805,20170718,20170717,210548000,3301.0,1128,86888,37241020.0,3302.0,2,3301.0,3
rb1805,20170718,20170717,210548500,3301.0,1128,86888,37241020.0,3303.0,1,3302.0,2
rb1805,20170718,20170717,210549000,3301.0,1128,86888,37241020.0,3303.0,1,3301.0,3
rb1805,20170718,20170717,210550500,3303.0,1130,86888,37307080.0,3304.0,1,3303.0,1
rb1805,20170718,20170717,210551000,3303.0,1130,86888,37307080.0,3303.0,2,3301.0,3
rb1805,20170718,20170717,210551500,3303.0,1132,86888,37373140.0,3304.0,1,3301.0,3
rb1805,20170718,20170717,210552000,3303.0,1132,86888,37373140.0,3304.0,1,3302.0,2
rb1805,20170718,20170717,210552500,3303.0,1132,86888,37373140.0,3305.0,4,3302.0,2
rb1805,20170718,20170717,210553000,3303.0,1132,86888,37373140.0,3305.0,9,3302.0,2
rb1805,20170718,20170717,210553500,3303.0,1132,86888,37373140.0,3305.0,9,3302.0,2
rb1805,20170718,20170717,210554000,3303.0,1132,86888,37373140.0,3305.0,4,3302.0,2
rb1805,20170718,20170717,210555000,3303.0,1132,86888,37373140.0,3305.0,4,3302.0,3
rb1805,20170718,20170717,210555500,3303.0,1132,86888,37373140.0,3305.0,4,3304.0,3
rb1805,20170718,20170717,210556000,3303.0,1132,86888,37373140.0,3305.0,4,3302.0,3
rb1805,20170718,20170717,210556500,3303.0,1132,86888,37373140.0,3305.0,9,3302.0,4
rb1805,20170718,20170717,210557500,3303.0,1132,86888,37373140.0,3305.0,9,3302.0,3
rb1805,20170718,20170717,210558000,3303.0,1132,86888,37373140.0,3305.0,9,3302.0,3
rb1805,20170718,20170717,210558500,3303.0,1132,86888,37373140.0,3305.0,9,3302.0,7
rb1805,20170718,20170717,210559000,3303.0,1132,86888,37373140.0,3305.0,9,3302.0,7
rb1805,20170718,20170717,210600500,3303.0,1132,86888,37373140.0,3305.0,9,3302.0,7
rb1805,20170718,20170717,210601000,3303.0,1132,86888,37373140.0,3305.0,9,3303.0,1
rb1805,20170718,20170717,210602000,3303.0,1134,86888,37439200.0,3305.0,9,3302.0,7
rb1805,20170718,20170717,210602500,3302.0,1136,86888,37505240.0,3304.0,3,3302.0,5
rb1805,20170718,20170717,210603000,3302.0,1146,86886,37835440.0,3304.0,8,3300.0,5
rb1805,20170718,20170717,210603500,3302.0,1146,86886,37835440.0,3304.0,8,3303.0,1
rb1805,20170718,20170717,210604000,3303.0,1148,86888,37901500.0,3303.0,3,3300.0,5
rb1805,20170718,20170717,210604500,3303.0,1148,86888,37901500.0,3303.0,5,3300.0,5
rb1805,20170718,20170717,210605000,3303.0,1148,86888,37901500.0,3303.0,5,3300.0,6
rb1805,20170718,20170717,210605500,3303.0,1148,86888,37901500.0,3303.0,5,3300.0,5
rb1805,20170718,20170717,210606000,3303.0,1148,86888,37901500.0,3304.0,3,3303.0,1
rb1805,20170718,20170717,210606500,3303.0,1152,86886,38033620.0,3303.0,1,3300.0,7
rb1805,20170718,20170717,210607000,3303.0,1152,86886,38033620.0,3303.0,5,3300.0,7
rb1805,20170718,20170717,210607500,3303.0,1152,86886,38033620.0,3303.0,5,3300.0,7
rb1805,20170718,20170717,210608000,3303.0,1152,86886,38033620.0,3303.0,5,3300.0,7
rb1805,20170718,20170717,210608500,3303.0,1152,86886,38033620.0,3303.0,5,3300.0,7
rb1805,20170718,20170717,210609000,3303.0,1152,86886,38033620.0,3303.0,5,3300.0,9
rb1805,20170718,20170717,210609500,3303.0,1152,86886,38033620.0,3303.0,5,3300.0,10
rb1805,20170718,20170717,210610000,3303.0,1152,86886,38033620.0,3303.0,5,3300.0,9
rb1805,20170718,20170717,210610500,3303.0,1152,86886,38033620.0,3302.0,2,3300.0,9
rb1805,20170718,20170717,210611000,3302.0,1162,86886,38363820.0,3302.0,2,3300.0,9
rb1805,20170718,20170717,210612000,3302.0,1162,86886,38363820.0,3302.0,2,3300.0,10
rb1805,20170718,20170717,210614500,3302.0,1162,86886,38363820.0,3302.0,2,3300.0,13
rb1805,20170718,20170717,210616000,3302.0,1162,86886,38363820.0,3302.0,2,3300.0,13
rb1805,20170718,20170717,210617000,3302.0,1162,86886,38363820.0,3303.0,5,3302.0,1
rb1805,20170718,20170717,210617500,3302.0,1164,86886,38429860.0,3304.0,3,3300.0,13
rb1805,20170718,20170717,210618000,3302.0,1164,86886,38429860.0,3304.0,8,3300.0,13
rb1805,20170718,20170717,210621000,3302.0,1164,86886,38429860.0,3304.0,8,3300.0,13
rb1805,20170718,20170717,210622000,3302.0,1164,86886,38429860.0,3304.0,28,3301.0,1
rb1805,20170718,20170717,210622500,3302.0,1164,86886,38429860.0,3304.0,28,3301.0,4
rb1805,20170718,20170717,210623000,3302.0,1164,86886,38429860.0,3304.0,28,3301.0,4
rb1805,20170718,20170717,210626000,3302.0,1164,86886,38429860.0,3303.0,1,3301.0,4
rb1805,20170718,20170717,210626500,3302.0,1164,86886,38429860.0,3303.0,6,3301.0,4
rb1805,20170718,20170717,210627500,3302.0,1164,86886,38429860.0,3303.0,6,3301.0,1
rb1805,20170718,20170717,210628500,3302.0,1164,86886,38429860.0,3303.0,6,3302.0,2
rb1805,20170718,20170717,210629000,3302.0,1164,86886,38429860.0,3303.0,6,3302.0,2
rb1805,20170718,20170717,210629500,3302.0,1164,86886,38429860.0,3303.0,6,3302.0,2
rb1805,20170718,20170717,210630000,3302.0,1166,86888,38495900.0,3303.0,6,3302.0,1
rb1805,20170718,20170717,210630500,3302.0,1168,86888,38561940.0,3302.0,2,3301.0,2
rb1805,20170718,20170717,210631000,3302.0,1168,86888,38561940.0,3303.0,6,3301.0,5
rb1805,20170718,20170717,210631500,3302.0,1168,86888,38561940.0,3303.0,1,3301.0,5
rb1805,20170718,20170717,210632000,3302.0,1168,86888,38561940.0,3303.0,1,3302.0,2
rb1805,20170718,20170717,210632500,3302.0,1168,86888,38561940.0,3303.0,1,3302.0,2
rb1805,20170718,20170717,210633000,3302.0,1168,86888,38561940.0,3303.0,1,3302.0,5
rb1805,20170718,20170717,210633500,3303.0,1170,86890,38628000.0,3304.0,28,3302.0,5
rb1805,20170718,20170717,210634000,3303.0,1170,86890,38628000.0,3304.0,8,3302.0,5
rb1805,20170718,20170717,210635000,3303.0,1170,86890,38628000.0,3304.0,6,3303.0,40
rb1805,20170718,20170717,210635500,3303.0,1170,86890,38628000.0,3304.0,6,3303.0,40
rb1805,20170718,20170717,210638000,3303.0,1172,86892,38694060.0,3304.0,6,3303.0,39
rb1805,20170718,20170717,210639000,3304.0,1174,86894,38760140.0,3304.0,5,3303.0,39
rb1805,20170718,20170717,210641000,3304.0,1174,86894,38760140.0,3304.0,8,3303.0,39
rb1805,20170718,20170717,210643000,3304.0,1174,86894,38760140.0,3304.0,4,3303.0,39
rb1805,20170718,20170717,210643500,3304.0,1176,86894,38826220.0,3304.0,3,3303.0,39
rb1805,20170718,20170717,210645000,3304.0,1176,86894,38826220.0,3304.0,3,3303.0,39
rb1805,20170718,20170717,210645500,3304.0,1176,86894,38826220.0,3304.0,4,3303.0,39
rb1805,20170718,20170717,210647000,3303.0,1178,86894,38892280.0,3304.0,4,3303.0,38
rb1805,20170718,20170717,210647500,3304.0,1180,86894,38958360.0,3304.0,3,3303.0,38
rb1805,20170718,20170717,210649000,3304.0,1180,86894,38958360.0,3304.0,3,3303.0,38
rb1805,20170718,20170717,210649500,3304.0,1180,86894,38958360.0,3304.0,8,3303.0,38
rb1805,20170718,20170717,210650500,3303.0,1184,86894,39090480.0,3304.0,8,3303.0,36
rb1805,20170718,20170717,210651000,3303.0,1220,86914,40279560.0,3304.0,8,3303.0,18
rb1805,20170718,20170717,210651500,3303.0,1256,86946,41468640.0,3303.0,3,3302.0,3
rb1805,20170718,20170717,210652000,3303.0,1256,86946,41468640.0,3304.0,8,3301.0,5
rb1805,20170718,20170717,210652500,3303.0,1256,86946,41468640.0,3304.0,8,3301.0,5
rb1805,20170718,20170717,210653000,3303.0,1256,86946,41468640.0,3304.0,10,3301.0,5
rb1805,20170718,20170717,210653500,3303.0,1256,86946,41468640.0,3303.0,20,3301.0,5
rb1805,20170718,20170717,210654000,3303.0,1256,86946,41468640.0,3303.0,20,3301.0,4
rb1805,20170718,20170717,210654500,3303.0,1256,86946,41468640.0,3303.0,20,3301.0,4
rb1805,20170718,20170717,210655000,3303.0,1256,86946,41468640.0,3303.0,20,3301.0,4
rb1805,20170718,20170717,210656500,3303.0,1256,86946,41468640.0,3303.0,25,3301.0,1
rb1805,20170718,20170717,210657500,3303.0,1256,86946,41468640.0,3303.0,25,3301.0,1
rb1805,20170718,20170717,210658000,3303.0,1256,86946,41468640.0,3303.0,29,3301.0,1
rb1805,20170718,20170717,210658500,3303.0,1256,86946,41468640.0,3303.0,29,3301.0,1
rb1805,20170718,20170717,210701000,3303.0,1256,86946,41468640.0,3303.0,29,3301.0,1
rb1805,20170718,20170717,210702000,3303.0,1256,86946,41468640.0,3303.0,29,3301.0,1
rb1805,20170718,20170717,210703000,3301.0,1258,86946,41534660.0,3303.0,29,3300.0,20
rb1805,20170718,20170717,210703500,3301.0,1258,86946,41534660.0,3303.0,29,3301.0,2
rb1805,20170718,20170717,210704000,3301.0,1260,86948,41600680.0,3303.0,29,3301.0,1
rb1805,20170718,20170717,210704500,3301.0,1260,86948,41600680.0,3303.0,29,3301.0,1
rb1805,20170718,20170717,210705000,3301.0,1260,86948,41600680.0,3302.0,1,3301.0,1
rb1805,20170718,20170717,210707500,3301.0,1260,86948,41600680.0,3302.0,1,3301.0,1
rb1805,20170718,20170717,210709500,3301.0,1260,86948,41600680.0,3302.0,1,3301.0,1
rb1805,20170718,20170717,210712000,3301.0,1260,86948,41600680.0,3302.0,1,3301.0,1
rb1805,20170718,20170717,210713000,3301.0,1260,86948,41600680.0,3303.0,29,3301.0,1
rb1805,20170718,20170717,210713500,3301.0,1260,86948,41600680.0,3303.0,30,3301.0,1
rb1805,20170718,20170717,210714000,3301.0,1260,86948,41600680.0,3303.0,30,3301.0,1
rb1805,20170718,20170717,210716000,3301.0,1260,86948,41600680.0,3302.0,1,3301.0,1
rb1805,20170718,20170717,210718500,3301.0,1260,86948,41600680.0,3302.0,1,3301.0,1
rb1805,20170718,20170717,210719000,3301.0,1262,86948,41666700.0,3301.0,21,3300.0,20
rb1805,20170718,20170717,210719500,3301.0,1262,86948,41666700.0,3301.0,21,3300.0,17
rb1805,20170718,20170717,210721000,3301.0,1262,86948,41666700.0,3301.0,21,3300.0,17
rb1805,20170718,20170717,210722000,3300.0,1264,86948,41732700.0,3301.0,21,3300.0,16
rb1805,20170718,20170717,210722500,3300.0,1264,86948,41732700.0,3301.0,21,3300.0,16
rb1805,20170718,20170717,210723000,3300.0,1264,86948,41732700.0,3301.0,26,3300.0,16
rb1805,20170718,20170717,210724000,3300.0,1282,86966,42326700.0,3301.0,26,3300.0,7
rb1805,20170718,20170717,210725000,3300.0,1296,86980,42788700.0,3300.0,13,3299.0,1
rb1805,20170718,20170717,210725500,3300.0,1296,86980,42788700.0,3300.0,13,3299.0,1
rb1805,20170718,20170717,210726000,3299.0,1298,86978,42854680.0,3299.0,5,3298.0,11
rb1805,20170718,20170717,210726500,3299.0,1308,86968,43184580.0,3300.0,13,3299.0,1
rb1805,20170718,20170717,210727000,3299.0,1308,86968,43184580.0,3300.0,13,3298.0,11
rb1805,20170718,20170717,210728000,3299.0,1308,86968,43184580.0,3300.0,13,3298.0,11
rb1805,20170718,20170717,210729000,3299.0,1308,86968,43184580.0,3300.0,13,3298.0,11
rb1805,20170718,20170717,210729500,3299.0,1308,86968,43184580.0,3300.0,13,3298.0,11
rb1805,20170718,20170717,210730000,3299.0,1308,86968,43184580.0,3300.0,13,3298.0,11
rb1805,20170718,20170717,210731000,3299.0,1308,86968,43184580.0,3300.0,13,3298.0,14
rb1805,20170718,20170717,210731500,3299.0,1308,86968,43184580.0,3300.0,13,3298.0,14
rb1805,20170718,20170717,210733000,3298.0,1318,86978,43514380.0,3300.0,13,3298.0,9
rb1805,20170718,20170717,210733500,3298.0,1318,86978,43514380.0,3300.0,13,3298.0,13
rb1805,20170718,20170717,210734000,3298.0,1318,86978,43514380.0,3300.0,15,3298.0,13
rb1805,20170718,20170717,210735000,3298.0,1318,86978,43514380.0,3300.0,15,3298.0,13
rb1805,20170718,20170717,210735500,3298.0,1318,86978,43514380.0,3300.0,15,3298.0,13
rb1805,20170718,20170717,210736000,3298.0,1318,86978,43514380.0,3300.0,15,3298.0,13
rb1805,20170718,20170717,210736500,3298.0,1320,86978,43580340.0,3300.0,15,3298.0,12
rb1805,20170718,20170717,210737500,3298.0,1320,86978,43580340.0,3300.0,15,3298.0,12
rb1805,20170718,20170717,210739000,3300.0,1322,86978,43646340.0,3300.0,14,3298.0,12
rb1805,20170718,20170717,210739500,3300.0,1322,86978,43646340.0,3300.0,14,3298.0,13
rb1805,20170718,20170717,210741500,3300.0,1324,86980,43712340.0,3300.0,2,3298.0,13
rb1805,20170718,20170717,210742500,3300.0,1324,86980,43712340.0,3300.0,3,3298.0,13
rb1805,20170718,20170717,210743500,3300.0,1324,86980,43712340.0,3300.0,3,3298.0,14
rb1805,20170718,20170717,210744000,3300.0,1324,86980,43712340.0,3300.0,3,3298.0,14
rb1805,20170718,20170717,210745000,3300.0,1324,86980,43712340.0,3300.0,8,3298.0,14
rb1805,20170718,20170717,210745500,3300.0,1324,86980,43712340.0,3300.0,8,3298.0,14
rb1805,20170718,20170717,210746500,3298.0,1326,86980,43778300.0,3300.0,8,3298.0,13
rb1805,20170718,20170717,210747500,3298.0,1326,86980,43778300.0,3300.0,8,3298.0,13
rb1805,20170718,20170717,210749500,3300.0,1328,86980,43844300.0,3300.0,7,3298.0,13
rb1805,20170718,20170717,210750000,3300.0,1332,86980,43976260.0,3300.0,6,3298.0,12
rb1805,20170718,20170717,210750500,3300.0,1332,86980,43976260.0,3299.0,3,3298.0,12
rb1805,20170718,20170717,210751000,3299.0,1334,86980,44042240.0,3299.0,2,3298.0,8
rb1805,20170718,20170717,210753000,3298.0,1350,86994,44569920.0,3298.0,12,3297.0,4
rb1805,20170718,20170717,210753500,3298.0,1352,86996,44635880.0,3298.0,11,3297.0,4
rb1805,20170718,20170717,210755500,3298.0,1352,86996,44635880.0,3298.0,11,3297.0,4
rb1805,20170718,20170717,210759500,3298.0,1352,86996,44635880.0,3298.0,11,3297.0,4
rb1805,20170718,20170717,210800000,3298.0,1356,87000,44767800.0,3298.0,9,3297.0,4
rb1805,20170718,20170717,210800500,3296.0,1366,87000,45097480.0,3298.0,9,3296.0,4
rb1805,20170718,20170717,210801500,3296.0,1366,87000,45097480.0,3298.0,9,3297.0,3
rb1805,20170718,20170717,210802000,3296.0,1376,86994,45427080.0,3298.0,9,3296.0,1
rb1805,20170718,20170717,210802500,3296.0,1376,86994,45427080.0,3298.0,14,3297.0,4
rb1805,20170718,20170717,210803000,3296.0,1376,86994,45427080.0,3298.0,14,3297.0,4
rb1805,20170718,20170717,210803500,3296.0,1376,86994,45427080.0,3298.0,14,3297.0,4
rb1805,20170718,20170717,210805000,3296.0,1376,86994,45427080.0,3298.0,9,3297.0,4
rb1805,20170718,20170717,210805500,3296.0,1386,86994,45756680.0,3298.0,9,3295.0,6
rb1805,20170718,20170717,210806000,3296.0,1386,86994,45756680.0,3298.0,14,3296.0,2
rb1805,20170718,20170717,210806500,3296.0,1386,86994,45756680.0,3298.0,15,3296.0,2
rb1805,20170718,20170717,210807500,3295.0,1404,86988,46349820.0,3298.0,15,3295.0,3
rb1805,20170718,20170717,210808000,3295.0,1404,86988,46349820.0,3297.0,2,3295.0,3
rb1805,20170718,20170717,210808500,3297.0,1408,86988,46481700.0,3298.0,15,3297.0,1
rb1805,20170718,20170717,210809000,3297.0,1408,86988,46481700.0,3298.0,10,3297.0,3
rb1805,20170718,20170717,210810000,3297.0,1408,86988,46481700.0,3298.0,10,3297.0,3
rb1805,20170718,20170717,210810500,3297.0,1408,86988,46481700.0,3298.0,10,3297.0,3
rb1805,20170718,20170717,210811000,3297.0,1408,86988,46481700.0,3298.0,1,3297.0,3
rb1805,20170718,20170717,210811500,3297.0,1408,86988,46481700.0,3298.0,1,3295.0,4
rb1805,20170718,20170717,210812000,3297.0,1408,86988,46481700.0,3298.0,7,3296.0,2
rb1805,20170718,20170717,210812500,3297.0,1408,86988,46481700.0,3298.0,7,3296.0,2
rb1805,20170718,20170717,210813500,3297.0,1408,86988,46481700.0,3298.0,7,3296.0,2
rb1805,20170718,20170717,210815000,3296.0,1412,86984,46613540.0,3298.0,7,3296.0,1
rb1805,20170718,20170717,210816000,3296.0,1412,86984,46613540.0,3298.0,2,3296.0,4
rb1805,20170718,20170717,210816500,3298.0,1414,86984,46679500.0,3298.0,1,3296.0,4
rb1805,20170718,20170717,210817000,3296.0,1418,86982,46811340.0,3298.0,1,3296.0,2
rb1805,20170718,20170717,210817500,3298.0,1420,86980,46877300.0,3298.0,5,3296.0,2
rb1805,20170718,20170717,210818000,3298.0,1420,86980,46877300.0,3296.0,5,3295.0,4
rb1805,20170718,20170717,210818500,3296.0,1430,86976,47206900.0,3298.0,5,3297.0,4
rb1805,20170718,20170717,210819000,3298.0,1432,86976,47272860.0,3299.0,3,3297.0,3
rb1805,20170718,20170717,210819500,3297.0,1436,86976,47404740.0,3299.0,3,3297.0,1
rb1805,20170718,20170717,210820000,3297.0,1438,86976,47470680.0,3299.0,8,3295.0,8
rb1805,20170718,20170717,210820500,3297.0,1438,86976,47470680.0,3299.0,8,3295.0,11
rb1805,20170718,20170717,210821000,3297.0,1438,86976,47470680.0,3299.0,8,3295.0,11
rb1805,20170718,20170717,210822000,3297.0,1438,86976,47470680.0,3299.0,6,3295.0,12
rb1805,20170718,20170717,210822500,3297.0,1438,86976,47470680.0,3298.0,2,3295.0,12
rb1805,20170718,20170717,210823000,3298.0,1442,86976,47602600.0,3299.0,7,3295.0,12
rb1805,20170718,20170717,210824000,3295.0,1446,86976,47734400.0,3299.0,7,3295.0,10
rb1805,20170718,20170717,210824500,3295.0,1446,86976,47734400.0,3299.0,7,3295.0,10
rb1805,20170718,20170717,210826000,3295.0,1446,86976,47734400.0,3299.0,7,3295.0,10
rb1805,20170718,20170717,210826500,3295.0,1446,86976,47734400.0,3299.0,7,3297.0,6
rb1805,20170718,20170717,210827500,3295.0,1446,86976,47734400.0,3299.0,7,3297.0,6
rb1805,20170718,20170717,210828500,3295.0,1446,86976,47734400.0,3299.0,7,3297.0,6
rb1805,20170718,20170717,210829000,3295.0,1446,86976,47734400.0,3299.0,7,3297.0,6
rb1805,20170718,20170717,210829500,3295.0,1446,86976,47734400.0,3299.0,7,3297.0,6
rb1805,20170718,20170717,210830000,3295.0,1446,86976,47734400.0,3299.0,7,3297.0,6
rb1805,20170718,20170717,210830500,3295.0,1446,86976,47734400.0,3299.0,7,3297.0,6
rb1805,20170718,20170717,210831000,3295.0,1446,86976,47734400.0,3299.0,7,3297.0,6
rb1805,20170718,20170717,210832000,3295.0,1446,86976,47734400.0,3299.0,7,3297.0,6
rb1805,20170718,20170717,210833000,3299.0,1448,86976,47800380.0,3299.0,6,3297.0,6
rb1805,20170718,20170717,210835000,3299.0,1448,86976,47800380.0,3299.0,6,3297.0,6
rb1805,20170718,20170717,210836000,3299.0,1448,86976,47800380.0,3299.0,6,3297.0,6
rb1805,20170718,20170717,210837500,3299.0,1448,86976,47800380.0,3299.0,6,3297.0,6
rb1805,20170718,20170717,210840500,3299.0,1448,86976,47800380.0,3299.0,6,3297.0,6
rb1805,20170718,20170717,210841000,3299.0,1448,86976,47800380.0,3299.0,6,3297.0,6
rb1805,20170718,20170717,210842000,3299.0,1448,86976,47800380.0,3299.0,6,3297.0,6
rb1805,20170718,20170717,210842500,3299.0,1448,86976,47800380.0,3299.0,6,3297.0,6
rb1805,20170718,20170717,210844000,3299.0,1448,86976,47800380.0,3299.0,6,3297.0,6
rb1805,20170718,20170717,210844500,3299.0,1448,86976,47800380.0,3299.0,6,3297.0,6
rb1805,20170718,20170717,210845000,3299.0,1448,86976,47800380.0,3299.0,6,3297.0,6
rb1805,20170718,20170717,210845500,3299.0,1448,86976,47800380.0,3299.0,6,3296.0,8
rb1805,20170718,20170717,210846500,3299.0,1448,86976,47800380.0,3299.0,6,3297.0,1
rb1805,20170718,20170717,210853000,3299.0,1460,86974,48196260.0,3300.0,10,3297.0,1
rb1805,20170718,20170717,210853500,3299.0,1460,86974,48196260.0,3299.0,2,3297.0,6
rb1805,20170718,20170717,210854000,3299.0,1460,86974,48196260.0,3299.0,2,3297.0,6
rb1805,20170718,20170717,210856000,3299.0,1460,86974,48196260.0,3299.0,4,3297.0,6
rb1805,20170718,20170717,210856500,3299.0,1462,86976,48262240.0,3299.0,3,3297.0,6
rb1805,20170718,20170717,210858000,3299.0,1462,86976,48262240.0,3299.0,3,3297.0,6
rb1805,20170718,20170717,210858500,3299.0,1462,86976,48262240.0,3299.0,3,3297.0,6
rb1805,20170718,20170717,210859000,3299.0,1462,86976,48262240.0,3299.0,3,3297.0,6
rb1805,20170718,20170717,210900000,3299.0,1462,86976,48262240.0,3299.0,3,3297.0,1
rb1805,20170718,20170717,210900500,3298.0,1464,86976,48328200.0,3299.0,3,3297.0,1
rb1805,20170718,20170717,210902000,3298.0,1464,86976,48328200.0,3299.0,3,3298.0,1
rb1805,20170718,20170717,210902500,3298.0,1464,86976,48328200.0,3299.0,2,3298.0,1
rb1805,20170718,20170717,210903000,3298.0,1464,86976,48328200.0,3299.0,2,3298.0,2
rb1805,20170718,20170717,210904000,3298.0,1464,86976,48328200.0,3299.0,2,3298.0,2
rb1805,20170718,20170717,210904500,3298.0,1468,86976,48460120.0,3299.0,2,3297.0,1
rb1805,20170718,20170717,210906000,3298.0,1468,86976,48460120.0,3299.0,2,3297.0,1
rb1805,20170718,20170717,210907000,3298.0,1468,86976,48460120.0,3300.0,10,3297.0,6
rb1805,20170718,20170717,210907500,3298.0,1468,86976,48460120.0,3300.0,10,3298.0,1
rb1805,20170718,20170717,210908000,3298.0,1468,86976,48460120.0,3300.0,5,3298.0,6
rb1805,20170718,20170717,210910000,3298.0,1468,86976,48460120.0,3300.0,5,3298.0,6
rb1805,20170718,20170717,210911500,3298.0,1468,86976,48460120.0,3300.0,5,3298.0,6
rb1805,20170718,20170717,210913500,3298.0,1468,86976,48460120.0,3300.0,6,3298.0,6
rb1805,20170718,20170717,210916500,3298.0,1468,86976,48460120.0,3300.0,6,3298.0,6
rb1805,20170718,20170717,210917000,3298.0,1468,86976,48460120.0,3300.0,6,3298.0,5
rb1805,20170718,20170717,210919500,3300.0,1480,86966,48856120.0,3301.0,6,3298.0,5
rb1805,20170718,20170717,210920000,3300.0,1480,86966,48856120.0,3301.0,6,3298.0,5
rb1805,20170718,20170717,210921000,3300.0,1480,86966,48856120.0,3301.0,6,3298.0,5
rb1805,20170718,20170717,210921500,3300.0,1480,86966,48856120.0,3301.0,6,3298.0,5
rb1805,20170718,20170717,210922000,3300.0,1480,86966,48856120.0,3301.0,6,3298.0,5
rb1805,20170718,20170717,210923500,3300.0,1480,86966,48856120.0,3301.0,1,3298.0,5
rb1805,20170718,20170717,210924000,3300.0,1480,86966,48856120.0,3301.0,1,3299.0,1
rb1805,20170718,20170717,210924500,3300.0,1480,86966,48856120.0,3301.0,1,3299.0,6
rb1805,20170718,20170717,210926500,3300.0,1480,86966,48856120.0,3301.0,1,3299.0,6
rb1805,20170718,20170717,210928000,3300.0,1480,86966,48856120.0,3301.0,1,3299.0,6
rb1805,20170718,20170717,210930000,3301.0,1482,86964,48922140.0,3302.0,5,3299.0,6
rb1805,20170718,20170717,210930500,3301.0,1482,86964,48922140.0,3302.0,5,3299.0,8
rb1805,20170718,20170717,210931000,3301.0,1482,86964,48922140.0,3302.0,5,3299.0,8
rb1805,20170718,20170717,210931500,3301.0,1482,86964,48922140.0,3302.0,7,3301.0,1
rb1805,20170718,20170717,210932000,3301.0,1484,86964,48988160.0,3301.0,1,3299.0,7
rb1805,20170718,20170717,210932500,3301.0,1488,86962,49120200.0,3302.0,6,3299.0,7
rb1805,20170718,20170717,210933000,3301.0,1488,86962,49120200.0,3302.0,6,3299.0,7
rb1805,20170718,20170717,210935000,3301.0,1488,86962,49120200.0,3302.0,8,3299.0,7
rb1805,20170718,20170717,210935500,3301.0,1488,86962,49120200.0,3302.0,8,3300.0,1
rb1805,20170718,20170717,210936500,3300.0,1490,86964,49186200.0,3302.0,8,3300.0,1
rb1805,20170718,20170717,210937000,3300.0,1490,86964,49186200.0,3302.0,8,3300.0,1
rb1805,20170718,20170717,210938000,3300.0,1490,86964,49186200.0,3302.0,13,3299.0,6
rb1805,20170718,20170717,210938500,3300.0,1490,86964,49186200.0,3302.0,13,3299.0,6
rb1805,20170718,20170717,210939000,3300.0,1490,86964,49186200.0,3302.0,13,3300.0,1
rb1805,20170718,20170717,210939500,3300.0,1490,86964,49186200.0,3302.0,11,3300.0,6
rb1805,20170718,20170717,210940500,3300.0,1490,86964,49186200.0,3302.0,11,3300.0,5
rb1805,20170718,20170717,210941000,3300.0,1490,86964,49186200.0,3302.0,10,3300.0,5
rb1805,20170718,20170717,210941500,3300.0,1492,86964,49252200.0,3302.0,10,3300.0,4
rb1805,20170718,20170717,210942000,3300.0,1494,86964,49318200.0,3302.0,10,3300.0,3
rb1805,20170718,20170717,210942500,3300.0,1494,86964,49318200.0,3302.0,10,3300.0,3
rb1805,20170718,20170717,210943000,3300.0,1494,86964,49318200.0,3302.0,11,3300.0,3
rb1805,20170718,20170717,210943500,3300.0,1494,86964,49318200.0,3302.0,11,3300.0,3
rb1805,20170718,20170717,210944000,3300.0,1494,86964,49318200.0,3302.0,11,3300.0,3
rb1805,20170718,20170717,210946500,3300.0,1494,86964,49318200.0,3302.0,11,3300.0,3
rb1805,20170718,20170717,210947000,3300.0,1494,86964,49318200.0,3302.0,11,3300.0,4
rb1805,20170718,20170717,210948000,3300.0,1496,86962,49384200.0,3302.0,11,3300.0,3
rb1805,20170718,20170717,210948500,3300.0,1496,86962,49384200.0,3302.0,11,3300.0,3
rb1805,20170718,20170717,210949000,3300.0,1496,86962,49384200.0,3302.0,11,3300.0,3
rb1805,20170718,20170717,210952000,3300.0,1496,86962,49384200.0,3302.0,12,3300.0,3
rb1805,20170718,20170717,210953500,3300.0,1496,86962,49384200.0,3302.0,12,3300.0,3
rb1805,20170718,20170717,210954000,3300.0,1496,86962,49384200.0,3302.0,11,3300.0,6
rb1805,20170718,20170717,210956500,3300.0,1496,86962,49384200.0,3302.0,16,3300.0,6
rb1805,20170718,20170717,210959000,3300.0,1496,86962,49384200.0,3302.0,20,3300.0,6
rb1805,20170718,20170717,211001500,3300.0,1496,86962,49384200.0,3302.0,20,3300.0,6
rb1805,20170718,20170717,211003000,3300.0,1496,86962,49384200.0,3302.0,20,3300.0,7
rb1805,20170718,20170717,211003500,3300.0,1496,86962,49384200.0,3302.0,15,3300.0,7
rb1805,20170718,20170717,211004500,3302.0,1498,86962,49450240.0,3302.0,14,3300.0,7
rb1805,20170718,20170717,211006000,3302.0,1498,86962,49450240.0,3302.0,14,3301.0,1
rb1805,20170718,20170717,211006500,3302.0,1498,86962,49450240.0,3302.0,15,3301.0,1
rb1805,20170718,20170717,211008000,3302.0,1504,86962,49648360.0,3302.0,12,3301.0,1
rb1805,20170718,20170717,211009000,3302.0,1504,86962,49648360.0,3302.0,12,3301.0,1
rb1805,20170718,20170717,211009500,3302.0,1524,86944,50308760.0,3302.0,2,3301.0,1
rb1805,20170718,20170717,211012000,3302.0,1526,86944,50374800.0,3303.0,3,3302.0,4
rb1805,20170718,20170717,211012500,3302.0,1526,86944,50374800.0,3303.0,4,3302.0,4
rb1805,20170718,20170717,211013000,3302.0,1528,86946,50440840.0,3303.0,4,3302.0,3
rb1805,20170718,20170717,211013500,3302.0,1528,86946,50440840.0,3303.0,4,3302.0,3
rb1805,20170718,20170717,211014500,3302.0,1528,86946,50440840.0,3303.0,4,3302.0,3
rb1805,20170718,20170717,211016000,3302.0,1534,86948,50638960.0,3302.0,1,3301.0,1
rb1805,20170718,20170717,211016500,3302.0,1534,86948,50638960.0,3302.0,3,3301.0,1
rb1805,20170718,20170717,211018000,3302.0,1534,86948,50638960.0,3302.0,2,3301.0,1
rb1805,20170718,20170717,211020000,3302.0,1534,86948,50638960.0,3302.0,3,3301.0,1
rb1805,20170718,20170717,211020500,3302.0,1534,86948,50638960.0,3302.0,4,3301.0,1
rb1805,20170718,20170717,211021000,3301.0,1536,86948,50704980.0,3302.0,4,3300.0,8
rb1805,20170718,20170717,211022000,3302.0,1540,86948,50837060.0,3303.0,3,3302.0,5
rb1805,20170718,20170717,211022500,3302.0,1540,86948,50837060.0,3303.0,4,3302.0,5
rb1805,20170718,20170717,211023000,3302.0,1546,86950,51035180.0,3303.0,3,3302.0,2
rb1805,20170718,20170717,211025500,3302.0,1546,86950,51035180.0,3303.0,3,3302.0,7
rb1805,20170718,20170717,211029000,3303.0,1552,86944,51233360.0,3304.0,3,3302.0,7
rb1805,20170718,20170717,211031000,3303.0,1552,86944,51233360.0,3304.0,3,3302.0,7
rb1805,20170718,20170717,211033000,3303.0,1552,86944,51233360.0,3304.0,3,3302.0,7
rb1805,20170718,20170717,211033500,3303.0,1552,86944,51233360.0,3304.0,8,3302.0,7
rb1805,20170718,20170717,211034000,3302.0,1554,86944,51299400.0,3304.0,3,3302.0,6
rb1805,20170718,20170717,211034500,3302.0,1554,86944,51299400.0,3304.0,4,3302.0,6
rb1805,20170718,20170717,211035500,3302.0,1554,86944,51299400.0,3304.0,4,3302.0,6
rb1805,20170718,20170717,211036500,3302.0,1554,86944,51299400.0,3304.0,4,3302.0,6
rb1805,20170718,20170717,211038000,3302.0,1554,86944,51299400.0,3303.0,1,3302.0,6
rb1805,20170718,20170717,211038500,3302.0,1554,86944,51299400.0,3303.0,1,3302.0,6
rb1805,20170718,20170717,211041000,3302.0,1554,86944,51299400.0,3303.0,1,3302.0,6
rb1805,20170718,20170717,211044500,3303.0,1556,86946,51365460.0,3304.0,3,3302.0,6
rb1805,20170718,20170717,211046000,3302.0,1568,86948,51761700.0,3302.0,4,3300.0,9
rb1805,20170718,20170717,211046500,3302.0,1572,86952,51893780.0,3302.0,2,3300.0,9
rb1805,20170718,20170717,211047000,3302.0,1572,86952,51893780.0,3302.0,2,3301.0,1
rb1805,20170718,20170717,211047500,3302.0,1574,86954,51959820.0,3302.0,1,3301.0,1
rb1805,20170718,20170717,211048000,3302.0,1574,86954,51959820.0,3302.0,1,3301.0,1
rb1805,20170718,20170717,211048500,3302.0,1574,86954,51959820.0,3302.0,1,3301.0,1
rb1805,20170718,20170717,211049000,3301.0,1576,86954,52025840.0,3302.0,1,3300.0,9
rb1805,20170718,20170717,211049500,3301.0,1576,86954,52025840.0,3302.0,1,3300.0,10
rb1805,20170718,20170717,211050000,3301.0,1576,86954,52025840.0,3302.0,1,3300.0,9
rb1805,20170718,20170717,211051000,3301.0,1576,86954,52025840.0,3302.0,1,3300.0,9
rb1805,20170718,20170717,211052000,3301.0,1576,86954,52025840.0,3302.0,1,3300.0,9
rb1805,20170718,20170717,211052500,3301.0,1576,86954,52025840.0,3302.0,6,3300.0,8
rb1805,20170718,20170717,211053000,3301.0,1576,86954,52025840.0,3302.0,6,3300.0,7
rb1805,20170718,20170717,211054500,3301.0,1576,86954,52025840.0,3302.0,6,3300.0,7
rb1805,20170718,20170717,211055000,3301.0,1576,86954,52025840.0,3302.0,6,3300.0,7
rb1805,20170718,20170717,211055500,3301.0,1576,86954,52025840.0,3302.0,1,3300.0,7
rb1805,20170718,20170717,211056000,3301.0,1576,86954,52025840.0,3302.0,1,3301.0,1
rb1805,20170718,20170717,211057000,3301.0,1576,86954,52025840.0,3302.0,1,3301.0,1
rb1805,20170718,20170717,211057500,3302.0,1578,86956,52091880.0,3304.0,3,3301.0,1
rb1805,20170718,20170717,211058000,3302.0,1578,86956,52091880.0,3303.0,1,3301.0,1
rb1805,20170718,20170717,211058500,3302.0,1578,86956,52091880.0,3303.0,1,3301.0,1
rb1805,20170718,20170717,211101000,3302.0,1578,86956,52091880.0,3303.0,1,3301.0,1
rb1805,20170718,20170717,211101500,3302.0,1578,86956,52091880.0,3304.0,9,3302.0,1
rb1805,20170718,20170717,211102000,3302.0,1578,86956,52091880.0,3304.0,4,3302.0,1
rb1805,20170718,20170717,211103500,3304.0,1586,86956,52356200.0,3305.0,4,3302.0,1
rb1805,20170718,20170717,211104000,3304.0,1586,86956,52356200.0,3305.0,4,3302.0,1
rb1805,20170718,20170717,211110500,3305.0,1588,86956,52422300.0,3305.0,3,3302.0,1
rb1805,20170718,20170717,211111000,3305.0,1590,86956,52488400.0,3305.0,2,3302.0,1
rb1805,20170718,20170717,211114000,3305.0,1590,86956,52488400.0,3305.0,2,3302.0,1
rb1805,20170718,20170717,211114500,3305.0,1590,86956,52488400.0,3305.0,5,3302.0,1
rb1805,20170718,20170717,211115000,3305.0,1590,86956,52488400.0,3304.0,1,3301.0,1
rb1805,20170718,20170717,211115500,3305.0,1590,86956,52488400.0,3305.0,10,3302.0,1
rb1805,20170718,20170717,211116000,3305.0,1590,86956,52488400.0,3304.0,1,3301.0,2
rb1805,20170718,20170717,211116500,3305.0,1590,86956,52488400.0,3305.0,10,3304.0,5
rb1805,20170718,20170717,211117000,3304.0,1592,86958,52554480.0,3305.0,5,3304.0,4
rb1805,20170718,20170717,211118000,3304.0,1592,86958,52554480.0,3305.0,5,3304.0,4
rb1805,20170718,20170717,211120500,3304.0,1592,86958,52554480.0,3305.0,5,3304.0,4
rb1805,20170718,20170717,211121500,3304.0,1594,86958,52620560.0,3305.0,5,3304.0,3
rb1805,20170718,20170717,211122500,3304.0,1594,86958,52620560.0,3305.0,5,3304.0,3
rb1805,20170718,20170717,211123000,3305.0,1596,86960,52686660.0,3305.0,4,3304.0,3
rb1805,20170718,20170717,211125000,3305.0,1604,86962,52951060.0,3306.0,2,3305.0,6
rb1805,20170718,20170717,211125500,3305.0,1616,86974,53347660.0,3306.0,2,3304.0,3
rb1805,20170718,20170717,211126000,3306.0,1620,86970,53479900.0,3307.0,6,3304.0,3
rb1805,20170718,20170717,211126500,3304.0,1626,86970,53678140.0,3304.0,12,3302.0,2
rb1805,20170718,20170717,211127000,3304.0,1626,86970,53678140.0,3304.0,12,3302.0,2
rb1805,20170718,20170717,211128000,3304.0,1626,86970,53678140.0,3304.0,12,3302.0,2
rb1805,20170718,20170717,211128500,3304.0,1626,86970,53678140.0,3304.0,12,3302.0,3
rb1805,20170718,20170717,211129000,3304.0,1650,86954,54471100.0,3305.0,1,3304.0,5
rb1805,20170718,20170717,211129500,3304.0,1650,86954,54471100.0,3305.0,1,3302.0,3
rb1805,20170718,20170717,211130000,3304.0,1650,86954,54471100.0,3305.0,6,3303.0,1
rb1805,20170718,20170717,211130500,3304.0,1650,86954,54471100.0,3305.0,1,3303.0,1
rb1805,20170718,20170717,211131000,3304.0,1650,86954,54471100.0,3305.0,1,3303.0,1
rb1805,20170718,20170717,211131500,3304.0,1650,86954,54471100.0,3305.0,2,3303.0,1
rb1805,20170718,20170717,211132000,3304.0,1650,86954,54471100.0,3305.0,2,3303.0,2
rb1805,20170718,20170717,211132500,3304.0,1650,86954,54471100.0,3305.0,1,3303.0,2
rb1805,20170718,20170717,211133000,3304.0,1650,86954,54471100.0,3305.0,1,3303.0,1
rb1805,20170718,20170717,211134000,3304.0,1650,86954,54471100.0,3305.0,1,3303.0,2
rb1805,20170718,20170717,211134500,3305.0,1652,86952,54537200.0,3306.0,1,3303.0,1
rb1805,20170718,20170717,211135000,3303.0,1654,86954,54603260.0,3303.0,9,3302.0,2
rb1805,20170718,20170717,211135500,3303.0,1672,86966,55197800.0,3305.0,1,3304.0,2
rb1805,20170718,20170717,211136000,3303.0,1672,86966,55197800.0,3305.0,1,3304.0,1
rb1805,20170718,20170717,211136500,3303.0,1672,86966,55197800.0,3305.0,1,3304.0,1
rb1805,20170718,20170717,211137000,3303.0,1672,86966,55197800.0,3305.0,1,3304.0,1
rb1805,20170718,20170717,211137500,3303.0,1672,86966,55197800.0,3305.0,1,3304.0,1
rb1805,20170718,20170717,211138000,3305.0,1674,86964,55263900.0,3305.0,1,3304.0,1
rb1805,20170718,20170717,211139000,3305.0,1676,86962,55330000.0,3306.0,5,3304.0,1
rb1805,20170718,20170717,211139500,3305.0,1676,86962,55330000.0,3306.0,5,3303.0,4
rb1805,20170718,20170717,211140000,3305.0,1676,86962,55330000.0,3305.0,1,3303.0,4
rb1805,20170718,20170717,211141000,3305.0,1676,86962,55330000.0,3305.0,1,3303.0,1
rb1805,20170718,20170717,211141500,3305.0,1676,86962,55330000.0,3305.0,2,3303.0,1
rb1805,20170718,20170717,211142000,3305.0,1680,86962,55462200.0,3306.0,6,3303.0,1
rb1805,20170718,20170717,211142500,3305.0,1680,86962,55462200.0,3306.0,6,3303.0,1
rb1805,20170718,20170717,211143500,3305.0,1680,86962,55462200.0,3306.0,7,3303.0,1
rb1805,20170718,20170717,211144000,3306.0,1684,86966,55594440.0,3306.0,5,3303.0,3
rb1805,20170718,20170717,211144500,3306.0,1684,86966,55594440.0,3306.0,5,3303.0,3
rb1805,20170718,20170717,211146000,3306.0,1684,86966,55594440.0,3306.0,5,3303.0,3
rb1805,20170718,20170717,211147000,3306.0,1684,86966,55594440.0,3306.0,5,3303.0,3
rb1805,20170718,20170717,211148000,3306.0,1694,86962,55925040.0,3306.0,5,3303.0,3
rb1805,20170718,20170717,211149000,3306.0,1694,86962,55925040.0,3306.0,5,3304.0,1
rb1805,20170718,20170717,211149500,3306.0,1694,86962,55925040.0,3306.0,5,3304.0,6
rb1805,20170718,20170717,211150000,3306.0,1694,86962,55925040.0,3306.0,5,3304.0,1
rb1805,20170718,20170717,211150500,3306.0,1694,86962,55925040.0,3307.0,11,3304.0,6
rb1805,20170718,20170717,211151500,3306.0,1694,86962,55925040.0,3307.0,11,3306.0,5
rb1805,20170718,20170717,211152000,3306.0,1706,86954,56321760.0,3306.0,17,3304.0,6
rb1805,20170718,20170717,211152500,3306.0,1706,86954,56321760.0,3306.0,9,3304.0,6
rb1805,20170718,20170717,211153500,3306.0,1706,86954,56321760.0,3306.0,5,3304.0,6
rb1805,20170718,20170717,211155000,3306.0,1706,86954,56321760.0,3306.0,1,3304.0,6
rb1805,20170718,20170717,211155500,3306.0,1706,86954,56321760.0,3307.0,15,3304.0,6
rb1805,20170718,20170717,211156000,3306.0,1706,86954,56321760.0,3307.0,15,3306.0,1
rb1805,20170718,20170717,211156500,3306.0,1718,86948,56718480.0,3306.0,9,3304.0,6
rb1805,20170718,20170717,211157000,3306.0,1718,86948,56718480.0,3306.0,5,3304.0,6
rb1805,20170718,20170717,211157500,3306.0,1718,86948,56718480.0,3306.0,5,3304.0,6
rb1805,20170718,20170717,211158500,3306.0,1718,86948,56718480.0,3306.0,4,3304.0,6
rb1805,20170718,20170717,211159500,3306.0,1718,86948,56718480.0,3307.0,10,3304.0,6
rb1805,20170718,20170717,211200000,3306.0,1718,86948,56718480.0,3307.0,16,3304.0,6
rb1805,20170718,20170717,211200500,3306.0,1718,86948,56718480.0,3307.0,16,3306.0,5
rb1805,20170718,20170717,211201000,3306.0,1728,86938,57049080.0,3306.0,11,3304.0,8
rb1805,20170718,20170717,211201500,3306.0,1728,86938,57049080.0,3306.0,7,3304.0,8
rb1805,20170718,20170717,211202000,3306.0,1736,86940,57313560.0,3306.0,3,3304.0,8
rb1805,20170718,20170717,211202500,3307.0,1748,86940,57710340.0,3306.0,1,3304.0,8
rb1805,20170718,20170717,211203500,3307.0,1748,86940,57710340.0,3305.0,4,3304.0,3
rb1805,20170718,20170717,211204500,3304.0,1754,86946,57908580.0,3304.0,1,3303.0,2
rb1805,20170718,20170717,211205000,3304.0,1754,86946,57908580.0,3304.0,5,3302.0,2
rb1805,20170718,20170717,211205500,3304.0,1768,86952,58371140.0,3304.0,3,3302.0,2
rb1805,20170718,20170717,211206000,3304.0,1768,86952,58371140.0,3304.0,3,3302.0,3
rb1805,20170718,20170717,211207500,3304.0,1768,86952,58371140.0,3304.0,3,3302.0,3
rb1805,20170718,20170717,211209500,3304.0,1770,86954,58437220.0,3304.0,2,3302.0,3
rb1805,20170718,20170717,211210000,3304.0,1770,86954,58437220.0,3304.0,3,3302.0,3
rb1805,20170718,20170717,211211000,3304.0,1770,86954,58437220.0,3304.0,3,3303.0,1
rb1805,20170718,20170717,211215000,3304.0,1772,86956,58503300.0,3304.0,2,3303.0,1
rb1805,20170718,20170717,211216500,3304.0,1776,86956,58635460.0,3305.0,5,3304.0,2
rb1805,20170718,20170717,211217000,3304.0,1780,86956,58767620.0,3304.0,4,3303.0,1
rb1805,20170718,20170717,211217500,3304.0,1780,86956,58767620.0,3304.0,3,3303.0,1
rb1805,20170718,20170717,211220000,3304.0,1780,86956,58767620.0,3304.0,1,3303.0,1
rb1805,20170718,20170717,211221000,3304.0,1780,86956,58767620.0,3304.0,1,3303.0,2
rb1805,20170718,20170717,211221500,3304.0,1780,86956,58767620.0,3304.0,1,3303.0,2
rb1805,20170718,20170717,211224000,3304.0,1780,86956,58767620.0,3304.0,1,3303.0,2
rb1805,20170718,20170717,211225500,3304.0,1784,86958,58899760.0,3305.0,5,3303.0,1
rb1805,20170718,20170717,211226000,3304.0,1784,86958,58899760.0,3305.0,5,3303.0,1
rb1805,20170718,20170717,211228500,3304.0,1784,86958,58899760.0,3305.0,6,3303.0,1
rb1805,20170718,20170717,211230000,3304.0,1784,86958,58899760.0,3305.0,6,3303.0,1
rb1805,20170718,20170717,211233000,3303.0,1786,86956,58965820.0,3305.0,7,3302.0,4
rb1805,20170718,20170717,211233500,3303.0,1786,86956,58965820.0,3303.0,2,3302.0,4
rb1805,20170718,20170717,211234000,3303.0,1786,86956,58965820.0,3303.0,8,3302.0,4
rb1805,20170718,20170717,211234500,3303.0,1786,86956,58965820.0,3303.0,8,3302.0,4
rb1805,20170718,20170717,211235000,3303.0,1788,86956,59031880.0,3303.0,1,3302.0,4
rb1805,20170718,20170717,211235500,3303.0,1790,86954,59097940.0,3305.0,7,3303.0,2
rb1805,20170718,20170717,211236000,3303.0,1790,86954,59097940.0,3305.0,13,3303.0,5
rb1805,20170718,20170717,211237000,3303.0,1790,86954,59097940.0,3305.0,7,3303.0,5
rb1805,20170718,20170717,211237500,3303.0,1790,86954,59097940.0,3305.0,7,3303.0,5
rb1805,20170718,20170717,211238500,3303.0,1790,86954,59097940.0,3305.0,13,3303.0,5
rb1805,20170718,20170717,211239500,3303.0,1790,86954,59097940.0,3305.0,6,3303.0,5
rb1805,20170718,20170717,211240000,3303.0,1790,86954,59097940.0,3305.0,7,3303.0,5
rb1805,20170718,20170717,211242500,3303.0,1790,86954,59097940.0,3305.0,7,3303.0,5
rb1805,20170718,20170717,211243500,3303.0,1790,86954,59097940.0,3305.0,7,3302.0,8
rb1805,20170718,20170717,211244000,3303.0,1790,86954,59097940.0,3305.0,7,3303.0,2
rb1805,20170718,20170717,211245500,3303.0,1790,86954,59097940.0,3305.0,7,3303.0,2
rb1805,20170718,20170717,211246500,3303.0,1790,86954,59097940.0,3305.0,10,3303.0,2
rb1805,20170718,20170717,211247000,3303.0,1790,86954,59097940.0,3305.0,10,3303.0,2
rb1805,20170718,20170717,211248000,3303.0,1790,86954,59097940.0,3305.0,10,3303.0,7
rb1805,20170718,20170717,211249500,3303.0,1790,86954,59097940.0,3304.0,4,3303.0,2
rb1805,20170718,20170717,211250000,3303.0,1790,86954,59097940.0,3304.0,10,3303.0,2
rb1805,20170718,20170717,211251500,3303.0,1790,86954,59097940.0,3304.0,10,3303.0,2
rb1805,20170718,20170717,211252000,3303.0,1790,86954,59097940.0,3304.0,10,3303.0,2
rb1805,20170718,20170717,211253000,3303.0,1790,86954,59097940.0,3304.0,4,3302.0,9
rb1805,20170718,20170717,211254000,3303.0,1790,86954,59097940.0,3304.0,4,3302.0,8
rb1805,20170718,20170717,211254500,3303.0,1790,86954,59097940.0,3304.0,4,3302.0,8
rb1805,20170718,20170717,211255000,3303.0,1790,86954,59097940.0,3304.0,4,3302.0,9
rb1805,20170718,20170717,211255500,3303.0,1790,86954,59097940.0,3304.0,4,3302.0,9
rb1805,20170718,20170717,211257000,3303.0,1790,86954,59097940.0,3304.0,4,3302.0,9
rb1805,20170718,20170717,211257500,3304.0,1798,86954,59362260.0,3305.0,5,3304.0,3
rb1805,20170718,20170717,211258000,3304.0,1798,86954,59362260.0,3305.0,5,3302.0,9
rb1805,20170718,20170717,211258500,3304.0,1798,86954,59362260.0,3305.0,5,3303.0,2
rb1805,20170718,20170717,211259500,3304.0,1798,86954,59362260.0,3305.0,5,3303.0,2
rb1805,20170718,20170717,211301000,3304.0,1798,86954,59362260.0,3305.0,5,3303.0,2
rb1805,20170718,20170717,211302000,3304.0,1798,86954,59362260.0,3305.0,5,3303.0,7
rb1805,20170718,20170717,211303000,3304.0,1798,86954,59362260.0,3305.0,5,3303.0,7
rb1805,20170718,20170717,211304000,3304.0,1798,86954,59362260.0,3305.0,5,3304.0,4
rb1805,20170718,20170717,211304500,3304.0,1798,86954,59362260.0,3305.0,5,3304.0,4
rb1805,20170718,20170717,211306500,3304.0,1798,86954,59362260.0,3305.0,5,3303.0,7
rb1805,20170718,20170717,211307000,3304.0,1798,86954,59362260.0,3305.0,5,3303.0,2
rb1805,20170718,20170717,211307500,3304.0,1798,86954,59362260.0,3305.0,5,3303.0,3
rb1805,20170718,20170717,211308000,3304.0,1798,86954,59362260.0,3305.0,5,3303.0,1
rb1805,20170718,20170717,211308500,3304.0,1798,86954,59362260.0,3305.0,5,3303.0,1
rb1805,20170718,20170717,211309000,3304.0,1798,86954,59362260.0,3305.0,5,3302.0,8
rb1805,20170718,20170717,211309500,3304.0,1798,86954,59362260.0,3305.0,5,3303.0,2
rb1805,20170718,20170717,211311000,3303.0,1802,86954,59494380.0,3303.0,3,3302.0,9
rb1805,20170718,20170717,211311500,3303.0,1808,86948,59692560.0,3305.0,5,3303.0,1
rb1805,20170718,20170717,211312000,3303.0,1808,86948,59692560.0,3305.0,8,3303.0,3
rb1805,20170718,20170717,211312500,3303.0,1808,86948,59692560.0,3305.0,8,3302.0,9
rb1805,20170718,20170717,211313500,3303.0,1808,86948,59692560.0,3305.0,8,3302.0,4
rb1805,20170718,20170717,211315500,3303.0,1808,86948,59692560.0,3305.0,8,3302.0,9
rb1805,20170718,20170717,211316500,3302.0,1828,86934,60352960.0,3305.0,13,3302.0,5
rb1805,20170718,20170717,211317000,3302.0,1828,86934,60352960.0,3304.0,2,3302.0,1
rb1805,20170718,20170717,211318000,3302.0,1828,86934,60352960.0,3304.0,7,3302.0,1
rb1805,20170718,20170717,211318500,3302.0,1832,86936,60485080.0,3304.0,6,3301.0,2
rb1805,20170718,20170717,211319000,3302.0,1832,86936,60485080.0,3304.0,5,3302.0,1
rb1805,20170718,20170717,211320000,3302.0,1832,86936,60485080.0,3304.0,5,3302.0,5
rb1805,20170718,20170717,211321500,3302.0,1832,86936,60485080.0,3305.0,13,3302.0,5
rb1805,20170718,20170717,211322000,3302.0,1832,86936,60485080.0,3304.0,1,3302.0,4
rb1805,20170718,20170717,211322500,3304.0,1834,86936,60551160.0,3305.0,13,3304.0,1
rb1805,20170718,20170717,211323000,3304.0,1836,86938,60617240.0,3305.0,8,3302.0,4
rb1805,20170718,20170717,211323500,3304.0,1836,86938,60617240.0,3305.0,13,3303.0,2
rb1805,20170718,20170717,211324000,3304.0,1836,86938,60617240.0,3305.0,13,3303.0,2
rb1805,20170718,20170717,211326500,3304.0,1836,86938,60617240.0,3305.0,13,3303.0,2
rb1805,20170718,20170717,211327000,3304.0,1836,86938,60617240.0,3305.0,12,3303.0,2
rb1805,20170718,20170717,211329000,3303.0,1840,86938,60749360.0,3305.0,12,3302.0,4
rb1805,20170718,20170717,211329500,3303.0,1840,86938,60749360.0,3304.0,2,3302.0,4
rb1805,20170718,20170717,211330000,3303.0,1840,86938,60749360.0,3304.0,10,3302.0,4
rb1805,20170718,20170717,211330500,3303.0,1840,86938,60749360.0,3304.0,10,3302.0,4
rb1805,20170718,20170717,211332500,3303.0,1840,86938,60749360.0,3304.0,15,3302.0,4
rb1805,20170718,20170717,211335500,3303.0,1840,86938,60749360.0,3304.0,15,3302.0,4
rb1805,20170718,20170717,211336500,3303.0,1840,86938,60749360.0,3304.0,15,3301.0,8
rb1805,20170718,20170717,211338000,3303.0,1840,86938,60749360.0,3304.0,15,3301.0,8
rb1805,20170718,20170717,211338500,3303.0,1840,86938,60749360.0,3304.0,7,3301.0,8
rb1805,20170718,20170717,211339000,3303.0,1840,86938,60749360.0,3304.0,13,3301.0,8
rb1805,20170718,20170717,211339500,3303.0,1840,86938,60749360.0,3303.0,2,3301.0,8
rb1805,20170718,20170717,211340000,3303.0,1840,86938,60749360.0,3303.0,2,3301.0,8
rb1805,20170718,20170717,211340500,3303.0,1842,86936,60815420.0,3303.0,1,3301.0,8
rb1805,20170718,20170717,211341000,3303.0,1842,86936,60815420.0,3303.0,1,3301.0,8
rb1805,20170718,20170717,211341500,3303.0,1842,86936,60815420.0,3303.0,1,3301.0,8
rb1805,20170718,20170717,211347000,3303.0,1842,86936,60815420.0,3303.0,9,3301.0,8
rb1805,20170718,20170717,211347500,3303.0,1842,86936,60815420.0,3303.0,9,3301.0,8
rb1805,20170718,20170717,211349000,3303.0,1842,86936,60815420.0,3303.0,8,3301.0,8
rb1805,20170718,20170717,211350000,3303.0,1842,86936,60815420.0,3303.0,8,3301.0,8
rb1805,20170718,20170717,211352000,3303.0,1842,86936,60815420.0,3303.0,8,3302.0,1
rb1805,20170718,20170717,211352500,3303.0,1842,86936,60815420.0,3303.0,8,3302.0,6
rb1805,20170718,20170717,211353000,3302.0,1846,86934,60947500.0,3303.0,8,3302.0,4
rb1805,20170718,20170717,211353500,3302.0,1846,86934,60947500.0,3303.0,8,3302.0,1
rb1805,20170718,20170717,211354000,3302.0,1846,86934,60947500.0,3303.0,8,3302.0,1
rb1805,20170718,20170717,211355500,3302.0,1848,86936,61013540.0,3303.0,8,3301.0,8
rb1805,20170718,20170717,211356500,3302.0,1848,86936,61013540.0,3303.0,13,3301.0,4
rb1805,20170718,20170717,211358000,3302.0,1848,86936,61013540.0,3303.0,5,3301.0,7
rb1805,20170718,20170717,211400500,3302.0,1848,86936,61013540.0,3303.0,5,3301.0,7
rb1805,20170718,20170717,211405500,3302.0,1848,86936,61013540.0,3302.0,1,3301.0,7
rb1805,20170718,20170717,211406500,3302.0,1848,86936,61013540.0,3302.0,1,3301.0,7
rb1805,20170718,20170717,211407000,3302.0,1848,86936,61013540.0,3302.0,1,3301.0,4
rb1805,20170718,20170717,211408000,3302.0,1848,86936,61013540.0,3302.0,1,3301.0,7
rb1805,20170718,20170717,211411500,3302.0,1850,86936,61079580.0,3303.0,6,3301.0,7
rb1805,20170718,20170717,211421000,3302.0,1850,86936,61079580.0,3303.0,6,3301.0,8
rb1805,20170718,20170717,211421500,3302.0,1850,86936,61079580.0,3303.0,6,3301.0,8
rb1805,20170718,20170717,211422000,3302.0,1850,86936,61079580.0,3303.0,6,3301.0,8
rb1805,20170718,20170717,211426000,3302.0,1850,86936,61079580.0,3303.0,6,3301.0,5
rb1805,20170718,20170717,211429500,3302.0,1850,86936,61079580.0,3303.0,9,3301.0,5
rb1805,20170718,20170717,211430500,3303.0,1852,86938,61145640.0,3303.0,8,3301.0,5
rb1805,20170718,20170717,211434500,3303.0,1852,86938,61145640.0,3303.0,4,3301.0,9
rb1805,20170718,20170717,211436500,3303.0,1852,86938,61145640.0,3303.0,4,3301.0,9
rb1805,20170718,20170717,211438000,3303.0,1852,86938,61145640.0,3303.0,4,3301.0,9
rb1805,20170718,20170717,211438500,3303.0,1852,86938,61145640.0,3303.0,9,3301.0,9
rb1805,20170718,20170717,211439000,3303.0,1852,86938,61145640.0,3303.0,9,3301.0,5
rb1805,20170718,20170717,211440000,3303.0,1854,86938,61211700.0,3303.0,8,3301.0,5
rb1805,20170718,20170717,211442000,3303.0,1854,86938,61211700.0,3303.0,8,3301.0,4
rb1805,20170718,20170717,211443500,3303.0,1854,86938,61211700.0,3303.0,8,3301.0,4
rb1805,20170718,20170717,211445000,3303.0,1854,86938,61211700.0,3303.0,8,3301.0,4
rb1805,20170718,20170717,211446000,3303.0,1856,86938,61277760.0,3303.0,8,3301.0,4
rb1805,20170718,20170717,211448000,3301.0,1858,86938,61343780.0,3303.0,8,3301.0,3
rb1805,20170718,20170717,211448500,3301.0,1864,86944,61541840.0,3301.0,5,3300.0,2
rb1805,20170718,20170717,211449000,3301.0,1864,86944,61541840.0,3302.0,1,3300.0,2
rb1805,20170718,20170717,211457000,3301.0,1864,86944,61541840.0,3302.0,1,3300.0,2
rb1805,20170718,20170717,211457500,3301.0,1864,86944,61541840.0,3302.0,1,3300.0,2
rb1805,20170718,20170717,211458000,3301.0,1864,86944,61541840.0,3303.0,9,3300.0,2
rb1805,20170718,20170717,211458500,3301.0,1864,86944,61541840.0,3302.0,2,3300.0,2
rb1805,20170718,20170717,211500500,3301.0,1864,86944,61541840.0,3302.0,7,3300.0,2
rb1805,20170718,20170717,211501000,3301.0,1864,86944,61541840.0,3302.0,8,3300.0,2
rb1805,20170718,20170717,211501500,3301.0,1864,86944,61541840.0,3302.0,8,3300.0,2
rb1805,20170718,20170717,211502500,3302.0,1866,86944,61607880.0,3302.0,7,3300.0,2
rb1805,20170718,20170717,211507000,3302.0,1866,86944,61607880.0,3302.0,7,3300.0,2
rb1805,20170718,20170717,211508000,3302.0,1866,86944,61607880.0,3302.0,7,3300.0,2
rb1805,20170718,20170717,211508500,3302.0,1866,86944,61607880.0,3302.0,7,3300.0,2
rb1805,20170718,20170717,211509000,3302.0,1868,86944,61673920.0,3302.0,6,3300.0,2
rb1805,20170718,20170717,211510500,3302.0,1868,86944,61673920.0,3301.0,1,3300.0,2
rb1805,20170718,20170717,211512500,3301.0,1870,86946,61739940.0,3302.0,6,3300.0,2
rb1805,20170718,20170717,211515000,3301.0,1870,86946,61739940.0,3301.0,3,3300.0,2
rb1805,20170718,20170717,211515500,3301.0,1872,86946,61805960.0,3301.0,3,3300.0,2
rb1805,20170718,20170717,211517500,3301.0,1872,86946,61805960.0,3301.0,5,3300.0,2
rb1805,20170718,20170717,211521000,3301.0,1872,86946,61805960.0,3301.0,10,3300.0,2
rb1805,20170718,20170717,211521500,3301.0,1874,86948,61871980.0,3301.0,4,3300.0,2
rb1805,20170718,20170717,211523500,3301.0,1878,86952,62004020.0,3301.0,2,3300.0,2
rb1805,20170718,20170717,211524500,3300.0,1880,86950,62070020.0,3301.0,2,3300.0,1
rb1805,20170718,20170717,211529000,3300.0,1880,86950,62070020.0,3301.0,2,3300.0,1
rb1805,20170718,20170717,211530500,3301.0,1884,86954,62202060.0,3302.0,6,3300.0,6
rb1805,20170718,20170717,211531500,3301.0,1884,86954,62202060.0,3302.0,6,3301.0,1
rb1805,20170718,20170717,211532000,3301.0,1884,86954,62202060.0,3302.0,6,3301.0,1
rb1805,20170718,20170717,211533000,3301.0,1884,86954,62202060.0,3302.0,6,3301.0,1
rb1805,20170718,20170717,211534500,3301.0,1884,86954,62202060.0,3302.0,1,3301.0,6
rb1805,20170718,20170717,211536000,3302.0,1886,86952,62268100.0,3303.0,10,3301.0,6
rb1805,20170718,20170717,211536500,3302.0,1886,86952,62268100.0,3303.0,10,3301.0,7
rb1805,20170718,20170717,211538000,3302.0,1886,86952,62268100.0,3303.0,10,3301.0,7
rb1805,20170718,20170717,211540500,3302.0,1886,86952,62268100.0,3303.0,10,3301.0,7
rb1805,20170718,20170717,211544000,3302.0,1886,86952,62268100.0,3303.0,11,3301.0,7
rb1805,20170718,20170717,211544500,3302.0,1886,86952,62268100.0,3303.0,6,3301.0,7
rb1805,20170718,20170717,211546000,3301.0,1888,86952,62334120.0,3303.0,6,3301.0,6
rb1805,20170718,20170717,211548500,3301.0,1888,86952,62334120.0,3303.0,6,3301.0,6
rb1805,20170718,20170717,211550500,3301.0,1888,86952,62334120.0,3303.0,11,3301.0,1
rb1805,20170718,20170717,211551000,3301.0,1888,86952,62334120.0,3303.0,11,3301.0,2
rb1805,20170718,20170717,211552500,3301.0,1888,86952,62334120.0,3303.0,11,3302.0,1
rb1805,20170718,20170717,211553000,3302.0,1890,86952,62400160.0,3302.0,2,3301.0,2
rb1805,20170718,20170717,211553500,3302.0,1890,86952,62400160.0,3303.0,11,3301.0,2
rb1805,20170718,20170717,211556000,3302.0,1890,86952,62400160.0,3303.0,11,3301.0,2
rb1805,20170718,20170717,211557000,3302.0,1890,86952,62400160.0,3303.0,12,3301.0,2
rb1805,20170718,20170717,211601000,3302.0,1890,86952,62400160.0,3303.0,12,3301.0,7
rb1805,20170718,20170717,211601500,3302.0,1890,86952,62400160.0,3303.0,7,3301.0,7
rb1805,20170718,20170717,211604000,3302.0,1890,86952,62400160.0,3303.0,7,3301.0,7
rb1805,20170718,20170717,211606500,3302.0,1890,86952,62400160.0,3303.0,6,3301.0,7
rb1805,20170718,20170717,211607500,3302.0,1890,86952,62400160.0,3303.0,6,3301.0,7
rb1805,20170718,20170717,211611000,3302.0,1890,86952,62400160.0,3303.0,6,3301.0,7
rb1805,20170718,20170717,211611500,3302.0,1890,86952,62400160.0,3303.0,6,3301.0,17
rb1805,20170718,20170717,211614000,3302.0,1890,86952,62400160.0,3303.0,11,3301.0,17
rb1805,20170718,20170717,211618500,3302.0,1890,86952,62400160.0,3303.0,6,3301.0,17
rb1805,20170718,20170717,211620500,3302.0,1890,86952,62400160.0,3303.0,6,3301.0,17
rb1805,20170718,20170717,211623500,3302.0,1890,86952,62400160.0,3303.0,6,3301.0,17
rb1805,20170718,20170717,211626000,3302.0,1890,86952,62400160.0,3303.0,6,3301.0,17
rb1805,20170718,20170717,211626500,3302.0,1890,86952,62400160.0,3303.0,6,3301.0,20
rb1805,20170718,20170717,211634500,3302.0,1890,86952,62400160.0,3303.0,6,3301.0,17
rb1805,20170718,20170717,211635500,3302.0,1890,86952,62400160.0,3302.0,1,3301.0,12
rb1805,20170718,20170717,211637000,3302.0,1890,86952,62400160.0,3302.0,1,3301.0,12
rb1805,20170718,20170717,211641000,3302.0,1892,86954,62466200.0,3303.0,11,3301.0,12
rb1805,20170718,20170717,211642500,3302.0,1892,86954,62466200.0,3303.0,11,3301.0,12
rb1805,20170718,20170717,211645000,3302.0,1892,86954,62466200.0,3303.0,11,3301.0,11
rb1805,20170718,20170717,211646500,3302.0,1892,86954,62466200.0,3303.0,11,3301.0,11
rb1805,20170718,20170717,211647000,3302.0,1892,86954,62466200.0,3303.0,11,3301.0,11
rb1805,20170718,20170717,211648000,3302.0,1892,86954,62466200.0,3303.0,11,3301.0,11
rb1805,20170718,20170717,211648500,3302.0,1892,86954,62466200.0,3303.0,11,3301.0,11
rb1805,20170718,20170717,211649500,3302.0,1892,86954,62466200.0,3303.0,11,3302.0,1
rb1805,20170718,20170717,211651000,3302.0,1892,86954,62466200.0,3303.0,11,3302.0,1
rb1805,20170718,20170717,211652000,3302.0,1894,86952,62532240.0,3303.0,11,3301.0,12
rb1805,20170718,20170717,211652500,3302.0,1894,86952,62532240.0,3302.0,6,3301.0,12
rb1805,20170718,20170717,211655500,3301.0,1898,86952,62664280.0,3302.0,6,3301.0,10
rb1805,20170718,20170717,211657500,3301.0,1898,86952,62664280.0,3302.0,6,3301.0,10
rb1805,20170718,20170717,211658000,3301.0,1898,86952,62664280.0,3302.0,6,3301.0,10
rb1805,20170718,20170717,211659000,3301.0,1898,86952,62664280.0,3303.0,11,3301.0,10
rb1805,20170718,20170717,211700500,3301.0,1898,86952,62664280.0,3303.0,11,3301.0,10
rb1805,20170718,20170717,211702500,3301.0,1898,86952,62664280.0,3303.0,11,3301.0,15
rb1805,20170718,20170717,211703000,3303.0,1900,86954,62730340.0,3303.0,10,3301.0,15
rb1805,20170718,20170717,211708000,3303.0,1900,86954,62730340.0,3303.0,5,3301.0,15
rb1805,20170718,20170717,211708500,3303.0,1900,86954,62730340.0,3303.0,5,3301.0,15
rb1805,20170718,20170717,211710000,3303.0,1900,86954,62730340.0,3303.0,5,3301.0,15
rb1805,20170718,20170717,211713500,3303.0,1900,86954,62730340.0,3303.0,5,3302.0,4
rb1805,20170718,20170717,211714000,3303.0,1902,86956,62796400.0,3303.0,4,3302.0,9
rb1805,20170718,20170717,211714500,3303.0,1908,86952,62994580.0,3303.0,1,3302.0,9
rb1805,20170718,20170717,211718000,3302.0,1912,86948,63126660.0,3303.0,1,3302.0,7
rb1805,20170718,20170717,211719500,3302.0,1912,86948,63126660.0,3303.0,1,3302.0,7
rb1805,20170718,20170717,211721500,3303.0,1914,86948,63192720.0,3304.0,2,3303.0,7
rb1805,20170718,20170717,211722000,3303.0,1914,86948,63192720.0,3304.0,2,3303.0,5
rb1805,20170718,20170717,211722500,3303.0,1914,86948,63192720.0,3304.0,2,3303.0,5
rb1805,20170718,20170717,211725500,3303.0,1914,86948,63192720.0,3304.0,2,3303.0,6
rb1805,20170718,20170717,211727500,3303.0,1914,86948,63192720.0,3304.0,2,3303.0,1
rb1805,20170718,20170717,211728000,3303.0,1914,86948,63192720.0,3304.0,2,3303.0,1
rb1805,20170718,20170717,211728500,3303.0,1914,86948,63192720.0,3304.0,2,3303.0,1
rb1805,20170718,20170717,211731000,3303.0,1914,86948,63192720.0,3304.0,2,3303.0,1
rb1805,20170718,20170717,211732000,3303.0,1914,86948,63192720.0,3304.0,2,3303.0,1
rb1805,20170718,20170717,211732500,3303.0,1914,86948,63192720.0,3304.0,2,3303.0,1
rb1805,20170718,20170717,211734000,3303.0,1914,86948,63192720.0,3304.0,2,3303.0,1
rb1805,20170718,20170717,211735500,3303.0,1914,86948,63192720.0,3304.0,2,3303.0,6
rb1805,20170718,20170717,211738500,3303.0,1914,86948,63192720.0,3304.0,2,3303.0,6
rb1805,20170718,20170717,211740500,3303.0,1914,86948,63192720.0,3304.0,2,3303.0,1
rb1805,20170718,20170717,211741500,3303.0,1914,86948,63192720.0,3304.0,2,3303.0,1
rb1805,20170718,20170717,211742000,3303.0,1914,86948,63192720.0,3304.0,2,3303.0,1
rb1805,20170718,20170717,211744500,3303.0,1914,86948,63192720.0,3304.0,2,3303.0,1
rb1805,20170718,20170717,211745000,3303.0,1914,86948,63192720.0,3304.0,2,3303.0,1
rb1805,20170718,20170717,211747000,3303.0,1914,86948,63192720.0,3304.0,2,3303.0,1
rb1805,20170718,20170717,211751500,3303.0,1914,86948,63192720.0,3304.0,2,3303.0,1
rb1805,20170718,20170717,211752000,3303.0,1914,86948,63192720.0,3304.0,2,3303.0,1
rb1805,20170718,20170717,211753500,3303.0,1914,86948,63192720.0,3304.0,2,3303.0,1
rb1805,20170718,20170717,211757000,3303.0,1914,86948,63192720.0,3304.0,2,3303.0,1
rb1805,20170718,20170717,211757500,3303.0,1914,86948,63192720.0,3304.0,2,3303.0,1
rb1805,20170718,20170717,211759500,3303.0,1914,86948,63192720.0,3304.0,2,3303.0,1
rb1805,20170718,20170717,211802000,3303.0,1914,86948,63192720.0,3304.0,2,3303.0,1
rb1805,20170718,20170717,211803000,3303.0,1914,86948,63192720.0,3304.0,2,3303.0,1
rb1805,20170718,20170717,211805000,3303.0,1916,86946,63258780.0,3304.0,2,3302.0,7
rb1805,20170718,20170717,211805500,3303.0,1916,86946,63258780.0,3303.0,2,3302.0,7
rb1805,20170718,20170717,211806000,3303.0,1916,86946,63258780.0,3303.0,2,3302.0,2
rb1805,20170718,20170717,211807500,3302.0,1918,86944,63324820.0,3303.0,2,3301.0,16
rb1805,20170718,20170717,211808000,3302.0,1918,86944,63324820.0,3303.0,7,3301.0,16
rb1805,20170718,20170717,211809500,3301.0,1922,86944,63456860.0,3303.0,5,3301.0,14
rb1805,20170718,20170717,211810000,3301.0,1922,86944,63456860.0,3304.0,2,3301.0,14
rb1805,20170718,20170717,211810500,3301.0,1922,86944,63456860.0,3304.0,7,3301.0,14
rb1805,20170718,20170717,211811000,3301.0,1922,86944,63456860.0,3304.0,7,3301.0,14
rb1805,20170718,20170717,211811500,3301.0,1922,86944,63456860.0,3304.0,7,3302.0,2
rb1805,20170718,20170717,211813500,3301.0,1922,86944,63456860.0,3304.0,7,3302.0,2
rb1805,20170718,20170717,211816500,3301.0,1922,86944,63456860.0,3304.0,7,3302.0,2
rb1805,20170718,20170717,211817000,3302.0,1924,86946,63522900.0,3304.0,7,3302.0,1
rb1805,20170718,20170717,211818000,3302.0,1924,86946,63522900.0,3304.0,7,3302.0,6
rb1805,20170718,20170717,211819500,3302.0,1924,86946,63522900.0,3304.0,2,3302.0,6
rb1805,20170718,20170717,211820500,3302.0,1924,86946,63522900.0,3304.0,2,3302.0,5
rb1805,20170718,20170717,211821500,3302.0,1924,86946,63522900.0,3304.0,2,3302.0,5
rb1805,20170718,20170717,211823000,3302.0,1924,86946,63522900.0,3304.0,2,3302.0,5
rb1805,20170718,20170717,211823500,3302.0,1924,86946,63522900.0,3303.0,1,3302.0,5
