instrument,tradingday,calendarday,time,lastp,volume,openinterest,turnover,ask1,asksz1,bid1,bidsz1
rb1805,20170711,20170710,184751500,3136.0,0,82122,0.0,0.0,0,0.0,0
rb1805,20170711,20170710,205900500,3130.0,20,82108,626000.0,3131.0,1,3130.0,10
rb1805,20170711,20170710,210000500,3131.0,22,82108,688620.0,3132.0,1,3130.0,10
rb1805,20170711,20170710,210001000,3135.0,28,82112,876640.0,3138.0,1,3130.0,10
rb1805,20170711,20170710,210001500,3135.0,28,82112,876640.0,3137.0,4,3130.0,10
rb1805,20170711,20170710,210002000,3135.0,28,82112,876640.0,3137.0,4,3130.0,10
rb1805,20170711,20170710,210002500,3135.0,28,82112,876640.0,3137.0,4,3130.0,10
rb1805,20170711,20170710,210003000,3135.0,28,82112,876640.0,3137.0,7,3130.0,10
rb1805,20170711,20170710,210003500,3135.0,28,82112,876640.0,3137.0,12,3130.0,10
rb1805,20170711,20170710,210004000,3135.0,28,82112,876640.0,3134.0,4,3130.0,10
rb1805,20170711,20170710,210004500,3137.0,32,82116,1002120.0,3137.0,3,3131.0,1
rb1805,20170711,20170710,210005000,3137.0,32,82116,1002120.0,3134.0,3,3131.0,1
rb1805,20170711,20170710,210005500,3137.0,32,82116,1002120.0,3138.0,11,3131.0,1
rb1805,20170711,20170710,210006000,3137.0,32,82116,1002120.0,3134.0,3,3131.0,1
rb1805,20170711,20170710,210006500,3137.0,32,82116,1002120.0,3134.0,6,3131.0,1
rb1805,20170711,20170710,210007000,3137.0,32,82116,1002120.0,3133.0,5,3131.0,1
rb1805,20170711,20170710,210007500,3137.0,32,82116,1002120.0,3138.0,11,3131.0,1
rb1805,20170711,20170710,210008000,3137.0,32,82116,1002120.0,3134.0,5,3131.0,1
rb1805,20170711,20170710,210008500,3137.0,32,82116,1002120.0,3134.0,5,3131.0,1
rb1805,20170711,20170710,210009500,3137.0,32,82116,1002120.0,3134.0,5,3131.0,1
rb1805,20170711,20170710,210010000,3137.0,32,82116,1002120.0,3138.0,11,3131.0,1
rb1805,20170711,20170710,210010500,3137.0,32,82116,1002120.0,3135.0,5,3131.0,6
rb1805,20170711,20170710,210011000,3137.0,32,82116,1002120.0,3135.0,6,3131.0,6
rb1805,20170711,20170710,210011500,3137.0,32,82116,1002120.0,3135.0,4,3131.0,6
rb1805,20170711,20170710,210012000,3137.0,32,82116,1002120.0,3135.0,4,3131.0,6
rb1805,20170711,20170710,210013500,3137.0,32,82116,1002120.0,3135.0,1,3131.0,6
rb1805,20170711,20170710,210014000,3137.0,32,82116,1002120.0,3135.0,4,3131.0,6
rb1805,20170711,20170710,210015000,3137.0,32,82116,1002120.0,3135.0,4,3131.0,6
rb1805,20170711,20170710,210016500,3137.0,32,82116,1002120.0,3135.0,1,3131.0,6
rb1805,20170711,20170710,210017000,3137.0,32,82116,1002120.0,3135.0,4,3131.0,6
rb1805,20170711,20170710,210017500,3137.0,32,82116,1002120.0,3134.0,5,3131.0,6
rb1805,20170711,20170710,210018000,3137.0,32,82116,1002120.0,3134.0,5,3132.0,1
rb1805,20170711,20170710,210018500,3137.0,32,82116,1002120.0,3135.0,1,3132.0,1
rb1805,20170711,20170710,210019000,3137.0,32,82116,1002120.0,3134.0,1,3131.0,6
rb1805,20170711,20170710,210019500,3137.0,32,82116,1002120.0,3135.0,1,3132.0,1
rb1805,20170711,20170710,210020000,3134.0,34,82116,1064800.0,3134.0,2,3132.0,1
rb1805,20170711,20170710,210020500,3134.0,34,82116,1064800.0,3134.0,3,3132.0,1
rb1805,20170711,20170710,210021000,3134.0,34,82116,1064800.0,3134.0,3,3132.0,1
rb1805,20170711,20170710,210021500,3134.0,34,82116,1064800.0,3135.0,1,3132.0,1
rb1805,20170711,20170710,210022000,3134.0,34,82116,1064800.0,3134.0,1,3131.0,6
rb1805,20170711,20170710,210022500,3134.0,34,82116,1064800.0,3134.0,3,3132.0,1
rb1805,20170711,20170710,210023500,3134.0,34,82116,1064800.0,3135.0,1,3132.0,1
rb1805,20170711,20170710,210024000,3134.0,34,82116,1064800.0,3134.0,1,3131.0,6
rb1805,20170711,20170710,210024500,3134.0,34,82116,1064800.0,3135.0,1,3132.0,1
rb1805,20170711,20170710,210025000,3134.0,36,82116,1127480.0,3135.0,1,3131.0,6
rb1805,20170711,20170710,210025500,3134.0,36,82116,1127480.0,3135.0,4,3131.0,6
rb1805,20170711,20170710,210026000,3134.0,36,82116,1127480.0,3135.0,1,3131.0,6
rb1805,20170711,20170710,210026500,3134.0,36,82116,1127480.0,3134.0,4,3131.0,6
rb1805,20170711,20170710,210027000,3134.0,36,82116,1127480.0,3134.0,4,3132.0,2
rb1805,20170711,20170710,210027500,3134.0,36,82116,1127480.0,3134.0,4,3132.0,3
rb1805,20170711,20170710,210028000,3134.0,36,82116,1127480.0,3135.0,1,3132.0,3
rb1805,20170711,20170710,210029000,3134.0,36,82116,1127480.0,3135.0,1,3132.0,3
rb1805,20170711,20170710,210029500,3134.0,36,82116,1127480.0,3135.0,1,3132.0,3
rb1805,20170711,20170710,210031000,3134.0,36,82116,1127480.0,3135.0,1,3134.0,1
rb1805,20170711,20170710,210031500,3134.0,36,82116,1127480.0,3135.0,1,3134.0,1
rb1805,20170711,20170710,210032500,3134.0,36,82116,1127480.0,3135.0,1,3134.0,1
rb1805,20170711,20170710,210033000,3135.0,38,82118,1190180.0,3138.0,11,3134.0,1
rb1805,20170711,20170710,210033500,3135.0,38,82118,1190180.0,3136.0,4,3134.0,1
rb1805,20170711,20170710,210034000,3135.0,38,82118,1190180.0,3137.0,4,3134.0,1
rb1805,20170711,20170710,210034500,3135.0,38,82118,1190180.0,3137.0,4,3134.0,1
rb1805,20170711,20170710,210035000,3135.0,38,82118,1190180.0,3137.0,4,3134.0,7
rb1805,20170711,20170710,210035500,3135.0,38,82118,1190180.0,3137.0,4,3135.0,2
rb1805,20170711,20170710,210036000,3135.0,38,82118,1190180.0,3137.0,4,3135.0,2
rb1805,20170711,20170710,210036500,3135.0,40,82118,1252880.0,3137.0,4,3135.0,1
rb1805,20170711,20170710,210037500,3135.0,40,82118,1252880.0,3137.0,4,3135.0,1
rb1805,20170711,20170710,210038500,3135.0,40,82118,1252880.0,3137.0,24,3135.0,1
rb1805,20170711,20170710,210039000,3135.0,42,82120,1315580.0,3137.0,24,3134.0,7
rb1805,20170711,20170710,210039500,3135.0,42,82120,1315580.0,3136.0,2,3134.0,7
rb1805,20170711,20170710,210040000,3135.0,42,82120,1315580.0,3136.0,2,3134.0,7
rb1805,20170711,20170710,210042500,3136.0,44,82120,1378300.0,3136.0,1,3134.0,7
rb1805,20170711,20170710,210043000,3136.0,44,82120,1378300.0,3136.0,4,3134.0,7
rb1805,20170711,20170710,210043500,3136.0,44,82120,1378300.0,3136.0,1,3134.0,7
rb1805,20170711,20170710,210044000,3136.0,44,82120,1378300.0,3136.0,1,3134.0,7
rb1805,20170711,20170710,210044500,3136.0,44,82120,1378300.0,3136.0,1,3134.0,7
rb1805,20170711,20170710,210045000,3136.0,44,82120,1378300.0,3136.0,1,3134.0,7
rb1805,20170711,20170710,210046500,3136.0,44,82120,1378300.0,3136.0,1,3135.0,10
rb1805,20170711,20170710,210047000,3136.0,44,82120,1378300.0,3136.0,1,3135.0,10
rb1805,20170711,20170710,210048000,3136.0,44,82120,1378300.0,3136.0,1,3135.0,10
rb1805,20170711,20170710,210049000,3136.0,44,82120,1378300.0,3136.0,1,3135.0,10
rb1805,20170711,20170710,210050500,3136.0,44,82120,1378300.0,3136.0,4,3135.0,10
rb1805,20170711,20170710,210051000,3136.0,44,82120,1378300.0,3136.0,1,3135.0,10
rb1805,20170711,20170710,210051500,3136.0,44,82120,1378300.0,3136.0,1,3135.0,10
rb1805,20170711,20170710,210053000,3136.0,46,82120,1441020.0,3137.0,5,3136.0,9
rb1805,20170711,20170710,210053500,3136.0,46,82120,1441020.0,3137.0,5,3136.0,9
rb1805,20170711,20170710,210056000,3136.0,46,82120,1441020.0,3137.0,5,3136.0,9
rb1805,20170711,20170710,210057000,3137.0,50,82120,1566500.0,3137.0,3,3136.0,9
rb1805,20170711,20170710,210057500,3137.0,50,82120,1566500.0,3137.0,3,3136.0,9
rb1805,20170711,20170710,210058500,3137.0,50,82120,1566500.0,3137.0,3,3136.0,9
rb1805,20170711,20170710,210059000,3137.0,50,82120,1566500.0,3137.0,3,3136.0,9
rb1805,20170711,20170710,210101000,3136.0,60,82120,1880100.0,3137.0,3,3136.0,4
rb1805,20170711,20170710,210101500,3136.0,60,82120,1880100.0,3137.0,3,3136.0,4
rb1805,20170711,20170710,210102500,3137.0,62,82120,1942840.0,3137.0,2,3136.0,9
rb1805,20170711,20170710,210104000,3137.0,62,82120,1942840.0,3137.0,2,3136.0,10
rb1805,20170711,20170710,210104500,3137.0,66,82118,2068320.0,3138.0,12,3137.0,3
rb1805,20170711,20170710,210105000,3138.0,68,82120,2131080.0,3138.0,11,3137.0,1
rb1805,20170711,20170710,210105500,3138.0,68,82120,2131080.0,3138.0,11,3137.0,1
rb1805,20170711,20170710,210106500,3138.0,68,82120,2131080.0,3138.0,11,3137.0,6
rb1805,20170711,20170710,210107000,3138.0,68,82120,2131080.0,3138.0,11,3137.0,1
rb1805,20170711,20170710,210107500,3138.0,68,82120,2131080.0,3138.0,11,3137.0,1
rb1805,20170711,20170710,210108500,3138.0,82,82134,2570400.0,3138.0,4,3137.0,6
rb1805,20170711,20170710,210109000,3138.0,90,82142,2821440.0,3139.0,2,3137.0,6
rb1805,20170711,20170710,210109500,3138.0,90,82142,2821440.0,3139.0,2,3137.0,6
rb1805,20170711,20170710,210110500,3138.0,90,82142,2821440.0,3139.0,2,3137.0,6
rb1805,20170711,20170710,210111000,3138.0,90,82142,2821440.0,3139.0,2,3137.0,6
rb1805,20170711,20170710,210113000,3138.0,90,82142,2821440.0,3139.0,2,3138.0,1
rb1805,20170711,20170710,210113500,3139.0,92,82142,2884220.0,3139.0,1,3138.0,1
rb1805,20170711,20170710,210114000,3139.0,92,82142,2884220.0,3139.0,1,3137.0,6
rb1805,20170711,20170710,210114500,3139.0,94,82142,2947000.0,3140.0,28,3137.0,7
rb1805,20170711,20170710,210115000,3139.0,94,82142,2947000.0,3140.0,6,3138.0,2
rb1805,20170711,20170710,210115500,3140.0,96,82142,3009800.0,3140.0,5,3138.0,7
rb1805,20170711,20170710,210116000,3140.0,96,82142,3009800.0,3140.0,5,3138.0,7
rb1805,20170711,20170710,210116500,3140.0,98,82144,3072600.0,3140.0,4,3138.0,7
rb1805,20170711,20170710,210117000,3140.0,98,82144,3072600.0,3140.0,4,3138.0,7
rb1805,20170711,20170710,210117500,3140.0,98,82144,3072600.0,3140.0,4,3138.0,2
rb1805,20170711,20170710,210118000,3140.0,98,82144,3072600.0,3140.0,4,3138.0,3
rb1805,20170711,20170710,210118500,3140.0,100,82146,3135400.0,3140.0,3,3138.0,3
rb1805,20170711,20170710,210120000,3140.0,100,82146,3135400.0,3141.0,2,3138.0,8
rb1805,20170711,20170710,210120500,3140.0,100,82146,3135400.0,3141.0,8,3138.0,8
rb1805,20170711,20170710,210122500,3140.0,100,82146,3135400.0,3141.0,5,3138.0,8
rb1805,20170711,20170710,210123000,3140.0,100,82146,3135400.0,3141.0,2,3138.0,8
rb1805,20170711,20170710,210124000,3140.0,100,82146,3135400.0,3141.0,2,3138.0,8
rb1805,20170711,20170710,210124500,3140.0,100,82146,3135400.0,3141.0,8,3138.0,8
rb1805,20170711,20170710,210125500,3140.0,100,82146,3135400.0,3141.0,8,3138.0,8
rb1805,20170711,20170710,210126000,3140.0,100,82146,3135400.0,3141.0,8,3138.0,9
rb1805,20170711,20170710,210127500,3140.0,100,82146,3135400.0,3141.0,8,3138.0,10
rb1805,20170711,20170710,210128000,3140.0,100,82146,3135400.0,3141.0,5,3138.0,10
rb1805,20170711,20170710,210128500,3138.0,110,82146,3449200.0,3141.0,5,3138.0,5
rb1805,20170711,20170710,210129000,3138.0,110,82146,3449200.0,3141.0,5,3138.0,5
rb1805,20170711,20170710,210129500,3138.0,110,82146,3449200.0,3141.0,5,3138.0,5
rb1805,20170711,20170710,210130000,3140.0,114,82146,3574800.0,3141.0,5,3138.0,5
rb1805,20170711,20170710,210131000,3138.0,124,82146,3888600.0,3140.0,1,3138.0,2
rb1805,20170711,20170710,210132000,3138.0,124,82146,3888600.0,3140.0,1,3138.0,2
rb1805,20170711,20170710,210132500,3138.0,124,82146,3888600.0,3140.0,2,3138.0,2
rb1805,20170711,20170710,210133000,3138.0,124,82146,3888600.0,3140.0,2,3138.0,2
rb1805,20170711,20170710,210133500,3138.0,124,82146,3888600.0,3140.0,2,3138.0,2
rb1805,20170711,20170710,210134000,3138.0,124,82146,3888600.0,3140.0,2,3138.0,2
rb1805,20170711,20170710,210134500,3138.0,124,82146,3888600.0,3140.0,2,3138.0,3
rb1805,20170711,20170710,210135000,3138.0,124,82146,3888600.0,3140.0,2,3138.0,6
rb1805,20170711,20170710,210135500,3138.0,124,82146,3888600.0,3140.0,2,3138.0,6
rb1805,20170711,20170710,210136000,3138.0,124,82146,3888600.0,3140.0,2,3138.0,6
rb1805,20170711,20170710,210137000,3138.0,124,82146,3888600.0,3140.0,2,3138.0,6
rb1805,20170711,20170710,210137500,3138.0,134,82142,4202400.0,3140.0,2,3138.0,1
rb1805,20170711,20170710,210138500,3138.0,134,82142,4202400.0,3140.0,2,3138.0,1
rb1805,20170711,20170710,210140500,3140.0,138,82142,4328000.0,3141.0,7,3140.0,2
rb1805,20170711,20170710,210141000,3140.0,142,82144,4453600.0,3141.0,4,3140.0,3
rb1805,20170711,20170710,210142000,3140.0,142,82144,4453600.0,3141.0,9,3140.0,3
rb1805,20170711,20170710,210143500,3140.0,142,82144,4453600.0,3141.0,4,3140.0,3
rb1805,20170711,20170710,210144000,3141.0,144,82146,4516420.0,3141.0,3,3140.0,3
rb1805,20170711,20170710,210144500,3141.0,144,82146,4516420.0,3141.0,8,3140.0,3
rb1805,20170711,20170710,210145000,3141.0,146,82146,4579240.0,3141.0,7,3140.0,3
rb1805,20170711,20170710,210145500,3140.0,148,82146,4642040.0,3141.0,7,3140.0,2
rb1805,20170711,20170710,210146500,3140.0,150,82146,4704840.0,3141.0,7,3140.0,1
rb1805,20170711,20170710,210148000,3140.0,150,82146,4704840.0,3141.0,2,3140.0,1
rb1805,20170711,20170710,210148500,3140.0,150,82146,4704840.0,3141.0,2,3140.0,1
rb1805,20170711,20170710,210152500,3140.0,150,82146,4704840.0,3141.0,5,3140.0,1
rb1805,20170711,20170710,210153000,3140.0,152,82148,4767640.0,3140.0,2,3138.0,1
rb1805,20170711,20170710,210153500,3140.0,152,82148,4767640.0,3142.0,25,3139.0,2
rb1805,20170711,20170710,210154000,3140.0,152,82148,4767640.0,3142.0,34,3139.0,2
rb1805,20170711,20170710,210155000,3140.0,152,82148,4767640.0,3140.0,30,3139.0,2
rb1805,20170711,20170710,210155500,3140.0,154,82148,4830440.0,3140.0,29,3139.0,2
rb1805,20170711,20170710,210157500,3140.0,154,82148,4830440.0,3140.0,30,3139.0,2
rb1805,20170711,20170710,210158000,3140.0,154,82148,4830440.0,3140.0,30,3139.0,2
rb1805,20170711,20170710,210159000,3140.0,154,82148,4830440.0,3140.0,30,3139.0,2
rb1805,20170711,20170710,210201500,3140.0,154,82148,4830440.0,3140.0,30,3139.0,2
rb1805,20170711,20170710,210202500,3140.0,158,82148,4956040.0,3140.0,27,3139.0,2
rb1805,20170711,20170710,210203000,3139.0,160,82148,5018820.0,3140.0,27,3139.0,1
rb1805,20170711,20170710,210203500,3139.0,162,82148,5081600.0,3140.0,27,3138.0,4
rb1805,20170711,20170710,210204000,3138.0,168,82148,5269880.0,3140.0,35,3138.0,1
rb1805,20170711,20170710,210206000,3138.0,168,82148,5269880.0,3140.0,35,3139.0,1
rb1805,20170711,20170710,210206500,3139.0,172,82152,5395440.0,3139.0,1,3138.0,1
rb1805,20170711,20170710,210207000,3139.0,172,82152,5395440.0,3139.0,3,3138.0,1
rb1805,20170711,20170710,210208500,3139.0,172,82152,5395440.0,3140.0,32,3138.0,1
rb1805,20170711,20170710,210209000,3139.0,172,82152,5395440.0,3140.0,35,3138.0,1
rb1805,20170711,20170710,210210500,3139.0,172,82152,5395440.0,3140.0,35,3138.0,1
rb1805,20170711,20170710,210211000,3139.0,172,82152,5395440.0,3140.0,30,3138.0,21
rb1805,20170711,20170710,210211500,3139.0,172,82152,5395440.0,3140.0,31,3138.0,1
rb1805,20170711,20170710,210212000,3139.0,172,82152,5395440.0,3140.0,27,3138.0,1
rb1805,20170711,20170710,210212500,3139.0,172,82152,5395440.0,3140.0,27,3138.0,1
rb1805,20170711,20170710,210213500,3139.0,172,82152,5395440.0,3140.0,27,3138.0,1
rb1805,20170711,20170710,210214000,3139.0,172,82152,5395440.0,3140.0,27,3138.0,1
rb1805,20170711,20170710,210215000,3139.0,172,82152,5395440.0,3140.0,27,3138.0,1
rb1805,20170711,20170710,210216500,3139.0,172,82152,5395440.0,3139.0,10,3138.0,1
rb1805,20170711,20170710,210217500,3138.0,174,82154,5458200.0,3139.0,10,3137.0,5
rb1805,20170711,20170710,210219000,3138.0,174,82154,5458200.0,3139.0,15,3137.0,5
rb1805,20170711,20170710,210219500,3138.0,174,82154,5458200.0,3138.0,2,3137.0,5
rb1805,20170711,20170710,210220500,3137.0,184,82154,5771900.0,3138.0,2,3136.0,9
rb1805,20170711,20170710,210221000,3137.0,186,82154,5834640.0,3138.0,2,3137.0,2
rb1805,20170711,20170710,210223500,3137.0,186,82154,5834640.0,3138.0,2,3136.0,9
rb1805,20170711,20170710,210224000,3137.0,186,82154,5834640.0,3138.0,7,3136.0,9
rb1805,20170711,20170710,210224500,3137.0,186,82154,5834640.0,3138.0,9,3136.0,9
rb1805,20170711,20170710,210225500,3137.0,186,82154,5834640.0,3138.0,9,3136.0,9
rb1805,20170711,20170710,210227000,3137.0,186,82154,5834640.0,3138.0,9,3136.0,4
rb1805,20170711,20170710,210228000,3137.0,186,82154,5834640.0,3138.0,4,3136.0,6
rb1805,20170711,20170710,210229000,3137.0,186,82154,5834640.0,3138.0,4,3136.0,26
rb1805,20170711,20170710,210230500,3137.0,186,82154,5834640.0,3138.0,10,3136.0,26
rb1805,20170711,20170710,210232000,3136.0,226,82150,7089040.0,3138.0,10,3136.0,6
rb1805,20170711,20170710,210232500,3136.0,226,82150,7089040.0,3137.0,2,3135.0,1
rb1805,20170711,20170710,210233000,3136.0,226,82150,7089040.0,3137.0,7,3135.0,1
rb1805,20170711,20170710,210233500,3136.0,226,82150,7089040.0,3137.0,8,3135.0,1
rb1805,20170711,20170710,210234500,3136.0,226,82150,7089040.0,3137.0,8,3135.0,1
rb1805,20170711,20170710,210237000,3135.0,228,82148,7151740.0,3137.0,8,3134.0,1
rb1805,20170711,20170710,210237500,3135.0,228,82148,7151740.0,3136.0,3,3134.0,1
rb1805,20170711,20170710,210238500,3135.0,228,82148,7151740.0,3136.0,3,3134.0,1
rb1805,20170711,20170710,210239500,3135.0,228,82148,7151740.0,3136.0,8,3134.0,1
rb1805,20170711,20170710,210240500,3135.0,228,82148,7151740.0,3135.0,3,3134.0,1
rb1805,20170711,20170710,210241000,3135.0,232,82152,7277140.0,3135.0,1,3134.0,1
rb1805,20170711,20170710,210241500,3135.0,232,82152,7277140.0,3135.0,1,3134.0,1
rb1805,20170711,20170710,210242000,3135.0,232,82152,7277140.0,3135.0,1,3134.0,1
rb1805,20170711,20170710,210243000,3135.0,232,82152,7277140.0,3135.0,1,3134.0,1
rb1805,20170711,20170710,210243500,3135.0,254,82168,7967020.0,3135.0,3,3134.0,1
rb1805,20170711,20170710,210244500,3135.0,254,82168,7967020.0,3135.0,3,3134.0,1
rb1805,20170711,20170710,210245000,3135.0,270,82162,8468620.0,3137.0,8,3135.0,12
rb1805,20170711,20170710,210245500,3135.0,270,82162,8468620.0,3137.0,11,3135.0,12
rb1805,20170711,20170710,210246500,3135.0,270,82162,8468620.0,3137.0,14,3135.0,12
rb1805,20170711,20170710,210247000,3135.0,270,82162,8468620.0,3137.0,11,3135.0,12
rb1805,20170711,20170710,210247500,3135.0,270,82162,8468620.0,3137.0,14,3135.0,12
rb1805,20170711,20170710,210248000,3135.0,272,82162,8531320.0,3137.0,14,3135.0,11
rb1805,20170711,20170710,210248500,3135.0,282,82162,8844820.0,3137.0,14,3135.0,6
rb1805,20170711,20170710,210249000,3135.0,282,82162,8844820.0,3137.0,15,3135.0,6
rb1805,20170711,20170710,210249500,3135.0,282,82162,8844820.0,3137.0,15,3135.0,6
rb1805,20170711,20170710,210250000,3135.0,282,82162,8844820.0,3137.0,15,3135.0,6
rb1805,20170711,20170710,210251000,3135.0,282,82162,8844820.0,3137.0,15,3134.0,1
rb1805,20170711,20170710,210251500,3135.0,282,82162,8844820.0,3136.0,3,3134.0,1
rb1805,20170711,20170710,210252000,3134.0,284,82160,8907500.0,3135.0,3,3132.0,4
rb1805,20170711,20170710,210252500,3134.0,284,82160,8907500.0,3135.0,3,3132.0,9
rb1805,20170711,20170710,210253000,3134.0,284,82160,8907500.0,3135.0,6,3132.0,9
rb1805,20170711,20170710,210253500,3134.0,284,82160,8907500.0,3135.0,6,3132.0,12
rb1805,20170711,20170710,210254000,3134.0,284,82160,8907500.0,3135.0,6,3132.0,12
rb1805,20170711,20170710,210254500,3134.0,284,82160,8907500.0,3135.0,6,3132.0,12
rb1805,20170711,20170710,210256500,3134.0,284,82160,8907500.0,3135.0,6,3132.0,10
rb1805,20170711,20170710,210258000,3134.0,284,82160,8907500.0,3135.0,3,3134.0,2
rb1805,20170711,20170710,210258500,3134.0,284,82160,8907500.0,3135.0,3,3134.0,2
rb1805,20170711,20170710,210300000,3134.0,284,82160,8907500.0,3135.0,3,3134.0,2
rb1805,20170711,20170710,210300500,3134.0,284,82160,8907500.0,3135.0,3,3134.0,2
rb1805,20170711,20170710,210303000,3134.0,284,82160,8907500.0,3135.0,3,3134.0,2
rb1805,20170711,20170710,210306000,3134.0,288,82160,9032860.0,3135.0,3,3132.0,9
rb1805,20170711,20170710,210306500,3134.0,288,82160,9032860.0,3135.0,3,3132.0,12
rb1805,20170711,20170710,210307000,3134.0,288,82160,9032860.0,3137.0,7,3132.0,12
rb1805,20170711,20170710,210307500,3134.0,288,82160,9032860.0,3136.0,3,3132.0,12
rb1805,20170711,20170710,210308000,3134.0,288,82160,9032860.0,3137.0,7,3133.0,10
rb1805,20170711,20170710,210308500,3134.0,288,82160,9032860.0,3137.0,13,3133.0,15
rb1805,20170711,20170710,210309000,3134.0,288,82160,9032860.0,3137.0,14,3133.0,15
rb1805,20170711,20170710,210309500,3134.0,288,82160,9032860.0,3137.0,13,3133.0,15
rb1805,20170711,20170710,210310000,3134.0,288,82160,9032860.0,3137.0,14,3133.0,15
rb1805,20170711,20170710,210310500,3134.0,288,82160,9032860.0,3137.0,14,3133.0,15
rb1805,20170711,20170710,210311500,3134.0,288,82160,9032860.0,3136.0,2,3133.0,15
rb1805,20170711,20170710,210312000,3134.0,288,82160,9032860.0,3135.0,2,3133.0,5
rb1805,20170711,20170710,210312500,3134.0,288,82160,9032860.0,3135.0,8,3132.0,9
rb1805,20170711,20170710,210313000,3134.0,288,82160,9032860.0,3135.0,8,3132.0,10
rb1805,20170711,20170710,210314500,3134.0,288,82160,9032860.0,3135.0,8,3132.0,5
rb1805,20170711,20170710,210316000,3134.0,288,82160,9032860.0,3135.0,8,3133.0,1
rb1805,20170711,20170710,210316500,3134.0,288,82160,9032860.0,3135.0,8,3133.0,1
rb1805,20170711,20170710,210317000,3134.0,288,82160,9032860.0,3135.0,8,3133.0,1
rb1805,20170711,20170710,210317500,3134.0,288,82160,9032860.0,3135.0,8,3133.0,1
rb1805,20170711,20170710,210318500,3134.0,288,82160,9032860.0,3135.0,8,3133.0,1
rb1805,20170711,20170710,210319000,3134.0,288,82160,9032860.0,3135.0,8,3133.0,1
rb1805,20170711,20170710,210319500,3134.0,288,82160,9032860.0,3135.0,8,3133.0,1
rb1805,20170711,20170710,210323500,3134.0,288,82160,9032860.0,3134.0,2,3133.0,1
rb1805,20170711,20170710,210324000,3133.0,290,82162,9095520.0,3133.0,5,3132.0,4
rb1805,20170711,20170710,210324500,3133.0,290,82162,9095520.0,3133.0,5,3132.0,4
rb1805,20170711,20170710,210325000,3133.0,290,82162,9095520.0,3133.0,5,3132.0,9
rb1805,20170711,20170710,210326000,3133.0,290,82162,9095520.0,3133.0,5,3132.0,4
rb1805,20170711,20170710,210326500,3133.0,290,82162,9095520.0,3133.0,2,3132.0,4
rb1805,20170711,20170710,210327000,3133.0,290,82162,9095520.0,3133.0,2,3132.0,4
rb1805,20170711,20170710,210327500,3133.0,294,82166,9220840.0,3134.0,3,3132.0,4
rb1805,20170711,20170710,210328000,3133.0,294,82166,9220840.0,3134.0,6,3132.0,4
rb1805,20170711,20170710,210328500,3133.0,294,82166,9220840.0,3134.0,9,3132.0,4
rb1805,20170711,20170710,210329000,3133.0,294,82166,9220840.0,3134.0,6,3132.0,4
rb1805,20170711,20170710,210329500,3133.0,294,82166,9220840.0,3134.0,9,3132.0,4
rb1805,20170711,20170710,210330000,3133.0,294,82166,9220840.0,3134.0,6,3132.0,4
rb1805,20170711,20170710,210330500,3133.0,294,82166,9220840.0,3134.0,6,3132.0,9
rb1805,20170711,20170710,210331000,3133.0,294,82166,9220840.0,3134.0,3,3132.0,9
rb1805,20170711,20170710,210331500,3133.0,294,82166,9220840.0,3134.0,6,3132.0,9
rb1805,20170711,20170710,210335000,3133.0,294,82166,9220840.0,3134.0,6,3132.0,9
rb1805,20170711,20170710,210336000,3133.0,294,82166,9220840.0,3134.0,6,3132.0,9
rb1805,20170711,20170710,210336500,3133.0,294,82166,9220840.0,3134.0,6,3132.0,4
rb1805,20170711,20170710,210337000,3134.0,296,82166,9283520.0,3134.0,5,3132.0,4
rb1805,20170711,20170710,210337500,3134.0,296,82166,9283520.0,3134.0,4,3132.0,4
rb1805,20170711,20170710,210338000,3134.0,296,82166,9283520.0,3134.0,4,3132.0,4
rb1805,20170711,20170710,210338500,3134.0,296,82166,9283520.0,3134.0,4,3132.0,4
rb1805,20170711,20170710,210339500,3134.0,300,82162,9408880.0,3134.0,2,3132.0,4
rb1805,20170711,20170710,210340000,3134.0,300,82162,9408880.0,3134.0,2,3132.0,4
rb1805,20170711,20170710,210341500,3134.0,300,82162,9408880.0,3134.0,2,3132.0,4
rb1805,20170711,20170710,210343000,3134.0,300,82162,9408880.0,3134.0,2,3132.0,4
rb1805,20170711,20170710,210344000,3134.0,300,82162,9408880.0,3134.0,5,3132.0,4
rb1805,20170711,20170710,210345000,3134.0,300,82162,9408880.0,3134.0,2,3132.0,4
rb1805,20170711,20170710,210345500,3134.0,300,82162,9408880.0,3135.0,2,3132.0,9
rb1805,20170711,20170710,210346000,3134.0,300,82162,9408880.0,3134.0,5,3132.0,9
rb1805,20170711,20170710,210348500,3134.0,300,82162,9408880.0,3134.0,6,3132.0,9
rb1805,20170711,20170710,210349000,3134.0,300,82162,9408880.0,3134.0,6,3132.0,9
rb1805,20170711,20170710,210350000,3134.0,300,82162,9408880.0,3134.0,3,3132.0,9
rb1805,20170711,20170710,210350500,3132.0,302,82164,9471520.0,3134.0,3,3132.0,8
rb1805,20170711,20170710,210351000,3132.0,302,82164,9471520.0,3134.0,3,3132.0,10
rb1805,20170711,20170710,210352500,3132.0,302,82164,9471520.0,3134.0,3,3132.0,11
rb1805,20170711,20170710,210353500,3132.0,302,82164,9471520.0,3134.0,3,3133.0,1
rb1805,20170711,20170710,210354000,3132.0,302,82164,9471520.0,3134.0,5,3133.0,1
rb1805,20170711,20170710,210354500,3132.0,302,82164,9471520.0,3134.0,5,3133.0,2
rb1805,20170711,20170710,210356000,3132.0,302,82164,9471520.0,3134.0,2,3133.0,2
rb1805,20170711,20170710,210358500,3132.0,302,82164,9471520.0,3134.0,2,3133.0,2
rb1805,20170711,20170710,210401000,3132.0,302,82164,9471520.0,3135.0,2,3133.0,2
rb1805,20170711,20170710,210401500,3132.0,302,82164,9471520.0,3135.0,5,3133.0,4
rb1805,20170711,20170710,210402500,3132.0,302,82164,9471520.0,3135.0,5,3133.0,4
rb1805,20170711,20170710,210404000,3133.0,304,82162,9534180.0,3135.0,5,3133.0,3
rb1805,20170711,20170710,210404500,3135.0,306,82162,9596880.0,3135.0,4,3133.0,3
rb1805,20170711,20170710,210406500,3135.0,306,82162,9596880.0,3135.0,4,3133.0,3
rb1805,20170711,20170710,210408500,3135.0,306,82162,9596880.0,3135.0,1,3133.0,8
rb1805,20170711,20170710,210409000,3135.0,306,82162,9596880.0,3135.0,2,3133.0,8
rb1805,20170711,20170710,210409500,3133.0,308,82162,9659540.0,3135.0,2,3133.0,7
rb1805,20170711,20170710,210410000,3135.0,310,82160,9722240.0,3135.0,1,3133.0,8
rb1805,20170711,20170710,210411500,3135.0,310,82160,9722240.0,3135.0,1,3133.0,7
rb1805,20170711,20170710,210414000,3135.0,310,82160,9722240.0,3135.0,1,3133.0,8
rb1805,20170711,20170710,210414500,3135.0,310,82160,9722240.0,3135.0,1,3133.0,7
rb1805,20170711,20170710,210417000,3135.0,310,82160,9722240.0,3135.0,1,3133.0,7
rb1805,20170711,20170710,210417500,3135.0,310,82160,9722240.0,3135.0,1,3133.0,7
rb1805,20170711,20170710,210420000,3135.0,310,82160,9722240.0,3135.0,1,3133.0,7
rb1805,20170711,20170710,210420500,3135.0,312,82162,9784940.0,3136.0,2,3133.0,7
rb1805,20170711,20170710,210421000,3135.0,312,82162,9784940.0,3136.0,5,3133.0,7
rb1805,20170711,20170710,210426000,3135.0,312,82162,9784940.0,3136.0,5,3133.0,7
rb1805,20170711,20170710,210426500,3135.0,312,82162,9784940.0,3136.0,6,3133.0,7
rb1805,20170711,20170710,210427500,3135.0,312,82162,9784940.0,3136.0,6,3135.0,1
rb1805,20170711,20170710,210434000,3135.0,312,82162,9784940.0,3136.0,9,3135.0,1
rb1805,20170711,20170710,210434500,3135.0,312,82162,9784940.0,3136.0,9,3135.0,1
rb1805,20170711,20170710,210439500,3135.0,312,82162,9784940.0,3136.0,9,3135.0,1
rb1805,20170711,20170710,210443500,3135.0,312,82162,9784940.0,3136.0,9,3135.0,1
rb1805,20170711,20170710,210444500,3136.0,322,82164,10098540.0,3136.0,4,3135.0,1
rb1805,20170711,20170710,210450500,3136.0,322,82164,10098540.0,3136.0,4,3135.0,1
rb1805,20170711,20170710,210455500,3136.0,322,82164,10098540.0,3136.0,4,3135.0,1
rb1805,20170711,20170710,210456000,3136.0,322,82164,10098540.0,3136.0,4,3135.0,1
rb1805,20170711,20170710,210457500,3136.0,322,82164,10098540.0,3136.0,4,3135.0,1
rb1805,20170711,20170710,210459500,3136.0,322,82164,10098540.0,3136.0,4,3135.0,1
rb1805,20170711,20170710,210501000,3136.0,322,82164,10098540.0,3136.0,5,3135.0,1
rb1805,20170711,20170710,210501500,3136.0,322,82164,10098540.0,3136.0,7,3135.0,1
rb1805,20170711,20170710,210505000,3136.0,322,82164,10098540.0,3136.0,7,3135.0,1
rb1805,20170711,20170710,210508500,3136.0,322,82164,10098540.0,3136.0,7,3135.0,4
rb1805,20170711,20170710,210509000,3135.0,326,82164,10223940.0,3136.0,7,3135.0,2
rb1805,20170711,20170710,210509500,3135.0,326,82164,10223940.0,3136.0,7,3135.0,2
rb1805,20170711,20170710,210511500,3135.0,326,82164,10223940.0,3136.0,7,3135.0,2
rb1805,20170711,20170710,210513500,3135.0,326,82164,10223940.0,3136.0,7,3135.0,2
rb1805,20170711,20170710,210514500,3135.0,326,82164,10223940.0,3136.0,8,3135.0,2
rb1805,20170711,20170710,210515000,3135.0,326,82164,10223940.0,3136.0,11,3135.0,2
rb1805,20170711,20170710,210515500,3135.0,326,82164,10223940.0,3136.0,8,3135.0,2
rb1805,20170711,20170710,210516000,3135.0,330,82164,10349340.0,3135.0,8,3133.0,5
rb1805,20170711,20170710,210516500,3135.0,330,82164,10349340.0,3135.0,8,3133.0,5
rb1805,20170711,20170710,210517000,3135.0,330,82164,10349340.0,3135.0,9,3133.0,5
rb1805,20170711,20170710,210518000,3135.0,330,82164,10349340.0,3135.0,9,3133.0,5
rb1805,20170711,20170710,210519500,3135.0,330,82164,10349340.0,3135.0,9,3133.0,20
rb1805,20170711,20170710,210520500,3135.0,332,82164,10412040.0,3135.0,8,3133.0,20
rb1805,20170711,20170710,210522500,3135.0,332,82164,10412040.0,3135.0,8,3133.0,20
rb1805,20170711,20170710,210524000,3133.0,338,82164,10600020.0,3135.0,8,3133.0,17
rb1805,20170711,20170710,210526000,3133.0,338,82164,10600020.0,3135.0,8,3133.0,17
rb1805,20170711,20170710,210528000,3133.0,338,82164,10600020.0,3135.0,9,3133.0,17
rb1805,20170711,20170710,210531000,3133.0,338,82164,10600020.0,3135.0,9,3133.0,17
rb1805,20170711,20170710,210534000,3133.0,338,82164,10600020.0,3135.0,9,3133.0,17
rb1805,20170711,20170710,210534500,3133.0,338,82164,10600020.0,3135.0,15,3133.0,17
rb1805,20170711,20170710,210535000,3133.0,338,82164,10600020.0,3135.0,9,3133.0,17
rb1805,20170711,20170710,210535500,3133.0,338,82164,10600020.0,3135.0,9,3133.0,17
rb1805,20170711,20170710,210536500,3133.0,338,82164,10600020.0,3135.0,15,3134.0,2
rb1805,20170711,20170710,210537000,3134.0,342,82168,10725380.0,3134.0,1,3133.0,17
rb1805,20170711,20170710,210537500,3134.0,342,82168,10725380.0,3135.0,9,3133.0,17
rb1805,20170711,20170710,210538000,3135.0,350,82168,10976180.0,3135.0,5,3133.0,22
rb1805,20170711,20170710,210538500,3135.0,350,82168,10976180.0,3135.0,5,3133.0,22
rb1805,20170711,20170710,210539000,3133.0,360,82158,11289480.0,3135.0,5,3133.0,17
rb1805,20170711,20170710,210539500,3133.0,360,82158,11289480.0,3135.0,5,3134.0,10
rb1805,20170711,20170710,210540500,3135.0,370,82152,11602980.0,3136.0,8,3134.0,15
rb1805,20170711,20170710,210541500,3135.0,370,82152,11602980.0,3136.0,8,3134.0,15
rb1805,20170711,20170710,210542500,3135.0,370,82152,11602980.0,3136.0,8,3134.0,15
rb1805,20170711,20170710,210543500,3135.0,370,82152,11602980.0,3135.0,2,3134.0,15
rb1805,20170711,20170710,210544500,3135.0,370,82152,11602980.0,3135.0,2,3134.0,10
rb1805,20170711,20170710,210545500,3135.0,370,82152,11602980.0,3135.0,2,3134.0,10
rb1805,20170711,20170710,210546000,3135.0,370,82152,11602980.0,3135.0,2,3134.0,10
rb1805,20170711,20170710,210546500,3135.0,374,82156,11728380.0,3136.0,8,3134.0,10
rb1805,20170711,20170710,210547500,3135.0,374,82156,11728380.0,3136.0,8,3134.0,10
rb1805,20170711,20170710,210548500,3135.0,374,82156,11728380.0,3136.0,8,3134.0,10
rb1805,20170711,20170710,210551000,3135.0,374,82156,11728380.0,3136.0,8,3134.0,10
rb1805,20170711,20170710,210552000,3136.0,378,82160,11853820.0,3136.0,6,3134.0,10
rb1805,20170711,20170710,210552500,3134.0,380,82160,11916500.0,3136.0,6,3134.0,9
rb1805,20170711,20170710,210553500,3134.0,382,82160,11979180.0,3136.0,6,3134.0,8
rb1805,20170711,20170710,210555000,3134.0,382,82160,11979180.0,3136.0,11,3134.0,8
rb1805,20170711,20170710,210557000,3134.0,382,82160,11979180.0,3136.0,12,3134.0,8
rb1805,20170711,20170710,210558500,3134.0,382,82160,11979180.0,3136.0,7,3134.0,13
rb1805,20170711,20170710,210559000,3134.0,382,82160,11979180.0,3136.0,7,3134.0,14
rb1805,20170711,20170710,210601000,3134.0,382,82160,11979180.0,3136.0,7,3135.0,3
rb1805,20170711,20170710,210601500,3134.0,382,82160,11979180.0,3136.0,7,3135.0,3
rb1805,20170711,20170710,210602500,3134.0,382,82160,11979180.0,3136.0,7,3135.0,3
rb1805,20170711,20170710,210603000,3134.0,382,82160,11979180.0,3136.0,5,3135.0,23
rb1805,20170711,20170710,210603500,3136.0,386,82160,12104620.0,3136.0,3,3135.0,23
rb1805,20170711,20170710,210605000,3136.0,392,82162,12292780.0,3137.0,8,3136.0,12
rb1805,20170711,20170710,210605500,3136.0,392,82162,12292780.0,3137.0,3,3136.0,5
rb1805,20170711,20170710,210607000,3137.0,402,82162,12606440.0,3138.0,5,3137.0,2
rb1805,20170711,20170710,210607500,3137.0,402,82162,12606440.0,3140.0,27,3137.0,9
rb1805,20170711,20170710,210608000,3137.0,402,82162,12606440.0,3138.0,5,3137.0,7
rb1805,20170711,20170710,210608500,3137.0,402,82162,12606440.0,3139.0,2,3137.0,5
rb1805,20170711,20170710,210609000,3137.0,404,82162,12669180.0,3139.0,2,3137.0,4
rb1805,20170711,20170710,210612000,3137.0,404,82162,12669180.0,3139.0,2,3137.0,4
rb1805,20170711,20170710,210615000,3137.0,404,82162,12669180.0,3139.0,2,3137.0,5
rb1805,20170711,20170710,210615500,3137.0,404,82162,12669180.0,3139.0,2,3137.0,5
rb1805,20170711,20170710,210616000,3139.0,406,82162,12731960.0,3139.0,1,3137.0,5
rb1805,20170711,20170710,210616500,3139.0,408,82162,12794740.0,3140.0,32,3139.0,6
rb1805,20170711,20170710,210617000,3139.0,410,82162,12857520.0,3140.0,27,3139.0,1
rb1805,20170711,20170710,210618500,3139.0,410,82162,12857520.0,3140.0,27,3139.0,1
rb1805,20170711,20170710,210621500,3139.0,410,82162,12857520.0,3140.0,27,3139.0,1
rb1805,20170711,20170710,210622000,3139.0,412,82162,12920300.0,3140.0,27,3137.0,4
rb1805,20170711,20170710,210622500,3139.0,412,82162,12920300.0,3140.0,32,3138.0,2
rb1805,20170711,20170710,210623000,3139.0,412,82162,12920300.0,3140.0,32,3138.0,2
rb1805,20170711,20170710,210623500,3139.0,412,82162,12920300.0,3139.0,20,3138.0,6
rb1805,20170711,20170710,210625000,3139.0,424,82172,13296980.0,3139.0,16,3138.0,6
rb1805,20170711,20170710,210625500,3139.0,440,82188,13799220.0,3139.0,8,3138.0,6
rb1805,20170711,20170710,210626000,3139.0,456,82200,14301460.0,3140.0,27,3139.0,4
rb1805,20170711,20170710,210627000,3139.0,456,82200,14301460.0,3140.0,27,3138.0,26
rb1805,20170711,20170710,210627500,3139.0,456,82200,14301460.0,3140.0,27,3138.0,28
rb1805,20170711,20170710,210628500,3139.0,456,82200,14301460.0,3140.0,27,3138.0,28
rb1805,20170711,20170710,210629000,3139.0,456,82200,14301460.0,3139.0,1,3138.0,30
rb1805,20170711,20170710,210629500,3139.0,458,82200,14364240.0,3140.0,27,3139.0,7
rb1805,20170711,20170710,210630000,3139.0,458,82200,14364240.0,3140.0,32,3139.0,6
rb1805,20170711,20170710,210631000,3140.0,498,82160,15620240.0,3140.0,12,3139.0,6
rb1805,20170711,20170710,210632000,3140.0,504,82160,15808640.0,3140.0,9,3139.0,6
rb1805,20170711,20170710,210632500,3140.0,504,82160,15808640.0,3140.0,9,3139.0,10
rb1805,20170711,20170710,210633000,3140.0,522,82150,16373840.0,3141.0,1,3140.0,4
rb1805,20170711,20170710,210633500,3140.0,522,82150,16373840.0,3141.0,1,3140.0,6
rb1805,20170711,20170710,210634000,3141.0,524,82148,16436660.0,3142.0,28,3141.0,1
rb1805,20170711,20170710,210634500,3141.0,524,82148,16436660.0,3142.0,28,3141.0,6
rb1805,20170711,20170710,210635000,3141.0,524,82148,16436660.0,3142.0,33,3141.0,5
rb1805,20170711,20170710,210635500,3141.0,524,82148,16436660.0,3142.0,28,3140.0,4
rb1805,20170711,20170710,210636000,3142.0,536,82148,16813700.0,3142.0,22,3140.0,8
rb1805,20170711,20170710,210636500,3142.0,538,82146,16876540.0,3142.0,21,3140.0,9
rb1805,20170711,20170710,210637500,3142.0,538,82146,16876540.0,3142.0,21,3140.0,7
rb1805,20170711,20170710,210638000,3142.0,538,82146,16876540.0,3142.0,21,3140.0,6
rb1805,20170711,20170710,210638500,3142.0,538,82146,16876540.0,3142.0,21,3140.0,9
rb1805,20170711,20170710,210639000,3142.0,540,82144,16939380.0,3142.0,20,3140.0,7
rb1805,20170711,20170710,210639500,3142.0,540,82144,16939380.0,3142.0,20,3140.0,7
rb1805,20170711,20170710,210640000,3142.0,540,82144,16939380.0,3142.0,20,3140.0,9
rb1805,20170711,20170710,210641000,3142.0,540,82144,16939380.0,3142.0,20,3141.0,3
rb1805,20170711,20170710,210641500,3142.0,540,82144,16939380.0,3142.0,20,3140.0,8
rb1805,20170711,20170710,210642000,3142.0,540,82144,16939380.0,3142.0,20,3140.0,9
rb1805,20170711,20170710,210643000,3142.0,540,82144,16939380.0,3142.0,20,3140.0,15
rb1805,20170711,20170710,210643500,3142.0,540,82144,16939380.0,3141.0,10,3140.0,15
rb1805,20170711,20170710,210644000,3142.0,562,82144,17630620.0,3142.0,19,3141.0,6
rb1805,20170711,20170710,210644500,3142.0,562,82144,17630620.0,3142.0,19,3141.0,4
rb1805,20170711,20170710,210645000,3142.0,562,82144,17630620.0,3142.0,19,3141.0,1
rb1805,20170711,20170710,210645500,3141.0,566,82144,17756260.0,3141.0,1,3140.0,16
rb1805,20170711,20170710,210646000,3142.0,606,82106,19013060.0,3142.0,4,3140.0,8
rb1805,20170711,20170710,210646500,3142.0,606,82106,19013060.0,3142.0,4,3140.0,8
rb1805,20170711,20170710,210647500,3142.0,606,82106,19013060.0,3142.0,4,3140.0,7
rb1805,20170711,20170710,210648500,3142.0,608,82106,19075900.0,3142.0,3,3140.0,7
rb1805,20170711,20170710,210649000,3142.0,608,82106,19075900.0,3142.0,3,3141.0,3
rb1805,20170711,20170710,210649500,3142.0,608,82106,19075900.0,3143.0,1,3141.0,3
rb1805,20170711,20170710,210651000,3142.0,608,82106,19075900.0,3143.0,2,3141.0,4
rb1805,20170711,20170710,210651500,3142.0,608,82106,19075900.0,3143.0,2,3141.0,3
rb1805,20170711,20170710,210652000,3142.0,608,82106,19075900.0,3143.0,2,3141.0,3
rb1805,20170711,20170710,210652500,3142.0,608,82106,19075900.0,3143.0,2,3141.0,3
rb1805,20170711,20170710,210653500,3141.0,614,82106,19264360.0,3141.0,6,3140.0,7
rb1805,20170711,20170710,210654000,3141.0,616,82106,19327180.0,3141.0,5,3140.0,9
rb1805,20170711,20170710,210654500,3141.0,616,82106,19327180.0,3141.0,5,3140.0,9
rb1805,20170711,20170710,210655000,3141.0,618,82106,19390000.0,3141.0,4,3140.0,8
rb1805,20170711,20170710,210655500,3141.0,618,82106,19390000.0,3141.0,4,3140.0,8
rb1805,20170711,20170710,210656000,3141.0,618,82106,19390000.0,3141.0,4,3140.0,9
rb1805,20170711,20170710,210656500,3141.0,618,82106,19390000.0,3141.0,4,3140.0,10
rb1805,20170711,20170710,210657000,3141.0,622,82106,19515640.0,3141.0,2,3140.0,10
rb1805,20170711,20170710,210657500,3141.0,624,82106,19578460.0,3141.0,1,3140.0,10
rb1805,20170711,20170710,210658000,3141.0,624,82106,19578460.0,3141.0,1,3140.0,8
rb1805,20170711,20170710,210701000,3141.0,624,82106,19578460.0,3141.0,6,3140.0,8
rb1805,20170711,20170710,210701500,3141.0,624,82106,19578460.0,3141.0,6,3140.0,7
rb1805,20170711,20170710,210703000,3141.0,626,82106,19641280.0,3141.0,5,3140.0,7
rb1805,20170711,20170710,210704000,3141.0,626,82106,19641280.0,3141.0,5,3140.0,7
rb1805,20170711,20170710,210704500,3141.0,628,82106,19704100.0,3141.0,4,3140.0,7
rb1805,20170711,20170710,210705000,3141.0,628,82106,19704100.0,3141.0,1,3140.0,7
rb1805,20170711,20170710,210706500,3141.0,628,82106,19704100.0,3141.0,1,3140.0,9
rb1805,20170711,20170710,210707500,3140.0,630,82108,19766900.0,3141.0,1,3140.0,6
rb1805,20170711,20170710,210708000,3140.0,630,82108,19766900.0,3141.0,1,3140.0,6
rb1805,20170711,20170710,210709000,3140.0,630,82108,19766900.0,3141.0,2,3140.0,6
rb1805,20170711,20170710,210710500,3140.0,630,82108,19766900.0,3141.0,2,3140.0,6
rb1805,20170711,20170710,210711500,3140.0,630,82108,19766900.0,3141.0,3,3140.0,6
rb1805,20170711,20170710,210712500,3140.0,632,82110,19829700.0,3141.0,3,3140.0,5
rb1805,20170711,20170710,210713000,3140.0,632,82110,19829700.0,3141.0,4,3140.0,5
rb1805,20170711,20170710,210714500,3140.0,632,82110,19829700.0,3141.0,4,3140.0,5
rb1805,20170711,20170710,210715000,3140.0,632,82110,19829700.0,3141.0,4,3140.0,5
rb1805,20170711,20170710,210715500,3140.0,632,82110,19829700.0,3141.0,4,3140.0,5
rb1805,20170711,20170710,210716500,3140.0,632,82110,19829700.0,3141.0,5,3140.0,5
rb1805,20170711,20170710,210719500,3140.0,632,82110,19829700.0,3141.0,5,3140.0,5
rb1805,20170711,20170710,210721000,3140.0,632,82110,19829700.0,3141.0,5,3140.0,5
rb1805,20170711,20170710,210721500,3140.0,632,82110,19829700.0,3141.0,5,3140.0,5
rb1805,20170711,20170710,210722500,3140.0,632,82110,19829700.0,3141.0,7,3140.0,5
rb1805,20170711,20170710,210723500,3140.0,632,82110,19829700.0,3141.0,9,3140.0,5
rb1805,20170711,20170710,210724000,3140.0,632,82110,19829700.0,3141.0,9,3140.0,7
rb1805,20170711,20170710,210725500,3140.0,634,82112,19892500.0,3141.0,9,3140.0,3
rb1805,20170711,20170710,210726000,3140.0,636,82112,19955300.0,3141.0,9,3140.0,2
rb1805,20170711,20170710,210728000,3140.0,636,82112,19955300.0,3141.0,9,3140.0,2
rb1805,20170711,20170710,210731000,3140.0,636,82112,19955300.0,3141.0,12,3140.0,2
rb1805,20170711,20170710,210734000,3140.0,636,82112,19955300.0,3141.0,12,3140.0,2
rb1805,20170711,20170710,210736000,3140.0,636,82112,19955300.0,3141.0,12,3140.0,2
rb1805,20170711,20170710,210736500,3140.0,636,82112,19955300.0,3141.0,12,3140.0,3
rb1805,20170711,20170710,210737000,3140.0,636,82112,19955300.0,3141.0,10,3140.0,3
rb1805,20170711,20170710,210737500,3140.0,636,82112,19955300.0,3141.0,10,3140.0,1
rb1805,20170711,20170710,210738500,3140.0,636,82112,19955300.0,3141.0,11,3140.0,1
rb1805,20170711,20170710,210740000,3140.0,636,82112,19955300.0,3141.0,11,3139.0,7
rb1805,20170711,20170710,210740500,3140.0,636,82112,19955300.0,3141.0,10,3139.0,7
rb1805,20170711,20170710,210743000,3140.0,636,82112,19955300.0,3141.0,13,3139.0,8
rb1805,20170711,20170710,210744000,3140.0,636,82112,19955300.0,3141.0,14,3139.0,7
rb1805,20170711,20170710,210744500,3140.0,636,82112,19955300.0,3141.0,14,3139.0,3
rb1805,20170711,20170710,210745500,3139.0,642,82112,20143640.0,3139.0,2,3138.0,8
rb1805,20170711,20170710,210746000,3139.0,646,82108,20269200.0,3140.0,1,3139.0,2
rb1805,20170711,20170710,210746500,3139.0,646,82108,20269200.0,3140.0,1,3138.0,8
rb1805,20170711,20170710,210747000,3139.0,646,82108,20269200.0,3140.0,2,3138.0,8
rb1805,20170711,20170710,210748000,3139.0,646,82108,20269200.0,3140.0,2,3138.0,9
rb1805,20170711,20170710,210749000,3139.0,646,82108,20269200.0,3140.0,2,3138.0,9
rb1805,20170711,20170710,210750000,3139.0,646,82108,20269200.0,3140.0,2,3138.0,11
rb1805,20170711,20170710,210751000,3139.0,646,82108,20269200.0,3140.0,2,3138.0,12
rb1805,20170711,20170710,210753500,3139.0,646,82108,20269200.0,3140.0,2,3138.0,10
rb1805,20170711,20170710,210755000,3140.0,648,82108,20332000.0,3140.0,1,3138.0,10
rb1805,20170711,20170710,210757000,3140.0,648,82108,20332000.0,3140.0,1,3138.0,10
rb1805,20170711,20170710,210758000,3140.0,648,82108,20332000.0,3140.0,1,3138.0,10
rb1805,20170711,20170710,210758500,3140.0,648,82108,20332000.0,3140.0,1,3138.0,12
rb1805,20170711,20170710,210759000,3140.0,648,82108,20332000.0,3140.0,1,3138.0,12
rb1805,20170711,20170710,210801500,3140.0,648,82108,20332000.0,3140.0,1,3138.0,12
rb1805,20170711,20170710,210803500,3140.0,650,82106,20394800.0,3141.0,14,3138.0,12
rb1805,20170711,20170710,210804500,3140.0,650,82106,20394800.0,3141.0,14,3138.0,13
rb1805,20170711,20170710,210805000,3140.0,650,82106,20394800.0,3141.0,14,3140.0,2
rb1805,20170711,20170710,210805500,3140.0,650,82106,20394800.0,3141.0,14,3140.0,2
rb1805,20170711,20170710,210806000,3140.0,654,82108,20520400.0,3140.0,3,3138.0,8
rb1805,20170711,20170710,210806500,3140.0,654,82108,20520400.0,3140.0,1,3138.0,9
rb1805,20170711,20170710,210807000,3140.0,654,82108,20520400.0,3140.0,1,3138.0,13
rb1805,20170711,20170710,210808500,3140.0,654,82108,20520400.0,3140.0,1,3138.0,13
rb1805,20170711,20170710,210809000,3140.0,654,82108,20520400.0,3140.0,1,3138.0,13
rb1805,20170711,20170710,210810000,3140.0,654,82108,20520400.0,3140.0,1,3138.0,14
rb1805,20170711,20170710,210810500,3140.0,654,82108,20520400.0,3140.0,1,3138.0,14
rb1805,20170711,20170710,210811000,3140.0,654,82108,20520400.0,3140.0,1,3138.0,14
rb1805,20170711,20170710,210811500,3140.0,654,82108,20520400.0,3140.0,1,3138.0,14
rb1805,20170711,20170710,210812000,3140.0,654,82108,20520400.0,3140.0,1,3139.0,8
rb1805,20170711,20170710,210812500,3138.0,674,82128,21148160.0,3140.0,1,3138.0,11
rb1805,20170711,20170710,210813000,3138.0,674,82128,21148160.0,3140.0,1,3138.0,11
rb1805,20170711,20170710,210815500,3138.0,674,82128,21148160.0,3140.0,1,3138.0,21
rb1805,20170711,20170710,210816000,3138.0,674,82128,21148160.0,3140.0,1,3139.0,3
rb1805,20170711,20170710,210816500,3138.0,674,82128,21148160.0,3140.0,1,3139.0,3
rb1805,20170711,20170710,210817500,3138.0,674,82128,21148160.0,3140.0,1,3139.0,3
rb1805,20170711,20170710,210818000,3138.0,674,82128,21148160.0,3140.0,2,3139.0,3
rb1805,20170711,20170710,210818500,3138.0,674,82128,21148160.0,3140.0,2,3139.0,4
rb1805,20170711,20170710,210819000,3138.0,674,82128,21148160.0,3140.0,2,3139.0,4
rb1805,20170711,20170710,210820000,3140.0,678,82132,21273760.0,3141.0,14,3140.0,3
rb1805,20170711,20170710,210820500,3140.0,680,82134,21336560.0,3141.0,14,3139.0,4
rb1805,20170711,20170710,210823000,3140.0,680,82134,21336560.0,3141.0,14,3139.0,5
rb1805,20170711,20170710,210824000,3140.0,680,82134,21336560.0,3141.0,14,3139.0,8
rb1805,20170711,20170710,210824500,3140.0,680,82134,21336560.0,3141.0,14,3140.0,2
rb1805,20170711,20170710,210825500,3140.0,680,82134,21336560.0,3141.0,14,3140.0,2
rb1805,20170711,20170710,210826000,3140.0,680,82134,21336560.0,3141.0,11,3140.0,2
rb1805,20170711,20170710,210826500,3140.0,680,82134,21336560.0,3141.0,11,3140.0,3
rb1805,20170711,20170710,210827000,3140.0,682,82134,21399360.0,3141.0,11,3140.0,2
rb1805,20170711,20170710,210829500,3140.0,682,82134,21399360.0,3141.0,11,3140.0,2
rb1805,20170711,20170710,210830000,3140.0,682,82134,21399360.0,3141.0,11,3140.0,3
rb1805,20170711,20170710,210834000,3140.0,682,82134,21399360.0,3141.0,11,3140.0,3
rb1805,20170711,20170710,210836500,3140.0,682,82134,21399360.0,3141.0,11,3140.0,3
rb1805,20170711,20170710,210837500,3140.0,688,82130,21587760.0,3140.0,7,3139.0,2
rb1805,20170711,20170710,210838000,3140.0,688,82130,21587760.0,3140.0,7,3139.0,5
rb1805,20170711,20170710,210838500,3140.0,688,82130,21587760.0,3140.0,8,3139.0,5
rb1805,20170711,20170710,210839500,3140.0,688,82130,21587760.0,3140.0,8,3139.0,5
rb1805,20170711,20170710,210840000,3140.0,704,82116,22090160.0,3141.0,11,3140.0,12
rb1805,20170711,20170710,210840500,3141.0,714,82124,22404260.0,3141.0,6,3140.0,12
rb1805,20170711,20170710,210841000,3141.0,714,82124,22404260.0,3141.0,6,3140.0,14
rb1805,20170711,20170710,210842500,3141.0,718,82128,22529900.0,3141.0,4,3140.0,12
rb1805,20170711,20170710,210845500,3141.0,718,82128,22529900.0,3141.0,6,3140.0,12
rb1805,20170711,20170710,210846500,3141.0,718,82128,22529900.0,3141.0,6,3140.0,12
rb1805,20170711,20170710,210847000,3141.0,718,82128,22529900.0,3141.0,6,3140.0,12
rb1805,20170711,20170710,210847500,3141.0,718,82128,22529900.0,3141.0,6,3140.0,15
rb1805,20170711,20170710,210848500,3141.0,718,82128,22529900.0,3141.0,6,3140.0,20
rb1805,20170711,20170710,210849000,3141.0,728,82126,22844000.0,3141.0,1,3140.0,20
rb1805,20170711,20170710,210849500,3141.0,730,82126,22906820.0,3142.0,13,3141.0,2
rb1805,20170711,20170710,210850000,3141.0,730,82126,22906820.0,3142.0,13,3141.0,10
rb1805,20170711,20170710,210852500,3141.0,730,82126,22906820.0,3142.0,13,3141.0,13
rb1805,20170711,20170710,210853000,3141.0,730,82126,22906820.0,3142.0,14,3141.0,16
rb1805,20170711,20170710,210853500,3141.0,730,82126,22906820.0,3142.0,14,3141.0,16
rb1805,20170711,20170710,210855000,3141.0,730,82126,22906820.0,3142.0,14,3141.0,16
rb1805,20170711,20170710,210856000,3141.0,730,82126,22906820.0,3142.0,14,3141.0,16
rb1805,20170711,20170710,210857000,3141.0,730,82126,22906820.0,3142.0,14,3141.0,6
rb1805,20170711,20170710,210859000,3141.0,730,82126,22906820.0,3142.0,15,3141.0,6
rb1805,20170711,20170710,210902000,3141.0,732,82128,22969640.0,3142.0,15,3141.0,5
rb1805,20170711,20170710,210902500,3142.0,734,82128,23032480.0,3142.0,14,3141.0,5
rb1805,20170711,20170710,210903000,3142.0,738,82130,23158160.0,3142.0,12,3141.0,5
rb1805,20170711,20170710,210904500,3142.0,738,82130,23158160.0,3142.0,12,3141.0,5
rb1805,20170711,20170710,210905500,3142.0,738,82130,23158160.0,3142.0,12,3141.0,6
rb1805,20170711,20170710,210906500,3141.0,742,82130,23283800.0,3142.0,12,3141.0,4
rb1805,20170711,20170710,210908500,3141.0,746,82130,23409440.0,3142.0,12,3141.0,2
rb1805,20170711,20170710,210909000,3142.0,748,82130,23472280.0,3142.0,11,3141.0,2
rb1805,20170711,20170710,210909500,3141.0,752,82130,23597920.0,3141.0,18,3140.0,17
rb1805,20170711,20170710,210910000,3141.0,754,82130,23660740.0,3141.0,17,3140.0,19
rb1805,20170711,20170710,210911000,3141.0,754,82130,23660740.0,3141.0,17,3140.0,19
rb1805,20170711,20170710,210911500,3141.0,754,82130,23660740.0,3141.0,17,3140.0,18
rb1805,20170711,20170710,210912000,3141.0,766,82124,24037660.0,3141.0,11,3140.0,12
rb1805,20170711,20170710,210912500,3141.0,778,82120,24414580.0,3141.0,5,3140.0,17
rb1805,20170711,20170710,210913000,3141.0,778,82120,24414580.0,3141.0,5,3140.0,17
rb1805,20170711,20170710,210914000,3141.0,778,82120,24414580.0,3141.0,5,3140.0,17
rb1805,20170711,20170710,210914500,3141.0,788,82110,24728680.0,3142.0,11,3141.0,15
rb1805,20170711,20170710,210915500,3141.0,790,82108,24791500.0,3142.0,11,3141.0,14
rb1805,20170711,20170710,210917000,3142.0,814,82084,25545540.0,3142.0,1,3141.0,16
rb1805,20170711,20170710,210917500,3142.0,814,82084,25545540.0,3142.0,1,3141.0,21
rb1805,20170711,20170710,210918000,3141.0,818,82080,25671180.0,3142.0,1,3141.0,18
rb1805,20170711,20170710,210918500,3141.0,818,82080,25671180.0,3142.0,1,3141.0,19
rb1805,20170711,20170710,210919000,3141.0,822,82076,25796820.0,3142.0,1,3141.0,17
rb1805,20170711,20170710,210919500,3141.0,822,82076,25796820.0,3142.0,1,3141.0,17
rb1805,20170711,20170710,210920000,3141.0,826,82072,25922460.0,3142.0,1,3141.0,15
rb1805,20170711,20170710,210922000,3141.0,836,82062,26236560.0,3142.0,1,3141.0,10
rb1805,20170711,20170710,210923000,3141.0,840,82060,26362200.0,3142.0,1,3141.0,8
rb1805,20170711,20170710,210923500,3141.0,840,82060,26362200.0,3142.0,2,3141.0,8
rb1805,20170711,20170710,210924000,3141.0,846,82062,26550660.0,3142.0,2,3141.0,5
rb1805,20170711,20170710,210925500,3141.0,850,82062,26676300.0,3142.0,2,3141.0,3
rb1805,20170711,20170710,210926000,3142.0,854,82062,26801980.0,3143.0,1,3141.0,3
rb1805,20170711,20170710,210927000,3142.0,854,82062,26801980.0,3143.0,1,3141.0,3
rb1805,20170711,20170710,210927500,3141.0,856,82062,26864800.0,3143.0,1,3141.0,7
rb1805,20170711,20170710,210929000,3141.0,858,82062,26927620.0,3143.0,1,3141.0,6
rb1805,20170711,20170710,210929500,3142.0,860,82062,26990460.0,3143.0,1,3142.0,3
rb1805,20170711,20170710,210930000,3142.0,860,82062,26990460.0,3143.0,1,3142.0,8
rb1805,20170711,20170710,210931000,3143.0,862,82062,27053320.0,3144.0,1,3142.0,8
rb1805,20170711,20170710,210931500,3143.0,862,82062,27053320.0,3144.0,1,3142.0,8
rb1805,20170711,20170710,210934000,3143.0,862,82062,27053320.0,3144.0,1,3142.0,8
rb1805,20170711,20170710,210935000,3143.0,862,82062,27053320.0,3144.0,1,3142.0,8
rb1805,20170711,20170710,210935500,3143.0,862,82062,27053320.0,3144.0,1,3142.0,8
rb1805,20170711,20170710,210936500,3143.0,862,82062,27053320.0,3143.0,3,3142.0,3
rb1805,20170711,20170710,210938000,3143.0,862,82062,27053320.0,3143.0,3,3142.0,3
rb1805,20170711,20170710,210939000,3143.0,862,82062,27053320.0,3144.0,6,3142.0,3
rb1805,20170711,20170710,210943500,3143.0,862,82062,27053320.0,3144.0,6,3142.0,3
rb1805,20170711,20170710,210944000,3143.0,862,82062,27053320.0,3144.0,6,3142.0,8
rb1805,20170711,20170710,210944500,3143.0,862,82062,27053320.0,3144.0,6,3142.0,12
rb1805,20170711,20170710,210945000,3143.0,862,82062,27053320.0,3144.0,6,3142.0,8
rb1805,20170711,20170710,210946500,3143.0,862,82062,27053320.0,3143.0,10,3142.0,8
rb1805,20170711,20170710,210947500,3143.0,862,82062,27053320.0,3143.0,10,3142.0,3
rb1805,20170711,20170710,210951000,3143.0,882,82042,27681920.0,3144.0,6,3143.0,10
rb1805,20170711,20170710,210951500,3143.0,882,82042,27681920.0,3144.0,1,3143.0,10
rb1805,20170711,20170710,210952000,3143.0,886,82040,27807640.0,3144.0,1,3143.0,8
rb1805,20170711,20170710,210953500,3143.0,886,82040,27807640.0,3144.0,1,3143.0,8
rb1805,20170711,20170710,210954000,3143.0,886,82040,27807640.0,3144.0,1,3143.0,8
rb1805,20170711,20170710,210954500,3143.0,886,82040,27807640.0,3144.0,1,3143.0,8
rb1805,20170711,20170710,210955000,3143.0,886,82040,27807640.0,3144.0,1,3143.0,13
rb1805,20170711,20170710,210956000,3143.0,886,82040,27807640.0,3144.0,1,3143.0,18
rb1805,20170711,20170710,210956500,3144.0,888,82038,27870520.0,3145.0,2,3143.0,20
rb1805,20170711,20170710,210957000,3144.0,888,82038,27870520.0,3145.0,2,3144.0,1
rb1805,20170711,20170710,210957500,3144.0,888,82038,27870520.0,3145.0,2,3144.0,1
rb1805,20170711,20170710,210958000,3144.0,888,82038,27870520.0,3145.0,2,3143.0,13
rb1805,20170711,20170710,210959000,3143.0,890,82036,27933380.0,3145.0,2,3143.0,12
rb1805,20170711,20170710,211000000,3143.0,890,82036,27933380.0,3145.0,2,3144.0,2
rb1805,20170711,20170710,211002000,3145.0,892,82036,27996280.0,3145.0,1,3144.0,2
rb1805,20170711,20170710,211002500,3145.0,894,82034,28059180.0,3146.0,1,3145.0,1
rb1805,20170711,20170710,211003000,3145.0,896,82032,28122080.0,3145.0,3,3144.0,2
rb1805,20170711,20170710,211004500,3145.0,896,82032,28122080.0,3145.0,3,3144.0,2
rb1805,20170711,20170710,211005500,3145.0,896,82032,28122080.0,3145.0,3,3144.0,2
rb1805,20170711,20170710,211006500,3145.0,896,82032,28122080.0,3145.0,3,3144.0,7
rb1805,20170711,20170710,211007500,3145.0,902,82032,28310780.0,3146.0,1,3144.0,7
rb1805,20170711,20170710,211008000,3145.0,902,82032,28310780.0,3145.0,3,3144.0,12
rb1805,20170711,20170710,211009000,3145.0,902,82032,28310780.0,3145.0,3,3144.0,5
rb1805,20170711,20170710,211011500,3144.0,904,82030,28373660.0,3145.0,3,3144.0,11
rb1805,20170711,20170710,211013000,3144.0,904,82030,28373660.0,3145.0,3,3144.0,12
rb1805,20170711,20170710,211014000,3144.0,904,82030,28373660.0,3146.0,1,3144.0,12
rb1805,20170711,20170710,211014500,3144.0,904,82030,28373660.0,3146.0,1,3144.0,12
rb1805,20170711,20170710,211015000,3144.0,904,82030,28373660.0,3146.0,1,3144.0,12
rb1805,20170711,20170710,211015500,3144.0,904,82030,28373660.0,3146.0,1,3144.0,17
rb1805,20170711,20170710,211016000,3144.0,904,82030,28373660.0,3146.0,1,3144.0,17
rb1805,20170711,20170710,211016500,3144.0,904,82030,28373660.0,3146.0,1,3144.0,17
rb1805,20170711,20170710,211017000,3144.0,904,82030,28373660.0,3146.0,1,3145.0,1
rb1805,20170711,20170710,211017500,3144.0,904,82030,28373660.0,3146.0,1,3145.0,1
rb1805,20170711,20170710,211019500,3144.0,904,82030,28373660.0,3146.0,1,3145.0,1
rb1805,20170711,20170710,211021000,3144.0,904,82030,28373660.0,3146.0,1,3145.0,1
rb1805,20170711,20170710,211021500,3144.0,904,82030,28373660.0,3146.0,1,3145.0,1
rb1805,20170711,20170710,211022000,3145.0,914,82030,28688160.0,3146.0,1,3145.0,3
rb1805,20170711,20170710,211023000,3145.0,920,82036,28876860.0,3146.0,1,3144.0,10
rb1805,20170711,20170710,211023500,3145.0,920,82036,28876860.0,3146.0,2,3144.0,10
rb1805,20170711,20170710,211024500,3145.0,920,82036,28876860.0,3146.0,4,3144.0,10
rb1805,20170711,20170710,211026000,3145.0,920,82036,28876860.0,3146.0,4,3145.0,20
rb1805,20170711,20170710,211027500,3145.0,926,82036,29065560.0,3146.0,4,3145.0,21
rb1805,20170711,20170710,211032000,3145.0,928,82034,29128460.0,3146.0,4,3145.0,20
rb1805,20170711,20170710,211034500,3145.0,928,82034,29128460.0,3146.0,4,3145.0,20
rb1805,20170711,20170710,211035000,3145.0,928,82034,29128460.0,3146.0,4,3145.0,22
rb1805,20170711,20170710,211036000,3145.0,934,82028,29317160.0,3146.0,4,3145.0,19
rb1805,20170711,20170710,211036500,3145.0,934,82028,29317160.0,3146.0,4,3145.0,19
rb1805,20170711,20170710,211037000,3145.0,934,82028,29317160.0,3146.0,5,3145.0,6
rb1805,20170711,20170710,211039000,3145.0,934,82028,29317160.0,3146.0,5,3145.0,6
rb1805,20170711,20170710,211039500,3145.0,934,82028,29317160.0,3146.0,5,3145.0,6
rb1805,20170711,20170710,211040500,3145.0,942,82028,29568760.0,3146.0,6,3145.0,2
rb1805,20170711,20170710,211041000,3145.0,942,82028,29568760.0,3146.0,5,3145.0,2
rb1805,20170711,20170710,211042000,3146.0,944,82028,29631680.0,3146.0,4,3145.0,2
rb1805,20170711,20170710,211042500,3146.0,944,82028,29631680.0,3146.0,4,3145.0,2
rb1805,20170711,20170710,211043000,3146.0,944,82028,29631680.0,3146.0,9,3145.0,2
rb1805,20170711,20170710,211045000,3146.0,944,82028,29631680.0,3146.0,10,3145.0,2
rb1805,20170711,20170710,211045500,3145.0,948,82032,29757480.0,3145.0,3,3144.0,11
rb1805,20170711,20170710,211046000,3145.0,948,82032,29757480.0,3146.0,10,3144.0,6
rb1805,20170711,20170710,211046500,3145.0,948,82032,29757480.0,3146.0,10,3144.0,6
rb1805,20170711,20170710,211047000,3145.0,948,82032,29757480.0,3145.0,1,3144.0,10
rb1805,20170711,20170710,211047500,3145.0,950,82032,29820380.0,3146.0,10,3144.0,10
rb1805,20170711,20170710,211048000,3145.0,950,82032,29820380.0,3145.0,5,3144.0,10
rb1805,20170711,20170710,211049500,3145.0,950,82032,29820380.0,3145.0,5,3144.0,6
rb1805,20170711,20170710,211050000,3145.0,950,82032,29820380.0,3145.0,5,3144.0,10
rb1805,20170711,20170710,211051000,3145.0,950,82032,29820380.0,3145.0,5,3144.0,10
rb1805,20170711,20170710,211051500,3145.0,950,82032,29820380.0,3145.0,5,3144.0,15
rb1805,20170711,20170710,211052000,3145.0,950,82032,29820380.0,3145.0,5,3144.0,11
rb1805,20170711,20170710,211052500,3145.0,952,82032,29883280.0,3145.0,4,3144.0,11
rb1805,20170711,20170710,211053000,3144.0,966,82034,30323440.0,3145.0,4,3144.0,2
rb1805,20170711,20170710,211053500,3144.0,966,82034,30323440.0,3145.0,5,3144.0,2
rb1805,20170711,20170710,211054000,3144.0,966,82034,30323440.0,3145.0,5,3144.0,3
rb1805,20170711,20170710,211054500,3144.0,966,82034,30323440.0,3145.0,10,3144.0,1
rb1805,20170711,20170710,211055000,3144.0,968,82036,30386320.0,3145.0,10,3144.0,2
rb1805,20170711,20170710,211055500,3144.0,968,82036,30386320.0,3145.0,10,3144.0,2
rb1805,20170711,20170710,211056000,3144.0,970,82034,30449200.0,3145.0,10,3144.0,1
rb1805,20170711,20170710,211057000,3144.0,970,82034,30449200.0,3145.0,10,3144.0,1
rb1805,20170711,20170710,211057500,3144.0,970,82034,30449200.0,3145.0,10,3144.0,1
rb1805,20170711,20170710,211058000,3145.0,972,82036,30512100.0,3145.0,9,3144.0,1
rb1805,20170711,20170710,211059000,3145.0,972,82036,30512100.0,3145.0,9,3144.0,6
rb1805,20170711,20170710,211059500,3145.0,972,82036,30512100.0,3145.0,9,3144.0,6
rb1805,20170711,20170710,211101000,3145.0,972,82036,30512100.0,3145.0,9,3144.0,6
rb1805,20170711,20170710,211102500,3145.0,972,82036,30512100.0,3145.0,9,3144.0,6
rb1805,20170711,20170710,211103500,3145.0,972,82036,30512100.0,3145.0,9,3144.0,6
rb1805,20170711,20170710,211104000,3145.0,972,82036,30512100.0,3145.0,9,3144.0,6
rb1805,20170711,20170710,211105000,3145.0,972,82036,30512100.0,3145.0,9,3144.0,6
rb1805,20170711,20170710,211105500,3145.0,972,82036,30512100.0,3145.0,11,3144.0,6
rb1805,20170711,20170710,211106500,3145.0,972,82036,30512100.0,3145.0,6,3144.0,6
rb1805,20170711,20170710,211107000,3145.0,974,82038,30575000.0,3145.0,5,3144.0,6
rb1805,20170711,20170710,211109000,3144.0,976,82036,30637880.0,3145.0,5,3144.0,5
rb1805,20170711,20170710,211110000,3144.0,976,82036,30637880.0,3145.0,5,3144.0,5
rb1805,20170711,20170710,211111000,3144.0,976,82036,30637880.0,3145.0,5,3144.0,6
rb1805,20170711,20170710,211111500,3144.0,976,82036,30637880.0,3145.0,5,3144.0,11
rb1805,20170711,20170710,211113500,3145.0,986,82036,30952380.0,3146.0,11,3145.0,17
rb1805,20170711,20170710,211114000,3145.0,986,82036,30952380.0,3146.0,6,3145.0,17
rb1805,20170711,20170710,211115000,3145.0,988,82036,31015280.0,3146.0,6,3145.0,16
rb1805,20170711,20170710,211115500,3145.0,990,82034,31078180.0,3146.0,6,3145.0,15
rb1805,20170711,20170710,211116500,3145.0,990,82034,31078180.0,3145.0,1,3144.0,11
rb1805,20170711,20170710,211117000,3145.0,990,82034,31078180.0,3145.0,1,3144.0,12
rb1805,20170711,20170710,211117500,3145.0,990,82034,31078180.0,3145.0,2,3144.0,12
rb1805,20170711,20170710,211118000,3145.0,990,82034,31078180.0,3145.0,2,3144.0,7
rb1805,20170711,20170710,211120000,3145.0,990,82034,31078180.0,3145.0,2,3144.0,7
rb1805,20170711,20170710,211122000,3145.0,990,82034,31078180.0,3145.0,3,3144.0,7
rb1805,20170711,20170710,211122500,3145.0,990,82034,31078180.0,3145.0,3,3144.0,7
rb1805,20170711,20170710,211127000,3145.0,990,82034,31078180.0,3145.0,3,3144.0,8
rb1805,20170711,20170710,211127500,3145.0,990,82034,31078180.0,3145.0,4,3144.0,8
rb1805,20170711,20170710,211128000,3145.0,990,82034,31078180.0,3145.0,6,3144.0,8
rb1805,20170711,20170710,211128500,3145.0,990,82034,31078180.0,3145.0,6,3144.0,8
rb1805,20170711,20170710,211129500,3145.0,990,82034,31078180.0,3145.0,6,3144.0,8
rb1805,20170711,20170710,211130000,3145.0,990,82034,31078180.0,3145.0,6,3144.0,8
rb1805,20170711,20170710,211131000,3145.0,990,82034,31078180.0,3145.0,6,3144.0,8
rb1805,20170711,20170710,211133000,3145.0,990,82034,31078180.0,3145.0,7,3144.0,8
rb1805,20170711,20170710,211133500,3145.0,990,82034,31078180.0,3145.0,7,3144.0,8
rb1805,20170711,20170710,211134000,3145.0,990,82034,31078180.0,3145.0,7,3144.0,8
rb1805,20170711,20170710,211135000,3144.0,994,82034,31203940.0,3145.0,7,3144.0,6
rb1805,20170711,20170710,211135500,3144.0,994,82034,31203940.0,3145.0,13,3144.0,6
rb1805,20170711,20170710,211136500,3144.0,998,82034,31329700.0,3145.0,13,3144.0,4
rb1805,20170711,20170710,211137000,3144.0,1002,82034,31455460.0,3145.0,13,3144.0,2
rb1805,20170711,20170710,211137500,3144.0,1002,82034,31455460.0,3145.0,12,3144.0,2
rb1805,20170711,20170710,211138000,3144.0,1006,82034,31581220.0,3145.0,12,3143.0,5
rb1805,20170711,20170710,211138500,3144.0,1006,82034,31581220.0,3145.0,12,3143.0,2
rb1805,20170711,20170710,211139500,3144.0,1006,82034,31581220.0,3145.0,12,3143.0,2
rb1805,20170711,20170710,211140000,3144.0,1006,82034,31581220.0,3145.0,12,3142.0,5
rb1805,20170711,20170710,211140500,3144.0,1006,82034,31581220.0,3145.0,12,3142.0,5
rb1805,20170711,20170710,211141000,3144.0,1006,82034,31581220.0,3145.0,13,3142.0,5
rb1805,20170711,20170710,211141500,3144.0,1006,82034,31581220.0,3144.0,2,3142.0,10
rb1805,20170711,20170710,211142000,3144.0,1006,82034,31581220.0,3144.0,2,3142.0,9
rb1805,20170711,20170710,211143000,3144.0,1006,82034,31581220.0,3144.0,2,3142.0,9
rb1805,20170711,20170710,211143500,3144.0,1006,82034,31581220.0,3144.0,2,3142.0,9
rb1805,20170711,20170710,211144000,3144.0,1006,82034,31581220.0,3144.0,2,3143.0,1
rb1805,20170711,20170710,211144500,3144.0,1006,82034,31581220.0,3144.0,2,3143.0,1
rb1805,20170711,20170710,211145500,3144.0,1006,82034,31581220.0,3144.0,3,3143.0,1
rb1805,20170711,20170710,211147000,3144.0,1006,82034,31581220.0,3144.0,3,3143.0,1
rb1805,20170711,20170710,211147500,3144.0,1006,82034,31581220.0,3144.0,3,3143.0,1
rb1805,20170711,20170710,211150000,3144.0,1006,82034,31581220.0,3144.0,3,3143.0,1
rb1805,20170711,20170710,211150500,3144.0,1006,82034,31581220.0,3144.0,3,3143.0,1
rb1805,20170711,20170710,211151500,3144.0,1006,82034,31581220.0,3144.0,3,3143.0,3
rb1805,20170711,20170710,211152000,3144.0,1006,82034,31581220.0,3144.0,3,3143.0,1
rb1805,20170711,20170710,211153500,3144.0,1006,82034,31581220.0,3144.0,3,3143.0,1
rb1805,20170711,20170710,211154500,3144.0,1006,82034,31581220.0,3144.0,3,3143.0,2
rb1805,20170711,20170710,211155000,3144.0,1006,82034,31581220.0,3144.0,3,3143.0,2
rb1805,20170711,20170710,211156500,3144.0,1006,82034,31581220.0,3144.0,3,3143.0,2
rb1805,20170711,20170710,211158000,3144.0,1006,82034,31581220.0,3144.0,5,3143.0,2
rb1805,20170711,20170710,211159000,3143.0,1008,82032,31644080.0,3144.0,5,3143.0,1
rb1805,20170711,20170710,211159500,3143.0,1008,82032,31644080.0,3144.0,5,3143.0,1
rb1805,20170711,20170710,211200000,3143.0,1008,82032,31644080.0,3144.0,5,3143.0,1
rb1805,20170711,20170710,211201000,3143.0,1008,82032,31644080.0,3144.0,5,3143.0,1
rb1805,20170711,20170710,211201500,3143.0,1008,82032,31644080.0,3144.0,5,3143.0,1
rb1805,20170711,20170710,211203000,3143.0,1008,82032,31644080.0,3144.0,5,3143.0,1
rb1805,20170711,20170710,211203500,3143.0,1008,82032,31644080.0,3144.0,5,3143.0,1
rb1805,20170711,20170710,211206000,3143.0,1008,82032,31644080.0,3144.0,5,3143.0,1
rb1805,20170711,20170710,211206500,3143.0,1008,82032,31644080.0,3144.0,5,3143.0,1
rb1805,20170711,20170710,211207000,3143.0,1010,82030,31706940.0,3143.0,1,3142.0,10
rb1805,20170711,20170710,211207500,3143.0,1010,82030,31706940.0,3143.0,1,3142.0,11
rb1805,20170711,20170710,211208500,3143.0,1010,82030,31706940.0,3143.0,1,3142.0,13
rb1805,20170711,20170710,211209000,3143.0,1018,82022,31958380.0,3143.0,2,3142.0,13
rb1805,20170711,20170710,211210000,3143.0,1018,82022,31958380.0,3143.0,2,3142.0,13
rb1805,20170711,20170710,211211000,3143.0,1018,82022,31958380.0,3143.0,2,3142.0,13
rb1805,20170711,20170710,211212000,3143.0,1018,82022,31958380.0,3143.0,2,3142.0,13
rb1805,20170711,20170710,211214500,3143.0,1018,82022,31958380.0,3143.0,2,3142.0,13
rb1805,20170711,20170710,211215000,3143.0,1018,82022,31958380.0,3143.0,2,3142.0,13
rb1805,20170711,20170710,211215500,3143.0,1018,82022,31958380.0,3143.0,2,3142.0,13
rb1805,20170711,20170710,211216500,3142.0,1020,82022,32021220.0,3143.0,2,3142.0,12
rb1805,20170711,20170710,211217000,3142.0,1022,82022,32084060.0,3143.0,2,3142.0,11
rb1805,20170711,20170710,211217500,3142.0,1022,82022,32084060.0,3143.0,2,3142.0,5
rb1805,20170711,20170710,211218000,3142.0,1022,82022,32084060.0,3143.0,2,3142.0,5
rb1805,20170711,20170710,211218500,3142.0,1022,82022,32084060.0,3144.0,10,3142.0,5
rb1805,20170711,20170710,211219500,3142.0,1022,82022,32084060.0,3144.0,10,3142.0,5
rb1805,20170711,20170710,211221000,3142.0,1022,82022,32084060.0,3143.0,1,3142.0,5
rb1805,20170711,20170710,211222000,3142.0,1022,82022,32084060.0,3143.0,1,3142.0,5
rb1805,20170711,20170710,211222500,3143.0,1024,82024,32146920.0,3143.0,1,3142.0,5
rb1805,20170711,20170710,211223500,3143.0,1024,82024,32146920.0,3143.0,1,3142.0,5
rb1805,20170711,20170710,211224000,3143.0,1024,82024,32146920.0,3143.0,1,3142.0,5
rb1805,20170711,20170710,211226500,3142.0,1026,82026,32209760.0,3143.0,1,3142.0,4
rb1805,20170711,20170710,211227000,3142.0,1026,82026,32209760.0,3143.0,1,3142.0,4
rb1805,20170711,20170710,211229000,3142.0,1026,82026,32209760.0,3143.0,2,3142.0,4
rb1805,20170711,20170710,211230000,3142.0,1026,82026,32209760.0,3143.0,2,3142.0,4
rb1805,20170711,20170710,211233000,3143.0,1030,82024,32335480.0,3144.0,10,3143.0,22
rb1805,20170711,20170710,211233500,3143.0,1030,82024,32335480.0,3144.0,10,3143.0,22
rb1805,20170711,20170710,211234500,3143.0,1030,82024,32335480.0,3144.0,10,3143.0,22
rb1805,20170711,20170710,211238000,3143.0,1030,82024,32335480.0,3144.0,10,3143.0,22
rb1805,20170711,20170710,211238500,3143.0,1030,82024,32335480.0,3144.0,10,3143.0,24
rb1805,20170711,20170710,211239000,3143.0,1030,82024,32335480.0,3144.0,11,3143.0,24
rb1805,20170711,20170710,211240000,3143.0,1030,82024,32335480.0,3144.0,13,3143.0,24
rb1805,20170711,20170710,211242500,3143.0,1032,82024,32398340.0,3144.0,13,3143.0,23
rb1805,20170711,20170710,211243500,3143.0,1032,82024,32398340.0,3144.0,13,3143.0,23
rb1805,20170711,20170710,211244500,3143.0,1032,82024,32398340.0,3144.0,13,3143.0,23
rb1805,20170711,20170710,211245500,3143.0,1032,82024,32398340.0,3144.0,13,3143.0,23
rb1805,20170711,20170710,211246500,3144.0,1036,82024,32524100.0,3144.0,11,3143.0,23
rb1805,20170711,20170710,211247000,3144.0,1036,82024,32524100.0,3144.0,9,3143.0,23
rb1805,20170711,20170710,211247500,3144.0,1038,82024,32586980.0,3144.0,8,3143.0,23
rb1805,20170711,20170710,211250500,3144.0,1038,82024,32586980.0,3144.0,8,3143.0,23
rb1805,20170711,20170710,211251000,3144.0,1038,82024,32586980.0,3144.0,8,3143.0,23
rb1805,20170711,20170710,211251500,3144.0,1040,82026,32649860.0,3144.0,7,3143.0,23
rb1805,20170711,20170710,211253500,3144.0,1040,82026,32649860.0,3144.0,25,3143.0,23
rb1805,20170711,20170710,211255500,3144.0,1040,82026,32649860.0,3144.0,26,3143.0,23
rb1805,20170711,20170710,211257000,3144.0,1040,82026,32649860.0,3144.0,28,3143.0,23
rb1805,20170711,20170710,211258000,3144.0,1040,82026,32649860.0,3144.0,29,3143.0,23
rb1805,20170711,20170710,211258500,3144.0,1040,82026,32649860.0,3144.0,34,3143.0,23
rb1805,20170711,20170710,211259000,3144.0,1040,82026,32649860.0,3144.0,32,3143.0,23
rb1805,20170711,20170710,211259500,3144.0,1040,82026,32649860.0,3144.0,32,3143.0,2
rb1805,20170711,20170710,211300000,3144.0,1040,82026,32649860.0,3144.0,32,3143.0,2
rb1805,20170711,20170710,211301500,3144.0,1048,82028,32901380.0,3144.0,28,3143.0,2
rb1805,20170711,20170710,211305000,3144.0,1048,82028,32901380.0,3144.0,28,3143.0,2
rb1805,20170711,20170710,211306500,3144.0,1048,82028,32901380.0,3144.0,28,3143.0,2
rb1805,20170711,20170710,211307500,3144.0,1050,82028,32964260.0,3144.0,27,3143.0,3
rb1805,20170711,20170710,211308000,3144.0,1050,82028,32964260.0,3144.0,27,3143.0,3
rb1805,20170711,20170710,211310500,3144.0,1050,82028,32964260.0,3144.0,27,3142.0,2
rb1805,20170711,20170710,211311000,3144.0,1050,82028,32964260.0,3143.0,10,3142.0,7
rb1805,20170711,20170710,211311500,3143.0,1058,82036,33215700.0,3143.0,7,3142.0,7
rb1805,20170711,20170710,211312000,3143.0,1072,82036,33655720.0,3144.0,27,3143.0,1
rb1805,20170711,20170710,211312500,3143.0,1072,82036,33655720.0,3144.0,27,3143.0,1
rb1805,20170711,20170710,211313000,3143.0,1072,82036,33655720.0,3144.0,27,3142.0,11
rb1805,20170711,20170710,211313500,3143.0,1072,82036,33655720.0,3144.0,27,3142.0,13
rb1805,20170711,20170710,211314000,3143.0,1072,82036,33655720.0,3144.0,27,3143.0,24
rb1805,20170711,20170710,211314500,3143.0,1072,82036,33655720.0,3144.0,27,3143.0,24
rb1805,20170711,20170710,211317000,3143.0,1072,82036,33655720.0,3144.0,27,3143.0,24
rb1805,20170711,20170710,211317500,3143.0,1072,82036,33655720.0,3144.0,27,3143.0,23
rb1805,20170711,20170710,211318000,3143.0,1072,82036,33655720.0,3144.0,27,3143.0,23
rb1805,20170711,20170710,211320000,3143.0,1072,82036,33655720.0,3144.0,27,3143.0,23
rb1805,20170711,20170710,211321000,3143.0,1072,82036,33655720.0,3144.0,27,3143.0,28
rb1805,20170711,20170710,211321500,3143.0,1072,82036,33655720.0,3144.0,27,3143.0,29
rb1805,20170711,20170710,211322000,3143.0,1072,82036,33655720.0,3144.0,27,3143.0,29
rb1805,20170711,20170710,211323000,3143.0,1072,82036,33655720.0,3144.0,32,3143.0,29
rb1805,20170711,20170710,211323500,3143.0,1072,82036,33655720.0,3144.0,32,3143.0,33
rb1805,20170711,20170710,211325500,3143.0,1072,82036,33655720.0,3144.0,32,3143.0,31
rb1805,20170711,20170710,211327000,3143.0,1072,82036,33655720.0,3144.0,32,3143.0,35
rb1805,20170711,20170710,211328000,3143.0,1072,82036,33655720.0,3144.0,27,3143.0,35
rb1805,20170711,20170710,211328500,3143.0,1072,82036,33655720.0,3144.0,27,3143.0,35
rb1805,20170711,20170710,211329000,3143.0,1072,82036,33655720.0,3144.0,27,3143.0,33
rb1805,20170711,20170710,211331500,3143.0,1072,82036,33655720.0,3144.0,27,3143.0,29
rb1805,20170711,20170710,211332000,3143.0,1072,82036,33655720.0,3144.0,27,3143.0,29
rb1805,20170711,20170710,211333500,3143.0,1072,82036,33655720.0,3144.0,27,3143.0,8
rb1805,20170711,20170710,211334500,3143.0,1072,82036,33655720.0,3144.0,27,3143.0,8
rb1805,20170711,20170710,211336000,3143.0,1072,82036,33655720.0,3144.0,32,3143.0,8
rb1805,20170711,20170710,211339000,3143.0,1076,82040,33781440.0,3144.0,32,3143.0,6
rb1805,20170711,20170710,211340000,3143.0,1076,82040,33781440.0,3144.0,32,3143.0,6
rb1805,20170711,20170710,211340500,3143.0,1090,82054,34221460.0,3144.0,32,3142.0,7
rb1805,20170711,20170710,211341000,3143.0,1090,82054,34221460.0,3144.0,32,3142.0,2
rb1805,20170711,20170710,211341500,3143.0,1090,82054,34221460.0,3144.0,32,3142.0,2
rb1805,20170711,20170710,211342000,3143.0,1090,82054,34221460.0,3143.0,1,3142.0,2
rb1805,20170711,20170710,211342500,3143.0,1090,82054,34221460.0,3143.0,1,3142.0,2
rb1805,20170711,20170710,211343000,3143.0,1090,82054,34221460.0,3143.0,2,3142.0,2
rb1805,20170711,20170710,211344000,3143.0,1090,82054,34221460.0,3143.0,4,3142.0,2
rb1805,20170711,20170710,211344500,3143.0,1090,82054,34221460.0,3143.0,7,3142.0,2
rb1805,20170711,20170710,211345000,3143.0,1090,82054,34221460.0,3143.0,7,3142.0,2
rb1805,20170711,20170710,211346000,3142.0,1094,82056,34347140.0,3142.0,10,3141.0,6
rb1805,20170711,20170710,211346500,3142.0,1094,82056,34347140.0,3143.0,7,3141.0,1
rb1805,20170711,20170710,211347000,3143.0,1098,82052,34472860.0,3143.0,5,3142.0,3
rb1805,20170711,20170710,211347500,3142.0,1104,82052,34661380.0,3142.0,5,3141.0,1
rb1805,20170711,20170710,211348000,3142.0,1104,82052,34661380.0,3142.0,11,3141.0,1
rb1805,20170711,20170710,211348500,3142.0,1104,82052,34661380.0,3142.0,6,3141.0,1
rb1805,20170711,20170710,211349500,3142.0,1104,82052,34661380.0,3142.0,6,3141.0,1
rb1805,20170711,20170710,211350500,3142.0,1104,82052,34661380.0,3143.0,10,3141.0,1
rb1805,20170711,20170710,211351000,3141.0,1106,82052,34724200.0,3141.0,4,3140.0,6
rb1805,20170711,20170710,211351500,3141.0,1110,82050,34849840.0,3143.0,10,3140.0,5
rb1805,20170711,20170710,211356500,3141.0,1110,82050,34849840.0,3143.0,11,3140.0,5
rb1805,20170711,20170710,211357000,3141.0,1110,82050,34849840.0,3143.0,11,3140.0,5
rb1805,20170711,20170710,211358500,3143.0,1112,82050,34912700.0,3143.0,10,3140.0,6
rb1805,20170711,20170710,211401500,3143.0,1112,82050,34912700.0,3142.0,1,3140.0,6
rb1805,20170711,20170710,211402000,3143.0,1112,82050,34912700.0,3142.0,6,3140.0,6
rb1805,20170711,20170710,211402500,3143.0,1112,82050,34912700.0,3142.0,6,3140.0,6
rb1805,20170711,20170710,211403500,3143.0,1112,82050,34912700.0,3142.0,6,3141.0,1
rb1805,20170711,20170710,211404000,3141.0,1114,82050,34975520.0,3141.0,2,3140.0,6
rb1805,20170711,20170710,211404500,3141.0,1114,82050,34975520.0,3142.0,6,3140.0,6
rb1805,20170711,20170710,211405000,3142.0,1116,82050,35038360.0,3142.0,5,3140.0,6
rb1805,20170711,20170710,211407000,3142.0,1116,82050,35038360.0,3142.0,6,3140.0,6
rb1805,20170711,20170710,211408500,3140.0,1118,82048,35101160.0,3142.0,6,3140.0,5
rb1805,20170711,20170710,211409000,3140.0,1120,82050,35163960.0,3141.0,2,3140.0,4
rb1805,20170711,20170710,211409500,3140.0,1120,82050,35163960.0,3141.0,7,3140.0,4
rb1805,20170711,20170710,211410000,3140.0,1124,82046,35289560.0,3141.0,7,3140.0,2
rb1805,20170711,20170710,211410500,3140.0,1124,82046,35289560.0,3141.0,8,3140.0,3
rb1805,20170711,20170710,211411500,3140.0,1130,82050,35477960.0,3140.0,9,3139.0,2
rb1805,20170711,20170710,211412000,3139.0,1134,82048,35603520.0,3140.0,16,3138.0,9
rb1805,20170711,20170710,211412500,3139.0,1134,82048,35603520.0,3140.0,11,3138.0,9
rb1805,20170711,20170710,211413500,3139.0,1134,82048,35603520.0,3140.0,11,3138.0,14
rb1805,20170711,20170710,211414000,3139.0,1134,82048,35603520.0,3140.0,9,3138.0,13
rb1805,20170711,20170710,211414500,3139.0,1134,82048,35603520.0,3140.0,9,3138.0,13
rb1805,20170711,20170710,211416500,3139.0,1134,82048,35603520.0,3140.0,10,3138.0,13
rb1805,20170711,20170710,211417000,3139.0,1134,82048,35603520.0,3140.0,15,3138.0,8
rb1805,20170711,20170710,211418000,3139.0,1134,82048,35603520.0,3140.0,15,3138.0,13
rb1805,20170711,20170710,211420500,3139.0,1134,82048,35603520.0,3140.0,10,3138.0,14
rb1805,20170711,20170710,211421000,3139.0,1134,82048,35603520.0,3140.0,10,3138.0,14
rb1805,20170711,20170710,211422500,3139.0,1134,82048,35603520.0,3140.0,10,3138.0,14
rb1805,20170711,20170710,211423500,3139.0,1134,82048,35603520.0,3140.0,10,3138.0,14
rb1805,20170711,20170710,211424000,3138.0,1144,82046,35917320.0,3140.0,10,3138.0,8
rb1805,20170711,20170710,211424500,3138.0,1146,82044,35980080.0,3140.0,10,3138.0,8
rb1805,20170711,20170710,211427000,3138.0,1146,82044,35980080.0,3140.0,10,3138.0,8
rb1805,20170711,20170710,211428000,3138.0,1146,82044,35980080.0,3140.0,15,3138.0,8
rb1805,20170711,20170710,211428500,3138.0,1146,82044,35980080.0,3140.0,16,3138.0,8
rb1805,20170711,20170710,211429000,3138.0,1146,82044,35980080.0,3140.0,15,3138.0,8
rb1805,20170711,20170710,211430000,3138.0,1146,82044,35980080.0,3140.0,20,3138.0,3
rb1805,20170711,20170710,211430500,3138.0,1146,82044,35980080.0,3140.0,21,3138.0,3
rb1805,20170711,20170710,211431000,3138.0,1146,82044,35980080.0,3140.0,21,3138.0,3
rb1805,20170711,20170710,211431500,3138.0,1152,82044,36168360.0,3138.0,1,3136.0,21
rb1805,20170711,20170710,211432000,3138.0,1152,82044,36168360.0,3138.0,6,3137.0,5
rb1805,20170711,20170710,211432500,3138.0,1152,82044,36168360.0,3138.0,1,3137.0,5
rb1805,20170711,20170710,211433000,3138.0,1154,82042,36231120.0,3140.0,21,3138.0,1
rb1805,20170711,20170710,211433500,3138.0,1154,82042,36231120.0,3140.0,21,3137.0,2
rb1805,20170711,20170710,211434500,3138.0,1154,82042,36231120.0,3140.0,21,3137.0,7
rb1805,20170711,20170710,211435000,3138.0,1154,82042,36231120.0,3139.0,6,3137.0,7
rb1805,20170711,20170710,211436000,3138.0,1154,82042,36231120.0,3139.0,6,3137.0,8
rb1805,20170711,20170710,211437500,3138.0,1154,82042,36231120.0,3139.0,6,3137.0,8
rb1805,20170711,20170710,211438500,3138.0,1154,82042,36231120.0,3139.0,6,3137.0,7
rb1805,20170711,20170710,211440500,3137.0,1164,82036,36544820.0,3139.0,6,3137.0,2
rb1805,20170711,20170710,211441000,3137.0,1164,82036,36544820.0,3139.0,6,3138.0,1
rb1805,20170711,20170710,211441500,3138.0,1166,82036,36607580.0,3138.0,16,3137.0,2
rb1805,20170711,20170710,211442000,3138.0,1166,82036,36607580.0,3138.0,7,3135.0,3
rb1805,20170711,20170710,211442500,3138.0,1166,82036,36607580.0,3138.0,12,3137.0,3
rb1805,20170711,20170710,211443000,3138.0,1166,82036,36607580.0,3138.0,12,3137.0,3
rb1805,20170711,20170710,211443500,3138.0,1166,82036,36607580.0,3138.0,12,3137.0,3
rb1805,20170711,20170710,211444000,3137.0,1174,82030,36858540.0,3137.0,8,3135.0,5
rb1805,20170711,20170710,211444500,3137.0,1180,82030,37046760.0,3138.0,6,3135.0,5
rb1805,20170711,20170710,211445000,3137.0,1182,82030,37109500.0,3138.0,6,3135.0,5
rb1805,20170711,20170710,211446500,3137.0,1182,82030,37109500.0,3138.0,6,3135.0,4
rb1805,20170711,20170710,211447000,3137.0,1182,82030,37109500.0,3137.0,2,3135.0,2
rb1805,20170711,20170710,211447500,3137.0,1182,82030,37109500.0,3137.0,2,3136.0,1
rb1805,20170711,20170710,211448000,3137.0,1182,82030,37109500.0,3137.0,2,3136.0,1
rb1805,20170711,20170710,211448500,3136.0,1184,82032,37172220.0,3136.0,4,3135.0,2
rb1805,20170711,20170710,211449000,3134.0,1224,82032,38425860.0,3136.0,1,3134.0,2
rb1805,20170711,20170710,211449500,3134.0,1226,82032,38488540.0,3136.0,1,3134.0,1
rb1805,20170711,20170710,211450500,3134.0,1226,82032,38488540.0,3136.0,4,3134.0,1
rb1805,20170711,20170710,211451000,3134.0,1226,82032,38488540.0,3137.0,2,3134.0,1
rb1805,20170711,20170710,211451500,3134.0,1226,82032,38488540.0,3137.0,7,3134.0,3
rb1805,20170711,20170710,211452000,3134.0,1226,82032,38488540.0,3137.0,7,3134.0,3
rb1805,20170711,20170710,211452500,3134.0,1226,82032,38488540.0,3136.0,1,3134.0,3
rb1805,20170711,20170710,211453000,3134.0,1226,82032,38488540.0,3136.0,1,3134.0,3
rb1805,20170711,20170710,211454000,3134.0,1226,82032,38488540.0,3136.0,2,3134.0,3
rb1805,20170711,20170710,211454500,3134.0,1226,82032,38488540.0,3136.0,2,3134.0,3
rb1805,20170711,20170710,211456500,3136.0,1230,82034,38613980.0,3137.0,7,3136.0,1
rb1805,20170711,20170710,211457000,3136.0,1232,82036,38676700.0,3137.0,2,3134.0,4
rb1805,20170711,20170710,211457500,3136.0,1232,82036,38676700.0,3137.0,7,3134.0,9
rb1805,20170711,20170710,211458000,3136.0,1232,82036,38676700.0,3137.0,7,3134.0,4
rb1805,20170711,20170710,211458500,3136.0,1232,82036,38676700.0,3137.0,7,3134.0,5
rb1805,20170711,20170710,211459000,3136.0,1232,82036,38676700.0,3137.0,7,3134.0,3
rb1805,20170711,20170710,211500000,3136.0,1232,82036,38676700.0,3137.0,7,3134.0,4
rb1805,20170711,20170710,211500500,3136.0,1232,82036,38676700.0,3137.0,7,3134.0,2
rb1805,20170711,20170710,211501000,3136.0,1232,82036,38676700.0,3137.0,7,3134.0,2
rb1805,20170711,20170710,211504000,3136.0,1232,82036,38676700.0,3137.0,7,3134.0,5
rb1805,20170711,20170710,211504500,3136.0,1232,82036,38676700.0,3137.0,7,3134.0,5
rb1805,20170711,20170710,211506000,3136.0,1232,82036,38676700.0,3137.0,7,3134.0,5
rb1805,20170711,20170710,211511500,3136.0,1232,82036,38676700.0,3137.0,7,3134.0,5
rb1805,20170711,20170710,211512500,3136.0,1232,82036,38676700.0,3137.0,7,3135.0,1
rb1805,20170711,20170710,211514500,3136.0,1232,82036,38676700.0,3137.0,7,3135.0,1
rb1805,20170711,20170710,211517000,3136.0,1232,82036,38676700.0,3137.0,7,3135.0,1
rb1805,20170711,20170710,211518000,3136.0,1232,82036,38676700.0,3137.0,7,3135.0,3
rb1805,20170711,20170710,211518500,3136.0,1232,82036,38676700.0,3137.0,7,3135.0,3
rb1805,20170711,20170710,211519000,3136.0,1232,82036,38676700.0,3137.0,7,3135.0,1
rb1805,20170711,20170710,211520000,3136.0,1232,82036,38676700.0,3137.0,7,3135.0,1
rb1805,20170711,20170710,211521000,3136.0,1232,82036,38676700.0,3137.0,7,3135.0,1
rb1805,20170711,20170710,211521500,3136.0,1232,82036,38676700.0,3137.0,5,3136.0,1
rb1805,20170711,20170710,211522000,3136.0,1232,82036,38676700.0,3137.0,5,3136.0,1
rb1805,20170711,20170710,211522500,3137.0,1236,82036,38802160.0,3137.0,4,3135.0,1
rb1805,20170711,20170710,211523000,3137.0,1236,82036,38802160.0,3137.0,4,3135.0,2
rb1805,20170711,20170710,211527500,3137.0,1236,82036,38802160.0,3137.0,4,3135.0,7
rb1805,20170711,20170710,211528000,3137.0,1236,82036,38802160.0,3137.0,4,3135.0,9
rb1805,20170711,20170710,211529000,3137.0,1238,82038,38864900.0,3137.0,3,3135.0,9
rb1805,20170711,20170710,211529500,3137.0,1238,82038,38864900.0,3137.0,3,3135.0,9
rb1805,20170711,20170710,211531000,3137.0,1238,82038,38864900.0,3138.0,5,3135.0,12
rb1805,20170711,20170710,211531500,3137.0,1238,82038,38864900.0,3138.0,5,3135.0,9
rb1805,20170711,20170710,211532000,3137.0,1238,82038,38864900.0,3138.0,5,3137.0,1
rb1805,20170711,20170710,211532500,3137.0,1238,82038,38864900.0,3139.0,11,3137.0,1
rb1805,20170711,20170710,211533000,3137.0,1238,82038,38864900.0,3139.0,9,3137.0,1
rb1805,20170711,20170710,211533500,3137.0,1238,82038,38864900.0,3139.0,9,3137.0,7
rb1805,20170711,20170710,211534000,3137.0,1238,82038,38864900.0,3139.0,19,3137.0,7
rb1805,20170711,20170710,211535000,3137.0,1238,82038,38864900.0,3139.0,9,3137.0,7
rb1805,20170711,20170710,211535500,3137.0,1238,82038,38864900.0,3139.0,9,3137.0,6
rb1805,20170711,20170710,211536000,3137.0,1238,82038,38864900.0,3139.0,14,3137.0,1
rb1805,20170711,20170710,211537500,3139.0,1240,82040,38927680.0,3139.0,13,3137.0,1
rb1805,20170711,20170710,211538000,3139.0,1240,82040,38927680.0,3139.0,13,3137.0,1
rb1805,20170711,20170710,211539500,3139.0,1240,82040,38927680.0,3138.0,5,3137.0,1
rb1805,20170711,20170710,211540500,3137.0,1242,82042,38990420.0,3137.0,4,3136.0,1
rb1805,20170711,20170710,211541000,3137.0,1244,82040,39053160.0,3138.0,5,3136.0,1
rb1805,20170711,20170710,211541500,3137.0,1244,82040,39053160.0,3137.0,3,3136.0,1
rb1805,20170711,20170710,211542000,3137.0,1244,82040,39053160.0,3138.0,5,3137.0,5
rb1805,20170711,20170710,211543000,3138.0,1246,82040,39115920.0,3138.0,4,3137.0,5
rb1805,20170711,20170710,211544000,3138.0,1246,82040,39115920.0,3138.0,4,3137.0,5
rb1805,20170711,20170710,211544500,3138.0,1246,82040,39115920.0,3138.0,4,3137.0,5
rb1805,20170711,20170710,211545500,3138.0,1246,82040,39115920.0,3138.0,4,3137.0,5
rb1805,20170711,20170710,211548500,3138.0,1246,82040,39115920.0,3138.0,4,3137.0,6
rb1805,20170711,20170710,211549000,3138.0,1246,82040,39115920.0,3138.0,4,3137.0,6
rb1805,20170711,20170710,211550000,3138.0,1256,82038,39429640.0,3138.0,3,3137.0,2
rb1805,20170711,20170710,211550500,3138.0,1256,82038,39429640.0,3138.0,3,3137.0,2
rb1805,20170711,20170710,211552500,3138.0,1256,82038,39429640.0,3138.0,3,3137.0,1
rb1805,20170711,20170710,211554000,3138.0,1256,82038,39429640.0,3138.0,3,3137.0,1
rb1805,20170711,20170710,211555000,3137.0,1258,82040,39492380.0,3138.0,3,3136.0,3
rb1805,20170711,20170710,211555500,3138.0,1260,82040,39555140.0,3138.0,2,3136.0,3
rb1805,20170711,20170710,211559000,3138.0,1262,82040,39617900.0,3138.0,5,3136.0,3
rb1805,20170711,20170710,211559500,3138.0,1262,82040,39617900.0,3138.0,1,3136.0,3
rb1805,20170711,20170710,211602500,3138.0,1262,82040,39617900.0,3138.0,1,3136.0,12
rb1805,20170711,20170710,211605500,3138.0,1262,82040,39617900.0,3138.0,2,3136.0,12
rb1805,20170711,20170710,211606500,3138.0,1262,82040,39617900.0,3138.0,2,3137.0,1
rb1805,20170711,20170710,211607000,3138.0,1262,82040,39617900.0,3138.0,2,3137.0,1
rb1805,20170711,20170710,211608000,3138.0,1262,82040,39617900.0,3138.0,2,3137.0,1
rb1805,20170711,20170710,211611000,3138.0,1264,82040,39680660.0,3138.0,1,3137.0,1
rb1805,20170711,20170710,211612500,3138.0,1266,82042,39743420.0,3139.0,13,3138.0,4
rb1805,20170711,20170710,211613000,3138.0,1268,82042,39806180.0,3139.0,8,3138.0,3
rb1805,20170711,20170710,211617000,3138.0,1268,82042,39806180.0,3139.0,8,3138.0,3
rb1805,20170711,20170710,211617500,3138.0,1268,82042,39806180.0,3139.0,8,3138.0,3
rb1805,20170711,20170710,211618000,3138.0,1270,82044,39868940.0,3139.0,8,3138.0,2
rb1805,20170711,20170710,211620000,3138.0,1272,82044,39931700.0,3139.0,8,3138.0,1
rb1805,20170711,20170710,211620500,3138.0,1272,82044,39931700.0,3139.0,8,3138.0,1
rb1805,20170711,20170710,211622500,3138.0,1272,82044,39931700.0,3139.0,8,3138.0,2
rb1805,20170711,20170710,211624000,3138.0,1272,82044,39931700.0,3139.0,8,3138.0,2
rb1805,20170711,20170710,211627500,3138.0,1272,82044,39931700.0,3139.0,8,3138.0,2
rb1805,20170711,20170710,211631500,3138.0,1272,82044,39931700.0,3139.0,8,3138.0,2
rb1805,20170711,20170710,211633000,3138.0,1272,82044,39931700.0,3139.0,5,3138.0,2
rb1805,20170711,20170710,211636000,3139.0,1274,82046,39994480.0,3139.0,4,3138.0,2
rb1805,20170711,20170710,211638000,3139.0,1274,82046,39994480.0,3139.0,4,3138.0,3
rb1805,20170711,20170710,211639500,3139.0,1276,82048,40057260.0,3139.0,3,3138.0,3
rb1805,20170711,20170710,211642500,3139.0,1276,82048,40057260.0,3139.0,3,3138.0,3
rb1805,20170711,20170710,211643000,3139.0,1276,82048,40057260.0,3139.0,3,3138.0,8
rb1805,20170711,20170710,211643500,3139.0,1282,82052,40245600.0,3140.0,34,3139.0,10
rb1805,20170711,20170710,211644000,3139.0,1282,82052,40245600.0,3140.0,34,3139.0,5
rb1805,20170711,20170710,211644500,3140.0,1308,82038,41062000.0,3140.0,21,3139.0,8
rb1805,20170711,20170710,211645000,3140.0,1308,82038,41062000.0,3140.0,21,3139.0,11
rb1805,20170711,20170710,211645500,3140.0,1318,82040,41376000.0,3140.0,16,3139.0,16
rb1805,20170711,20170710,211646000,3140.0,1336,82040,41941200.0,3140.0,7,3139.0,11
rb1805,20170711,20170710,211646500,3140.0,1336,82040,41941200.0,3140.0,7,3139.0,14
rb1805,20170711,20170710,211648000,3140.0,1336,82040,41941200.0,3140.0,7,3139.0,6
rb1805,20170711,20170710,211648500,3140.0,1350,82026,42380800.0,3142.0,2,3140.0,14
rb1805,20170711,20170710,211649000,3140.0,1350,82026,42380800.0,3142.0,2,3140.0,14
rb1805,20170711,20170710,211649500,3140.0,1350,82026,42380800.0,3143.0,4,3140.0,15
rb1805,20170711,20170710,211650000,3140.0,1350,82026,42380800.0,3142.0,2,3140.0,6
rb1805,20170711,20170710,211650500,3140.0,1350,82026,42380800.0,3142.0,2,3140.0,6
rb1805,20170711,20170710,211652000,3140.0,1350,82026,42380800.0,3142.0,7,3140.0,6
rb1805,20170711,20170710,211653500,3140.0,1350,82026,42380800.0,3142.0,7,3140.0,6
rb1805,20170711,20170710,211655500,3140.0,1350,82026,42380800.0,3142.0,8,3140.0,6
rb1805,20170711,20170710,211656500,3140.0,1350,82026,42380800.0,3141.0,2,3140.0,6
rb1805,20170711,20170710,211657000,3140.0,1350,82026,42380800.0,3141.0,2,3140.0,5
rb1805,20170711,20170710,211657500,3140.0,1350,82026,42380800.0,3141.0,2,3140.0,5
rb1805,20170711,20170710,211658000,3140.0,1350,82026,42380800.0,3141.0,2,3140.0,5
rb1805,20170711,20170710,211659000,3140.0,1360,82036,42694800.0,3140.0,4,3139.0,1
rb1805,20170711,20170710,211659500,3140.0,1360,82036,42694800.0,3140.0,4,3139.0,4
rb1805,20170711,20170710,211701000,3140.0,1360,82036,42694800.0,3140.0,4,3139.0,4
rb1805,20170711,20170710,211702000,3140.0,1360,82036,42694800.0,3140.0,4,3139.0,4
rb1805,20170711,20170710,211704500,3140.0,1360,82036,42694800.0,3140.0,4,3139.0,3
rb1805,20170711,20170710,211705500,3140.0,1360,82036,42694800.0,3140.0,9,3139.0,3
rb1805,20170711,20170710,211707500,3140.0,1360,82036,42694800.0,3140.0,9,3139.0,3
rb1805,20170711,20170710,211709000,3140.0,1360,82036,42694800.0,3140.0,4,3139.0,6
rb1805,20170711,20170710,211711500,3140.0,1360,82036,42694800.0,3140.0,4,3139.0,6
rb1805,20170711,20170710,211712500,3140.0,1368,82044,42946000.0,3141.0,1,3140.0,4
rb1805,20170711,20170710,211713000,3140.0,1368,82044,42946000.0,3141.0,1,3140.0,21
rb1805,20170711,20170710,211713500,3140.0,1368,82044,42946000.0,3141.0,1,3140.0,21
rb1805,20170711,20170710,211714500,3140.0,1368,82044,42946000.0,3141.0,1,3140.0,21
rb1805,20170711,20170710,211715500,3140.0,1368,82044,42946000.0,3141.0,6,3140.0,18
rb1805,20170711,20170710,211716000,3140.0,1368,82044,42946000.0,3141.0,6,3140.0,19
rb1805,20170711,20170710,211720500,3141.0,1376,82050,43197280.0,3141.0,3,3140.0,19
rb1805,20170711,20170710,211721000,3141.0,1376,82050,43197280.0,3141.0,3,3140.0,15
rb1805,20170711,20170710,211722000,3141.0,1376,82050,43197280.0,3141.0,3,3140.0,15
rb1805,20170711,20170710,211723500,3141.0,1378,82052,43260100.0,3141.0,2,3140.0,15
rb1805,20170711,20170710,211726000,3141.0,1378,82052,43260100.0,3141.0,2,3140.0,19
rb1805,20170711,20170710,211726500,3140.0,1382,82048,43385700.0,3141.0,2,3140.0,17
rb1805,20170711,20170710,211727000,3140.0,1386,82044,43511300.0,3141.0,2,3140.0,15
rb1805,20170711,20170710,211727500,3140.0,1386,82044,43511300.0,3141.0,2,3140.0,15
rb1805,20170711,20170710,211728000,3140.0,1390,82040,43636900.0,3141.0,2,3140.0,13
rb1805,20170711,20170710,211729000,3140.0,1398,82040,43888140.0,3142.0,5,3140.0,11
rb1805,20170711,20170710,211729500,3140.0,1398,82040,43888140.0,3142.0,5,3141.0,1
rb1805,20170711,20170710,211730000,3141.0,1400,82040,43950960.0,3141.0,2,3140.0,7
rb1805,20170711,20170710,211732500,3141.0,1400,82040,43950960.0,3141.0,2,3140.0,7
rb1805,20170711,20170710,211734000,3141.0,1400,82040,43950960.0,3141.0,2,3140.0,11
rb1805,20170711,20170710,211734500,3141.0,1400,82040,43950960.0,3141.0,2,3140.0,11
rb1805,20170711,20170710,211740500,3141.0,1400,82040,43950960.0,3141.0,2,3140.0,11
rb1805,20170711,20170710,211741000,3141.0,1400,82040,43950960.0,3141.0,2,3140.0,7
rb1805,20170711,20170710,211741500,3141.0,1404,82038,44076600.0,3142.0,10,3141.0,16
rb1805,20170711,20170710,211742000,3141.0,1404,82038,44076600.0,3142.0,5,3141.0,5
rb1805,20170711,20170710,211742500,3141.0,1404,82038,44076600.0,3142.0,5,3141.0,9
rb1805,20170711,20170710,211743000,3141.0,1406,82038,44139420.0,3142.0,5,3141.0,5
rb1805,20170711,20170710,211744500,3142.0,1416,82038,44453620.0,3142.0,1,3141.0,7
rb1805,20170711,20170710,211745000,3141.0,1418,82040,44516440.0,3142.0,1,3141.0,2
rb1805,20170711,20170710,211745500,3142.0,1420,82038,44579280.0,3143.0,9,3142.0,20
rb1805,20170711,20170710,211746000,3142.0,1426,82036,44767800.0,3142.0,3,3141.0,3
rb1805,20170711,20170710,211746500,3142.0,1426,82036,44767800.0,3142.0,3,3141.0,3
rb1805,20170711,20170710,211747500,3142.0,1426,82036,44767800.0,3142.0,3,3141.0,3
rb1805,20170711,20170710,211748000,3142.0,1428,82036,44830640.0,3142.0,2,3141.0,6
rb1805,20170711,20170710,211748500,3142.0,1428,82036,44830640.0,3142.0,7,3141.0,3
rb1805,20170711,20170710,211752500,3142.0,1428,82036,44830640.0,3142.0,7,3141.0,1
rb1805,20170711,20170710,211753500,3142.0,1428,82036,44830640.0,3142.0,7,3141.0,1
rb1805,20170711,20170710,211756000,3142.0,1428,82036,44830640.0,3142.0,8,3141.0,1
rb1805,20170711,20170710,211756500,3142.0,1428,82036,44830640.0,3142.0,8,3141.0,1
rb1805,20170711,20170710,211757000,3142.0,1428,82036,44830640.0,3142.0,8,3141.0,1
rb1805,20170711,20170710,211757500,3141.0,1430,82036,44893460.0,3142.0,8,3141.0,1
rb1805,20170711,20170710,211801000,3141.0,1430,82036,44893460.0,3142.0,8,3141.0,1
rb1805,20170711,20170710,211801500,3141.0,1430,82036,44893460.0,3142.0,8,3141.0,1
rb1805,20170711,20170710,211804000,3141.0,1430,82036,44893460.0,3142.0,8,3141.0,1
rb1805,20170711,20170710,211804500,3141.0,1430,82036,44893460.0,3142.0,7,3141.0,6
rb1805,20170711,20170710,211805500,3141.0,1430,82036,44893460.0,3142.0,5,3141.0,6
rb1805,20170711,20170710,211807000,3141.0,1430,82036,44893460.0,3142.0,5,3141.0,6
rb1805,20170711,20170710,211809000,3141.0,1430,82036,44893460.0,3142.0,5,3141.0,6
rb1805,20170711,20170710,211812000,3141.0,1430,82036,44893460.0,3142.0,5,3141.0,6
rb1805,20170711,20170710,211812500,3142.0,1440,82036,45207660.0,3143.0,3,3141.0,6
rb1805,20170711,20170710,211814000,3142.0,1440,82036,45207660.0,3142.0,3,3141.0,6
rb1805,20170711,20170710,211814500,3142.0,1440,82036,45207660.0,3142.0,3,3141.0,6
rb1805,20170711,20170710,211815000,3142.0,1440,82036,45207660.0,3143.0,3,3141.0,6
rb1805,20170711,20170710,211815500,3142.0,1440,82036,45207660.0,3143.0,3,3141.0,5
rb1805,20170711,20170710,211818500,3142.0,1440,82036,45207660.0,3143.0,3,3141.0,5
rb1805,20170711,20170710,211819000,3142.0,1440,82036,45207660.0,3142.0,1,3141.0,5
rb1805,20170711,20170710,211819500,3142.0,1442,82034,45270500.0,3143.0,4,3141.0,5
rb1805,20170711,20170710,211821000,3142.0,1442,82034,45270500.0,3143.0,5,3141.0,5
rb1805,20170711,20170710,211821500,3142.0,1442,82034,45270500.0,3143.0,5,3141.0,5
rb1805,20170711,20170710,211823500,3142.0,1442,82034,45270500.0,3143.0,4,3141.0,5
rb1805,20170711,20170710,211824000,3142.0,1442,82034,45270500.0,3143.0,5,3141.0,5
rb1805,20170711,20170710,211825000,3142.0,1442,82034,45270500.0,3142.0,3,3141.0,5
rb1805,20170711,20170710,211825500,3142.0,1442,82034,45270500.0,3142.0,3,3140.0,1
rb1805,20170711,20170710,211826000,3142.0,1442,82034,45270500.0,3143.0,6,3140.0,1
rb1805,20170711,20170710,211826500,3142.0,1442,82034,45270500.0,3142.0,2,3140.0,6
rb1805,20170711,20170710,211827500,3142.0,1442,82034,45270500.0,3142.0,2,3140.0,1
rb1805,20170711,20170710,211828000,3142.0,1442,82034,45270500.0,3142.0,2,3140.0,1
rb1805,20170711,20170710,211833500,3142.0,1442,82034,45270500.0,3142.0,2,3140.0,7
rb1805,20170711,20170710,211834500,3142.0,1442,82034,45270500.0,3142.0,2,3140.0,12
rb1805,20170711,20170710,211835000,3142.0,1442,82034,45270500.0,3142.0,2,3140.0,13
rb1805,20170711,20170710,211837000,3142.0,1442,82034,45270500.0,3142.0,2,3140.0,13
rb1805,20170711,20170710,211840500,3142.0,1442,82034,45270500.0,3142.0,2,3140.0,13
rb1805,20170711,20170710,211841500,3142.0,1442,82034,45270500.0,3143.0,6,3140.0,13
rb1805,20170711,20170710,211842000,3142.0,1442,82034,45270500.0,3142.0,2,3140.0,13
rb1805,20170711,20170710,211842500,3142.0,1442,82034,45270500.0,3142.0,2,3140.0,13
rb1805,20170711,20170710,211843000,3142.0,1442,82034,45270500.0,3142.0,2,3140.0,14
rb1805,20170711,20170710,211847500,3142.0,1442,82034,45270500.0,3142.0,2,3140.0,14
rb1805,20170711,20170710,211849000,3142.0,1442,82034,45270500.0,3142.0,2,3140.0,14
rb1805,20170711,20170710,211850500,3142.0,1442,82034,45270500.0,3142.0,3,3140.0,14
rb1805,20170711,20170710,211851500,3140.0,1444,82034,45333300.0,3142.0,3,3140.0,13
rb1805,20170711,20170710,211854500,3140.0,1444,82034,45333300.0,3142.0,4,3140.0,13
rb1805,20170711,20170710,211857500,3140.0,1444,82034,45333300.0,3142.0,2,3140.0,13
rb1805,20170711,20170710,211859000,3140.0,1444,82034,45333300.0,3142.0,2,3140.0,16
rb1805,20170711,20170710,211859500,3140.0,1444,82034,45333300.0,3142.0,2,3141.0,3
rb1805,20170711,20170710,211900000,3140.0,1444,82034,45333300.0,3142.0,2,3141.0,3
rb1805,20170711,20170710,211901500,3140.0,1444,82034,45333300.0,3142.0,2,3141.0,3
rb1805,20170711,20170710,211903000,3140.0,1444,82034,45333300.0,3142.0,2,3141.0,3
rb1805,20170711,20170710,211904500,3140.0,1444,82034,45333300.0,3142.0,2,3141.0,3
rb1805,20170711,20170710,211905500,3140.0,1444,82034,45333300.0,3142.0,2,3141.0,3
rb1805,20170711,20170710,211908000,3140.0,1444,82034,45333300.0,3142.0,2,3141.0,3
rb1805,20170711,20170710,211909000,3140.0,1444,82034,45333300.0,3142.0,2,3141.0,3
rb1805,20170711,20170710,211910000,3140.0,1444,82034,45333300.0,3142.0,2,3141.0,5
rb1805,20170711,20170710,211910500,3140.0,1444,82034,45333300.0,3142.0,2,3141.0,5
rb1805,20170711,20170710,211912500,3140.0,1444,82034,45333300.0,3142.0,2,3141.0,5
rb1805,20170711,20170710,211913000,3140.0,1444,82034,45333300.0,3142.0,2,3141.0,5
rb1805,20170711,20170710,211913500,3142.0,1446,82034,45396140.0,3142.0,1,3141.0,13
rb1805,20170711,20170710,211914000,3142.0,1448,82034,45458980.0,3143.0,6,3142.0,1
rb1805,20170711,20170710,211914500,3142.0,1448,82034,45458980.0,3143.0,6,3142.0,1
rb1805,20170711,20170710,211915500,3142.0,1448,82034,45458980.0,3143.0,6,3142.0,1
rb1805,20170711,20170710,211916500,3142.0,1448,82034,45458980.0,3143.0,6,3142.0,1
rb1805,20170711,20170710,211917500,3142.0,1448,82034,45458980.0,3143.0,6,3142.0,4
rb1805,20170711,20170710,211918000,3142.0,1448,82034,45458980.0,3143.0,6,3142.0,4
rb1805,20170711,20170710,211918500,3142.0,1448,82034,45458980.0,3143.0,6,3142.0,4
rb1805,20170711,20170710,211919000,3142.0,1448,82034,45458980.0,3143.0,7,3142.0,4
rb1805,20170711,20170710,211920000,3143.0,1452,82032,45584700.0,3143.0,5,3142.0,4
rb1805,20170711,20170710,211920500,3144.0,1464,82038,45961880.0,3144.0,20,3143.0,6
rb1805,20170711,20170710,211921000,3144.0,1470,82034,46150520.0,3144.0,17,3143.0,3
rb1805,20170711,20170710,211921500,3144.0,1486,82028,46653480.0,3144.0,13,3143.0,7
rb1805,20170711,20170710,211922000,3144.0,1510,82014,47408040.0,3144.0,1,3143.0,7
rb1805,20170711,20170710,211923500,3144.0,1518,82012,47659500.0,3145.0,25,3144.0,2
rb1805,20170711,20170710,211924000,3144.0,1520,82010,47722380.0,3145.0,25,3144.0,1
rb1805,20170711,20170710,211924500,3144.0,1522,82010,47785260.0,3144.0,1,3143.0,1
rb1805,20170711,20170710,211925000,3143.0,1524,82012,47848120.0,3145.0,26,3143.0,3
rb1805,20170711,20170710,211926000,3143.0,1524,82012,47848120.0,3145.0,26,3142.0,6
rb1805,20170711,20170710,211926500,3143.0,1524,82012,47848120.0,3145.0,31,3142.0,6
rb1805,20170711,20170710,211927000,3143.0,1524,82012,47848120.0,3144.0,2,3142.0,6
rb1805,20170711,20170710,211929000,3143.0,1524,82012,47848120.0,3143.0,2,3142.0,6
rb1805,20170711,20170710,211930000,3143.0,1524,82012,47848120.0,3143.0,2,3142.0,9
rb1805,20170711,20170710,211930500,3143.0,1524,82012,47848120.0,3143.0,2,3142.0,4
rb1805,20170711,20170710,211931000,3143.0,1524,82012,47848120.0,3143.0,2,3142.0,4
rb1805,20170711,20170710,211931500,3143.0,1524,82012,47848120.0,3143.0,2,3142.0,3
rb1805,20170711,20170710,211932500,3143.0,1528,82012,47973840.0,3144.0,7,3143.0,4
rb1805,20170711,20170710,211933000,3143.0,1528,82012,47973840.0,3144.0,7,3143.0,4
rb1805,20170711,20170710,211934000,3143.0,1528,82012,47973840.0,3144.0,8,3143.0,4
rb1805,20170711,20170710,211935000,3143.0,1528,82012,47973840.0,3144.0,9,3143.0,4
rb1805,20170711,20170710,211935500,3143.0,1528,82012,47973840.0,3144.0,9,3143.0,4
rb1805,20170711,20170710,211936000,3143.0,1528,82012,47973840.0,3144.0,9,3143.0,5
rb1805,20170711,20170710,211936500,3143.0,1528,82012,47973840.0,3144.0,10,3143.0,5
rb1805,20170711,20170710,211938000,3143.0,1528,82012,47973840.0,3144.0,10,3143.0,5
rb1805,20170711,20170710,211939000,3143.0,1530,82010,48036700.0,3144.0,10,3143.0,4
rb1805,20170711,20170710,211942000,3143.0,1530,82010,48036700.0,3144.0,8,3143.0,4
rb1805,20170711,20170710,211942500,3143.0,1530,82010,48036700.0,3144.0,8,3143.0,4
rb1805,20170711,20170710,211943500,3143.0,1530,82010,48036700.0,3144.0,8,3143.0,4
rb1805,20170711,20170710,211945500,3144.0,1546,82012,48539740.0,3145.0,30,3144.0,2
rb1805,20170711,20170710,211946000,3144.0,1546,82012,48539740.0,3145.0,25,3144.0,2
rb1805,20170711,20170710,211946500,3144.0,1548,82014,48602620.0,3145.0,25,3144.0,1
rb1805,20170711,20170710,211947000,3144.0,1548,82014,48602620.0,3145.0,28,3144.0,1
rb1805,20170711,20170710,211948000,3144.0,1548,82014,48602620.0,3145.0,28,3144.0,1
rb1805,20170711,20170710,211950000,3144.0,1548,82014,48602620.0,3145.0,28,3144.0,1
rb1805,20170711,20170710,211951000,3144.0,1548,82014,48602620.0,3145.0,30,3144.0,1
rb1805,20170711,20170710,211951500,3145.0,1550,82016,48665520.0,3145.0,29,3144.0,1
rb1805,20170711,20170710,211952000,3145.0,1550,82016,48665520.0,3145.0,29,3144.0,1
rb1805,20170711,20170710,211953500,3145.0,1550,82016,48665520.0,3145.0,29,3144.0,1
rb1805,20170711,20170710,211954500,3145.0,1550,82016,48665520.0,3145.0,30,3144.0,1
rb1805,20170711,20170710,211955500,3145.0,1550,82016,48665520.0,3145.0,30,3144.0,1
rb1805,20170711,20170710,211956000,3145.0,1550,82016,48665520.0,3145.0,29,3144.0,2
rb1805,20170711,20170710,211956500,3144.0,1554,82018,48791280.0,3144.0,18,3143.0,6
rb1805,20170711,20170710,212000500,3144.0,1554,82018,48791280.0,3144.0,18,3143.0,6
rb1805,20170711,20170710,212001000,3144.0,1554,82018,48791280.0,3144.0,18,3143.0,6
rb1805,20170711,20170710,212003000,3144.0,1554,82018,48791280.0,3144.0,19,3143.0,6
rb1805,20170711,20170710,212004000,3144.0,1554,82018,48791280.0,3144.0,19,3143.0,6
rb1805,20170711,20170710,212004500,3144.0,1554,82018,48791280.0,3144.0,19,3143.0,6
rb1805,20170711,20170710,212005500,3144.0,1554,82018,48791280.0,3144.0,19,3143.0,6
rb1805,20170711,20170710,212006500,3144.0,1554,82018,48791280.0,3144.0,19,3143.0,6
rb1805,20170711,20170710,212008500,3144.0,1554,82018,48791280.0,3144.0,19,3143.0,6
rb1805,20170711,20170710,212011500,3144.0,1554,82018,48791280.0,3144.0,27,3143.0,6
rb1805,20170711,20170710,212012000,3143.0,1564,82018,49105580.0,3144.0,28,3143.0,1
rb1805,20170711,20170710,212012500,3143.0,1566,82018,49168440.0,3144.0,28,3142.0,1
rb1805,20170711,20170710,212013000,3143.0,1566,82018,49168440.0,3144.0,27,3142.0,1
rb1805,20170711,20170710,212015000,3143.0,1566,82018,49168440.0,3144.0,27,3142.0,1
rb1805,20170711,20170710,212017500,3143.0,1566,82018,49168440.0,3144.0,27,3142.0,1
rb1805,20170711,20170710,212022500,3143.0,1566,82018,49168440.0,3143.0,1,3142.0,1
