instrument,tradingday,calendarday,time,lastp,volume,openinterest,turnover,ask1,asksz1,bid1,bidsz1
rb1805,20170601,20170531,183857500,2737.0,0,50010,0.0,0.0,0,0.0,0
rb1805,20170601,20170531,205900500,2749.0,42,49998,1154580.0,2749.0,12,2740.0,13
rb1805,20170601,20170531,210000500,2749.0,42,49998,1154580.0,2749.0,16,2742.0,1
rb1805,20170601,20170531,210001000,2742.0,44,49998,1209420.0,2749.0,16,2740.0,13
rb1805,20170601,20170531,210001500,2749.0,52,49996,1429300.0,2749.0,13,2741.0,1
rb1805,20170601,20170531,210002000,2742.0,68,49998,1868280.0,2748.0,1,2742.0,1
rb1805,20170601,20170531,210002500,2741.0,74,49998,2032740.0,2748.0,1,2741.0,2
rb1805,20170601,20170531,210003000,2741.0,74,49998,2032740.0,2748.0,1,2740.0,13
rb1805,20170601,20170531,210003500,2741.0,74,49998,2032740.0,2746.0,1,2741.0,1
rb1805,20170601,20170531,210004000,2746.0,76,49998,2087660.0,2746.0,1,2741.0,7
rb1805,20170601,20170531,210005000,2746.0,76,49998,2087660.0,2746.0,1,2741.0,7
rb1805,20170601,20170531,210005500,2741.0,80,49998,2197300.0,2745.0,5,2741.0,5
rb1805,20170601,20170531,210006000,2741.0,80,49998,2197300.0,2745.0,3,2741.0,5
rb1805,20170601,20170531,210006500,2741.0,80,49998,2197300.0,2744.0,1,2741.0,5
rb1805,20170601,20170531,210007000,2741.0,80,49998,2197300.0,2744.0,2,2741.0,1
rb1805,20170601,20170531,210007500,2741.0,80,49998,2197300.0,2744.0,2,2741.0,1
rb1805,20170601,20170531,210008500,2741.0,80,49998,2197300.0,2744.0,2,2741.0,2
rb1805,20170601,20170531,210009000,2741.0,80,49998,2197300.0,2749.0,13,2741.0,2
rb1805,20170601,20170531,210009500,2741.0,80,49998,2197300.0,2748.0,8,2742.0,1
rb1805,20170601,20170531,210010500,2741.0,80,49998,2197300.0,2744.0,1,2742.0,1
rb1805,20170601,20170531,210011000,2744.0,84,49998,2307060.0,2748.0,7,2742.0,1
rb1805,20170601,20170531,210011500,2744.0,84,49998,2307060.0,2748.0,3,2742.0,2
rb1805,20170601,20170531,210012000,2742.0,88,50002,2416740.0,2748.0,6,2741.0,1
rb1805,20170601,20170531,210013000,2742.0,88,50002,2416740.0,2748.0,4,2741.0,2
rb1805,20170601,20170531,210013500,2742.0,88,50002,2416740.0,2747.0,10,2741.0,3
rb1805,20170601,20170531,210014000,2742.0,88,50002,2416740.0,2747.0,10,2741.0,3
rb1805,20170601,20170531,210014500,2742.0,88,50002,2416740.0,2747.0,10,2741.0,2
rb1805,20170601,20170531,210015000,2741.0,90,50002,2471560.0,2747.0,11,2741.0,1
rb1805,20170601,20170531,210015500,2741.0,90,50002,2471560.0,2747.0,11,2742.0,9
rb1805,20170601,20170531,210016000,2741.0,90,50002,2471560.0,2747.0,11,2742.0,1
rb1805,20170601,20170531,210016500,2741.0,90,50002,2471560.0,2747.0,11,2742.0,1
rb1805,20170601,20170531,210017000,2747.0,92,50002,2526500.0,2747.0,10,2742.0,6
rb1805,20170601,20170531,210017500,2747.0,112,50002,3075900.0,2748.0,2,2747.0,40
rb1805,20170601,20170531,210018000,2747.0,116,50004,3185780.0,2748.0,2,2747.0,38
rb1805,20170601,20170531,210018500,2747.0,116,50004,3185780.0,2748.0,2,2747.0,38
rb1805,20170601,20170531,210019000,2747.0,124,50012,3405540.0,2748.0,2,2747.0,34
rb1805,20170601,20170531,210019500,2747.0,124,50012,3405540.0,2748.0,2,2747.0,34
rb1805,20170601,20170531,210020000,2747.0,126,50014,3460480.0,2748.0,2,2747.0,33
rb1805,20170601,20170531,210020500,2747.0,126,50014,3460480.0,2748.0,3,2747.0,33
rb1805,20170601,20170531,210021000,2747.0,126,50014,3460480.0,2748.0,2,2747.0,33
rb1805,20170601,20170531,210021500,2747.0,146,50034,4009880.0,2748.0,3,2747.0,23
rb1805,20170601,20170531,210022000,2748.0,150,50032,4119800.0,2749.0,14,2747.0,23
rb1805,20170601,20170531,210022500,2748.0,150,50032,4119800.0,2749.0,15,2747.0,23
rb1805,20170601,20170531,210023000,2747.0,196,50078,5383420.0,2749.0,15,2744.0,1
rb1805,20170601,20170531,210023500,2747.0,196,50078,5383420.0,2748.0,3,2744.0,1
rb1805,20170601,20170531,210024000,2747.0,196,50078,5383420.0,2748.0,5,2744.0,1
rb1805,20170601,20170531,210024500,2747.0,196,50078,5383420.0,2747.0,1,2741.0,2
rb1805,20170601,20170531,210025000,2747.0,196,50078,5383420.0,2747.0,1,2742.0,1
rb1805,20170601,20170531,210025500,2748.0,204,50086,5603240.0,2748.0,4,2742.0,1
rb1805,20170601,20170531,210026000,2748.0,204,50086,5603240.0,2747.0,3,2742.0,3
rb1805,20170601,20170531,210026500,2748.0,204,50086,5603240.0,2747.0,3,2742.0,2
rb1805,20170601,20170531,210027500,2748.0,204,50086,5603240.0,2745.0,2,2742.0,2
rb1805,20170601,20170531,210028000,2742.0,208,50090,5712920.0,2742.0,8,2741.0,3
rb1805,20170601,20170531,210028500,2742.0,208,50090,5712920.0,2742.0,8,2741.0,3
rb1805,20170601,20170531,210029000,2742.0,208,50090,5712920.0,2742.0,8,2741.0,4
rb1805,20170601,20170531,210029500,2742.0,216,50098,5932280.0,2742.0,4,2741.0,3
rb1805,20170601,20170531,210030000,2742.0,216,50098,5932280.0,2742.0,4,2741.0,3
rb1805,20170601,20170531,210030500,2742.0,224,50106,6151640.0,2743.0,1,2741.0,3
rb1805,20170601,20170531,210031000,2742.0,224,50106,6151640.0,2743.0,1,2741.0,3
rb1805,20170601,20170531,210031500,2742.0,224,50106,6151640.0,2743.0,1,2741.0,3
rb1805,20170601,20170531,210032000,2741.0,230,50110,6316100.0,2743.0,1,2740.0,16
rb1805,20170601,20170531,210032500,2741.0,230,50110,6316100.0,2745.0,2,2740.0,16
rb1805,20170601,20170531,210033000,2741.0,230,50110,6316100.0,2744.0,2,2740.0,16
rb1805,20170601,20170531,210033500,2741.0,230,50110,6316100.0,2743.0,1,2740.0,16
rb1805,20170601,20170531,210034000,2741.0,230,50110,6316100.0,2743.0,1,2741.0,1
rb1805,20170601,20170531,210034500,2741.0,232,50110,6370920.0,2743.0,1,2740.0,16
rb1805,20170601,20170531,210035000,2741.0,232,50110,6370920.0,2745.0,4,2740.0,16
rb1805,20170601,20170531,210035500,2741.0,232,50110,6370920.0,2744.0,1,2740.0,16
rb1805,20170601,20170531,210036000,2741.0,232,50110,6370920.0,2744.0,2,2740.0,16
rb1805,20170601,20170531,210036500,2741.0,232,50110,6370920.0,2744.0,3,2740.0,16
rb1805,20170601,20170531,210037000,2740.0,236,50114,6480520.0,2742.0,2,2740.0,14
rb1805,20170601,20170531,210037500,2740.0,236,50114,6480520.0,2744.0,2,2740.0,14
rb1805,20170601,20170531,210038000,2740.0,236,50114,6480520.0,2743.0,1,2740.0,15
rb1805,20170601,20170531,210038500,2740.0,236,50114,6480520.0,2741.0,2,2740.0,15
rb1805,20170601,20170531,210039000,2741.0,240,50110,6590160.0,2744.0,2,2741.0,4
rb1805,20170601,20170531,210039500,2741.0,240,50110,6590160.0,2743.0,1,2740.0,15
rb1805,20170601,20170531,210040000,2740.0,242,50110,6644960.0,2743.0,1,2740.0,14
rb1805,20170601,20170531,210040500,2740.0,242,50110,6644960.0,2743.0,1,2740.0,14
rb1805,20170601,20170531,210041000,2743.0,244,50108,6699820.0,2744.0,1,2740.0,14
rb1805,20170601,20170531,210041500,2743.0,244,50108,6699820.0,2744.0,1,2740.0,15
rb1805,20170601,20170531,210042000,2741.0,246,50106,6754640.0,2744.0,1,2740.0,15
rb1805,20170601,20170531,210042500,2741.0,246,50106,6754640.0,2744.0,1,2740.0,14
rb1805,20170601,20170531,210043000,2741.0,246,50106,6754640.0,2746.0,1,2740.0,14
rb1805,20170601,20170531,210043500,2741.0,246,50106,6754640.0,2746.0,1,2741.0,20
rb1805,20170601,20170531,210044000,2741.0,246,50106,6754640.0,2746.0,1,2742.0,1
rb1805,20170601,20170531,210044500,2741.0,246,50106,6754640.0,2743.0,10,2742.0,1
rb1805,20170601,20170531,210045000,2743.0,248,50106,6809500.0,2743.0,9,2742.0,1
rb1805,20170601,20170531,210045500,2743.0,250,50106,6864360.0,2743.0,8,2742.0,1
rb1805,20170601,20170531,210046000,2743.0,250,50106,6864360.0,2743.0,8,2742.0,1
rb1805,20170601,20170531,210046500,2743.0,252,50104,6919220.0,2743.0,7,2742.0,2
rb1805,20170601,20170531,210047000,2743.0,266,50104,7303240.0,2745.0,2,2743.0,3
rb1805,20170601,20170531,210047500,2743.0,266,50104,7303240.0,2745.0,2,2742.0,2
rb1805,20170601,20170531,210048000,2742.0,270,50100,7412920.0,2745.0,3,2742.0,1
rb1805,20170601,20170531,210048500,2742.0,270,50100,7412920.0,2745.0,3,2742.0,2
rb1805,20170601,20170531,210049000,2745.0,272,50100,7467820.0,2745.0,2,2742.0,2
rb1805,20170601,20170531,210049500,2745.0,272,50100,7467820.0,2745.0,2,2743.0,5
rb1805,20170601,20170531,210050500,2745.0,272,50100,7467820.0,2745.0,2,2743.0,5
rb1805,20170601,20170531,210051500,2745.0,272,50100,7467820.0,2745.0,3,2743.0,5
rb1805,20170601,20170531,210052000,2745.0,272,50100,7467820.0,2745.0,3,2743.0,5
rb1805,20170601,20170531,210053000,2745.0,272,50100,7467820.0,2745.0,3,2743.0,5
rb1805,20170601,20170531,210053500,2743.0,274,50100,7522680.0,2745.0,3,2743.0,4
rb1805,20170601,20170531,210054000,2745.0,276,50100,7577580.0,2745.0,2,2743.0,4
rb1805,20170601,20170531,210054500,2745.0,276,50100,7577580.0,2745.0,2,2743.0,4
rb1805,20170601,20170531,210055000,2745.0,276,50100,7577580.0,2745.0,2,2743.0,4
rb1805,20170601,20170531,210056500,2745.0,276,50100,7577580.0,2744.0,10,2743.0,4
rb1805,20170601,20170531,210057000,2745.0,292,50100,8016780.0,2744.0,2,2743.0,4
rb1805,20170601,20170531,210058000,2745.0,300,50104,8236380.0,2746.0,2,2745.0,16
rb1805,20170601,20170531,210058500,2745.0,332,50120,9114780.0,2746.0,2,2743.0,5
rb1805,20170601,20170531,210059000,2745.0,332,50120,9114780.0,2745.0,2,2743.0,5
rb1805,20170601,20170531,210059500,2745.0,334,50120,9169680.0,2745.0,1,2743.0,6
rb1805,20170601,20170531,210100500,2745.0,334,50120,9169680.0,2745.0,6,2743.0,6
rb1805,20170601,20170531,210101000,2745.0,334,50120,9169680.0,2745.0,6,2744.0,1
rb1805,20170601,20170531,210101500,2744.0,336,50120,9224560.0,2745.0,6,2743.0,6
rb1805,20170601,20170531,210102000,2743.0,338,50122,9279420.0,2745.0,6,2743.0,5
rb1805,20170601,20170531,210104000,2743.0,338,50122,9279420.0,2745.0,7,2743.0,10
rb1805,20170601,20170531,210105000,2743.0,338,50122,9279420.0,2745.0,8,2743.0,10
rb1805,20170601,20170531,210105500,2743.0,338,50122,9279420.0,2745.0,13,2743.0,10
rb1805,20170601,20170531,210107000,2743.0,338,50122,9279420.0,2745.0,13,2743.0,4
rb1805,20170601,20170531,210107500,2745.0,340,50124,9334320.0,2745.0,12,2743.0,4
rb1805,20170601,20170531,210108000,2745.0,340,50124,9334320.0,2745.0,12,2743.0,4
rb1805,20170601,20170531,210109000,2743.0,352,50136,9663520.0,2743.0,5,2742.0,3
rb1805,20170601,20170531,210110500,2743.0,356,50138,9773240.0,2743.0,3,2742.0,7
rb1805,20170601,20170531,210111000,2743.0,356,50138,9773240.0,2743.0,3,2742.0,2
rb1805,20170601,20170531,210111500,2743.0,356,50138,9773240.0,2743.0,3,2742.0,2
rb1805,20170601,20170531,210112000,2743.0,356,50138,9773240.0,2743.0,3,2742.0,3
rb1805,20170601,20170531,210113000,2743.0,356,50138,9773240.0,2743.0,3,2742.0,3
rb1805,20170601,20170531,210114000,2743.0,356,50138,9773240.0,2743.0,8,2742.0,3
rb1805,20170601,20170531,210114500,2743.0,356,50138,9773240.0,2743.0,8,2742.0,5
rb1805,20170601,20170531,210115000,2743.0,356,50138,9773240.0,2743.0,9,2742.0,5
rb1805,20170601,20170531,210115500,2743.0,364,50144,9992680.0,2745.0,11,2743.0,20
rb1805,20170601,20170531,210116000,2743.0,364,50144,9992680.0,2745.0,11,2742.0,10
rb1805,20170601,20170531,210116500,2743.0,364,50144,9992680.0,2745.0,11,2743.0,10
rb1805,20170601,20170531,210117000,2743.0,364,50144,9992680.0,2745.0,11,2743.0,12
rb1805,20170601,20170531,210117500,2743.0,364,50144,9992680.0,2745.0,11,2743.0,12
rb1805,20170601,20170531,210118000,2743.0,388,50164,10651000.0,2745.0,12,2742.0,12
rb1805,20170601,20170531,210119000,2743.0,388,50164,10651000.0,2745.0,7,2742.0,12
rb1805,20170601,20170531,210119500,2745.0,394,50170,10815700.0,2745.0,3,2742.0,12
rb1805,20170601,20170531,210120000,2745.0,394,50170,10815700.0,2745.0,3,2742.0,12
rb1805,20170601,20170531,210121000,2745.0,394,50170,10815700.0,2745.0,3,2742.0,12
rb1805,20170601,20170531,210121500,2745.0,394,50170,10815700.0,2743.0,1,2742.0,12
rb1805,20170601,20170531,210122000,2743.0,396,50168,10870560.0,2745.0,8,2743.0,20
rb1805,20170601,20170531,210122500,2743.0,396,50168,10870560.0,2745.0,8,2743.0,15
rb1805,20170601,20170531,210123000,2743.0,396,50168,10870560.0,2745.0,8,2743.0,15
rb1805,20170601,20170531,210123500,2743.0,396,50168,10870560.0,2745.0,3,2743.0,5
rb1805,20170601,20170531,210124000,2745.0,406,50174,11145060.0,2745.0,9,2743.0,5
rb1805,20170601,20170531,210124500,2745.0,406,50174,11145060.0,2745.0,9,2743.0,5
rb1805,20170601,20170531,210125000,2745.0,406,50174,11145060.0,2745.0,9,2743.0,5
rb1805,20170601,20170531,210125500,2745.0,410,50178,11254860.0,2745.0,7,2744.0,1
rb1805,20170601,20170531,210126000,2745.0,414,50180,11364640.0,2745.0,6,2743.0,5
rb1805,20170601,20170531,210126500,2745.0,414,50180,11364640.0,2745.0,11,2743.0,5
rb1805,20170601,20170531,210127000,2745.0,414,50180,11364640.0,2745.0,11,2742.0,10
rb1805,20170601,20170531,210128000,2745.0,414,50180,11364640.0,2745.0,11,2743.0,1
rb1805,20170601,20170531,210128500,2745.0,414,50180,11364640.0,2745.0,11,2743.0,2
rb1805,20170601,20170531,210129500,2745.0,414,50180,11364640.0,2745.0,6,2743.0,7
rb1805,20170601,20170531,210130000,2745.0,414,50180,11364640.0,2745.0,11,2743.0,7
rb1805,20170601,20170531,210131000,2745.0,414,50180,11364640.0,2745.0,11,2743.0,8
rb1805,20170601,20170531,210131500,2745.0,414,50180,11364640.0,2745.0,11,2743.0,8
rb1805,20170601,20170531,210132000,2745.0,414,50180,11364640.0,2745.0,11,2743.0,8
rb1805,20170601,20170531,210132500,2745.0,414,50180,11364640.0,2745.0,6,2743.0,8
rb1805,20170601,20170531,210133500,2743.0,424,50184,11638940.0,2745.0,6,2743.0,3
rb1805,20170601,20170531,210135000,2743.0,424,50184,11638940.0,2745.0,6,2743.0,3
rb1805,20170601,20170531,210135500,2743.0,424,50184,11638940.0,2745.0,6,2743.0,3
rb1805,20170601,20170531,210136500,2743.0,424,50184,11638940.0,2745.0,6,2743.0,3
rb1805,20170601,20170531,210138000,2743.0,424,50184,11638940.0,2745.0,6,2743.0,3
rb1805,20170601,20170531,210139000,2743.0,424,50184,11638940.0,2745.0,6,2743.0,3
rb1805,20170601,20170531,210139500,2743.0,424,50184,11638940.0,2745.0,6,2743.0,3
rb1805,20170601,20170531,210140500,2743.0,424,50184,11638940.0,2745.0,7,2743.0,3
rb1805,20170601,20170531,210141500,2743.0,424,50184,11638940.0,2745.0,7,2743.0,3
rb1805,20170601,20170531,210143000,2745.0,454,50198,12462440.0,2746.0,1,2745.0,5
rb1805,20170601,20170531,210143500,2745.0,464,50200,12736940.0,2744.0,3,2743.0,1
rb1805,20170601,20170531,210144000,2745.0,464,50200,12736940.0,2746.0,1,2743.0,1
rb1805,20170601,20170531,210144500,2745.0,464,50200,12736940.0,2745.0,5,2743.0,6
rb1805,20170601,20170531,210145000,2745.0,464,50200,12736940.0,2745.0,5,2743.0,8
rb1805,20170601,20170531,210145500,2745.0,464,50200,12736940.0,2745.0,5,2743.0,3
rb1805,20170601,20170531,210146000,2743.0,470,50200,12901520.0,2746.0,1,2743.0,2
rb1805,20170601,20170531,210147000,2743.0,474,50204,13011240.0,2743.0,4,2742.0,14
rb1805,20170601,20170531,210147500,2743.0,474,50204,13011240.0,2746.0,2,2742.0,14
rb1805,20170601,20170531,210149000,2743.0,474,50204,13011240.0,2746.0,2,2742.0,14
rb1805,20170601,20170531,210149500,2743.0,474,50204,13011240.0,2745.0,1,2742.0,14
rb1805,20170601,20170531,210150000,2743.0,474,50204,13011240.0,2745.0,1,2742.0,13
rb1805,20170601,20170531,210150500,2742.0,480,50202,13175760.0,2745.0,1,2742.0,10
rb1805,20170601,20170531,210151000,2745.0,482,50202,13230660.0,2746.0,2,2742.0,10
rb1805,20170601,20170531,210151500,2745.0,482,50202,13230660.0,2743.0,15,2742.0,10
rb1805,20170601,20170531,210152000,2745.0,482,50202,13230660.0,2743.0,10,2742.0,5
rb1805,20170601,20170531,210152500,2745.0,482,50202,13230660.0,2743.0,10,2742.0,3
rb1805,20170601,20170531,210153000,2745.0,482,50202,13230660.0,2746.0,2,2742.0,3
rb1805,20170601,20170531,210153500,2745.0,482,50202,13230660.0,2746.0,2,2742.0,8
rb1805,20170601,20170531,210154000,2745.0,482,50202,13230660.0,2743.0,10,2742.0,8
rb1805,20170601,20170531,210154500,2742.0,498,50208,13669380.0,2742.0,8,2741.0,25
rb1805,20170601,20170531,210155000,2742.0,498,50208,13669380.0,2742.0,5,2741.0,25
rb1805,20170601,20170531,210156500,2742.0,498,50208,13669380.0,2745.0,2,2741.0,25
rb1805,20170601,20170531,210157000,2742.0,498,50208,13669380.0,2744.0,1,2741.0,30
rb1805,20170601,20170531,210157500,2742.0,498,50208,13669380.0,2744.0,6,2741.0,25
rb1805,20170601,20170531,210158000,2741.0,500,50208,13724200.0,2744.0,6,2741.0,24
rb1805,20170601,20170531,210158500,2741.0,548,50256,15039880.0,2744.0,6,2740.0,22
rb1805,20170601,20170531,210159000,2741.0,548,50256,15039880.0,2744.0,6,2740.0,27
rb1805,20170601,20170531,210159500,2741.0,548,50256,15039880.0,2743.0,1,2740.0,27
rb1805,20170601,20170531,210200000,2741.0,548,50256,15039880.0,2741.0,5,2740.0,27
rb1805,20170601,20170531,210200500,2741.0,548,50256,15039880.0,2741.0,5,2740.0,22
rb1805,20170601,20170531,210201500,2740.0,554,50262,15204280.0,2743.0,6,2740.0,19
rb1805,20170601,20170531,210202000,2740.0,560,50268,15368680.0,2743.0,6,2740.0,21
rb1805,20170601,20170531,210202500,2740.0,560,50268,15368680.0,2743.0,6,2740.0,21
rb1805,20170601,20170531,210203000,2740.0,560,50268,15368680.0,2742.0,6,2740.0,21
rb1805,20170601,20170531,210203500,2740.0,562,50270,15423480.0,2743.0,6,2740.0,20
rb1805,20170601,20170531,210204000,2740.0,588,50292,16135880.0,2742.0,6,2740.0,7
rb1805,20170601,20170531,210204500,2740.0,596,50300,16355080.0,2743.0,6,2740.0,5
rb1805,20170601,20170531,210205000,2740.0,596,50300,16355080.0,2743.0,6,2740.0,6
rb1805,20170601,20170531,210205500,2740.0,608,50312,16683880.0,2740.0,2,2738.0,1
rb1805,20170601,20170531,210206000,2740.0,612,50312,16793480.0,2743.0,6,2738.0,1
rb1805,20170601,20170531,210206500,2740.0,612,50312,16793480.0,2743.0,5,2738.0,1
rb1805,20170601,20170531,210207000,2740.0,612,50312,16793480.0,2741.0,1,2738.0,1
rb1805,20170601,20170531,210207500,2740.0,612,50312,16793480.0,2741.0,6,2738.0,2
rb1805,20170601,20170531,210208000,2741.0,624,50314,17122400.0,2743.0,5,2742.0,2
rb1805,20170601,20170531,210208500,2742.0,628,50318,17232080.0,2744.0,5,2739.0,1
rb1805,20170601,20170531,210209000,2742.0,628,50318,17232080.0,2742.0,18,2739.0,6
rb1805,20170601,20170531,210209500,2742.0,628,50318,17232080.0,2743.0,5,2740.0,1
rb1805,20170601,20170531,210210000,2742.0,628,50318,17232080.0,2743.0,27,2740.0,6
rb1805,20170601,20170531,210210500,2742.0,628,50318,17232080.0,2743.0,27,2740.0,6
rb1805,20170601,20170531,210211000,2742.0,628,50318,17232080.0,2742.0,1,2740.0,6
rb1805,20170601,20170531,210211500,2742.0,630,50316,17286920.0,2743.0,22,2740.0,6
rb1805,20170601,20170531,210212500,2742.0,630,50316,17286920.0,2743.0,22,2740.0,7
rb1805,20170601,20170531,210213000,2742.0,630,50316,17286920.0,2743.0,27,2740.0,6
rb1805,20170601,20170531,210213500,2742.0,630,50316,17286920.0,2743.0,27,2740.0,6
rb1805,20170601,20170531,210214500,2742.0,630,50316,17286920.0,2743.0,27,2740.0,6
rb1805,20170601,20170531,210215000,2742.0,630,50316,17286920.0,2743.0,27,2740.0,6
rb1805,20170601,20170531,210215500,2742.0,630,50316,17286920.0,2743.0,27,2740.0,6
rb1805,20170601,20170531,210216000,2742.0,630,50316,17286920.0,2743.0,27,2740.0,9
rb1805,20170601,20170531,210216500,2743.0,632,50318,17341780.0,2743.0,26,2741.0,1
rb1805,20170601,20170531,210217500,2743.0,632,50318,17341780.0,2743.0,26,2741.0,1
rb1805,20170601,20170531,210218500,2743.0,632,50318,17341780.0,2743.0,26,2741.0,6
rb1805,20170601,20170531,210219000,2743.0,632,50318,17341780.0,2743.0,21,2741.0,6
rb1805,20170601,20170531,210220000,2743.0,632,50318,17341780.0,2743.0,21,2741.0,6
rb1805,20170601,20170531,210220500,2743.0,632,50318,17341780.0,2742.0,1,2741.0,26
rb1805,20170601,20170531,210221000,2741.0,652,50336,17889980.0,2742.0,1,2741.0,11
rb1805,20170601,20170531,210221500,2741.0,652,50336,17889980.0,2742.0,1,2741.0,11
rb1805,20170601,20170531,210222000,2742.0,654,50336,17944820.0,2743.0,21,2742.0,5
rb1805,20170601,20170531,210222500,2742.0,654,50336,17944820.0,2743.0,21,2741.0,11
rb1805,20170601,20170531,210223000,2742.0,654,50336,17944820.0,2742.0,1,2741.0,11
rb1805,20170601,20170531,210223500,2742.0,656,50336,17999660.0,2743.0,21,2742.0,4
rb1805,20170601,20170531,210224000,2742.0,656,50336,17999660.0,2743.0,21,2741.0,11
rb1805,20170601,20170531,210225000,2742.0,656,50336,17999660.0,2743.0,21,2741.0,16
rb1805,20170601,20170531,210227500,2743.0,660,50336,18109380.0,2743.0,19,2741.0,17
rb1805,20170601,20170531,210228000,2743.0,668,50336,18328820.0,2743.0,15,2741.0,16
rb1805,20170601,20170531,210230000,2743.0,668,50336,18328820.0,2743.0,15,2741.0,16
rb1805,20170601,20170531,210231000,2743.0,668,50336,18328820.0,2743.0,15,2741.0,18
rb1805,20170601,20170531,210231500,2743.0,672,50340,18438540.0,2743.0,13,2741.0,18
rb1805,20170601,20170531,210232500,2743.0,672,50340,18438540.0,2742.0,2,2741.0,18
rb1805,20170601,20170531,210233000,2742.0,676,50344,18548220.0,2743.0,13,2742.0,16
rb1805,20170601,20170531,210233500,2742.0,676,50344,18548220.0,2743.0,13,2741.0,17
rb1805,20170601,20170531,210234000,2742.0,676,50344,18548220.0,2743.0,13,2742.0,4
rb1805,20170601,20170531,210235000,2743.0,694,50362,19041960.0,2743.0,4,2741.0,20
rb1805,20170601,20170531,210235500,2743.0,696,50364,19096820.0,2743.0,3,2741.0,21
rb1805,20170601,20170531,210236000,2743.0,696,50364,19096820.0,2743.0,3,2742.0,4
rb1805,20170601,20170531,210236500,2743.0,696,50364,19096820.0,2743.0,5,2741.0,19
rb1805,20170601,20170531,210237000,2743.0,696,50364,19096820.0,2743.0,5,2742.0,2
rb1805,20170601,20170531,210237500,2743.0,696,50364,19096820.0,2743.0,6,2742.0,2
rb1805,20170601,20170531,210238000,2743.0,696,50364,19096820.0,2743.0,6,2741.0,18
rb1805,20170601,20170531,210238500,2743.0,696,50364,19096820.0,2743.0,6,2742.0,3
rb1805,20170601,20170531,210239000,2743.0,696,50364,19096820.0,2743.0,6,2742.0,3
rb1805,20170601,20170531,210240000,2743.0,696,50364,19096820.0,2743.0,6,2742.0,4
rb1805,20170601,20170531,210240500,2743.0,696,50364,19096820.0,2743.0,6,2742.0,5
rb1805,20170601,20170531,210241000,2743.0,704,50372,19316260.0,2743.0,2,2742.0,5
rb1805,20170601,20170531,210242500,2743.0,704,50372,19316260.0,2743.0,2,2742.0,6
rb1805,20170601,20170531,210244000,2743.0,704,50372,19316260.0,2743.0,2,2742.0,10
rb1805,20170601,20170531,210244500,2743.0,704,50372,19316260.0,2743.0,2,2742.0,11
rb1805,20170601,20170531,210246500,2743.0,706,50374,19371120.0,2743.0,1,2742.0,11
rb1805,20170601,20170531,210247000,2743.0,706,50374,19371120.0,2743.0,1,2742.0,12
rb1805,20170601,20170531,210248000,2743.0,706,50374,19371120.0,2743.0,1,2742.0,12
rb1805,20170601,20170531,210248500,2743.0,708,50376,19425980.0,2744.0,6,2743.0,19
rb1805,20170601,20170531,210249000,2743.0,708,50376,19425980.0,2744.0,1,2743.0,19
rb1805,20170601,20170531,210249500,2743.0,708,50376,19425980.0,2744.0,6,2743.0,19
rb1805,20170601,20170531,210250000,2743.0,708,50376,19425980.0,2744.0,6,2743.0,19
rb1805,20170601,20170531,210251000,2743.0,708,50376,19425980.0,2744.0,6,2743.0,19
rb1805,20170601,20170531,210253500,2743.0,714,50376,19590560.0,2744.0,6,2743.0,16
rb1805,20170601,20170531,210254000,2743.0,718,50376,19700280.0,2744.0,6,2743.0,14
rb1805,20170601,20170531,210254500,2743.0,718,50376,19700280.0,2744.0,6,2743.0,14
rb1805,20170601,20170531,210255500,2743.0,718,50376,19700280.0,2744.0,6,2743.0,14
rb1805,20170601,20170531,210256000,2743.0,718,50376,19700280.0,2744.0,1,2743.0,14
rb1805,20170601,20170531,210256500,2743.0,718,50376,19700280.0,2744.0,1,2743.0,14
rb1805,20170601,20170531,210257000,2744.0,720,50374,19755160.0,2746.0,2,2744.0,1
rb1805,20170601,20170531,210257500,2744.0,722,50372,19810040.0,2744.0,13,2743.0,14
rb1805,20170601,20170531,210258000,2744.0,722,50372,19810040.0,2744.0,5,2743.0,14
rb1805,20170601,20170531,210258500,2744.0,722,50372,19810040.0,2744.0,5,2743.0,14
rb1805,20170601,20170531,210300000,2744.0,722,50372,19810040.0,2746.0,2,2744.0,3
rb1805,20170601,20170531,210300500,2744.0,722,50372,19810040.0,2746.0,7,2744.0,3
rb1805,20170601,20170531,210301500,2744.0,722,50372,19810040.0,2746.0,7,2744.0,3
rb1805,20170601,20170531,210302500,2744.0,728,50366,19974680.0,2744.0,10,2743.0,21
rb1805,20170601,20170531,210303000,2744.0,756,50390,20742740.0,2744.0,9,2743.0,3
rb1805,20170601,20170531,210303500,2744.0,756,50390,20742740.0,2744.0,9,2743.0,3
rb1805,20170601,20170531,210304500,2744.0,756,50390,20742740.0,2744.0,9,2743.0,3
rb1805,20170601,20170531,210305000,2744.0,756,50390,20742740.0,2745.0,11,2743.0,8
rb1805,20170601,20170531,210307500,2744.0,756,50390,20742740.0,2745.0,11,2743.0,8
rb1805,20170601,20170531,210308500,2744.0,756,50390,20742740.0,2745.0,16,2743.0,8
rb1805,20170601,20170531,210309000,2744.0,756,50390,20742740.0,2745.0,16,2743.0,8
rb1805,20170601,20170531,210309500,2744.0,756,50390,20742740.0,2745.0,17,2743.0,8
rb1805,20170601,20170531,210310500,2744.0,756,50390,20742740.0,2745.0,17,2743.0,3
rb1805,20170601,20170531,210311000,2744.0,756,50390,20742740.0,2745.0,17,2743.0,3
rb1805,20170601,20170531,210311500,2745.0,764,50398,20962340.0,2745.0,13,2743.0,3
rb1805,20170601,20170531,210312500,2745.0,764,50398,20962340.0,2745.0,8,2743.0,8
rb1805,20170601,20170531,210313000,2745.0,764,50398,20962340.0,2744.0,7,2743.0,8
rb1805,20170601,20170531,210315000,2745.0,772,50406,21181940.0,2744.0,3,2743.0,8
rb1805,20170601,20170531,210316000,2745.0,772,50406,21181940.0,2744.0,3,2743.0,8
rb1805,20170601,20170531,210317000,2745.0,772,50406,21181940.0,2744.0,3,2743.0,8
rb1805,20170601,20170531,210318000,2745.0,772,50406,21181940.0,2744.0,3,2743.0,8
rb1805,20170601,20170531,210319500,2745.0,772,50406,21181940.0,2744.0,3,2743.0,8
rb1805,20170601,20170531,210321500,2745.0,772,50406,21181940.0,2744.0,3,2743.0,8
rb1805,20170601,20170531,210322500,2745.0,772,50406,21181940.0,2744.0,3,2743.0,8
rb1805,20170601,20170531,210323000,2744.0,774,50408,21236820.0,2744.0,2,2743.0,8
rb1805,20170601,20170531,210323500,2744.0,776,50410,21291700.0,2744.0,1,2743.0,8
rb1805,20170601,20170531,210326000,2744.0,776,50410,21291700.0,2744.0,1,2743.0,8
rb1805,20170601,20170531,210326500,2744.0,788,50422,21620980.0,2745.0,10,2744.0,6
rb1805,20170601,20170531,210327500,2744.0,794,50428,21785620.0,2745.0,10,2744.0,3
rb1805,20170601,20170531,210328000,2744.0,800,50434,21950260.0,2744.0,6,2743.0,3
rb1805,20170601,20170531,210328500,2744.0,800,50434,21950260.0,2745.0,10,2743.0,3
rb1805,20170601,20170531,210329500,2744.0,800,50434,21950260.0,2745.0,10,2743.0,3
rb1805,20170601,20170531,210330000,2744.0,800,50434,21950260.0,2745.0,10,2743.0,3
rb1805,20170601,20170531,210330500,2744.0,800,50434,21950260.0,2745.0,10,2744.0,1
rb1805,20170601,20170531,210331000,2743.0,808,50436,22169720.0,2744.0,11,2742.0,3
rb1805,20170601,20170531,210331500,2743.0,808,50436,22169720.0,2743.0,2,2742.0,3
rb1805,20170601,20170531,210332000,2743.0,808,50436,22169720.0,2745.0,10,2742.0,3
rb1805,20170601,20170531,210332500,2743.0,808,50436,22169720.0,2744.0,9,2742.0,8
rb1805,20170601,20170531,210333000,2743.0,808,50436,22169720.0,2744.0,9,2742.0,9
rb1805,20170601,20170531,210334000,2743.0,808,50436,22169720.0,2744.0,11,2742.0,9
rb1805,20170601,20170531,210334500,2743.0,808,50436,22169720.0,2744.0,11,2742.0,9
rb1805,20170601,20170531,210336000,2744.0,830,50458,22773400.0,2745.0,10,2744.0,1
rb1805,20170601,20170531,210336500,2744.0,832,50460,22828280.0,2744.0,2,2742.0,9
rb1805,20170601,20170531,210337000,2744.0,832,50460,22828280.0,2744.0,2,2742.0,9
rb1805,20170601,20170531,210337500,2744.0,832,50460,22828280.0,2744.0,2,2742.0,9
rb1805,20170601,20170531,210338500,2742.0,834,50462,22883120.0,2744.0,2,2742.0,8
rb1805,20170601,20170531,210340000,2744.0,836,50462,22938000.0,2744.0,1,2742.0,8
rb1805,20170601,20170531,210342500,2744.0,836,50462,22938000.0,2744.0,1,2742.0,3
rb1805,20170601,20170531,210343000,2744.0,836,50462,22938000.0,2744.0,1,2742.0,3
rb1805,20170601,20170531,210343500,2744.0,836,50462,22938000.0,2744.0,1,2742.0,4
rb1805,20170601,20170531,210344000,2744.0,838,50462,22992880.0,2744.0,1,2742.0,4
rb1805,20170601,20170531,210345500,2744.0,838,50462,22992880.0,2744.0,1,2742.0,4
rb1805,20170601,20170531,210346000,2742.0,840,50462,23047720.0,2744.0,1,2742.0,3
rb1805,20170601,20170531,210347000,2742.0,846,50468,23212240.0,2742.0,7,2741.0,21
rb1805,20170601,20170531,210347500,2742.0,846,50468,23212240.0,2742.0,7,2741.0,16
rb1805,20170601,20170531,210348500,2742.0,846,50468,23212240.0,2742.0,7,2741.0,16
rb1805,20170601,20170531,210349000,2742.0,846,50468,23212240.0,2742.0,7,2741.0,16
rb1805,20170601,20170531,210350000,2742.0,848,50470,23267080.0,2742.0,6,2741.0,16
rb1805,20170601,20170531,210350500,2742.0,848,50470,23267080.0,2742.0,6,2741.0,16
rb1805,20170601,20170531,210352000,2742.0,860,50482,23596120.0,2744.0,35,2742.0,94
rb1805,20170601,20170531,210352500,2742.0,860,50482,23596120.0,2744.0,35,2742.0,99
rb1805,20170601,20170531,210353000,2742.0,860,50482,23596120.0,2743.0,2,2742.0,94
rb1805,20170601,20170531,210354500,2742.0,880,50502,24144520.0,2743.0,2,2742.0,84
rb1805,20170601,20170531,210355500,2742.0,882,50504,24199360.0,2743.0,2,2742.0,83
rb1805,20170601,20170531,210356000,2742.0,882,50504,24199360.0,2743.0,2,2742.0,83
rb1805,20170601,20170531,210356500,2743.0,884,50504,24254220.0,2743.0,1,2742.0,83
rb1805,20170601,20170531,210357000,2742.0,904,50524,24802620.0,2743.0,1,2742.0,73
rb1805,20170601,20170531,210357500,2742.0,912,50524,25021980.0,2743.0,1,2742.0,69
rb1805,20170601,20170531,210358000,2742.0,918,50524,25186500.0,2743.0,1,2742.0,66
rb1805,20170601,20170531,210359000,2742.0,920,50526,25241340.0,2744.0,35,2742.0,65
rb1805,20170601,20170531,210400500,2742.0,920,50526,25241340.0,2743.0,1,2742.0,65
rb1805,20170601,20170531,210401000,2742.0,922,50526,25296180.0,2743.0,1,2742.0,64
rb1805,20170601,20170531,210402500,2742.0,922,50526,25296180.0,2744.0,35,2743.0,20
rb1805,20170601,20170531,210403000,2743.0,924,50528,25351040.0,2744.0,35,2743.0,19
rb1805,20170601,20170531,210403500,2743.0,924,50528,25351040.0,2744.0,35,2743.0,19
rb1805,20170601,20170531,210404000,2743.0,944,50548,25899640.0,2744.0,35,2743.0,9
rb1805,20170601,20170531,210404500,2743.0,958,50562,26283660.0,2744.0,35,2743.0,2
rb1805,20170601,20170531,210406000,2743.0,962,50566,26393380.0,2743.0,32,2742.0,65
rb1805,20170601,20170531,210406500,2743.0,962,50566,26393380.0,2743.0,33,2742.0,65
rb1805,20170601,20170531,210407500,2743.0,962,50566,26393380.0,2743.0,33,2742.0,65
rb1805,20170601,20170531,210409000,2743.0,962,50566,26393380.0,2743.0,33,2742.0,65
rb1805,20170601,20170531,210410000,2743.0,972,50566,26667680.0,2743.0,28,2742.0,70
rb1805,20170601,20170531,210410500,2743.0,1000,50566,27435720.0,2743.0,14,2742.0,70
rb1805,20170601,20170531,210411000,2743.0,1028,50588,28203760.0,2744.0,34,2743.0,17
rb1805,20170601,20170531,210411500,2744.0,1040,50590,28533040.0,2744.0,28,2743.0,17
rb1805,20170601,20170531,210412000,2744.0,1046,50590,28697680.0,2744.0,25,2743.0,17
rb1805,20170601,20170531,210412500,2743.0,1056,50590,28971980.0,2744.0,25,2743.0,12
rb1805,20170601,20170531,210413000,2743.0,1056,50590,28971980.0,2744.0,25,2743.0,7
rb1805,20170601,20170531,210413500,2743.0,1058,50592,29026840.0,2744.0,30,2743.0,6
rb1805,20170601,20170531,210414000,2744.0,1060,50594,29081720.0,2744.0,29,2743.0,6
rb1805,20170601,20170531,210414500,2743.0,1072,50594,29410880.0,2743.0,8,2742.0,73
rb1805,20170601,20170531,210415000,2743.0,1072,50594,29410880.0,2743.0,7,2742.0,68
rb1805,20170601,20170531,210415500,2743.0,1072,50594,29410880.0,2743.0,7,2742.0,67
rb1805,20170601,20170531,210416500,2743.0,1072,50594,29410880.0,2743.0,8,2742.0,67
rb1805,20170601,20170531,210417500,2742.0,1076,50598,29520560.0,2743.0,3,2742.0,65
rb1805,20170601,20170531,210418000,2742.0,1076,50598,29520560.0,2743.0,3,2742.0,70
rb1805,20170601,20170531,210419000,2742.0,1076,50598,29520560.0,2743.0,3,2742.0,71
rb1805,20170601,20170531,210419500,2743.0,1082,50604,29685140.0,2744.0,29,2743.0,18
rb1805,20170601,20170531,210420000,2743.0,1082,50604,29685140.0,2744.0,24,2743.0,5
rb1805,20170601,20170531,210420500,2743.0,1082,50604,29685140.0,2744.0,24,2743.0,5
rb1805,20170601,20170531,210421000,2743.0,1082,50604,29685140.0,2744.0,29,2743.0,25
rb1805,20170601,20170531,210421500,2743.0,1082,50604,29685140.0,2744.0,29,2743.0,37
rb1805,20170601,20170531,210422000,2743.0,1082,50604,29685140.0,2744.0,24,2743.0,38
rb1805,20170601,20170531,210423500,2743.0,1082,50604,29685140.0,2744.0,24,2743.0,38
rb1805,20170601,20170531,210424000,2743.0,1082,50604,29685140.0,2744.0,24,2743.0,33
rb1805,20170601,20170531,210425000,2743.0,1084,50606,29740000.0,2744.0,24,2743.0,32
rb1805,20170601,20170531,210425500,2743.0,1084,50606,29740000.0,2744.0,24,2743.0,32
rb1805,20170601,20170531,210426500,2743.0,1084,50606,29740000.0,2744.0,24,2743.0,37
rb1805,20170601,20170531,210427500,2743.0,1084,50606,29740000.0,2744.0,24,2743.0,37
rb1805,20170601,20170531,210428500,2743.0,1086,50606,29794860.0,2744.0,24,2743.0,36
rb1805,20170601,20170531,210429500,2744.0,1102,50606,30233900.0,2744.0,16,2743.0,36
rb1805,20170601,20170531,210430000,2744.0,1102,50606,30233900.0,2744.0,16,2743.0,36
rb1805,20170601,20170531,210430500,2744.0,1102,50606,30233900.0,2744.0,16,2743.0,31
rb1805,20170601,20170531,210431000,2744.0,1104,50608,30288780.0,2744.0,15,2743.0,31
rb1805,20170601,20170531,210431500,2744.0,1134,50638,31111980.0,2745.0,10,2744.0,5
rb1805,20170601,20170531,210432000,2744.0,1134,50638,31111980.0,2745.0,10,2744.0,17
rb1805,20170601,20170531,210434000,2744.0,1134,50638,31111980.0,2745.0,10,2744.0,22
rb1805,20170601,20170531,210434500,2744.0,1134,50638,31111980.0,2745.0,10,2744.0,22
rb1805,20170601,20170531,210436500,2744.0,1156,50660,31715660.0,2745.0,10,2744.0,11
rb1805,20170601,20170531,210438000,2744.0,1156,50660,31715660.0,2745.0,10,2744.0,11
rb1805,20170601,20170531,210438500,2744.0,1156,50660,31715660.0,2745.0,10,2744.0,6
rb1805,20170601,20170531,210439500,2744.0,1156,50660,31715660.0,2745.0,10,2744.0,6
rb1805,20170601,20170531,210440000,2744.0,1168,50660,32044940.0,2744.0,3,2743.0,31
rb1805,20170601,20170531,210440500,2744.0,1168,50660,32044940.0,2745.0,10,2743.0,31
rb1805,20170601,20170531,210441000,2744.0,1168,50660,32044940.0,2745.0,10,2743.0,36
rb1805,20170601,20170531,210441500,2744.0,1168,50660,32044940.0,2745.0,10,2743.0,36
rb1805,20170601,20170531,210442000,2744.0,1168,50660,32044940.0,2745.0,15,2743.0,31
rb1805,20170601,20170531,210443000,2744.0,1168,50660,32044940.0,2744.0,10,2743.0,32
rb1805,20170601,20170531,210444500,2744.0,1168,50660,32044940.0,2744.0,10,2743.0,32
rb1805,20170601,20170531,210445000,2744.0,1168,50660,32044940.0,2744.0,10,2743.0,32
rb1805,20170601,20170531,210445500,2744.0,1168,50660,32044940.0,2744.0,10,2743.0,33
rb1805,20170601,20170531,210446000,2744.0,1178,50670,32319340.0,2744.0,5,2743.0,34
rb1805,20170601,20170531,210447000,2744.0,1178,50670,32319340.0,2744.0,5,2743.0,33
rb1805,20170601,20170531,210448500,2744.0,1178,50670,32319340.0,2744.0,5,2743.0,33
rb1805,20170601,20170531,210450000,2744.0,1178,50670,32319340.0,2744.0,5,2743.0,38
rb1805,20170601,20170531,210452000,2744.0,1178,50670,32319340.0,2744.0,5,2743.0,33
rb1805,20170601,20170531,210452500,2744.0,1178,50670,32319340.0,2744.0,5,2743.0,34
rb1805,20170601,20170531,210453000,2744.0,1188,50680,32593740.0,2745.0,15,2744.0,7
rb1805,20170601,20170531,210453500,2744.0,1188,50680,32593740.0,2745.0,10,2744.0,7
rb1805,20170601,20170531,210454000,2744.0,1188,50680,32593740.0,2745.0,10,2744.0,7
rb1805,20170601,20170531,210454500,2744.0,1188,50680,32593740.0,2745.0,10,2744.0,7
rb1805,20170601,20170531,210455000,2744.0,1188,50680,32593740.0,2745.0,10,2744.0,7
rb1805,20170601,20170531,210456000,2744.0,1188,50680,32593740.0,2745.0,10,2744.0,14
rb1805,20170601,20170531,210456500,2745.0,1208,50696,33142740.0,2746.0,7,2745.0,10
rb1805,20170601,20170531,210457000,2745.0,1208,50696,33142740.0,2746.0,2,2745.0,10
rb1805,20170601,20170531,210457500,2745.0,1210,50696,33197640.0,2746.0,2,2745.0,11
rb1805,20170601,20170531,210458000,2745.0,1210,50696,33197640.0,2746.0,2,2745.0,11
rb1805,20170601,20170531,210459000,2745.0,1210,50696,33197640.0,2746.0,2,2745.0,11
rb1805,20170601,20170531,210459500,2745.0,1210,50696,33197640.0,2746.0,2,2745.0,11
rb1805,20170601,20170531,210501000,2745.0,1210,50696,33197640.0,2746.0,2,2745.0,12
rb1805,20170601,20170531,210501500,2745.0,1212,50696,33252540.0,2746.0,2,2745.0,11
rb1805,20170601,20170531,210502000,2745.0,1212,50696,33252540.0,2746.0,2,2745.0,11
rb1805,20170601,20170531,210502500,2745.0,1212,50696,33252540.0,2746.0,2,2745.0,11
rb1805,20170601,20170531,210504000,2745.0,1212,50696,33252540.0,2746.0,2,2745.0,12
rb1805,20170601,20170531,210505000,2746.0,1216,50692,33362380.0,2749.0,13,2746.0,1
rb1805,20170601,20170531,210505500,2746.0,1216,50692,33362380.0,2749.0,18,2746.0,8
rb1805,20170601,20170531,210506500,2746.0,1216,50692,33362380.0,2749.0,18,2746.0,8
rb1805,20170601,20170531,210507000,2746.0,1216,50692,33362380.0,2749.0,18,2746.0,8
rb1805,20170601,20170531,210507500,2746.0,1216,50692,33362380.0,2749.0,18,2746.0,7
rb1805,20170601,20170531,210508000,2746.0,1218,50694,33417300.0,2749.0,18,2746.0,6
rb1805,20170601,20170531,210509000,2746.0,1218,50694,33417300.0,2749.0,18,2746.0,11
rb1805,20170601,20170531,210510500,2746.0,1218,50694,33417300.0,2749.0,18,2746.0,11
rb1805,20170601,20170531,210511000,2746.0,1218,50694,33417300.0,2749.0,18,2746.0,11
rb1805,20170601,20170531,210511500,2746.0,1218,50694,33417300.0,2749.0,18,2746.0,11
rb1805,20170601,20170531,210512000,2746.0,1220,50696,33472220.0,2749.0,18,2746.0,10
rb1805,20170601,20170531,210512500,2746.0,1220,50696,33472220.0,2749.0,13,2746.0,10
rb1805,20170601,20170531,210513000,2746.0,1220,50696,33472220.0,2749.0,13,2746.0,10
rb1805,20170601,20170531,210513500,2746.0,1220,50696,33472220.0,2748.0,33,2746.0,10
rb1805,20170601,20170531,210515500,2746.0,1220,50696,33472220.0,2748.0,33,2746.0,10
rb1805,20170601,20170531,210516000,2748.0,1222,50698,33527180.0,2748.0,32,2746.0,10
rb1805,20170601,20170531,210517000,2748.0,1222,50698,33527180.0,2748.0,37,2746.0,5
rb1805,20170601,20170531,210517500,2748.0,1224,50700,33582140.0,2748.0,36,2746.0,5
rb1805,20170601,20170531,210518000,2746.0,1234,50700,33856740.0,2748.0,36,2745.0,9
rb1805,20170601,20170531,210518500,2746.0,1234,50700,33856740.0,2746.0,1,2745.0,2
rb1805,20170601,20170531,210519000,2746.0,1234,50700,33856740.0,2748.0,36,2745.0,2
rb1805,20170601,20170531,210519500,2746.0,1234,50700,33856740.0,2748.0,36,2745.0,4
rb1805,20170601,20170531,210520500,2746.0,1234,50700,33856740.0,2748.0,36,2745.0,7
rb1805,20170601,20170531,210521500,2746.0,1234,50700,33856740.0,2748.0,36,2745.0,7
rb1805,20170601,20170531,210522000,2746.0,1234,50700,33856740.0,2748.0,36,2746.0,50
rb1805,20170601,20170531,210522500,2746.0,1236,50700,33911660.0,2748.0,36,2746.0,49
rb1805,20170601,20170531,210523000,2746.0,1236,50700,33911660.0,2748.0,36,2746.0,49
rb1805,20170601,20170531,210523500,2748.0,1238,50702,33966620.0,2748.0,35,2746.0,49
rb1805,20170601,20170531,210525000,2748.0,1238,50702,33966620.0,2748.0,30,2746.0,53
rb1805,20170601,20170531,210529000,2748.0,1238,50702,33966620.0,2748.0,30,2746.0,53
rb1805,20170601,20170531,210529500,2748.0,1238,50702,33966620.0,2748.0,30,2746.0,54
rb1805,20170601,20170531,210530000,2748.0,1240,50704,34021580.0,2748.0,29,2747.0,1
rb1805,20170601,20170531,210530500,2747.0,1244,50706,34131460.0,2747.0,1,2746.0,54
rb1805,20170601,20170531,210531500,2747.0,1244,50706,34131460.0,2747.0,1,2746.0,55
rb1805,20170601,20170531,210532000,2747.0,1244,50706,34131460.0,2748.0,29,2746.0,52
rb1805,20170601,20170531,210533000,2747.0,1244,50706,34131460.0,2748.0,29,2746.0,55
rb1805,20170601,20170531,210535000,2747.0,1244,50706,34131460.0,2748.0,34,2746.0,52
rb1805,20170601,20170531,210536500,2748.0,1248,50710,34241380.0,2748.0,32,2746.0,52
rb1805,20170601,20170531,210537500,2748.0,1248,50710,34241380.0,2748.0,32,2747.0,1
rb1805,20170601,20170531,210538000,2747.0,1250,50710,34296320.0,2748.0,32,2746.0,52
rb1805,20170601,20170531,210539000,2748.0,1260,50720,34571120.0,2748.0,27,2747.0,20
rb1805,20170601,20170531,210539500,2748.0,1260,50720,34571120.0,2748.0,22,2747.0,20
rb1805,20170601,20170531,210540000,2747.0,1264,50724,34681020.0,2748.0,21,2747.0,19
rb1805,20170601,20170531,210541500,2747.0,1264,50724,34681020.0,2748.0,21,2747.0,19
rb1805,20170601,20170531,210542500,2747.0,1264,50724,34681020.0,2748.0,21,2747.0,19
rb1805,20170601,20170531,210543000,2747.0,1264,50724,34681020.0,2748.0,21,2747.0,19
rb1805,20170601,20170531,210544500,2747.0,1264,50724,34681020.0,2748.0,21,2747.0,19
rb1805,20170601,20170531,210545000,2747.0,1264,50724,34681020.0,2748.0,21,2747.0,19
rb1805,20170601,20170531,210545500,2747.0,1266,50726,34735960.0,2748.0,21,2747.0,18
rb1805,20170601,20170531,210546000,2747.0,1266,50726,34735960.0,2748.0,22,2747.0,18
rb1805,20170601,20170531,210547000,2747.0,1266,50726,34735960.0,2748.0,72,2747.0,18
rb1805,20170601,20170531,210548000,2748.0,1268,50728,34790920.0,2748.0,71,2747.0,18
rb1805,20170601,20170531,210550500,2748.0,1268,50728,34790920.0,2748.0,75,2747.0,18
rb1805,20170601,20170531,210553500,2748.0,1268,50728,34790920.0,2748.0,75,2747.0,18
rb1805,20170601,20170531,210554000,2748.0,1268,50728,34790920.0,2748.0,75,2747.0,18
rb1805,20170601,20170531,210555000,2748.0,1268,50728,34790920.0,2748.0,75,2747.0,23
rb1805,20170601,20170531,210555500,2747.0,1276,50736,35010740.0,2748.0,72,2747.0,22
rb1805,20170601,20170531,210558500,2747.0,1276,50736,35010740.0,2748.0,72,2747.0,22
rb1805,20170601,20170531,210600000,2747.0,1276,50736,35010740.0,2748.0,68,2747.0,22
rb1805,20170601,20170531,210601000,2747.0,1276,50736,35010740.0,2748.0,68,2747.0,22
rb1805,20170601,20170531,210602500,2747.0,1276,50736,35010740.0,2748.0,68,2747.0,22
rb1805,20170601,20170531,210603000,2747.0,1278,50736,35065680.0,2748.0,68,2747.0,21
rb1805,20170601,20170531,210604500,2747.0,1280,50738,35120620.0,2748.0,68,2747.0,20
rb1805,20170601,20170531,210605000,2747.0,1280,50738,35120620.0,2748.0,68,2747.0,20
rb1805,20170601,20170531,210606000,2747.0,1280,50738,35120620.0,2748.0,68,2747.0,21
rb1805,20170601,20170531,210607500,2747.0,1280,50738,35120620.0,2748.0,68,2747.0,21
rb1805,20170601,20170531,210608500,2747.0,1280,50738,35120620.0,2748.0,73,2747.0,21
rb1805,20170601,20170531,210609000,2747.0,1322,50780,36274360.0,2748.0,73,2746.0,50
rb1805,20170601,20170531,210611000,2748.0,1324,50782,36329320.0,2748.0,72,2746.0,50
rb1805,20170601,20170531,210612000,2748.0,1324,50782,36329320.0,2748.0,75,2746.0,50
rb1805,20170601,20170531,210613500,2748.0,1328,50786,36439240.0,2747.0,1,2746.0,53
rb1805,20170601,20170531,210614000,2748.0,1328,50786,36439240.0,2747.0,1,2746.0,52
rb1805,20170601,20170531,210615000,2748.0,1328,50786,36439240.0,2747.0,1,2746.0,49
rb1805,20170601,20170531,210618000,2748.0,1328,50786,36439240.0,2747.0,6,2746.0,49
rb1805,20170601,20170531,210618500,2748.0,1328,50786,36439240.0,2747.0,7,2746.0,49
rb1805,20170601,20170531,210620500,2748.0,1328,50786,36439240.0,2747.0,2,2746.0,49
rb1805,20170601,20170531,210621000,2748.0,1328,50786,36439240.0,2747.0,2,2746.0,49
rb1805,20170601,20170531,210621500,2748.0,1330,50786,36494200.0,2747.0,6,2746.0,49
rb1805,20170601,20170531,210622500,2748.0,1330,50786,36494200.0,2747.0,6,2746.0,49
rb1805,20170601,20170531,210623000,2748.0,1330,50786,36494200.0,2747.0,6,2746.0,49
rb1805,20170601,20170531,210624000,2746.0,1336,50792,36658960.0,2747.0,11,2746.0,46
rb1805,20170601,20170531,210624500,2746.0,1336,50792,36658960.0,2747.0,11,2746.0,46
rb1805,20170601,20170531,210625000,2747.0,1338,50792,36713900.0,2747.0,15,2746.0,46
rb1805,20170601,20170531,210625500,2747.0,1338,50792,36713900.0,2747.0,15,2746.0,46
rb1805,20170601,20170531,210626000,2746.0,1382,50836,37922140.0,2747.0,15,2746.0,24
rb1805,20170601,20170531,210626500,2746.0,1382,50836,37922140.0,2747.0,15,2746.0,24
rb1805,20170601,20170531,210627000,2746.0,1390,50836,38141820.0,2747.0,15,2746.0,20
rb1805,20170601,20170531,210627500,2746.0,1400,50836,38416420.0,2747.0,15,2746.0,15
rb1805,20170601,20170531,210628000,2746.0,1400,50836,38416420.0,2747.0,5,2746.0,15
rb1805,20170601,20170531,210628500,2746.0,1400,50836,38416420.0,2747.0,5,2746.0,15
rb1805,20170601,20170531,210630000,2746.0,1430,50866,39240220.0,2746.0,18,2745.0,4
rb1805,20170601,20170531,210630500,2746.0,1430,50866,39240220.0,2746.0,18,2745.0,1
rb1805,20170601,20170531,210631000,2746.0,1430,50866,39240220.0,2746.0,18,2745.0,1
rb1805,20170601,20170531,210631500,2746.0,1430,50866,39240220.0,2746.0,18,2745.0,1
rb1805,20170601,20170531,210632000,2746.0,1450,50886,39789420.0,2746.0,8,2745.0,1
rb1805,20170601,20170531,210632500,2745.0,1452,50888,39844320.0,2745.0,9,2744.0,32
rb1805,20170601,20170531,210633000,2745.0,1470,50888,40338420.0,2746.0,8,2745.0,3
rb1805,20170601,20170531,210633500,2745.0,1470,50888,40338420.0,2746.0,8,2744.0,32
rb1805,20170601,20170531,210635500,2745.0,1470,50888,40338420.0,2746.0,8,2745.0,1
rb1805,20170601,20170531,210636000,2745.0,1470,50888,40338420.0,2746.0,9,2745.0,1
rb1805,20170601,20170531,210636500,2745.0,1470,50888,40338420.0,2746.0,9,2745.0,4
rb1805,20170601,20170531,210637000,2745.0,1470,50888,40338420.0,2746.0,10,2745.0,4
rb1805,20170601,20170531,210638500,2745.0,1470,50888,40338420.0,2746.0,10,2745.0,4
rb1805,20170601,20170531,210643000,2745.0,1470,50888,40338420.0,2746.0,10,2745.0,4
rb1805,20170601,20170531,210644000,2745.0,1478,50890,40558020.0,2745.0,6,2744.0,52
rb1805,20170601,20170531,210644500,2745.0,1490,50890,40887420.0,2746.0,10,2745.0,1
rb1805,20170601,20170531,210645000,2746.0,1494,50894,40997260.0,2746.0,8,2745.0,1
rb1805,20170601,20170531,210647500,2746.0,1494,50894,40997260.0,2746.0,8,2745.0,2
rb1805,20170601,20170531,210649000,2746.0,1494,50894,40997260.0,2746.0,18,2745.0,2
rb1805,20170601,20170531,210650000,2746.0,1494,50894,40997260.0,2746.0,18,2745.0,2
rb1805,20170601,20170531,210650500,2745.0,1498,50892,41107060.0,2745.0,3,2744.0,52
rb1805,20170601,20170531,210651000,2745.0,1504,50892,41271760.0,2746.0,18,2745.0,6
rb1805,20170601,20170531,210651500,2745.0,1504,50892,41271760.0,2746.0,18,2744.0,52
rb1805,20170601,20170531,210652500,2746.0,1508,50896,41381600.0,2746.0,16,2744.0,52
rb1805,20170601,20170531,210653000,2746.0,1508,50896,41381600.0,2746.0,21,2744.0,47
rb1805,20170601,20170531,210653500,2746.0,1508,50896,41381600.0,2746.0,21,2745.0,1
rb1805,20170601,20170531,210655500,2746.0,1508,50896,41381600.0,2746.0,16,2745.0,1
rb1805,20170601,20170531,210659000,2746.0,1508,50896,41381600.0,2746.0,16,2745.0,1
rb1805,20170601,20170531,210700500,2746.0,1508,50896,41381600.0,2746.0,16,2745.0,2
rb1805,20170601,20170531,210702500,2746.0,1540,50926,42260320.0,2748.0,69,2745.0,2
rb1805,20170601,20170531,210703000,2746.0,1540,50926,42260320.0,2748.0,74,2745.0,4
rb1805,20170601,20170531,210705000,2746.0,1540,50926,42260320.0,2748.0,74,2745.0,4
rb1805,20170601,20170531,210705500,2746.0,1540,50926,42260320.0,2748.0,74,2745.0,9
rb1805,20170601,20170531,210707000,2746.0,1540,50926,42260320.0,2748.0,75,2745.0,9
rb1805,20170601,20170531,210708000,2746.0,1540,50926,42260320.0,2748.0,74,2745.0,9
rb1805,20170601,20170531,210709000,2746.0,1540,50926,42260320.0,2748.0,74,2745.0,9
rb1805,20170601,20170531,210710000,2746.0,1540,50926,42260320.0,2748.0,74,2745.0,9
rb1805,20170601,20170531,210710500,2746.0,1540,50926,42260320.0,2748.0,71,2746.0,2
rb1805,20170601,20170531,210711000,2746.0,1540,50926,42260320.0,2746.0,2,2745.0,10
rb1805,20170601,20170531,210711500,2746.0,1540,50926,42260320.0,2748.0,76,2745.0,10
rb1805,20170601,20170531,210712000,2748.0,1550,50936,42535120.0,2748.0,72,2745.0,10
rb1805,20170601,20170531,210713000,2748.0,1550,50936,42535120.0,2748.0,72,2745.0,8
rb1805,20170601,20170531,210714500,2745.0,1566,50952,42974320.0,2745.0,2,2744.0,47
rb1805,20170601,20170531,210716500,2745.0,1566,50952,42974320.0,2745.0,2,2744.0,47
rb1805,20170601,20170531,210718000,2745.0,1566,50952,42974320.0,2745.0,3,2744.0,47
rb1805,20170601,20170531,210719500,2745.0,1566,50952,42974320.0,2745.0,8,2744.0,47
rb1805,20170601,20170531,210721000,2744.0,1592,50952,43687760.0,2745.0,8,2744.0,34
rb1805,20170601,20170531,210721500,2744.0,1660,51020,45553680.0,2744.0,1,2743.0,32
rb1805,20170601,20170531,210722000,2744.0,1662,51022,45608560.0,2745.0,3,2744.0,1
rb1805,20170601,20170531,210722500,2744.0,1662,51022,45608560.0,2745.0,3,2744.0,1
rb1805,20170601,20170531,210723500,2745.0,1666,51026,45718360.0,2745.0,1,2744.0,1
rb1805,20170601,20170531,210724500,2745.0,1666,51026,45718360.0,2745.0,1,2744.0,1
rb1805,20170601,20170531,210725000,2745.0,1668,51028,45773260.0,2748.0,71,2745.0,99
rb1805,20170601,20170531,210725500,2745.0,1738,51098,47694760.0,2748.0,75,2745.0,64
rb1805,20170601,20170531,210726000,2745.0,1738,51098,47694760.0,2748.0,72,2745.0,64
rb1805,20170601,20170531,210726500,2745.0,1738,51098,47694760.0,2748.0,71,2745.0,64
rb1805,20170601,20170531,210727000,2745.0,1740,51100,47749660.0,2748.0,75,2745.0,63
rb1805,20170601,20170531,210727500,2745.0,1740,51100,47749660.0,2748.0,75,2745.0,63
rb1805,20170601,20170531,210728000,2745.0,1740,51100,47749660.0,2748.0,71,2745.0,63
rb1805,20170601,20170531,210728500,2745.0,1760,51120,48298660.0,2747.0,5,2745.0,53
rb1805,20170601,20170531,210729000,2745.0,1760,51120,48298660.0,2747.0,2,2745.0,53
rb1805,20170601,20170531,210729500,2745.0,1760,51120,48298660.0,2748.0,71,2745.0,53
rb1805,20170601,20170531,210731500,2748.0,1762,51122,48353620.0,2748.0,70,2745.0,53
rb1805,20170601,20170531,210732000,2748.0,1762,51122,48353620.0,2748.0,70,2745.0,53
rb1805,20170601,20170531,210732500,2748.0,1762,51122,48353620.0,2748.0,70,2745.0,53
rb1805,20170601,20170531,210735000,2748.0,1762,51122,48353620.0,2748.0,70,2745.0,53
rb1805,20170601,20170531,210735500,2748.0,1762,51122,48353620.0,2748.0,71,2745.0,53
rb1805,20170601,20170531,210736000,2748.0,1762,51122,48353620.0,2748.0,71,2745.0,53
rb1805,20170601,20170531,210736500,2748.0,1762,51122,48353620.0,2747.0,1,2746.0,1
rb1805,20170601,20170531,210737000,2746.0,1764,51124,48408540.0,2747.0,1,2745.0,53
rb1805,20170601,20170531,210737500,2746.0,1764,51124,48408540.0,2747.0,6,2745.0,53
rb1805,20170601,20170531,210738000,2746.0,1764,51124,48408540.0,2747.0,6,2745.0,53
rb1805,20170601,20170531,210738500,2745.0,1870,51230,51318240.0,2747.0,8,2744.0,1
rb1805,20170601,20170531,210739000,2745.0,1870,51230,51318240.0,2747.0,8,2744.0,1
rb1805,20170601,20170531,210739500,2745.0,1870,51230,51318240.0,2746.0,5,2744.0,2
rb1805,20170601,20170531,210740000,2745.0,1870,51230,51318240.0,2747.0,8,2744.0,2
rb1805,20170601,20170531,210740500,2745.0,1870,51230,51318240.0,2746.0,5,2744.0,1
rb1805,20170601,20170531,210741000,2745.0,1870,51230,51318240.0,2746.0,5,2744.0,1
rb1805,20170601,20170531,210741500,2745.0,1870,51230,51318240.0,2746.0,5,2744.0,1
rb1805,20170601,20170531,210744000,2745.0,1870,51230,51318240.0,2746.0,5,2744.0,1
rb1805,20170601,20170531,210745000,2745.0,1870,51230,51318240.0,2746.0,5,2744.0,1
rb1805,20170601,20170531,210745500,2746.0,1880,51240,51592840.0,2747.0,9,2746.0,7
rb1805,20170601,20170531,210746000,2746.0,1894,51254,51977280.0,2746.0,8,2744.0,1
rb1805,20170601,20170531,210746500,2746.0,1894,51254,51977280.0,2747.0,2,2744.0,1
rb1805,20170601,20170531,210747000,2746.0,1894,51254,51977280.0,2747.0,9,2744.0,6
rb1805,20170601,20170531,210748500,2746.0,1894,51254,51977280.0,2747.0,9,2744.0,8
rb1805,20170601,20170531,210749000,2746.0,1894,51254,51977280.0,2747.0,9,2744.0,8
rb1805,20170601,20170531,210749500,2746.0,1894,51254,51977280.0,2747.0,10,2744.0,9
rb1805,20170601,20170531,210750000,2744.0,1914,51256,52526080.0,2746.0,1,2743.0,32
rb1805,20170601,20170531,210750500,2744.0,1914,51256,52526080.0,2746.0,7,2743.0,32
rb1805,20170601,20170531,210751000,2744.0,1914,51256,52526080.0,2746.0,7,2743.0,32
rb1805,20170601,20170531,210753500,2744.0,1914,51256,52526080.0,2746.0,7,2743.0,32
rb1805,20170601,20170531,210754000,2744.0,1914,51256,52526080.0,2746.0,7,2743.0,32
rb1805,20170601,20170531,210755000,2744.0,1914,51256,52526080.0,2746.0,7,2743.0,33
rb1805,20170601,20170531,210755500,2744.0,1914,51256,52526080.0,2745.0,10,2743.0,33
rb1805,20170601,20170531,210756000,2744.0,1914,51256,52526080.0,2745.0,10,2743.0,33
rb1805,20170601,20170531,210801000,2744.0,1914,51256,52526080.0,2745.0,11,2743.0,43
rb1805,20170601,20170531,210801500,2744.0,1914,51256,52526080.0,2745.0,11,2743.0,43
rb1805,20170601,20170531,210802500,2744.0,1914,51256,52526080.0,2745.0,18,2743.0,43
rb1805,20170601,20170531,210803500,2745.0,1938,51256,53184880.0,2745.0,6,2743.0,43
rb1805,20170601,20170531,210806000,2745.0,1938,51256,53184880.0,2745.0,7,2743.0,43
rb1805,20170601,20170531,210808000,2743.0,2024,51342,55543860.0,2744.0,2,2742.0,3
rb1805,20170601,20170531,210808500,2743.0,2024,51342,55543860.0,2744.0,7,2742.0,3
rb1805,20170601,20170531,210809500,2743.0,2024,51342,55543860.0,2744.0,7,2742.0,3
rb1805,20170601,20170531,210810000,2742.0,2030,51348,55708380.0,2744.0,8,2741.0,14
rb1805,20170601,20170531,210811000,2742.0,2030,51348,55708380.0,2744.0,7,2741.0,14
rb1805,20170601,20170531,210811500,2742.0,2030,51348,55708380.0,2744.0,7,2741.0,14
rb1805,20170601,20170531,210812000,2742.0,2030,51348,55708380.0,2743.0,2,2741.0,14
rb1805,20170601,20170531,210813500,2742.0,2030,51348,55708380.0,2744.0,8,2741.0,14
rb1805,20170601,20170531,210814000,2742.0,2030,51348,55708380.0,2744.0,8,2741.0,14
rb1805,20170601,20170531,210814500,2741.0,2032,51350,55763200.0,2744.0,8,2741.0,13
rb1805,20170601,20170531,210815000,2741.0,2052,51370,56311400.0,2743.0,1,2741.0,3
rb1805,20170601,20170531,210815500,2741.0,2052,51370,56311400.0,2743.0,3,2741.0,4
rb1805,20170601,20170531,210816000,2741.0,2060,51378,56530680.0,2743.0,3,2740.0,1
rb1805,20170601,20170531,210816500,2740.0,2092,51398,57407960.0,2742.0,2,2740.0,1
rb1805,20170601,20170531,210817000,2740.0,2094,51398,57462760.0,2742.0,4,2738.0,47
rb1805,20170601,20170531,210817500,2740.0,2094,51398,57462760.0,2742.0,7,2738.0,48
rb1805,20170601,20170531,210818000,2740.0,2094,51398,57462760.0,2742.0,7,2738.0,47
rb1805,20170601,20170531,210818500,2740.0,2094,51398,57462760.0,2742.0,7,2738.0,47
rb1805,20170601,20170531,210819000,2740.0,2094,51398,57462760.0,2742.0,8,2738.0,47
rb1805,20170601,20170531,210822500,2740.0,2094,51398,57462760.0,2742.0,8,2738.0,47
rb1805,20170601,20170531,210823000,2740.0,2094,51398,57462760.0,2742.0,8,2738.0,7
rb1805,20170601,20170531,210823500,2740.0,2094,51398,57462760.0,2742.0,9,2738.0,7
rb1805,20170601,20170531,210824000,2740.0,2094,51398,57462760.0,2742.0,8,2738.0,7
rb1805,20170601,20170531,210824500,2740.0,2094,51398,57462760.0,2742.0,10,2738.0,7
rb1805,20170601,20170531,210825000,2742.0,2118,51412,58120740.0,2742.0,8,2738.0,12
rb1805,20170601,20170531,210825500,2742.0,2122,51416,58230420.0,2742.0,6,2738.0,12
rb1805,20170601,20170531,210826000,2742.0,2122,51416,58230420.0,2742.0,9,2738.0,12
rb1805,20170601,20170531,210826500,2742.0,2122,51416,58230420.0,2742.0,6,2738.0,12
rb1805,20170601,20170531,210827000,2742.0,2122,51416,58230420.0,2742.0,8,2738.0,13
rb1805,20170601,20170531,210827500,2742.0,2122,51416,58230420.0,2742.0,8,2738.0,12
rb1805,20170601,20170531,210829000,2742.0,2122,51416,58230420.0,2742.0,11,2738.0,12
rb1805,20170601,20170531,210829500,2742.0,2122,51416,58230420.0,2741.0,5,2738.0,12
rb1805,20170601,20170531,210830000,2738.0,2132,51426,58504220.0,2741.0,5,2738.0,7
rb1805,20170601,20170531,210830500,2738.0,2132,51426,58504220.0,2739.0,1,2738.0,7
rb1805,20170601,20170531,210831000,2738.0,2148,51434,58942380.0,2740.0,5,2738.0,3
rb1805,20170601,20170531,210831500,2738.0,2148,51434,58942380.0,2741.0,5,2738.0,3
rb1805,20170601,20170531,210832000,2738.0,2154,51434,59106660.0,2740.0,1,2737.0,5
rb1805,20170601,20170531,210832500,2738.0,2154,51434,59106660.0,2740.0,5,2739.0,12
rb1805,20170601,20170531,210833000,2739.0,2178,51454,59764020.0,2740.0,5,2737.0,9
rb1805,20170601,20170531,210833500,2739.0,2178,51454,59764020.0,2740.0,5,2737.0,9
rb1805,20170601,20170531,210834500,2739.0,2178,51454,59764020.0,2740.0,5,2737.0,9
rb1805,20170601,20170531,210835000,2739.0,2178,51454,59764020.0,2740.0,5,2737.0,10
rb1805,20170601,20170531,210836000,2739.0,2178,51454,59764020.0,2740.0,5,2737.0,10
rb1805,20170601,20170531,210837000,2737.0,2198,51446,60311420.0,2737.0,5,2736.0,10
rb1805,20170601,20170531,210837500,2740.0,2224,51454,61023460.0,2741.0,3,2740.0,5
rb1805,20170601,20170531,210838000,2741.0,2236,51464,61352280.0,2741.0,2,2736.0,10
rb1805,20170601,20170531,210838500,2738.0,2238,51464,61407040.0,2739.0,2,2738.0,9
rb1805,20170601,20170531,210839000,2739.0,2242,51460,61516600.0,2741.0,5,2739.0,3
rb1805,20170601,20170531,210839500,2739.0,2242,51460,61516600.0,2741.0,3,2736.0,15
rb1805,20170601,20170531,210840000,2739.0,2242,51460,61516600.0,2741.0,5,2738.0,9
rb1805,20170601,20170531,210840500,2739.0,2242,51460,61516600.0,2741.0,5,2738.0,14
rb1805,20170601,20170531,210841000,2739.0,2242,51460,61516600.0,2741.0,5,2738.0,14
rb1805,20170601,20170531,210841500,2739.0,2242,51460,61516600.0,2741.0,3,2738.0,5
rb1805,20170601,20170531,210842000,2739.0,2242,51460,61516600.0,2741.0,1,2738.0,7
rb1805,20170601,20170531,210842500,2739.0,2242,51460,61516600.0,2741.0,1,2738.0,7
rb1805,20170601,20170531,210843000,2741.0,2244,51460,61571420.0,2742.0,8,2741.0,11
rb1805,20170601,20170531,210843500,2741.0,2266,51482,62174440.0,2740.0,13,2738.0,7
rb1805,20170601,20170531,210844000,2740.0,2296,51508,62996440.0,2742.0,3,2738.0,7
rb1805,20170601,20170531,210844500,2740.0,2296,51508,62996440.0,2742.0,7,2739.0,2
rb1805,20170601,20170531,210845000,2740.0,2296,51508,62996440.0,2742.0,7,2739.0,7
rb1805,20170601,20170531,210845500,2740.0,2296,51508,62996440.0,2742.0,7,2739.0,7
rb1805,20170601,20170531,210846000,2740.0,2296,51508,62996440.0,2742.0,7,2739.0,7
rb1805,20170601,20170531,210847000,2740.0,2296,51508,62996440.0,2742.0,7,2740.0,1
rb1805,20170601,20170531,210847500,2740.0,2296,51508,62996440.0,2742.0,7,2740.0,8
rb1805,20170601,20170531,210848000,2740.0,2298,51508,63051240.0,2742.0,3,2740.0,7
rb1805,20170601,20170531,210848500,2740.0,2298,51508,63051240.0,2741.0,1,2740.0,7
rb1805,20170601,20170531,210849000,2741.0,2300,51506,63106060.0,2742.0,3,2741.0,1
rb1805,20170601,20170531,210849500,2741.0,2300,51506,63106060.0,2742.0,3,2740.0,7
rb1805,20170601,20170531,210851000,2741.0,2300,51506,63106060.0,2742.0,3,2741.0,12
rb1805,20170601,20170531,210851500,2741.0,2302,51506,63160880.0,2742.0,3,2741.0,11
rb1805,20170601,20170531,210852000,2741.0,2302,51506,63160880.0,2742.0,3,2741.0,11
rb1805,20170601,20170531,210853000,2741.0,2302,51506,63160880.0,2742.0,8,2741.0,11
rb1805,20170601,20170531,210853500,2741.0,2302,51506,63160880.0,2742.0,8,2741.0,11
rb1805,20170601,20170531,210854000,2741.0,2302,51506,63160880.0,2742.0,8,2741.0,11
rb1805,20170601,20170531,210855000,2741.0,2324,51528,63763900.0,2741.0,39,2740.0,9
rb1805,20170601,20170531,210855500,2741.0,2346,51542,64366920.0,2741.0,28,2740.0,4
rb1805,20170601,20170531,210856000,2741.0,2346,51542,64366920.0,2741.0,28,2740.0,2
rb1805,20170601,20170531,210856500,2741.0,2360,51556,64750660.0,2741.0,21,2740.0,3
rb1805,20170601,20170531,210858000,2741.0,2360,51556,64750660.0,2741.0,21,2740.0,3
rb1805,20170601,20170531,210859000,2741.0,2360,51556,64750660.0,2741.0,21,2740.0,2
rb1805,20170601,20170531,210859500,2741.0,2360,51556,64750660.0,2741.0,21,2740.0,2
rb1805,20170601,20170531,210902500,2741.0,2360,51556,64750660.0,2741.0,26,2740.0,2
rb1805,20170601,20170531,210904000,2741.0,2360,51556,64750660.0,2741.0,26,2740.0,2
rb1805,20170601,20170531,210906000,2741.0,2400,51596,65847060.0,2741.0,6,2740.0,2
rb1805,20170601,20170531,210906500,2741.0,2400,51596,65847060.0,2741.0,7,2740.0,2
rb1805,20170601,20170531,210909500,2740.0,2404,51596,65956660.0,2740.0,9,2739.0,8
rb1805,20170601,20170531,210910000,2740.0,2404,51596,65956660.0,2740.0,6,2739.0,3
rb1805,20170601,20170531,210910500,2740.0,2404,51596,65956660.0,2740.0,6,2739.0,3
rb1805,20170601,20170531,210911000,2740.0,2416,51586,66285460.0,2741.0,7,2739.0,3
rb1805,20170601,20170531,210911500,2740.0,2416,51586,66285460.0,2741.0,7,2739.0,3
rb1805,20170601,20170531,210912000,2740.0,2416,51586,66285460.0,2741.0,7,2739.0,3
rb1805,20170601,20170531,210913000,2740.0,2416,51586,66285460.0,2741.0,7,2740.0,1
rb1805,20170601,20170531,210913500,2740.0,2418,51588,66340260.0,2741.0,7,2739.0,3
rb1805,20170601,20170531,210914000,2740.0,2418,51588,66340260.0,2740.0,3,2739.0,3
rb1805,20170601,20170531,210914500,2740.0,2418,51588,66340260.0,2741.0,7,2739.0,3
rb1805,20170601,20170531,210915000,2740.0,2418,51588,66340260.0,2741.0,7,2739.0,3
rb1805,20170601,20170531,210915500,2740.0,2418,51588,66340260.0,2741.0,7,2739.0,8
rb1805,20170601,20170531,210916500,2740.0,2418,51588,66340260.0,2741.0,7,2739.0,8
rb1805,20170601,20170531,210917000,2740.0,2418,51588,66340260.0,2741.0,13,2739.0,8
rb1805,20170601,20170531,210917500,2740.0,2418,51588,66340260.0,2741.0,13,2739.0,8
rb1805,20170601,20170531,210921000,2740.0,2418,51588,66340260.0,2741.0,13,2739.0,3
rb1805,20170601,20170531,210921500,2740.0,2418,51588,66340260.0,2741.0,13,2739.0,3
rb1805,20170601,20170531,210922000,2740.0,2418,51588,66340260.0,2741.0,13,2739.0,3
rb1805,20170601,20170531,210922500,2740.0,2418,51588,66340260.0,2741.0,13,2739.0,3
rb1805,20170601,20170531,210923000,2740.0,2418,51588,66340260.0,2741.0,13,2739.0,4
rb1805,20170601,20170531,210923500,2740.0,2418,51588,66340260.0,2741.0,14,2739.0,4
rb1805,20170601,20170531,210925000,2740.0,2418,51588,66340260.0,2741.0,14,2739.0,4
rb1805,20170601,20170531,210925500,2740.0,2418,51588,66340260.0,2741.0,14,2739.0,7
rb1805,20170601,20170531,210926000,2740.0,2418,51588,66340260.0,2741.0,14,2739.0,7
rb1805,20170601,20170531,210926500,2740.0,2418,51588,66340260.0,2741.0,9,2739.0,7
rb1805,20170601,20170531,210927000,2740.0,2418,51588,66340260.0,2741.0,9,2739.0,7
rb1805,20170601,20170531,210927500,2740.0,2418,51588,66340260.0,2740.0,6,2739.0,7
rb1805,20170601,20170531,210928000,2740.0,2418,51588,66340260.0,2740.0,6,2739.0,2
rb1805,20170601,20170531,210928500,2740.0,2418,51588,66340260.0,2740.0,6,2739.0,2
rb1805,20170601,20170531,210929500,2740.0,2420,51590,66395060.0,2740.0,5,2739.0,2
rb1805,20170601,20170531,210930500,2740.0,2422,51592,66449860.0,2740.0,4,2739.0,2
rb1805,20170601,20170531,210931000,2740.0,2422,51592,66449860.0,2740.0,4,2739.0,2
rb1805,20170601,20170531,210932000,2740.0,2422,51592,66449860.0,2740.0,6,2739.0,2
rb1805,20170601,20170531,210933000,2740.0,2422,51592,66449860.0,2740.0,6,2739.0,3
rb1805,20170601,20170531,210933500,2740.0,2422,51592,66449860.0,2740.0,6,2739.0,3
rb1805,20170601,20170531,210934000,2740.0,2424,51594,66504660.0,2740.0,5,2739.0,3
rb1805,20170601,20170531,210935000,2739.0,2430,51594,66669000.0,2740.0,5,2738.0,10
rb1805,20170601,20170531,210935500,2739.0,2430,51594,66669000.0,2740.0,5,2738.0,10
rb1805,20170601,20170531,210936000,2740.0,2434,51598,66778600.0,2740.0,3,2738.0,10
rb1805,20170601,20170531,210936500,2741.0,2458,51618,67436340.0,2741.0,1,2738.0,10
rb1805,20170601,20170531,210937000,2741.0,2458,51618,67436340.0,2740.0,5,2738.0,10
rb1805,20170601,20170531,210937500,2738.0,2478,51634,67983940.0,2741.0,4,2737.0,32
rb1805,20170601,20170531,210938000,2738.0,2478,51634,67983940.0,2741.0,4,2737.0,36
rb1805,20170601,20170531,210938500,2738.0,2478,51634,67983940.0,2740.0,5,2737.0,36
rb1805,20170601,20170531,210939000,2738.0,2478,51634,67983940.0,2740.0,10,2737.0,36
rb1805,20170601,20170531,210940000,2738.0,2478,51634,67983940.0,2740.0,5,2737.0,36
rb1805,20170601,20170531,210941000,2738.0,2478,51634,67983940.0,2740.0,5,2737.0,36
rb1805,20170601,20170531,210942500,2738.0,2478,51634,67983940.0,2739.0,1,2737.0,36
rb1805,20170601,20170531,210943000,2738.0,2478,51634,67983940.0,2739.0,6,2737.0,36
rb1805,20170601,20170531,210944500,2737.0,2486,51642,68202900.0,2739.0,1,2737.0,32
rb1805,20170601,20170531,210945000,2737.0,2486,51642,68202900.0,2740.0,5,2737.0,32
rb1805,20170601,20170531,210945500,2737.0,2522,51678,69188220.0,2739.0,1,2737.0,14
rb1805,20170601,20170531,210946000,2737.0,2522,51678,69188220.0,2739.0,6,2737.0,14
rb1805,20170601,20170531,210946500,2737.0,2528,51678,69352440.0,2739.0,6,2737.0,11
rb1805,20170601,20170531,210947000,2737.0,2528,51678,69352440.0,2739.0,6,2737.0,11
rb1805,20170601,20170531,210949500,2737.0,2528,51678,69352440.0,2739.0,11,2737.0,7
rb1805,20170601,20170531,210950000,2736.0,2546,51692,69845060.0,2739.0,9,2736.0,28
rb1805,20170601,20170531,210950500,2736.0,2546,51692,69845060.0,2739.0,6,2736.0,32
rb1805,20170601,20170531,210951000,2736.0,2548,51694,69899780.0,2739.0,6,2736.0,31
rb1805,20170601,20170531,210951500,2736.0,2548,51694,69899780.0,2739.0,6,2736.0,31
rb1805,20170601,20170531,210952500,2736.0,2574,51720,70611140.0,2739.0,8,2736.0,18
rb1805,20170601,20170531,210953000,2736.0,2574,51720,70611140.0,2739.0,6,2736.0,18
rb1805,20170601,20170531,210954000,2736.0,2574,51720,70611140.0,2739.0,6,2736.0,18
rb1805,20170601,20170531,210954500,2736.0,2582,51728,70830020.0,2739.0,8,2736.0,14
rb1805,20170601,20170531,210955000,2736.0,2582,51728,70830020.0,2739.0,7,2736.0,14
rb1805,20170601,20170531,210956000,2736.0,2588,51734,70994180.0,2739.0,8,2736.0,11
rb1805,20170601,20170531,210956500,2736.0,2610,51748,71596100.0,2739.0,8,2735.0,5
rb1805,20170601,20170531,210957000,2735.0,2620,51758,71869600.0,2739.0,8,2734.0,1
rb1805,20170601,20170531,210957500,2735.0,2620,51758,71869600.0,2738.0,1,2734.0,4
rb1805,20170601,20170531,210958000,2735.0,2620,51758,71869600.0,2738.0,8,2734.0,4
rb1805,20170601,20170531,210958500,2735.0,2620,51758,71869600.0,2738.0,7,2734.0,4
rb1805,20170601,20170531,210959000,2738.0,2622,51760,71924360.0,2738.0,6,2734.0,4
rb1805,20170601,20170531,210959500,2738.0,2622,51760,71924360.0,2738.0,7,2734.0,4
rb1805,20170601,20170531,211000500,2738.0,2622,51760,71924360.0,2738.0,7,2734.0,5
rb1805,20170601,20170531,211001000,2738.0,2622,51760,71924360.0,2737.0,1,2734.0,5
rb1805,20170601,20170531,211001500,2738.0,2622,51760,71924360.0,2737.0,1,2734.0,5
rb1805,20170601,20170531,211002000,2738.0,2622,51760,71924360.0,2737.0,1,2734.0,5
rb1805,20170601,20170531,211002500,2738.0,2622,51760,71924360.0,2737.0,6,2734.0,5
rb1805,20170601,20170531,211003000,2738.0,2622,51760,71924360.0,2737.0,1,2734.0,24
rb1805,20170601,20170531,211004000,2738.0,2622,51760,71924360.0,2738.0,11,2734.0,24
rb1805,20170601,20170531,211004500,2738.0,2622,51760,71924360.0,2738.0,10,2735.0,2
rb1805,20170601,20170531,211005000,2738.0,2622,51760,71924360.0,2738.0,5,2735.0,3
rb1805,20170601,20170531,211005500,2738.0,2622,51760,71924360.0,2738.0,5,2736.0,2
rb1805,20170601,20170531,211006000,2738.0,2622,51760,71924360.0,2738.0,5,2736.0,2
rb1805,20170601,20170531,211006500,2738.0,2624,51762,71979120.0,2738.0,4,2736.0,2
rb1805,20170601,20170531,211008000,2738.0,2624,51762,71979120.0,2738.0,4,2736.0,2
rb1805,20170601,20170531,211008500,2736.0,2626,51762,72033840.0,2738.0,4,2736.0,1
rb1805,20170601,20170531,211009000,2736.0,2626,51762,72033840.0,2737.0,50,2736.0,1
rb1805,20170601,20170531,211009500,2737.0,2636,51772,72307540.0,2737.0,45,2735.0,3
rb1805,20170601,20170531,211010000,2737.0,2638,51774,72362280.0,2737.0,44,2735.0,3
rb1805,20170601,20170531,211011000,2737.0,2638,51774,72362280.0,2737.0,44,2735.0,4
rb1805,20170601,20170531,211012000,2737.0,2638,51774,72362280.0,2737.0,45,2735.0,4
rb1805,20170601,20170531,211014000,2735.0,2646,51782,72581080.0,2737.0,45,2735.0,2
rb1805,20170601,20170531,211014500,2735.0,2646,51782,72581080.0,2737.0,45,2734.0,26
rb1805,20170601,20170531,211015000,2735.0,2646,51782,72581080.0,2737.0,51,2734.0,26
rb1805,20170601,20170531,211015500,2735.0,2646,51782,72581080.0,2737.0,51,2735.0,1
rb1805,20170601,20170531,211016000,2735.0,2650,51786,72690480.0,2737.0,51,2734.0,24
rb1805,20170601,20170531,211016500,2734.0,2656,51792,72854520.0,2737.0,51,2734.0,21
rb1805,20170601,20170531,211017500,2734.0,2656,51792,72854520.0,2736.0,1,2734.0,21
rb1805,20170601,20170531,211018000,2734.0,2656,51792,72854520.0,2736.0,8,2734.0,21
rb1805,20170601,20170531,211018500,2734.0,2656,51792,72854520.0,2736.0,8,2734.0,22
rb1805,20170601,20170531,211019500,2734.0,2662,51798,73018560.0,2736.0,8,2734.0,19
rb1805,20170601,20170531,211020500,2734.0,2680,51816,73510680.0,2736.0,8,2734.0,10
rb1805,20170601,20170531,211021000,2734.0,2680,51816,73510680.0,2736.0,3,2734.0,10
rb1805,20170601,20170531,211021500,2734.0,2680,51816,73510680.0,2736.0,3,2734.0,10
rb1805,20170601,20170531,211022000,2734.0,2680,51816,73510680.0,2736.0,3,2734.0,10
rb1805,20170601,20170531,211023500,2736.0,2682,51816,73565400.0,2736.0,2,2734.0,10
rb1805,20170601,20170531,211024000,2736.0,2682,51816,73565400.0,2737.0,50,2734.0,12
rb1805,20170601,20170531,211024500,2736.0,2682,51816,73565400.0,2737.0,50,2734.0,12
rb1805,20170601,20170531,211026500,2736.0,2682,51816,73565400.0,2736.0,2,2735.0,1
rb1805,20170601,20170531,211027000,2735.0,2684,51816,73620100.0,2735.0,8,2734.0,12
rb1805,20170601,20170531,211027500,2735.0,2684,51816,73620100.0,2736.0,7,2734.0,12
rb1805,20170601,20170531,211028000,2735.0,2684,51816,73620100.0,2736.0,7,2734.0,12
rb1805,20170601,20170531,211030000,2735.0,2684,51816,73620100.0,2736.0,7,2734.0,13
rb1805,20170601,20170531,211031500,2736.0,2686,51816,73674820.0,2736.0,6,2734.0,14
rb1805,20170601,20170531,211032000,2736.0,2686,51816,73674820.0,2736.0,2,2734.0,14
rb1805,20170601,20170531,211032500,2736.0,2686,51816,73674820.0,2737.0,50,2734.0,14
rb1805,20170601,20170531,211033000,2736.0,2686,51816,73674820.0,2737.0,50,2734.0,14
rb1805,20170601,20170531,211033500,2736.0,2686,51816,73674820.0,2737.0,50,2736.0,1
rb1805,20170601,20170531,211034000,2736.0,2688,51816,73729540.0,2736.0,16,2734.0,14
rb1805,20170601,20170531,211034500,2736.0,2688,51816,73729540.0,2736.0,5,2734.0,14
rb1805,20170601,20170531,211035000,2736.0,2688,51816,73729540.0,2736.0,12,2735.0,1
rb1805,20170601,20170531,211035500,2735.0,2690,51816,73784240.0,2735.0,5,2734.0,14
rb1805,20170601,20170531,211036000,2735.0,2690,51816,73784240.0,2736.0,7,2734.0,15
rb1805,20170601,20170531,211036500,2735.0,2690,51816,73784240.0,2736.0,12,2734.0,15
rb1805,20170601,20170531,211037500,2735.0,2690,51816,73784240.0,2736.0,12,2734.0,15
rb1805,20170601,20170531,211038000,2735.0,2690,51816,73784240.0,2736.0,12,2734.0,15
rb1805,20170601,20170531,211039000,2735.0,2690,51816,73784240.0,2736.0,12,2734.0,16
rb1805,20170601,20170531,211039500,2735.0,2690,51816,73784240.0,2736.0,12,2734.0,17
rb1805,20170601,20170531,211040000,2735.0,2690,51816,73784240.0,2736.0,12,2734.0,17
rb1805,20170601,20170531,211040500,2735.0,2690,51816,73784240.0,2736.0,12,2734.0,18
rb1805,20170601,20170531,211041500,2735.0,2690,51816,73784240.0,2737.0,44,2734.0,18
rb1805,20170601,20170531,211042000,2735.0,2690,51816,73784240.0,2737.0,49,2735.0,1
rb1805,20170601,20170531,211042500,2735.0,2700,51816,74057740.0,2737.0,49,2735.0,1
rb1805,20170601,20170531,211043000,2735.0,2700,51816,74057740.0,2736.0,8,2735.0,1
rb1805,20170601,20170531,211043500,2735.0,2700,51816,74057740.0,2736.0,10,2735.0,1
rb1805,20170601,20170531,211044000,2735.0,2700,51816,74057740.0,2736.0,10,2735.0,1
rb1805,20170601,20170531,211044500,2735.0,2700,51816,74057740.0,2736.0,8,2735.0,1
rb1805,20170601,20170531,211045000,2736.0,2704,51820,74167180.0,2736.0,6,2735.0,1
rb1805,20170601,20170531,211047000,2736.0,2712,51828,74386060.0,2736.0,2,2735.0,1
rb1805,20170601,20170531,211048000,2736.0,2716,51832,74495500.0,2737.0,44,2736.0,3
rb1805,20170601,20170531,211048500,2736.0,2716,51832,74495500.0,2738.0,4,2735.0,1
rb1805,20170601,20170531,211049000,2736.0,2716,51832,74495500.0,2738.0,9,2735.0,3
rb1805,20170601,20170531,211049500,2736.0,2716,51832,74495500.0,2738.0,9,2735.0,3
rb1805,20170601,20170531,211051000,2736.0,2716,51832,74495500.0,2738.0,9,2735.0,3
rb1805,20170601,20170531,211053000,2735.0,2722,51836,74659600.0,2738.0,11,2734.0,68
rb1805,20170601,20170531,211053500,2735.0,2722,51836,74659600.0,2738.0,11,2736.0,20
rb1805,20170601,20170531,211054000,2735.0,2722,51836,74659600.0,2738.0,11,2736.0,20
rb1805,20170601,20170531,211054500,2735.0,2722,51836,74659600.0,2737.0,11,2736.0,21
rb1805,20170601,20170531,211056000,2736.0,2732,51846,74933200.0,2737.0,16,2736.0,16
rb1805,20170601,20170531,211056500,2736.0,2750,51846,75425680.0,2737.0,16,2736.0,7
rb1805,20170601,20170531,211057000,2736.0,2764,51858,75808720.0,2736.0,5,2734.0,68
rb1805,20170601,20170531,211057500,2736.0,2764,51858,75808720.0,2736.0,2,2734.0,68
rb1805,20170601,20170531,211058000,2736.0,2764,51858,75808720.0,2737.0,17,2734.0,73
rb1805,20170601,20170531,211058500,2737.0,2766,51860,75863460.0,2737.0,16,2734.0,73
rb1805,20170601,20170531,211059000,2737.0,2766,51860,75863460.0,2737.0,16,2734.0,73
rb1805,20170601,20170531,211059500,2737.0,2766,51860,75863460.0,2737.0,11,2734.0,73
rb1805,20170601,20170531,211100000,2737.0,2766,51860,75863460.0,2737.0,13,2734.0,73
rb1805,20170601,20170531,211101000,2737.0,2766,51860,75863460.0,2737.0,13,2734.0,73
rb1805,20170601,20170531,211102000,2737.0,2766,51860,75863460.0,2737.0,18,2734.0,73
rb1805,20170601,20170531,211102500,2737.0,2772,51866,76027680.0,2737.0,15,2734.0,73
rb1805,20170601,20170531,211103000,2737.0,2772,51866,76027680.0,2737.0,15,2736.0,1
rb1805,20170601,20170531,211103500,2737.0,2772,51866,76027680.0,2737.0,10,2736.0,1
rb1805,20170601,20170531,211105500,2737.0,2772,51866,76027680.0,2737.0,10,2736.0,2
rb1805,20170601,20170531,211109000,2737.0,2772,51866,76027680.0,2737.0,10,2736.0,2
rb1805,20170601,20170531,211109500,2737.0,2772,51866,76027680.0,2737.0,10,2736.0,2
rb1805,20170601,20170531,211110000,2737.0,2772,51866,76027680.0,2737.0,8,2736.0,2
rb1805,20170601,20170531,211111000,2737.0,2774,51868,76082420.0,2737.0,7,2736.0,2
rb1805,20170601,20170531,211112500,2737.0,2774,51868,76082420.0,2737.0,7,2736.0,2
rb1805,20170601,20170531,211114000,2737.0,2774,51868,76082420.0,2737.0,7,2736.0,2
rb1805,20170601,20170531,211115500,2737.0,2774,51868,76082420.0,2737.0,9,2736.0,2
rb1805,20170601,20170531,211116000,2737.0,2778,51872,76191900.0,2737.0,7,2736.0,2
rb1805,20170601,20170531,211118500,2737.0,2778,51872,76191900.0,2737.0,7,2736.0,22
rb1805,20170601,20170531,211119000,2737.0,2788,51870,76465600.0,2738.0,10,2737.0,2
rb1805,20170601,20170531,211119500,2737.0,2788,51870,76465600.0,2738.0,7,2736.0,22
rb1805,20170601,20170531,211120000,2737.0,2788,51870,76465600.0,2738.0,7,2737.0,1
rb1805,20170601,20170531,211121500,2737.0,2788,51870,76465600.0,2738.0,7,2737.0,1
rb1805,20170601,20170531,211123000,2738.0,2790,51870,76520360.0,2738.0,6,2737.0,1
rb1805,20170601,20170531,211124000,2738.0,2802,51878,76848920.0,2739.0,6,2738.0,16
rb1805,20170601,20170531,211124500,2738.0,2834,51898,77725080.0,2738.0,3,2737.0,1
rb1805,20170601,20170531,211125000,2738.0,2834,51898,77725080.0,2739.0,7,2737.0,1
rb1805,20170601,20170531,211126000,2738.0,2834,51898,77725080.0,2739.0,7,2737.0,1
rb1805,20170601,20170531,211126500,2738.0,2834,51898,77725080.0,2739.0,7,2737.0,1
rb1805,20170601,20170531,211127000,2738.0,2834,51898,77725080.0,2739.0,7,2737.0,1
rb1805,20170601,20170531,211128500,2738.0,2834,51898,77725080.0,2739.0,8,2737.0,1
rb1805,20170601,20170531,211130500,2738.0,2834,51898,77725080.0,2739.0,8,2737.0,2
rb1805,20170601,20170531,211131500,2739.0,2836,51900,77779860.0,2739.0,7,2737.0,9
rb1805,20170601,20170531,211132000,2739.0,2836,51900,77779860.0,2739.0,6,2737.0,9
rb1805,20170601,20170531,211132500,2739.0,2836,51900,77779860.0,2739.0,6,2737.0,4
rb1805,20170601,20170531,211133000,2739.0,2836,51900,77779860.0,2739.0,6,2737.0,4
rb1805,20170601,20170531,211133500,2739.0,2836,51900,77779860.0,2739.0,3,2737.0,9
rb1805,20170601,20170531,211134000,2739.0,2836,51900,77779860.0,2739.0,2,2737.0,9
rb1805,20170601,20170531,211134500,2739.0,2836,51900,77779860.0,2739.0,1,2737.0,9
rb1805,20170601,20170531,211136000,2739.0,2836,51900,77779860.0,2739.0,1,2737.0,7
rb1805,20170601,20170531,211136500,2739.0,2838,51898,77834640.0,2740.0,1,2737.0,7
rb1805,20170601,20170531,211137000,2739.0,2838,51898,77834640.0,2740.0,8,2737.0,7
rb1805,20170601,20170531,211138000,2739.0,2838,51898,77834640.0,2740.0,9,2737.0,7
rb1805,20170601,20170531,211140000,2739.0,2838,51898,77834640.0,2740.0,9,2737.0,9
rb1805,20170601,20170531,211140500,2739.0,2838,51898,77834640.0,2739.0,1,2737.0,9
rb1805,20170601,20170531,211141000,2739.0,2838,51898,77834640.0,2739.0,3,2737.0,9
rb1805,20170601,20170531,211141500,2739.0,2838,51898,77834640.0,2739.0,3,2738.0,1
rb1805,20170601,20170531,211142500,2738.0,2840,51900,77889400.0,2738.0,16,2737.0,9
rb1805,20170601,20170531,211143000,2738.0,2840,51900,77889400.0,2738.0,10,2737.0,9
rb1805,20170601,20170531,211143500,2738.0,2840,51900,77889400.0,2738.0,10,2737.0,9
rb1805,20170601,20170531,211144000,2738.0,2840,51900,77889400.0,2738.0,10,2737.0,9
rb1805,20170601,20170531,211144500,2738.0,2840,51900,77889400.0,2738.0,10,2737.0,4
rb1805,20170601,20170531,211145500,2738.0,2844,51900,77998920.0,2738.0,9,2737.0,4
rb1805,20170601,20170531,211146000,2738.0,2844,51900,77998920.0,2738.0,8,2737.0,4
rb1805,20170601,20170531,211146500,2738.0,2844,51900,77998920.0,2738.0,8,2737.0,4
rb1805,20170601,20170531,211147000,2738.0,2844,51900,77998920.0,2738.0,8,2737.0,4
rb1805,20170601,20170531,211147500,2738.0,2844,51900,77998920.0,2738.0,9,2737.0,4
rb1805,20170601,20170531,211148000,2738.0,2844,51900,77998920.0,2738.0,9,2737.0,4
rb1805,20170601,20170531,211148500,2737.0,2852,51898,78217880.0,2737.0,10,2736.0,24
rb1805,20170601,20170531,211149000,2737.0,2852,51898,78217880.0,2737.0,8,2736.0,24
rb1805,20170601,20170531,211149500,2737.0,2852,51898,78217880.0,2737.0,8,2736.0,23
rb1805,20170601,20170531,211150500,2736.0,2854,51896,78272600.0,2737.0,8,2736.0,22
rb1805,20170601,20170531,211153000,2736.0,2854,51896,78272600.0,2737.0,8,2736.0,22
rb1805,20170601,20170531,211154000,2737.0,2858,51896,78382080.0,2737.0,6,2736.0,22
rb1805,20170601,20170531,211154500,2737.0,2858,51896,78382080.0,2737.0,6,2736.0,22
rb1805,20170601,20170531,211155000,2737.0,2858,51896,78382080.0,2737.0,6,2736.0,22
rb1805,20170601,20170531,211155500,2737.0,2858,51896,78382080.0,2737.0,6,2736.0,23
rb1805,20170601,20170531,211159500,2737.0,2858,51896,78382080.0,2738.0,1,2736.0,23
rb1805,20170601,20170531,211200000,2737.0,2858,51896,78382080.0,2739.0,4,2736.0,23
rb1805,20170601,20170531,211200500,2737.0,2858,51896,78382080.0,2739.0,9,2736.0,28
rb1805,20170601,20170531,211202000,2737.0,2858,51896,78382080.0,2739.0,9,2736.0,28
rb1805,20170601,20170531,211203000,2736.0,2916,51942,79968980.0,2736.0,51,2735.0,22
rb1805,20170601,20170531,211204000,2736.0,2916,51942,79968980.0,2736.0,51,2735.0,22
rb1805,20170601,20170531,211204500,2736.0,2916,51942,79968980.0,2736.0,51,2735.0,22
rb1805,20170601,20170531,211205500,2736.0,2916,51942,79968980.0,2736.0,56,2735.0,22
rb1805,20170601,20170531,211206000,2735.0,2924,51950,80187780.0,2736.0,56,2735.0,18
rb1805,20170601,20170531,211206500,2735.0,2926,51952,80242480.0,2736.0,56,2735.0,17
rb1805,20170601,20170531,211207000,2736.0,2948,51974,80844200.0,2736.0,55,2735.0,7
rb1805,20170601,20170531,211207500,2735.0,2962,51974,81227100.0,2735.0,1,2734.0,78
rb1805,20170601,20170531,211208000,2735.0,2962,51974,81227100.0,2735.0,6,2734.0,73
rb1805,20170601,20170531,211209000,2734.0,2964,51974,81281780.0,2735.0,5,2734.0,72
rb1805,20170601,20170531,211209500,2734.0,2966,51976,81336460.0,2735.0,5,2734.0,70
rb1805,20170601,20170531,211210500,2735.0,2968,51978,81391160.0,2735.0,4,2734.0,70
rb1805,20170601,20170531,211211000,2735.0,2968,51978,81391160.0,2736.0,56,2734.0,70
rb1805,20170601,20170531,211212000,2735.0,2968,51978,81391160.0,2736.0,50,2734.0,75
rb1805,20170601,20170531,211212500,2736.0,2992,51978,82047800.0,2736.0,38,2734.0,75
rb1805,20170601,20170531,211213000,2736.0,3022,52008,82868600.0,2736.0,23,2735.0,2
rb1805,20170601,20170531,211213500,2736.0,3036,52020,83251640.0,2736.0,16,2735.0,8
rb1805,20170601,20170531,211214000,2736.0,3068,52052,84127160.0,2738.0,1,2736.0,12
rb1805,20170601,20170531,211214500,2736.0,3068,52052,84127160.0,2738.0,1,2737.0,14
rb1805,20170601,20170531,211215000,2738.0,3072,52054,84236680.0,2739.0,6,2738.0,8
rb1805,20170601,20170531,211215500,2738.0,3074,52056,84291440.0,2739.0,1,2738.0,7
rb1805,20170601,20170531,211216500,2738.0,3080,52062,84455720.0,2739.0,1,2738.0,4
rb1805,20170601,20170531,211217000,2738.0,3080,52062,84455720.0,2739.0,6,2738.0,2
rb1805,20170601,20170531,211218500,2738.0,3080,52062,84455720.0,2739.0,6,2737.0,7
rb1805,20170601,20170531,211219000,2738.0,3080,52062,84455720.0,2739.0,6,2737.0,7
rb1805,20170601,20170531,211220500,2738.0,3080,52062,84455720.0,2739.0,6,2737.0,7
rb1805,20170601,20170531,211223500,2738.0,3080,52062,84455720.0,2739.0,1,2738.0,2
rb1805,20170601,20170531,211225500,2738.0,3080,52062,84455720.0,2739.0,1,2738.0,2
rb1805,20170601,20170531,211226000,2738.0,3080,52062,84455720.0,2739.0,1,2738.0,2
rb1805,20170601,20170531,211226500,2738.0,3080,52062,84455720.0,2739.0,1,2738.0,2
rb1805,20170601,20170531,211227000,2739.0,3082,52062,84510500.0,2739.0,1,2738.0,5
rb1805,20170601,20170531,211227500,2739.0,3082,52062,84510500.0,2740.0,1,2738.0,7
rb1805,20170601,20170531,211228000,2740.0,3092,52062,84784500.0,2740.0,3,2738.0,7
rb1805,20170601,20170531,211228500,2740.0,3092,52062,84784500.0,2740.0,3,2738.0,8
rb1805,20170601,20170531,211229000,2740.0,3092,52062,84784500.0,2740.0,2,2738.0,8
rb1805,20170601,20170531,211229500,2740.0,3092,52062,84784500.0,2739.0,1,2738.0,8
rb1805,20170601,20170531,211230000,2740.0,3092,52062,84784500.0,2739.0,1,2738.0,8
rb1805,20170601,20170531,211230500,2740.0,3096,52064,84894100.0,2742.0,3,2740.0,1
rb1805,20170601,20170531,211231000,2740.0,3118,52044,85496900.0,2740.0,2,2738.0,7
rb1805,20170601,20170531,211231500,2740.0,3118,52044,85496900.0,2740.0,1,2738.0,7
rb1805,20170601,20170531,211233000,2740.0,3118,52044,85496900.0,2740.0,1,2738.0,7
rb1805,20170601,20170531,211234000,2740.0,3118,52044,85496900.0,2740.0,1,2738.0,5
rb1805,20170601,20170531,211235500,2740.0,3118,52044,85496900.0,2741.0,4,2738.0,5
rb1805,20170601,20170531,211236000,2740.0,3118,52044,85496900.0,2741.0,9,2738.0,5
rb1805,20170601,20170531,211236500,2740.0,3118,52044,85496900.0,2741.0,9,2738.0,5
rb1805,20170601,20170531,211237000,2740.0,3118,52044,85496900.0,2741.0,9,2740.0,1
rb1805,20170601,20170531,211237500,2738.0,3122,52044,85606460.0,2739.0,1,2738.0,4
rb1805,20170601,20170531,211238000,2738.0,3124,52044,85661220.0,2739.0,3,2738.0,5
rb1805,20170601,20170531,211238500,2738.0,3124,52044,85661220.0,2739.0,1,2738.0,5
rb1805,20170601,20170531,211239000,2739.0,3126,52044,85716000.0,2740.0,2,2739.0,4
rb1805,20170601,20170531,211240000,2738.0,3144,52050,86208920.0,2738.0,3,2737.0,7
rb1805,20170601,20170531,211240500,2738.0,3150,52050,86373200.0,2739.0,1,2737.0,2
rb1805,20170601,20170531,211241000,2738.0,3150,52050,86373200.0,2740.0,2,2737.0,2
rb1805,20170601,20170531,211241500,2738.0,3150,52050,86373200.0,2740.0,9,2736.0,5
rb1805,20170601,20170531,211242000,2738.0,3150,52050,86373200.0,2740.0,9,2736.0,5
rb1805,20170601,20170531,211242500,2738.0,3150,52050,86373200.0,2740.0,10,2736.0,5
rb1805,20170601,20170531,211243000,2738.0,3150,52050,86373200.0,2740.0,9,2736.0,6
rb1805,20170601,20170531,211243500,2738.0,3150,52050,86373200.0,2740.0,9,2738.0,1
rb1805,20170601,20170531,211244000,2738.0,3150,52050,86373200.0,2739.0,1,2738.0,1
rb1805,20170601,20170531,211244500,2738.0,3150,52050,86373200.0,2739.0,1,2738.0,3
rb1805,20170601,20170531,211245500,2738.0,3150,52050,86373200.0,2740.0,8,2738.0,3
rb1805,20170601,20170531,211246000,2738.0,3150,52050,86373200.0,2740.0,8,2738.0,3
rb1805,20170601,20170531,211246500,2738.0,3150,52050,86373200.0,2740.0,8,2738.0,3
rb1805,20170601,20170531,211247000,2738.0,3150,52050,86373200.0,2740.0,8,2738.0,3
rb1805,20170601,20170531,211247500,2738.0,3150,52050,86373200.0,2740.0,8,2738.0,3
rb1805,20170601,20170531,211248000,2738.0,3150,52050,86373200.0,2740.0,8,2738.0,3
rb1805,20170601,20170531,211248500,2738.0,3156,52056,86537480.0,2740.0,9,2737.0,1
rb1805,20170601,20170531,211249000,2738.0,3156,52056,86537480.0,2740.0,8,2738.0,1
rb1805,20170601,20170531,211249500,2738.0,3156,52056,86537480.0,2740.0,8,2738.0,1
rb1805,20170601,20170531,211250000,2738.0,3156,52056,86537480.0,2740.0,8,2738.0,1
rb1805,20170601,20170531,211250500,2738.0,3156,52056,86537480.0,2740.0,8,2738.0,1
rb1805,20170601,20170531,211251500,2738.0,3156,52056,86537480.0,2740.0,8,2738.0,1
rb1805,20170601,20170531,211252000,2738.0,3158,52058,86592240.0,2738.0,2,2737.0,1
rb1805,20170601,20170531,211252500,2738.0,3158,52058,86592240.0,2738.0,1,2737.0,1
rb1805,20170601,20170531,211253000,2738.0,3158,52058,86592240.0,2739.0,1,2737.0,1
rb1805,20170601,20170531,211254000,2738.0,3158,52058,86592240.0,2739.0,1,2737.0,1
rb1805,20170601,20170531,211255000,2738.0,3158,52058,86592240.0,2739.0,6,2737.0,1
rb1805,20170601,20170531,211256500,2738.0,3158,52058,86592240.0,2739.0,6,2737.0,1
rb1805,20170601,20170531,211258500,2738.0,3158,52058,86592240.0,2738.0,1,2737.0,1
rb1805,20170601,20170531,211259500,2738.0,3158,52058,86592240.0,2738.0,1,2737.0,1
rb1805,20170601,20170531,211300500,2738.0,3158,52058,86592240.0,2738.0,1,2737.0,1
rb1805,20170601,20170531,211301000,2738.0,3160,52056,86647000.0,2739.0,6,2737.0,1
rb1805,20170601,20170531,211302500,2738.0,3160,52056,86647000.0,2739.0,6,2737.0,1
rb1805,20170601,20170531,211303000,2738.0,3160,52056,86647000.0,2739.0,6,2737.0,2
rb1805,20170601,20170531,211303500,2738.0,3160,52056,86647000.0,2739.0,6,2737.0,1
rb1805,20170601,20170531,211304500,2738.0,3160,52056,86647000.0,2739.0,6,2737.0,2
rb1805,20170601,20170531,211305500,2738.0,3160,52056,86647000.0,2739.0,6,2737.0,2
rb1805,20170601,20170531,211306000,2738.0,3160,52056,86647000.0,2739.0,6,2737.0,2
rb1805,20170601,20170531,211306500,2737.0,3164,52058,86756480.0,2739.0,7,2736.0,16
rb1805,20170601,20170531,211307000,2737.0,3164,52058,86756480.0,2739.0,11,2736.0,16
rb1805,20170601,20170531,211307500,2737.0,3164,52058,86756480.0,2739.0,11,2736.0,16
rb1805,20170601,20170531,211308000,2737.0,3164,52058,86756480.0,2739.0,11,2736.0,17
rb1805,20170601,20170531,211308500,2737.0,3164,52058,86756480.0,2739.0,11,2736.0,16
rb1805,20170601,20170531,211309500,2737.0,3164,52058,86756480.0,2739.0,11,2736.0,17
rb1805,20170601,20170531,211310500,2736.0,3198,52092,87686720.0,2736.0,33,2735.0,10
rb1805,20170601,20170531,211311000,2736.0,3228,52122,88507520.0,2736.0,18,2735.0,10
rb1805,20170601,20170531,211312000,2736.0,3228,52122,88507520.0,2736.0,18,2735.0,10
rb1805,20170601,20170531,211313000,2736.0,3236,52128,88726400.0,2736.0,14,2735.0,11
rb1805,20170601,20170531,211313500,2736.0,3246,52138,89000000.0,2736.0,9,2735.0,11
rb1805,20170601,20170531,211314000,2736.0,3264,52148,89492480.0,2738.0,1,2735.0,11
rb1805,20170601,20170531,211315000,2736.0,3264,52148,89492480.0,2738.0,2,2735.0,11
rb1805,20170601,20170531,211315500,2738.0,3266,52148,89547240.0,2738.0,1,2735.0,11
rb1805,20170601,20170531,211316500,2738.0,3266,52148,89547240.0,2738.0,5,2735.0,11
rb1805,20170601,20170531,211317500,2738.0,3266,52148,89547240.0,2738.0,5,2735.0,11
rb1805,20170601,20170531,211318500,2738.0,3266,52148,89547240.0,2738.0,6,2735.0,11
rb1805,20170601,20170531,211320500,2738.0,3266,52148,89547240.0,2738.0,6,2735.0,12
rb1805,20170601,20170531,211321000,2738.0,3266,52148,89547240.0,2738.0,6,2735.0,12
rb1805,20170601,20170531,211323000,2738.0,3266,52148,89547240.0,2738.0,6,2735.0,12
rb1805,20170601,20170531,211324500,2738.0,3276,52148,89821040.0,2738.0,6,2735.0,13
rb1805,20170601,20170531,211325000,2738.0,3276,52148,89821040.0,2738.0,6,2735.0,13
rb1805,20170601,20170531,211326500,2738.0,3276,52148,89821040.0,2738.0,6,2736.0,1
rb1805,20170601,20170531,211327500,2738.0,3276,52148,89821040.0,2738.0,5,2736.0,1
rb1805,20170601,20170531,211328000,2738.0,3276,52148,89821040.0,2738.0,5,2736.0,1
rb1805,20170601,20170531,211328500,2738.0,3276,52148,89821040.0,2738.0,5,2736.0,1
rb1805,20170601,20170531,211329000,2738.0,3276,52148,89821040.0,2738.0,5,2736.0,1
rb1805,20170601,20170531,211330000,2738.0,3276,52148,89821040.0,2737.0,2,2736.0,2
rb1805,20170601,20170531,211331500,2738.0,3276,52148,89821040.0,2737.0,2,2736.0,3
rb1805,20170601,20170531,211332000,2738.0,3276,52148,89821040.0,2737.0,2,2736.0,4
rb1805,20170601,20170531,211332500,2738.0,3276,52148,89821040.0,2737.0,2,2736.0,4
rb1805,20170601,20170531,211333000,2737.0,3280,52152,89930520.0,2738.0,5,2736.0,9
rb1805,20170601,20170531,211334000,2737.0,3280,52152,89930520.0,2738.0,5,2736.0,9
rb1805,20170601,20170531,211334500,2737.0,3280,52152,89930520.0,2738.0,5,2737.0,1
rb1805,20170601,20170531,211335000,2737.0,3280,52152,89930520.0,2738.0,5,2737.0,1
rb1805,20170601,20170531,211335500,2737.0,3280,52152,89930520.0,2738.0,5,2737.0,1
rb1805,20170601,20170531,211336000,2737.0,3280,52152,89930520.0,2738.0,5,2737.0,2
rb1805,20170601,20170531,211336500,2737.0,3280,52152,89930520.0,2739.0,6,2738.0,1
rb1805,20170601,20170531,211337000,2738.0,3282,52150,89985280.0,2738.0,2,2737.0,2
rb1805,20170601,20170531,211337500,2737.0,3286,52148,90094760.0,2738.0,8,2736.0,3
rb1805,20170601,20170531,211338000,2737.0,3286,52148,90094760.0,2738.0,5,2736.0,3
rb1805,20170601,20170531,211339000,2737.0,3286,52148,90094760.0,2738.0,5,2736.0,3
rb1805,20170601,20170531,211339500,2737.0,3286,52148,90094760.0,2738.0,6,2737.0,1
rb1805,20170601,20170531,211341500,2737.0,3286,52148,90094760.0,2738.0,6,2737.0,2
rb1805,20170601,20170531,211342000,2737.0,3286,52148,90094760.0,2738.0,6,2737.0,2
rb1805,20170601,20170531,211343000,2737.0,3286,52148,90094760.0,2738.0,5,2737.0,2
rb1805,20170601,20170531,211343500,2737.0,3286,52148,90094760.0,2739.0,6,2737.0,2
rb1805,20170601,20170531,211344500,2737.0,3286,52148,90094760.0,2739.0,6,2737.0,2
rb1805,20170601,20170531,211346000,2737.0,3286,52148,90094760.0,2739.0,7,2737.0,2
rb1805,20170601,20170531,211346500,2737.0,3286,52148,90094760.0,2739.0,7,2737.0,2
rb1805,20170601,20170531,211348500,2737.0,3286,52148,90094760.0,2739.0,7,2738.0,1
rb1805,20170601,20170531,211349000,2738.0,3288,52146,90149520.0,2738.0,11,2737.0,2
rb1805,20170601,20170531,211349500,2738.0,3288,52146,90149520.0,2738.0,5,2737.0,2
rb1805,20170601,20170531,211350000,2737.0,3292,52142,90259000.0,2737.0,6,2736.0,3
rb1805,20170601,20170531,211350500,2737.0,3292,52142,90259000.0,2737.0,5,2736.0,3
rb1805,20170601,20170531,211351500,2737.0,3292,52142,90259000.0,2739.0,7,2736.0,3
rb1805,20170601,20170531,211352000,2737.0,3292,52142,90259000.0,2738.0,10,2736.0,3
rb1805,20170601,20170531,211353000,2737.0,3292,52142,90259000.0,2738.0,10,2736.0,3
rb1805,20170601,20170531,211355000,2737.0,3292,52142,90259000.0,2738.0,10,2736.0,4
rb1805,20170601,20170531,211357000,2737.0,3292,52142,90259000.0,2738.0,15,2736.0,4
rb1805,20170601,20170531,211357500,2737.0,3292,52142,90259000.0,2738.0,15,2736.0,4
rb1805,20170601,20170531,211358000,2737.0,3292,52142,90259000.0,2737.0,5,2736.0,4
rb1805,20170601,20170531,211358500,2737.0,3292,52142,90259000.0,2737.0,5,2736.0,4
rb1805,20170601,20170531,211359500,2737.0,3292,52142,90259000.0,2737.0,5,2736.0,4
rb1805,20170601,20170531,211400000,2737.0,3296,52146,90368480.0,2738.0,6,2736.0,4
rb1805,20170601,20170531,211400500,2737.0,3296,52146,90368480.0,2738.0,6,2736.0,4
rb1805,20170601,20170531,211401000,2737.0,3296,52146,90368480.0,2738.0,1,2736.0,4
rb1805,20170601,20170531,211402000,2737.0,3296,52146,90368480.0,2738.0,1,2736.0,5
rb1805,20170601,20170531,211402500,2737.0,3296,52146,90368480.0,2739.0,7,2736.0,5
rb1805,20170601,20170531,211404500,2737.0,3296,52146,90368480.0,2739.0,7,2737.0,1
rb1805,20170601,20170531,211406000,2737.0,3296,52146,90368480.0,2739.0,7,2736.0,5
rb1805,20170601,20170531,211407500,2737.0,3296,52146,90368480.0,2739.0,7,2736.0,5
rb1805,20170601,20170531,211409000,2737.0,3296,52146,90368480.0,2739.0,7,2737.0,2
rb1805,20170601,20170531,211410500,2737.0,3296,52146,90368480.0,2739.0,2,2737.0,2
rb1805,20170601,20170531,211411000,2737.0,3296,52146,90368480.0,2739.0,2,2737.0,2
rb1805,20170601,20170531,211412500,2737.0,3296,52146,90368480.0,2739.0,2,2737.0,2
rb1805,20170601,20170531,211413500,2737.0,3296,52146,90368480.0,2739.0,2,2738.0,1
rb1805,20170601,20170531,211414000,2738.0,3298,52146,90423240.0,2739.0,2,2737.0,2
rb1805,20170601,20170531,211415000,2738.0,3298,52146,90423240.0,2739.0,2,2737.0,2
rb1805,20170601,20170531,211415500,2738.0,3298,52146,90423240.0,2739.0,2,2737.0,2
rb1805,20170601,20170531,211417500,2738.0,3298,52146,90423240.0,2739.0,2,2737.0,2
rb1805,20170601,20170531,211418000,2738.0,3298,52146,90423240.0,2739.0,2,2737.0,2
rb1805,20170601,20170531,211419000,2738.0,3298,52146,90423240.0,2739.0,2,2737.0,2
rb1805,20170601,20170531,211423500,2739.0,3300,52144,90478020.0,2739.0,1,2737.0,3
rb1805,20170601,20170531,211426000,2739.0,3300,52144,90478020.0,2740.0,7,2738.0,1
rb1805,20170601,20170531,211427000,2739.0,3300,52144,90478020.0,2740.0,8,2738.0,1
rb1805,20170601,20170531,211429000,2739.0,3300,52144,90478020.0,2740.0,8,2738.0,1
rb1805,20170601,20170531,211432000,2739.0,3300,52144,90478020.0,2740.0,8,2739.0,1
rb1805,20170601,20170531,211432500,2739.0,3300,52144,90478020.0,2740.0,3,2739.0,1
rb1805,20170601,20170531,211433000,2739.0,3300,52144,90478020.0,2740.0,3,2739.0,1
rb1805,20170601,20170531,211434000,2739.0,3302,52146,90532800.0,2740.0,4,2738.0,2
rb1805,20170601,20170531,211434500,2739.0,3302,52146,90532800.0,2740.0,3,2738.0,2
rb1805,20170601,20170531,211436500,2739.0,3302,52146,90532800.0,2740.0,3,2738.0,2
rb1805,20170601,20170531,211439000,2739.0,3302,52146,90532800.0,2740.0,3,2738.0,3
rb1805,20170601,20170531,211440000,2739.0,3302,52146,90532800.0,2740.0,3,2738.0,3
rb1805,20170601,20170531,211441000,2739.0,3302,52146,90532800.0,2740.0,3,2738.0,3
rb1805,20170601,20170531,211444000,2740.0,3304,52146,90587600.0,2740.0,2,2738.0,3
rb1805,20170601,20170531,211445500,2740.0,3304,52146,90587600.0,2740.0,52,2738.0,3
rb1805,20170601,20170531,211447500,2740.0,3306,52144,90642400.0,2740.0,51,2738.0,3
rb1805,20170601,20170531,211448000,2740.0,3308,52144,90697200.0,2740.0,50,2738.0,3
rb1805,20170601,20170531,211449000,2740.0,3308,52144,90697200.0,2740.0,50,2738.0,4
rb1805,20170601,20170531,211449500,2740.0,3308,52144,90697200.0,2740.0,50,2738.0,3
rb1805,20170601,20170531,211451500,2740.0,3308,52144,90697200.0,2740.0,50,2738.0,12
rb1805,20170601,20170531,211452500,2740.0,3308,52144,90697200.0,2740.0,50,2739.0,1
rb1805,20170601,20170531,211455000,2740.0,3308,52144,90697200.0,2740.0,55,2739.0,1
rb1805,20170601,20170531,211455500,2740.0,3308,52144,90697200.0,2740.0,55,2739.0,1
rb1805,20170601,20170531,211456500,2740.0,3308,52144,90697200.0,2740.0,55,2739.0,1
rb1805,20170601,20170531,211457000,2740.0,3308,52144,90697200.0,2740.0,50,2739.0,1
rb1805,20170601,20170531,211457500,2739.0,3310,52144,90751980.0,2740.0,50,2738.0,3
rb1805,20170601,20170531,211458000,2739.0,3310,52144,90751980.0,2740.0,50,2738.0,4
rb1805,20170601,20170531,211458500,2739.0,3310,52144,90751980.0,2740.0,50,2738.0,3
rb1805,20170601,20170531,211459500,2739.0,3310,52144,90751980.0,2740.0,50,2738.0,4
rb1805,20170601,20170531,211500000,2739.0,3310,52144,90751980.0,2740.0,50,2738.0,4
rb1805,20170601,20170531,211500500,2739.0,3310,52144,90751980.0,2740.0,50,2738.0,3
rb1805,20170601,20170531,211502000,2739.0,3310,52144,90751980.0,2740.0,55,2738.0,3
rb1805,20170601,20170531,211502500,2739.0,3310,52144,90751980.0,2740.0,55,2738.0,3
rb1805,20170601,20170531,211503000,2739.0,3310,52144,90751980.0,2740.0,65,2738.0,3
rb1805,20170601,20170531,211503500,2738.0,3316,52142,90916260.0,2738.0,15,2737.0,3
rb1805,20170601,20170531,211504000,2737.0,3322,52138,91080480.0,2738.0,17,2736.0,5
rb1805,20170601,20170531,211504500,2737.0,3322,52138,91080480.0,2737.0,6,2736.0,5
rb1805,20170601,20170531,211505000,2736.0,3332,52132,91354080.0,2736.0,1,2735.0,36
rb1805,20170601,20170531,211505500,2736.0,3332,52132,91354080.0,2736.0,1,2735.0,36
rb1805,20170601,20170531,211506000,2736.0,3332,52132,91354080.0,2737.0,5,2735.0,36
rb1805,20170601,20170531,211507000,2736.0,3332,52132,91354080.0,2737.0,5,2735.0,36
rb1805,20170601,20170531,211507500,2736.0,3332,52132,91354080.0,2737.0,5,2735.0,37
rb1805,20170601,20170531,211508500,2736.0,3332,52132,91354080.0,2738.0,5,2735.0,37
rb1805,20170601,20170531,211509000,2736.0,3332,52132,91354080.0,2738.0,12,2735.0,37
rb1805,20170601,20170531,211510000,2736.0,3332,52132,91354080.0,2738.0,12,2735.0,37
rb1805,20170601,20170531,211511000,2736.0,3332,52132,91354080.0,2738.0,12,2735.0,37
rb1805,20170601,20170531,211511500,2736.0,3332,52132,91354080.0,2738.0,12,2735.0,38
rb1805,20170601,20170531,211512000,2736.0,3332,52132,91354080.0,2739.0,3,2736.0,2
rb1805,20170601,20170531,211512500,2736.0,3332,52132,91354080.0,2738.0,5,2736.0,3
rb1805,20170601,20170531,211513000,2738.0,3342,52142,91627880.0,2738.0,7,2736.0,3
rb1805,20170601,20170531,211513500,2738.0,3342,52142,91627880.0,2738.0,7,2736.0,3
rb1805,20170601,20170531,211514000,2738.0,3342,52142,91627880.0,2739.0,8,2738.0,1
rb1805,20170601,20170531,211514500,2738.0,3342,52142,91627880.0,2739.0,1,2738.0,1
rb1805,20170601,20170531,211515000,2738.0,3342,52142,91627880.0,2739.0,1,2738.0,1
rb1805,20170601,20170531,211515500,2738.0,3342,52142,91627880.0,2739.0,1,2738.0,1
rb1805,20170601,20170531,211516000,2738.0,3344,52142,91682640.0,2738.0,1,2736.0,3
rb1805,20170601,20170531,211516500,2738.0,3344,52142,91682640.0,2738.0,5,2736.0,3
rb1805,20170601,20170531,211517000,2738.0,3344,52142,91682640.0,2738.0,45,2736.0,3
rb1805,20170601,20170531,211519500,2738.0,3344,52142,91682640.0,2738.0,45,2736.0,3
rb1805,20170601,20170531,211520500,2738.0,3344,52142,91682640.0,2738.0,46,2736.0,3
rb1805,20170601,20170531,211521000,2738.0,3344,52142,91682640.0,2738.0,12,2735.0,40
rb1805,20170601,20170531,211522000,2738.0,3344,52142,91682640.0,2738.0,12,2735.0,40
rb1805,20170601,20170531,211523000,2738.0,3344,52142,91682640.0,2738.0,12,2735.0,40
rb1805,20170601,20170531,211524000,2738.0,3344,52142,91682640.0,2738.0,12,2735.0,41
rb1805,20170601,20170531,211524500,2738.0,3344,52142,91682640.0,2738.0,12,2735.0,41
rb1805,20170601,20170531,211525000,2738.0,3344,52142,91682640.0,2738.0,5,2735.0,41
rb1805,20170601,20170531,211525500,2738.0,3344,52142,91682640.0,2738.0,12,2735.0,41
rb1805,20170601,20170531,211528500,2738.0,3344,52142,91682640.0,2738.0,12,2735.0,41
rb1805,20170601,20170531,211529000,2738.0,3344,52142,91682640.0,2738.0,5,2735.0,41
rb1805,20170601,20170531,211529500,2738.0,3344,52142,91682640.0,2738.0,12,2735.0,41
rb1805,20170601,20170531,211530000,2738.0,3344,52142,91682640.0,2738.0,8,2735.0,41
rb1805,20170601,20170531,211530500,2738.0,3344,52142,91682640.0,2738.0,8,2736.0,2
rb1805,20170601,20170531,211531000,2738.0,3344,52142,91682640.0,2738.0,1,2736.0,8
rb1805,20170601,20170531,211531500,2738.0,3344,52142,91682640.0,2738.0,1,2736.0,8
rb1805,20170601,20170531,211532000,2738.0,3344,52142,91682640.0,2738.0,1,2736.0,8
rb1805,20170601,20170531,211532500,2738.0,3344,52142,91682640.0,2738.0,1,2736.0,8
rb1805,20170601,20170531,211533500,2738.0,3344,52142,91682640.0,2738.0,1,2736.0,8
rb1805,20170601,20170531,211537000,2738.0,3344,52142,91682640.0,2738.0,1,2736.0,9
rb1805,20170601,20170531,211537500,2738.0,3344,52142,91682640.0,2738.0,5,2736.0,4
rb1805,20170601,20170531,211538000,2738.0,3344,52142,91682640.0,2738.0,12,2736.0,4
rb1805,20170601,20170531,211538500,2738.0,3348,52144,91792160.0,2738.0,10,2736.0,4
rb1805,20170601,20170531,211540000,2738.0,3348,52144,91792160.0,2738.0,10,2736.0,4
rb1805,20170601,20170531,211541000,2738.0,3348,52144,91792160.0,2738.0,10,2736.0,5
rb1805,20170601,20170531,211544500,2738.0,3348,52144,91792160.0,2738.0,16,2736.0,5
rb1805,20170601,20170531,211545000,2738.0,3348,52144,91792160.0,2738.0,10,2736.0,5
rb1805,20170601,20170531,211545500,2738.0,3348,52144,91792160.0,2738.0,11,2736.0,5
rb1805,20170601,20170531,211546000,2738.0,3348,52144,91792160.0,2738.0,10,2736.0,5
rb1805,20170601,20170531,211547000,2738.0,3348,52144,91792160.0,2737.0,11,2736.0,5
rb1805,20170601,20170531,211547500,2738.0,3348,52144,91792160.0,2737.0,11,2736.0,3
rb1805,20170601,20170531,211548500,2738.0,3348,52144,91792160.0,2737.0,11,2736.0,2
rb1805,20170601,20170531,211549000,2738.0,3348,52144,91792160.0,2737.0,11,2736.0,2
rb1805,20170601,20170531,211549500,2738.0,3348,52144,91792160.0,2737.0,11,2736.0,7
rb1805,20170601,20170531,211550500,2738.0,3348,52144,91792160.0,2737.0,11,2736.0,8
rb1805,20170601,20170531,211551500,2738.0,3348,52144,91792160.0,2737.0,11,2736.0,8
rb1805,20170601,20170531,211552500,2738.0,3348,52144,91792160.0,2737.0,11,2736.0,9
rb1805,20170601,20170531,211553000,2737.0,3352,52148,91901640.0,2737.0,9,2736.0,9
rb1805,20170601,20170531,211554000,2737.0,3370,52166,92394300.0,2738.0,3,2737.0,11
rb1805,20170601,20170531,211555000,2737.0,3370,52166,92394300.0,2738.0,3,2737.0,12
rb1805,20170601,20170531,211556000,2737.0,3370,52166,92394300.0,2738.0,3,2737.0,12
rb1805,20170601,20170531,211556500,2737.0,3370,52166,92394300.0,2739.0,6,2737.0,12
rb1805,20170601,20170531,211557000,2737.0,3370,52166,92394300.0,2739.0,16,2737.0,12
rb1805,20170601,20170531,211557500,2737.0,3370,52166,92394300.0,2739.0,23,2737.0,12
rb1805,20170601,20170531,211600000,2737.0,3370,52166,92394300.0,2739.0,23,2737.0,12
rb1805,20170601,20170531,211600500,2737.0,3370,52166,92394300.0,2738.0,11,2737.0,12
