instrument,tradingday,calendarday,time,lastp,volume,openinterest,turnover,ask1,asksz1,bid1,bidsz1
rb1805,20171018,20171017,183902500,3639.0,0,686998,0.0,0.0,0,0.0,0
rb1805,20171018,20171017,205900500,3639.0,500,687294,18195000.0,3639.0,12,3638.0,28
rb1805,20171018,20171017,210000500,3638.0,746,687438,27146120.0,3640.0,38,3638.0,10
rb1805,20171018,20171017,210001000,3639.0,1138,687568,41410640.0,3642.0,36,3640.0,127
rb1805,20171018,20171017,210001500,3640.0,1296,687656,47162900.0,3642.0,7,3640.0,77
rb1805,20171018,20171017,210002000,3643.0,1344,687666,48910780.0,3643.0,4,3642.0,8
rb1805,20171018,20171017,210002500,3643.0,1454,687622,52918520.0,3645.0,5,3644.0,19
rb1805,20171018,20171017,210003000,3640.0,1722,687678,62678560.0,3643.0,16,3640.0,46
rb1805,20171018,20171017,210003500,3642.0,1784,687660,64936580.0,3643.0,77,3642.0,17
rb1805,20171018,20171017,210004000,3642.0,1836,687678,66830560.0,3643.0,10,3642.0,6
rb1805,20171018,20171017,210004500,3643.0,1858,687698,67632020.0,3644.0,13,3642.0,8
rb1805,20171018,20171017,210005000,3644.0,1952,687700,71057460.0,3645.0,73,3644.0,10
rb1805,20171018,20171017,210005500,3644.0,2062,687742,75066220.0,3645.0,50,3643.0,5
rb1805,20171018,20171017,210006000,3643.0,2078,687752,75649140.0,3644.0,2,3643.0,1
rb1805,20171018,20171017,210006500,3642.0,2114,687778,76960600.0,3643.0,7,3642.0,5
rb1805,20171018,20171017,210007000,3645.0,2264,687910,82426480.0,3645.0,44,3644.0,1
rb1805,20171018,20171017,210007500,3647.0,2442,687838,88915280.0,3648.0,35,3647.0,36
rb1805,20171018,20171017,210008000,3643.0,2642,687928,96207480.0,3646.0,16,3643.0,14
rb1805,20171018,20171017,210008500,3644.0,2648,687934,96426140.0,3645.0,12,3644.0,41
rb1805,20171018,20171017,210009000,3643.0,2716,687944,98904060.0,3645.0,23,3643.0,50
rb1805,20171018,20171017,210009500,3643.0,2774,687950,101017240.0,3644.0,18,3643.0,26
rb1805,20171018,20171017,210010000,3643.0,2882,688020,104951600.0,3643.0,4,3640.0,72
rb1805,20171018,20171017,210010500,3641.0,2912,688024,106044220.0,3643.0,25,3641.0,3
rb1805,20171018,20171017,210011000,3642.0,2932,688018,106772600.0,3642.0,6,3641.0,24
rb1805,20171018,20171017,210011500,3642.0,3074,688120,111945640.0,3644.0,31,3642.0,11
rb1805,20171018,20171017,210012000,3642.0,3088,688122,112455600.0,3643.0,4,3642.0,8
rb1805,20171018,20171017,210012500,3641.0,3234,688196,117775000.0,3643.0,1,3641.0,38
rb1805,20171018,20171017,210013000,3641.0,3252,688208,118430500.0,3643.0,18,3641.0,33
rb1805,20171018,20171017,210013500,3642.0,3260,688212,118721920.0,3642.0,19,3641.0,33
rb1805,20171018,20171017,210014000,3641.0,3278,688214,119377320.0,3642.0,31,3641.0,25
rb1805,20171018,20171017,210014500,3641.0,3334,688186,121416280.0,3641.0,13,3640.0,85
rb1805,20171018,20171017,210015000,3641.0,3406,688188,124037840.0,3642.0,31,3641.0,1
rb1805,20171018,20171017,210015500,3641.0,3418,688184,124474760.0,3641.0,49,3640.0,87
rb1805,20171018,20171017,210016000,3641.0,3530,688226,128551840.0,3641.0,57,3640.0,44
rb1805,20171018,20171017,210016500,3640.0,3648,688240,132847380.0,3641.0,49,3640.0,33
rb1805,20171018,20171017,210017000,3641.0,3844,688190,139982720.0,3640.0,4,3639.0,19
rb1805,20171018,20171017,210017500,3641.0,3952,688282,143914240.0,3642.0,27,3641.0,20
rb1805,20171018,20171017,210018000,3641.0,3982,688296,145006560.0,3642.0,95,3641.0,12
rb1805,20171018,20171017,210018500,3640.0,4018,688322,146317300.0,3641.0,38,3640.0,3
rb1805,20171018,20171017,210019000,3640.0,4054,688326,147627820.0,3641.0,22,3640.0,41
rb1805,20171018,20171017,210019500,3640.0,4162,688410,151559060.0,3641.0,22,3640.0,6
rb1805,20171018,20171017,210020000,3641.0,4188,688420,152505680.0,3641.0,16,3640.0,15
rb1805,20171018,20171017,210020500,3640.0,4218,688424,153597700.0,3641.0,27,3640.0,22
rb1805,20171018,20171017,210021000,3640.0,4272,688424,155563520.0,3641.0,38,3640.0,6
rb1805,20171018,20171017,210021500,3641.0,4322,688408,157383960.0,3641.0,19,3640.0,6
rb1805,20171018,20171017,210022000,3640.0,4386,688424,159713880.0,3641.0,6,3640.0,5
rb1805,20171018,20171017,210022500,3640.0,4410,688434,160587480.0,3640.0,24,3639.0,27
rb1805,20171018,20171017,210023000,3639.0,4428,688442,161242580.0,3640.0,77,3639.0,28
rb1805,20171018,20171017,210023500,3640.0,4556,688532,165901320.0,3640.0,47,3638.0,13
rb1805,20171018,20171017,210024000,3639.0,4592,688538,167211360.0,3639.0,12,3638.0,20
rb1805,20171018,20171017,210024500,3639.0,4682,688612,170486880.0,3640.0,32,3639.0,3
rb1805,20171018,20171017,210025000,3640.0,4734,688626,172379560.0,3640.0,13,3639.0,6
rb1805,20171018,20171017,210025500,3639.0,4748,688634,172889140.0,3640.0,108,3639.0,11
rb1805,20171018,20171017,210026000,3640.0,4756,688640,173180300.0,3640.0,70,3639.0,30
rb1805,20171018,20171017,210026500,3640.0,4768,688650,173617100.0,3640.0,48,3639.0,27
rb1805,20171018,20171017,210027000,3640.0,4772,688650,173762680.0,3640.0,47,3639.0,35
rb1805,20171018,20171017,210027500,3639.0,4798,688644,174708860.0,3640.0,45,3639.0,32
rb1805,20171018,20171017,210028000,3639.0,4908,688660,178712180.0,3639.0,6,3638.0,23
rb1805,20171018,20171017,210028500,3640.0,4932,688668,179585580.0,3641.0,24,3640.0,4
rb1805,20171018,20171017,210029000,3640.0,4980,688696,181332500.0,3640.0,100,3639.0,8
rb1805,20171018,20171017,210029500,3639.0,4998,688700,181987580.0,3640.0,75,3639.0,9
rb1805,20171018,20171017,210030000,3639.0,4998,688700,181987580.0,3640.0,87,3639.0,2
rb1805,20171018,20171017,210030500,3639.0,5006,688708,182278700.0,3640.0,88,3639.0,6
rb1805,20171018,20171017,210031000,3639.0,5070,688706,184607920.0,3639.0,11,3638.0,40
rb1805,20171018,20171017,210031500,3640.0,5094,688684,185481300.0,3640.0,127,3639.0,23
rb1805,20171018,20171017,210032000,3639.0,5104,688688,185845220.0,3640.0,136,3639.0,10
rb1805,20171018,20171017,210032500,3639.0,5126,688700,186645800.0,3639.0,3,3638.0,92
rb1805,20171018,20171017,210033000,3639.0,5152,688708,187591940.0,3640.0,135,3639.0,4
rb1805,20171018,20171017,210033500,3639.0,5174,688700,188392580.0,3640.0,132,3639.0,5
rb1805,20171018,20171017,210034000,3639.0,5196,688704,189193160.0,3640.0,133,3639.0,14
rb1805,20171018,20171017,210034500,3639.0,5202,688706,189411520.0,3640.0,132,3639.0,80
rb1805,20171018,20171017,210035000,3639.0,5350,688684,194797440.0,3640.0,122,3639.0,27
rb1805,20171018,20171017,210035500,3639.0,5420,688666,197345420.0,3640.0,90,3639.0,48
rb1805,20171018,20171017,210036000,3639.0,5490,688700,199893180.0,3640.0,67,3639.0,43
rb1805,20171018,20171017,210036500,3640.0,5694,688850,207319180.0,3641.0,1,3640.0,123
rb1805,20171018,20171017,210037000,3641.0,5716,688870,208120240.0,3642.0,33,3641.0,46
rb1805,20171018,20171017,210037500,3644.0,5814,688876,211689720.0,3644.0,4,3642.0,94
rb1805,20171018,20171017,210038000,3642.0,5818,688876,211835440.0,3644.0,12,3642.0,114
rb1805,20171018,20171017,210038500,3643.0,5822,688874,211981140.0,3643.0,9,3642.0,113
rb1805,20171018,20171017,210039000,3642.0,5846,688860,212855360.0,3643.0,6,3642.0,108
rb1805,20171018,20171017,210039500,3642.0,5858,688862,213292400.0,3643.0,59,3642.0,81
rb1805,20171018,20171017,210040000,3643.0,5872,688862,213802420.0,3643.0,49,3642.0,79
rb1805,20171018,20171017,210040500,3643.0,5878,688866,214020980.0,3643.0,14,3642.0,78
rb1805,20171018,20171017,210041000,3643.0,5906,688848,215041020.0,3644.0,23,3643.0,5
rb1805,20171018,20171017,210041500,3644.0,5910,688848,215186760.0,3644.0,44,3643.0,25
rb1805,20171018,20171017,210042000,3643.0,6032,688762,219632460.0,3645.0,31,3643.0,25
rb1805,20171018,20171017,210042500,3644.0,6040,688764,219923920.0,3644.0,1,3643.0,28
rb1805,20171018,20171017,210043000,3644.0,6050,688772,220288320.0,3645.0,52,3644.0,15
rb1805,20171018,20171017,210043500,3644.0,6096,688794,221964540.0,3644.0,45,3643.0,28
rb1805,20171018,20171017,210044000,3644.0,6112,688800,222547480.0,3644.0,36,3643.0,24
rb1805,20171018,20171017,210044500,3645.0,6168,688852,224588100.0,3645.0,41,3643.0,22
rb1805,20171018,20171017,210045000,3645.0,6232,688876,226919920.0,3645.0,32,3644.0,10
rb1805,20171018,20171017,210045500,3644.0,6234,688876,226992800.0,3645.0,33,3644.0,22
rb1805,20171018,20171017,210046000,3645.0,6268,688898,228232080.0,3645.0,18,3644.0,24
rb1805,20171018,20171017,210046500,3645.0,6276,688904,228523640.0,3645.0,19,3644.0,28
rb1805,20171018,20171017,210047000,3644.0,6356,688970,231438940.0,3644.0,25,3643.0,59
rb1805,20171018,20171017,210047500,3644.0,6384,688996,232459220.0,3644.0,37,3643.0,57
rb1805,20171018,20171017,210048000,3644.0,6396,689008,232896500.0,3644.0,34,3643.0,56
rb1805,20171018,20171017,210048500,3644.0,6396,689008,232896500.0,3644.0,40,3643.0,58
rb1805,20171018,20171017,210049000,3643.0,6402,689010,233115120.0,3644.0,20,3643.0,57
rb1805,20171018,20171017,210049500,3643.0,6406,689014,233260860.0,3644.0,20,3643.0,56
rb1805,20171018,20171017,210050000,3644.0,6454,688992,235009980.0,3645.0,40,3644.0,21
rb1805,20171018,20171017,210050500,3645.0,6462,688996,235301580.0,3645.0,38,3644.0,21
rb1805,20171018,20171017,210051000,3645.0,6492,688982,236394800.0,3645.0,40,3644.0,7
rb1805,20171018,20171017,210051500,3644.0,6550,688988,238508800.0,3645.0,16,3644.0,4
rb1805,20171018,20171017,210052000,3644.0,6574,688994,239383300.0,3644.0,37,3643.0,62
rb1805,20171018,20171017,210052500,3643.0,6580,688998,239601920.0,3644.0,37,3643.0,63
rb1805,20171018,20171017,210053000,3643.0,6584,689000,239747640.0,3644.0,37,3643.0,61
rb1805,20171018,20171017,210053500,3643.0,6610,689026,240694880.0,3644.0,37,3643.0,52
rb1805,20171018,20171017,210054000,3643.0,6742,689088,245503380.0,3643.0,91,3641.0,29
rb1805,20171018,20171017,210054500,3643.0,6746,689086,245649100.0,3643.0,27,3642.0,2
rb1805,20171018,20171017,210055000,3642.0,6754,689080,245940460.0,3642.0,8,3641.0,29
rb1805,20171018,20171017,210055500,3642.0,6802,689102,247688180.0,3642.0,11,3641.0,7
rb1805,20171018,20171017,210056000,3642.0,6828,689124,248634960.0,3642.0,31,3640.0,49
rb1805,20171018,20171017,210056500,3642.0,6834,689124,248853440.0,3642.0,31,3640.0,48
rb1805,20171018,20171017,210057000,3641.0,6840,689130,249071900.0,3642.0,31,3640.0,48
rb1805,20171018,20171017,210057500,3641.0,6858,689124,249727280.0,3642.0,19,3640.0,50
rb1805,20171018,20171017,210058000,3642.0,6874,689124,250310000.0,3642.0,2,3641.0,10
rb1805,20171018,20171017,210058500,3641.0,6892,689116,250965520.0,3642.0,12,3641.0,9
rb1805,20171018,20171017,210059000,3640.0,6914,689094,251766500.0,3641.0,10,3640.0,50
rb1805,20171018,20171017,210059500,3641.0,6918,689092,251912140.0,3642.0,17,3641.0,5
rb1805,20171018,20171017,210100000,3641.0,7076,689036,257663480.0,3641.0,3,3640.0,1
rb1805,20171018,20171017,210100500,3640.0,7102,689046,258610080.0,3641.0,36,3640.0,11
rb1805,20171018,20171017,210101000,3640.0,7214,689008,262687500.0,3640.0,6,3639.0,34
rb1805,20171018,20171017,210101500,3640.0,7232,689016,263342740.0,3641.0,16,3640.0,24
rb1805,20171018,20171017,210102000,3642.0,7336,689032,267128760.0,3641.0,1,3640.0,6
rb1805,20171018,20171017,210102500,3641.0,7344,689036,267420040.0,3642.0,10,3641.0,11
rb1805,20171018,20171017,210103000,3640.0,7380,689028,268730600.0,3642.0,11,3640.0,60
rb1805,20171018,20171017,210103500,3641.0,7386,689030,268949080.0,3642.0,4,3641.0,2
rb1805,20171018,20171017,210104000,3642.0,7394,689036,269240440.0,3642.0,1,3641.0,4
rb1805,20171018,20171017,210104500,3641.0,7398,689040,269386100.0,3642.0,47,3641.0,4
rb1805,20171018,20171017,210105000,3641.0,7422,689036,270259820.0,3642.0,47,3640.0,67
rb1805,20171018,20171017,210105500,3641.0,7428,689036,270478280.0,3641.0,30,3640.0,29
rb1805,20171018,20171017,210106000,3641.0,7436,689032,270769560.0,3641.0,40,3640.0,34
rb1805,20171018,20171017,210106500,3640.0,7544,689088,274700980.0,3640.0,78,3639.0,32
rb1805,20171018,20171017,210107000,3640.0,7580,689102,276011380.0,3640.0,62,3639.0,24
rb1805,20171018,20171017,210107500,3640.0,7716,689236,280961780.0,3641.0,52,3640.0,17
rb1805,20171018,20171017,210108000,3641.0,7796,689250,283873840.0,3641.0,49,3640.0,79
rb1805,20171018,20171017,210108500,3640.0,7896,689160,287513900.0,3641.0,46,3640.0,32
rb1805,20171018,20171017,210109000,3640.0,7902,689160,287732300.0,3641.0,26,3640.0,39
rb1805,20171018,20171017,210109500,3640.0,7904,689160,287805100.0,3641.0,29,3640.0,91
rb1805,20171018,20171017,210110000,3641.0,7942,689164,289188680.0,3641.0,6,3640.0,92
rb1805,20171018,20171017,210110500,3641.0,7958,689174,289771240.0,3642.0,41,3641.0,131
rb1805,20171018,20171017,210111000,3641.0,7966,689174,290062520.0,3642.0,42,3641.0,123
rb1805,20171018,20171017,210111500,3642.0,8058,689140,293413140.0,3643.0,67,3642.0,5
rb1805,20171018,20171017,210112000,3642.0,8064,689138,293631660.0,3643.0,74,3642.0,38
rb1805,20171018,20171017,210112500,3643.0,8076,689140,294068760.0,3643.0,71,3642.0,51
rb1805,20171018,20171017,210113000,3643.0,8082,689142,294287300.0,3643.0,70,3642.0,61
rb1805,20171018,20171017,210113500,3642.0,8246,689134,300261060.0,3643.0,24,3642.0,23
rb1805,20171018,20171017,210114000,3643.0,8298,689144,302155020.0,3643.0,18,3642.0,3
rb1805,20171018,20171017,210114500,3642.0,8310,689140,302592060.0,3643.0,39,3642.0,58
rb1805,20171018,20171017,210115000,3643.0,8322,689142,303029220.0,3643.0,28,3642.0,61
rb1805,20171018,20171017,210115500,3642.0,8334,689152,303466260.0,3643.0,21,3642.0,56
rb1805,20171018,20171017,210116000,3642.0,8334,689152,303466260.0,3643.0,16,3642.0,53
rb1805,20171018,20171017,210116500,3643.0,8344,689158,303830560.0,3643.0,11,3642.0,54
rb1805,20171018,20171017,210117000,3642.0,8368,689160,304704860.0,3644.0,41,3643.0,3
rb1805,20171018,20171017,210117500,3643.0,8382,689160,305214880.0,3644.0,40,3643.0,49
rb1805,20171018,20171017,210118000,3643.0,8386,689164,305360600.0,3644.0,45,3643.0,47
rb1805,20171018,20171017,210118500,3643.0,8502,689214,309587480.0,3645.0,39,3643.0,39
rb1805,20171018,20171017,210119000,3644.0,8508,689214,309806100.0,3644.0,5,3643.0,40
rb1805,20171018,20171017,210119500,3643.0,8622,689198,313959240.0,3643.0,8,3642.0,56
rb1805,20171018,20171017,210120000,3643.0,8624,689196,314032100.0,3643.0,17,3642.0,59
rb1805,20171018,20171017,210120500,3643.0,8646,689204,314833560.0,3643.0,22,3642.0,59
rb1805,20171018,20171017,210121000,3643.0,8666,689206,315562160.0,3643.0,14,3642.0,60
rb1805,20171018,20171017,210121500,3643.0,8668,689206,315635020.0,3643.0,13,3642.0,59
rb1805,20171018,20171017,210122000,3642.0,8674,689210,315853560.0,3643.0,51,3642.0,57
rb1805,20171018,20171017,210122500,3643.0,8782,689174,319788000.0,3644.0,59,3643.0,6
rb1805,20171018,20171017,210123000,3643.0,8782,689174,319788000.0,3644.0,60,3643.0,12
rb1805,20171018,20171017,210123500,3643.0,8784,689174,319860860.0,3644.0,60,3643.0,27
rb1805,20171018,20171017,210124000,3643.0,8808,689176,320735180.0,3644.0,60,3643.0,23
rb1805,20171018,20171017,210124500,3644.0,8818,689186,321099580.0,3644.0,58,3643.0,18
rb1805,20171018,20171017,210125000,3644.0,8842,689168,321974140.0,3644.0,47,3643.0,19
rb1805,20171018,20171017,210125500,3644.0,8850,689168,322265620.0,3644.0,46,3643.0,17
rb1805,20171018,20171017,210126000,3643.0,8884,689196,323504240.0,3644.0,48,3643.0,1
rb1805,20171018,20171017,210126500,3643.0,8898,689200,324014260.0,3643.0,1,3642.0,76
rb1805,20171018,20171017,210127000,3642.0,8902,689202,324159960.0,3644.0,49,3643.0,1
rb1805,20171018,20171017,210127500,3644.0,8910,689198,324451480.0,3644.0,48,3643.0,21
rb1805,20171018,20171017,210128000,3644.0,8910,689198,324451480.0,3644.0,49,3643.0,21
rb1805,20171018,20171017,210128500,3643.0,8918,689200,324742960.0,3644.0,52,3643.0,20
rb1805,20171018,20171017,210129000,3643.0,8918,689200,324742960.0,3644.0,54,3643.0,21
rb1805,20171018,20171017,210129500,3643.0,8918,689200,324742960.0,3644.0,66,3643.0,21
rb1805,20171018,20171017,210130000,3644.0,9006,689152,327949180.0,3644.0,55,3643.0,1
rb1805,20171018,20171017,210130500,3643.0,9008,689154,328022040.0,3643.0,36,3642.0,77
rb1805,20171018,20171017,210131000,3642.0,9010,689154,328094880.0,3643.0,24,3642.0,67
rb1805,20171018,20171017,210131500,3643.0,9014,689158,328240600.0,3643.0,40,3642.0,20
rb1805,20171018,20171017,210132000,3642.0,9070,689202,330280120.0,3642.0,12,3641.0,121
rb1805,20171018,20171017,210132500,3642.0,9074,689202,330425800.0,3642.0,20,3641.0,121
rb1805,20171018,20171017,210133000,3642.0,9084,689202,330790000.0,3642.0,44,3641.0,121
rb1805,20171018,20171017,210133500,3642.0,9094,689200,331154200.0,3642.0,41,3641.0,121
rb1805,20171018,20171017,210134000,3642.0,9100,689200,331372720.0,3642.0,38,3641.0,123
rb1805,20171018,20171017,210134500,3641.0,9144,689162,332975180.0,3642.0,17,3641.0,122
rb1805,20171018,20171017,210135000,3642.0,9178,689184,334213460.0,3643.0,70,3642.0,46
rb1805,20171018,20171017,210135500,3642.0,9322,689268,339457940.0,3643.0,72,3642.0,3
rb1805,20171018,20171017,210136000,3642.0,9354,689284,340623200.0,3642.0,12,3641.0,112
rb1805,20171018,20171017,210136500,3641.0,9364,689294,340987360.0,3642.0,21,3641.0,110
rb1805,20171018,20171017,210137000,3642.0,9374,689288,341351560.0,3642.0,51,3641.0,111
rb1805,20171018,20171017,210137500,3642.0,9384,689286,341715760.0,3642.0,46,3641.0,111
rb1805,20171018,20171017,210138000,3642.0,9388,689284,341861440.0,3642.0,45,3641.0,126
rb1805,20171018,20171017,210138500,3642.0,9398,689280,342225620.0,3642.0,41,3641.0,126
rb1805,20171018,20171017,210139000,3642.0,9398,689280,342225620.0,3642.0,41,3641.0,126
rb1805,20171018,20171017,210139500,3641.0,9400,689282,342298440.0,3642.0,63,3641.0,125
rb1805,20171018,20171017,210140000,3642.0,9498,689298,345866640.0,3642.0,62,3641.0,77
rb1805,20171018,20171017,210140500,3642.0,9528,689290,346959240.0,3642.0,53,3641.0,78
rb1805,20171018,20171017,210141000,3642.0,9528,689290,346959240.0,3642.0,40,3641.0,78
rb1805,20171018,20171017,210141500,3641.0,9540,689280,347396260.0,3642.0,35,3641.0,77
rb1805,20171018,20171017,210142000,3641.0,9568,689308,348415740.0,3642.0,36,3641.0,63
rb1805,20171018,20171017,210142500,3641.0,9576,689304,348707080.0,3642.0,33,3641.0,62
rb1805,20171018,20171017,210143000,3641.0,9598,689322,349508100.0,3642.0,33,3641.0,53
rb1805,20171018,20171017,210143500,3641.0,9612,689336,350017840.0,3642.0,33,3641.0,46
rb1805,20171018,20171017,210144000,3642.0,9644,689336,351183260.0,3642.0,18,3641.0,47
rb1805,20171018,20171017,210144500,3642.0,9644,689336,351183260.0,3642.0,18,3641.0,52
rb1805,20171018,20171017,210145000,3642.0,9654,689338,351547400.0,3642.0,22,3641.0,50
rb1805,20171018,20171017,210145500,3641.0,9656,689340,351620220.0,3642.0,24,3641.0,50
rb1805,20171018,20171017,210146000,3641.0,9672,689352,352202780.0,3642.0,34,3641.0,42
rb1805,20171018,20171017,210146500,3642.0,9676,689352,352348440.0,3642.0,36,3641.0,42
rb1805,20171018,20171017,210147000,3641.0,9688,689354,352785360.0,3642.0,39,3641.0,36
rb1805,20171018,20171017,210147500,3642.0,9694,689356,353003880.0,3642.0,36,3641.0,36
rb1805,20171018,20171017,210148000,3642.0,9722,689362,354023620.0,3642.0,17,3641.0,45
rb1805,20171018,20171017,210148500,3642.0,9722,689362,354023620.0,3642.0,17,3641.0,46
rb1805,20171018,20171017,210149000,3642.0,9738,689358,354606200.0,3642.0,16,3641.0,40
rb1805,20171018,20171017,210149500,3642.0,9774,689386,355917320.0,3643.0,51,3642.0,33
rb1805,20171018,20171017,210150000,3642.0,9860,689450,359049360.0,3643.0,62,3641.0,33
rb1805,20171018,20171017,210150500,3641.0,9862,689452,359122180.0,3643.0,62,3642.0,1
rb1805,20171018,20171017,210151000,3642.0,9870,689456,359413520.0,3643.0,70,3642.0,10
rb1805,20171018,20171017,210151500,3642.0,9892,689468,360214760.0,3642.0,2,3641.0,31
rb1805,20171018,20171017,210152000,3641.0,9906,689474,360724700.0,3643.0,66,3641.0,30
rb1805,20171018,20171017,210152500,3643.0,9912,689480,360943280.0,3642.0,4,3641.0,43
rb1805,20171018,20171017,210153000,3642.0,9926,689474,361453160.0,3643.0,62,3642.0,5
rb1805,20171018,20171017,210153500,3642.0,9936,689464,361817360.0,3643.0,64,3641.0,43
rb1805,20171018,20171017,210154000,3642.0,9936,689464,361817360.0,3643.0,69,3641.0,43
rb1805,20171018,20171017,210154500,3643.0,9938,689466,361890220.0,3643.0,76,3641.0,43
rb1805,20171018,20171017,210155000,3642.0,9950,689466,362327240.0,3642.0,2,3641.0,40
rb1805,20171018,20171017,210155500,3642.0,9954,689470,362472920.0,3642.0,6,3641.0,41
rb1805,20171018,20171017,210156000,3642.0,9956,689472,362545760.0,3642.0,10,3641.0,33
rb1805,20171018,20171017,210156500,3641.0,9958,689474,362618580.0,3642.0,14,3641.0,32
rb1805,20171018,20171017,210157000,3642.0,9980,689484,363419820.0,3642.0,3,3641.0,32
rb1805,20171018,20171017,210157500,3642.0,10052,689524,366041420.0,3642.0,82,3640.0,95
rb1805,20171018,20171017,210158000,3642.0,10072,689524,366769820.0,3641.0,490,3640.0,96
rb1805,20171018,20171017,210158500,3641.0,10092,689540,367497860.0,3641.0,501,3640.0,88
rb1805,20171018,20171017,210159000,3640.0,10132,689534,368953960.0,3641.0,496,3640.0,83
rb1805,20171018,20171017,210159500,3640.0,10278,689632,374268380.0,3641.0,495,3640.0,11
rb1805,20171018,20171017,210200000,3640.0,10366,689616,377471580.0,3641.0,583,3639.0,84
rb1805,20171018,20171017,210200500,3640.0,10370,689616,377617160.0,3640.0,3,3639.0,85
rb1805,20171018,20171017,210201000,3639.0,10376,689616,377835540.0,3640.0,18,3639.0,38
rb1805,20171018,20171017,210201500,3640.0,10382,689612,378053920.0,3640.0,75,3639.0,38
rb1805,20171018,20171017,210202000,3639.0,10468,689654,381183460.0,3639.0,80,3638.0,152
rb1805,20171018,20171017,210202500,3639.0,10728,689686,390643000.0,3639.0,66,3638.0,59
rb1805,20171018,20171017,210203000,3639.0,10876,689756,396027320.0,3638.0,51,3637.0,171
rb1805,20171018,20171017,210203500,3638.0,10956,689802,398936980.0,3638.0,71,3637.0,138
rb1805,20171018,20171017,210204000,3638.0,11174,689696,406865780.0,3638.0,76,3637.0,54
rb1805,20171018,20171017,210204500,3637.0,11238,689690,409193480.0,3638.0,122,3637.0,24
rb1805,20171018,20171017,210205000,3637.0,11386,689666,414575520.0,3637.0,19,3636.0,104
rb1805,20171018,20171017,210205500,3636.0,11492,689630,418429680.0,3637.0,30,3636.0,56
rb1805,20171018,20171017,210206000,3636.0,11642,689622,423883980.0,3636.0,4,3635.0,101
rb1805,20171018,20171017,210206500,3636.0,11716,689668,426575180.0,3637.0,6,3636.0,99
rb1805,20171018,20171017,210207000,3638.0,11840,689744,431085080.0,3638.0,131,3637.0,39
rb1805,20171018,20171017,210207500,3638.0,11856,689756,431667020.0,3638.0,133,3637.0,29
rb1805,20171018,20171017,210208000,3637.0,11874,689774,432321680.0,3638.0,156,3637.0,34
rb1805,20171018,20171017,210208500,3638.0,11934,689788,434503900.0,3638.0,156,3637.0,14
rb1805,20171018,20171017,210209000,3637.0,11980,689774,436176840.0,3637.0,8,3636.0,124
rb1805,20171018,20171017,210209500,3637.0,12006,689772,437122520.0,3638.0,133,3637.0,29
rb1805,20171018,20171017,210210000,3636.0,12048,689740,438650020.0,3637.0,10,3636.0,134
rb1805,20171018,20171017,210210500,3636.0,12056,689742,438940900.0,3637.0,14,3636.0,131
rb1805,20171018,20171017,210211000,3637.0,12140,689696,441996000.0,3638.0,108,3637.0,20
rb1805,20171018,20171017,210211500,3636.0,12204,689698,444323620.0,3637.0,7,3636.0,143
rb1805,20171018,20171017,210212000,3636.0,12264,689718,446505460.0,3637.0,16,3636.0,131
rb1805,20171018,20171017,210212500,3637.0,12454,689644,453413920.0,3637.0,19,3636.0,4
rb1805,20171018,20171017,210213000,3636.0,12516,689626,455668240.0,3636.0,3,3635.0,130
rb1805,20171018,20171017,210213500,3636.0,12522,689626,455886400.0,3637.0,57,3636.0,17
rb1805,20171018,20171017,210214000,3636.0,12534,689630,456322780.0,3637.0,58,3636.0,16
rb1805,20171018,20171017,210214500,3636.0,12562,689648,457340880.0,3637.0,60,3636.0,4
rb1805,20171018,20171017,210215000,3636.0,12582,689654,458068080.0,3637.0,60,3636.0,6
rb1805,20171018,20171017,210215500,3636.0,12586,689652,458213520.0,3637.0,65,3636.0,13
rb1805,20171018,20171017,210216000,3637.0,12616,689652,459304400.0,3637.0,52,3636.0,21
rb1805,20171018,20171017,210216500,3638.0,12918,689836,470290160.0,3639.0,71,3638.0,249
rb1805,20171018,20171017,210217000,3638.0,12948,689852,471381560.0,3639.0,80,3638.0,234
rb1805,20171018,20171017,210217500,3636.0,13426,690304,488771020.0,3638.0,54,3637.0,1
rb1805,20171018,20171017,210218000,3637.0,13474,690268,490516580.0,3637.0,12,3636.0,20
rb1805,20171018,20171017,210218500,3637.0,13504,690266,491607440.0,3637.0,9,3636.0,17
rb1805,20171018,20171017,210219000,3636.0,13512,690274,491898380.0,3637.0,14,3636.0,16
rb1805,20171018,20171017,210219500,3636.0,13534,690284,492698320.0,3637.0,24,3636.0,2
rb1805,20171018,20171017,210220000,3637.0,13546,690290,493134680.0,3637.0,26,3635.0,143
rb1805,20171018,20171017,210220500,3637.0,13574,690282,494153040.0,3637.0,13,3636.0,21
rb1805,20171018,20171017,210221000,3636.0,13594,690288,494880280.0,3637.0,31,3636.0,18
rb1805,20171018,20171017,210221500,3636.0,13600,690294,495098440.0,3637.0,40,3636.0,25
rb1805,20171018,20171017,210222000,3637.0,13630,690300,496189500.0,3637.0,25,3636.0,26
rb1805,20171018,20171017,210222500,3637.0,13638,690302,496480420.0,3637.0,27,3636.0,26
rb1805,20171018,20171017,210223000,3636.0,13646,690306,496771300.0,3637.0,23,3636.0,38
rb1805,20171018,20171017,210223500,3637.0,13694,690328,498516720.0,3637.0,18,3636.0,28
rb1805,20171018,20171017,210224000,3636.0,13724,690322,499607720.0,3637.0,13,3636.0,29
rb1805,20171018,20171017,210224500,3636.0,13748,690346,500480460.0,3637.0,10,3636.0,28
rb1805,20171018,20171017,210225000,3637.0,13930,690476,507098400.0,3638.0,118,3637.0,13
rb1805,20171018,20171017,210225500,3636.0,13966,690488,508407600.0,3636.0,5,3635.0,143
rb1805,20171018,20171017,210226000,3636.0,13994,690504,509425740.0,3637.0,36,3636.0,37
rb1805,20171018,20171017,210226500,3636.0,14000,690500,509643900.0,3637.0,37,3636.0,18
rb1805,20171018,20171017,210227000,3636.0,14040,690484,511098280.0,3636.0,9,3635.0,153
rb1805,20171018,20171017,210227500,3638.0,14426,690828,525139260.0,3639.0,71,3638.0,21
rb1805,20171018,20171017,210228000,3636.0,14662,690838,533721060.0,3637.0,1,3636.0,6
rb1805,20171018,20171017,210228500,3636.0,14720,690804,535829940.0,3636.0,16,3635.0,143
rb1805,20171018,20171017,210229000,3637.0,14766,690766,537502520.0,3637.0,11,3636.0,81
rb1805,20171018,20171017,210229500,3636.0,14796,690750,538593320.0,3637.0,11,3636.0,124
rb1805,20171018,20171017,210230000,3637.0,14802,690750,538811500.0,3637.0,10,3636.0,127
rb1805,20171018,20171017,210230500,3636.0,14820,690750,539466120.0,3637.0,14,3636.0,138
rb1805,20171018,20171017,210231000,3637.0,14852,690780,540629960.0,3638.0,106,3637.0,29
rb1805,20171018,20171017,210231500,3636.0,14894,690756,542157320.0,3637.0,2,3636.0,141
rb1805,20171018,20171017,210232000,3637.0,14958,690718,544485020.0,3638.0,106,3637.0,3
rb1805,20171018,20171017,210232500,3637.0,14968,690718,544848720.0,3638.0,112,3637.0,19
rb1805,20171018,20171017,210233000,3637.0,14994,690698,545794340.0,3638.0,113,3637.0,37
rb1805,20171018,20171017,210233500,3637.0,15036,690694,547321900.0,3638.0,112,3637.0,94
rb1805,20171018,20171017,210234000,3638.0,15278,690748,556125820.0,3639.0,72,3638.0,81
rb1805,20171018,20171017,210234500,3638.0,15350,690814,558745220.0,3639.0,76,3638.0,77
rb1805,20171018,20171017,210235000,3638.0,15376,690822,559691220.0,3639.0,55,3638.0,102
rb1805,20171018,20171017,210235500,3639.0,15388,690824,560127860.0,3639.0,52,3638.0,113
rb1805,20171018,20171017,210236000,3638.0,15396,690830,560418940.0,3639.0,63,3638.0,112
rb1805,20171018,20171017,210236500,3639.0,15522,690868,565003940.0,3640.0,81,3639.0,4
rb1805,20171018,20171017,210237000,3639.0,15560,690876,566386760.0,3640.0,91,3639.0,6
rb1805,20171018,20171017,210237500,3640.0,15732,690994,572647560.0,3641.0,617,3640.0,2
rb1805,20171018,20171017,210238000,3640.0,15740,690992,572938780.0,3641.0,616,3640.0,7
rb1805,20171018,20171017,210238500,3641.0,15756,690976,573521340.0,3641.0,608,3640.0,72
rb1805,20171018,20171017,210239000,3640.0,15854,690968,577089480.0,3641.0,561,3640.0,93
rb1805,20171018,20171017,210239500,3640.0,16266,690698,592090380.0,3641.0,353,3640.0,91
rb1805,20171018,20171017,210240000,3640.0,16610,690760,604613300.0,3640.0,95,3639.0,56
rb1805,20171018,20171017,210240500,3641.0,16874,690806,614223600.0,3641.0,252,3640.0,1
rb1805,20171018,20171017,210241000,3640.0,17384,691056,632792680.0,3641.0,8,3640.0,53
rb1805,20171018,20171017,210241500,3640.0,17490,691114,636651660.0,3641.0,99,3640.0,80
rb1805,20171018,20171017,210242000,3640.0,17548,691130,638763420.0,3641.0,91,3640.0,79
rb1805,20171018,20171017,210242500,3640.0,17724,691108,645170520.0,3641.0,61,3640.0,27
rb1805,20171018,20171017,210243000,3641.0,17730,691112,645388960.0,3641.0,114,3640.0,34
rb1805,20171018,20171017,210243500,3640.0,17764,691112,646626560.0,3641.0,115,3640.0,23
rb1805,20171018,20171017,210244000,3641.0,17768,691114,646772180.0,3641.0,116,3640.0,25
rb1805,20171018,20171017,210244500,3639.0,17834,691144,649174500.0,3640.0,3,3639.0,57
rb1805,20171018,20171017,210245000,3641.0,17974,691172,654271840.0,3642.0,45,3641.0,137
rb1805,20171018,20171017,210245500,3641.0,17978,691176,654417480.0,3642.0,47,3641.0,136
rb1805,20171018,20171017,210246000,3641.0,17982,691180,654563120.0,3642.0,47,3641.0,138
rb1805,20171018,20171017,210246500,3641.0,17994,691178,655000080.0,3642.0,39,3641.0,134
rb1805,20171018,20171017,210247000,3641.0,18002,691182,655291360.0,3642.0,39,3641.0,127
rb1805,20171018,20171017,210247500,3641.0,18022,691200,656019700.0,3642.0,34,3641.0,124
rb1805,20171018,20171017,210248000,3641.0,18040,691214,656675200.0,3642.0,28,3641.0,121
rb1805,20171018,20171017,210248500,3641.0,18104,691214,659006020.0,3643.0,112,3641.0,120
rb1805,20171018,20171017,210249000,3643.0,18120,691222,659588760.0,3643.0,102,3642.0,6
rb1805,20171018,20171017,210249500,3643.0,18144,691224,660463020.0,3643.0,104,3642.0,7
rb1805,20171018,20171017,210250000,3643.0,18146,691224,660535880.0,3643.0,102,3642.0,42
rb1805,20171018,20171017,210250500,3642.0,18204,691252,662648760.0,3643.0,77,3642.0,67
rb1805,20171018,20171017,210251000,3643.0,18364,691232,668477600.0,3644.0,64,3643.0,31
rb1805,20171018,20171017,210251500,3643.0,18472,691296,672412020.0,3643.0,150,3642.0,72
rb1805,20171018,20171017,210252000,3643.0,18546,691366,675107820.0,3643.0,115,3642.0,74
rb1805,20171018,20171017,210252500,3642.0,18784,691586,683778100.0,3643.0,19,3642.0,73
rb1805,20171018,20171017,210253000,3643.0,18826,691554,685308160.0,3644.0,66,3643.0,2
rb1805,20171018,20171017,210253500,3644.0,18928,691574,689025040.0,3644.0,15,3643.0,366
rb1805,20171018,20171017,210254000,3644.0,19076,691500,694418660.0,3644.0,8,3643.0,353
rb1805,20171018,20171017,210254500,3644.0,19092,691484,695001700.0,3645.0,13,3644.0,17
rb1805,20171018,20171017,210255000,3645.0,19198,691450,698865880.0,3646.0,17,3645.0,32
rb1805,20171018,20171017,210255500,3646.0,19264,691418,701271720.0,3646.0,10,3645.0,7
rb1805,20171018,20171017,210256000,3645.0,19484,691460,709288720.0,3644.0,1,3643.0,376
rb1805,20171018,20171017,210256500,3646.0,19506,691462,710090680.0,3646.0,95,3644.0,6
rb1805,20171018,20171017,210257000,3646.0,19516,691454,710455260.0,3646.0,76,3644.0,22
rb1805,20171018,20171017,210257500,3645.0,19576,691458,712642800.0,3646.0,46,3644.0,18
rb1805,20171018,20171017,210258000,3646.0,19588,691456,713080240.0,3646.0,49,3644.0,45
rb1805,20171018,20171017,210258500,3646.0,19606,691468,713736400.0,3646.0,7,3645.0,3
rb1805,20171018,20171017,210259000,3645.0,19634,691454,714757000.0,3645.0,7,3644.0,92
rb1805,20171018,20171017,210259500,3644.0,19656,691460,715558900.0,3646.0,14,3644.0,95
rb1805,20171018,20171017,210300000,3645.0,19682,691462,716506800.0,3646.0,55,3645.0,5
rb1805,20171018,20171017,210300500,3646.0,19704,691462,717308920.0,3646.0,47,3645.0,8
rb1805,20171018,20171017,210301000,3645.0,19756,691464,719204500.0,3645.0,218,3644.0,119
rb1805,20171018,20171017,210301500,3645.0,19778,691482,720006380.0,3645.0,214,3644.0,122
rb1805,20171018,20171017,210302000,3645.0,20206,691880,735606980.0,3646.0,53,3645.0,96
rb1805,20171018,20171017,210302500,3646.0,20222,691878,736190260.0,3646.0,49,3645.0,125
rb1805,20171018,20171017,210303000,3646.0,20262,691878,737648660.0,3646.0,32,3645.0,126
rb1805,20171018,20171017,210303500,3646.0,20356,691844,741075780.0,3647.0,59,3646.0,10
rb1805,20171018,20171017,210304000,3646.0,20464,691872,745013520.0,3647.0,58,3646.0,30
rb1805,20171018,20171017,210304500,3646.0,20540,691872,747784540.0,3647.0,57,3646.0,21
rb1805,20171018,20171017,210305000,3647.0,20634,691838,751211800.0,3646.0,2,3645.0,93
rb1805,20171018,20171017,210305500,3647.0,20834,691872,758506620.0,3649.0,54,3647.0,147
rb1805,20171018,20171017,210306000,3647.0,20996,691936,764415480.0,3648.0,27,3647.0,118
rb1805,20171018,20171017,210306500,3648.0,21264,692080,774189540.0,3648.0,35,3647.0,72
rb1805,20171018,20171017,210307000,3647.0,21494,692040,782577960.0,3647.0,1,3646.0,42
rb1805,20171018,20171017,210307500,3647.0,21506,692052,783015600.0,3647.0,36,3646.0,45
rb1805,20171018,20171017,210308000,3647.0,21626,692072,787391000.0,3647.0,86,3645.0,114
rb1805,20171018,20171017,210308500,3649.0,22172,692276,807308440.0,3650.0,194,3649.0,28
rb1805,20171018,20171017,210309000,3649.0,22302,692282,812051240.0,3648.0,1,3647.0,3
rb1805,20171018,20171017,210309500,3648.0,22340,692274,813437300.0,3648.0,43,3647.0,21
rb1805,20171018,20171017,210310000,3647.0,22474,692228,818323680.0,3647.0,147,3646.0,3
rb1805,20171018,20171017,210310500,3647.0,22538,692206,820657580.0,3647.0,102,3646.0,10
rb1805,20171018,20171017,210311000,3646.0,22672,692292,825544220.0,3647.0,24,3646.0,8
rb1805,20171018,20171017,210311500,3646.0,22716,692306,827148480.0,3647.0,33,3646.0,24
rb1805,20171018,20171017,210312000,3647.0,22750,692340,828388260.0,3647.0,26,3646.0,40
rb1805,20171018,20171017,210312500,3646.0,22756,692344,828607060.0,3647.0,25,3646.0,40
rb1805,20171018,20171017,210313000,3647.0,22770,692342,829117640.0,3647.0,21,3646.0,40
rb1805,20171018,20171017,210313500,3647.0,22812,692348,830649200.0,3647.0,8,3646.0,31
rb1805,20171018,20171017,210314000,3646.0,22920,692296,834587920.0,3648.0,61,3646.0,20
rb1805,20171018,20171017,210314500,3647.0,22980,692304,836776520.0,3648.0,55,3647.0,1
rb1805,20171018,20171017,210315000,3647.0,23036,692334,838818520.0,3647.0,2,3646.0,4
rb1805,20171018,20171017,210315500,3647.0,23046,692336,839183200.0,3647.0,48,3646.0,4
rb1805,20171018,20171017,210316000,3646.0,23072,692332,840131160.0,3646.0,66,3645.0,122
rb1805,20171018,20171017,210316500,3646.0,23082,692342,840495760.0,3646.0,61,3645.0,45
rb1805,20171018,20171017,210317000,3647.0,23316,692428,849026580.0,3647.0,64,3646.0,34
rb1805,20171018,20171017,210317500,3646.0,23392,692444,851797560.0,3647.0,64,3646.0,98
rb1805,20171018,20171017,210318000,3647.0,23610,692622,859746000.0,3646.0,1,3645.0,5
rb1805,20171018,20171017,210318500,3646.0,23628,692620,860402280.0,3647.0,56,3646.0,7
rb1805,20171018,20171017,210319000,3645.0,23682,692612,862370720.0,3646.0,14,3645.0,3
rb1805,20171018,20171017,210319500,3646.0,23740,692616,864485280.0,3647.0,62,3646.0,84
rb1805,20171018,20171017,210320000,3647.0,23754,692616,864995740.0,3647.0,61,3646.0,89
rb1805,20171018,20171017,210320500,3647.0,23762,692608,865287500.0,3647.0,58,3646.0,89
rb1805,20171018,20171017,210321000,3645.0,24152,692602,879504840.0,3645.0,306,3644.0,171
rb1805,20171018,20171017,210321500,3645.0,24684,692482,898896200.0,3645.0,42,3644.0,171
rb1805,20171018,20171017,210322000,3646.0,24774,692448,902176760.0,3647.0,88,3646.0,2
rb1805,20171018,20171017,210322500,3647.0,24938,692484,908157840.0,3648.0,86,3647.0,20
rb1805,20171018,20171017,210323000,3647.0,24946,692486,908449600.0,3648.0,83,3647.0,116
rb1805,20171018,20171017,210323500,3648.0,24962,692490,909033180.0,3648.0,73,3647.0,112
rb1805,20171018,20171017,210324000,3648.0,24986,692482,909908580.0,3648.0,64,3647.0,107
rb1805,20171018,20171017,210324500,3648.0,25110,692572,914431360.0,3648.0,42,3647.0,70
rb1805,20171018,20171017,210325000,3647.0,25126,692582,915014920.0,3648.0,47,3647.0,71
rb1805,20171018,20171017,210325500,3648.0,25144,692598,915671480.0,3648.0,39,3647.0,67
rb1805,20171018,20171017,210326000,3647.0,25272,692640,920340500.0,3649.0,103,3647.0,146
rb1805,20171018,20171017,210326500,3649.0,25308,692632,921654080.0,3649.0,69,3648.0,32
rb1805,20171018,20171017,210327000,3648.0,25354,692660,923332160.0,3649.0,70,3648.0,17
rb1805,20171018,20171017,210327500,3648.0,25382,692674,924353700.0,3649.0,46,3648.0,9
rb1805,20171018,20171017,210328000,3648.0,25428,692640,926032160.0,3649.0,55,3648.0,118
rb1805,20171018,20171017,210328500,3649.0,25474,692644,927710680.0,3649.0,36,3648.0,117
rb1805,20171018,20171017,210329000,3649.0,25548,692616,930410940.0,3650.0,190,3649.0,69
rb1805,20171018,20171017,210329500,3650.0,25602,692662,932381420.0,3650.0,189,3649.0,38
rb1805,20171018,20171017,210330000,3649.0,25702,692636,936031160.0,3650.0,154,3649.0,27
rb1805,20171018,20171017,210330500,3649.0,25726,692632,936907060.0,3650.0,147,3649.0,61
rb1805,20171018,20171017,210331000,3648.0,25874,692702,942307600.0,3649.0,110,3648.0,121
rb1805,20171018,20171017,210331500,3649.0,25902,692710,943329120.0,3649.0,112,3648.0,109
rb1805,20171018,20171017,210332000,3649.0,26140,692676,952013740.0,3650.0,149,3649.0,68
rb1805,20171018,20171017,210332500,3649.0,26190,692692,953838560.0,3650.0,134,3649.0,67
rb1805,20171018,20171017,210333000,3649.0,26194,692696,953984520.0,3650.0,150,3649.0,81
rb1805,20171018,20171017,210333500,3649.0,26206,692698,954422400.0,3650.0,152,3649.0,70
rb1805,20171018,20171017,210334000,3649.0,26206,692698,954422400.0,3650.0,152,3649.0,73
rb1805,20171018,20171017,210334500,3649.0,26210,692698,954568360.0,3650.0,155,3649.0,71
rb1805,20171018,20171017,210335000,3649.0,26254,692698,956174280.0,3650.0,140,3649.0,67
rb1805,20171018,20171017,210335500,3649.0,26346,692726,959532180.0,3650.0,100,3649.0,61
rb1805,20171018,20171017,210336000,3650.0,26476,692830,964275920.0,3649.0,1,3648.0,117
rb1805,20171018,20171017,210336500,3649.0,26510,692858,965516520.0,3649.0,54,3648.0,144
rb1805,20171018,20171017,210337000,3649.0,26554,692888,967122080.0,3649.0,37,3648.0,144
rb1805,20171018,20171017,210337500,3650.0,26700,692964,972450280.0,3649.0,7,3648.0,145
rb1805,20171018,20171017,210338000,3649.0,26728,692978,973472020.0,3650.0,72,3649.0,43
rb1805,20171018,20171017,210338500,3650.0,26740,692984,973909960.0,3650.0,59,3649.0,28
rb1805,20171018,20171017,210339000,3649.0,26750,692988,974274920.0,3650.0,56,3649.0,26
rb1805,20171018,20171017,210339500,3649.0,26784,693014,975515680.0,3650.0,51,3649.0,24
rb1805,20171018,20171017,210340000,3650.0,26808,693020,976391660.0,3650.0,47,3649.0,23
rb1805,20171018,20171017,210340500,3649.0,26818,693022,976756560.0,3650.0,56,3649.0,30
rb1805,20171018,20171017,210341000,3650.0,26822,693026,976902560.0,3650.0,57,3649.0,26
rb1805,20171018,20171017,210341500,3649.0,26842,693018,977632380.0,3650.0,57,3649.0,20
rb1805,20171018,20171017,210342000,3650.0,26870,693040,978654380.0,3650.0,40,3649.0,22
rb1805,20171018,20171017,210342500,3650.0,26952,693036,981647380.0,3651.0,38,3650.0,51
rb1805,20171018,20171017,210343000,3650.0,27052,693010,985297420.0,3651.0,52,3650.0,11
rb1805,20171018,20171017,210343500,3650.0,27092,693040,986757380.0,3650.0,7,3649.0,66
rb1805,20171018,20171017,210344000,3651.0,27116,693052,987633460.0,3651.0,69,3650.0,20
rb1805,20171018,20171017,210344500,3651.0,27234,693036,991940960.0,3651.0,39,3650.0,6
rb1805,20171018,20171017,210345000,3650.0,27384,693116,997416740.0,3652.0,64,3651.0,3
rb1805,20171018,20171017,210345500,3652.0,27412,693128,998438940.0,3652.0,76,3651.0,4
rb1805,20171018,20171017,210346000,3652.0,27832,693250,1013775040.0,3653.0,55,3652.0,63
rb1805,20171018,20171017,210346500,3653.0,27892,693286,1015966280.0,3653.0,44,3652.0,36
rb1805,20171018,20171017,210347000,3653.0,27996,693300,1019765060.0,3653.0,16,3652.0,22
rb1805,20171018,20171017,210347500,3653.0,28074,693320,1022614260.0,3653.0,6,3652.0,18
rb1805,20171018,20171017,210348000,3653.0,28162,693312,1025828500.0,3654.0,69,3653.0,1
rb1805,20171018,20171017,210348500,3653.0,28328,693362,1031893320.0,3654.0,23,3653.0,3
rb1805,20171018,20171017,210349000,3652.0,28378,693372,1033719660.0,3652.0,23,3651.0,60
rb1805,20171018,20171017,210349500,3653.0,28438,693378,1035910920.0,3654.0,32,3652.0,57
rb1805,20171018,20171017,210350000,3654.0,28450,693378,1036349380.0,3654.0,85,3653.0,5
rb1805,20171018,20171017,210350500,3654.0,28576,693336,1040952480.0,3654.0,117,3652.0,23
rb1805,20171018,20171017,210351000,3653.0,28644,693346,1043436920.0,3653.0,3,3652.0,32
rb1805,20171018,20171017,210351500,3654.0,28706,693370,1045702080.0,3653.0,1,3652.0,77
rb1805,20171018,20171017,210352000,3652.0,28752,693388,1047382480.0,3653.0,18,3652.0,69
rb1805,20171018,20171017,210352500,3653.0,28766,693378,1047893900.0,3653.0,94,3652.0,69
rb1805,20171018,20171017,210353000,3653.0,28804,693390,1049281800.0,3653.0,92,3652.0,69
rb1805,20171018,20171017,210353500,3653.0,28856,693410,1051181120.0,3653.0,113,3652.0,57
rb1805,20171018,20171017,210354000,3652.0,28920,693380,1053518920.0,3653.0,88,3652.0,52
rb1805,20171018,20171017,210354500,3652.0,29104,693444,1060240400.0,3653.0,8,3652.0,60
rb1805,20171018,20171017,210355000,3653.0,29222,693506,1064551940.0,3654.0,17,3653.0,11
rb1805,20171018,20171017,210355500,3653.0,29282,693558,1066743740.0,3654.0,25,3652.0,44
rb1805,20171018,20171017,210356000,3653.0,29296,693556,1067255180.0,3654.0,33,3653.0,2
rb1805,20171018,20171017,210356500,3653.0,29372,693564,1070031480.0,3654.0,80,3653.0,34
rb1805,20171018,20171017,210357000,3653.0,29392,693562,1070762200.0,3654.0,85,3653.0,33
rb1805,20171018,20171017,210357500,3654.0,29468,693602,1073538580.0,3654.0,62,3653.0,9
rb1805,20171018,20171017,210358000,3653.0,29512,693606,1075145900.0,3654.0,90,3653.0,11
rb1805,20171018,20171017,210358500,3653.0,29644,693702,1079968880.0,3654.0,19,3653.0,5
rb1805,20171018,20171017,210359000,3653.0,29660,693700,1080553360.0,3653.0,17,3652.0,50
rb1805,20171018,20171017,210359500,3653.0,29692,693672,1081722300.0,3653.0,4,3652.0,50
rb1805,20171018,20171017,210400000,3653.0,29840,693736,1087129540.0,3653.0,10,3652.0,53
rb1805,20171018,20171017,210400500,3652.0,30040,693732,1094437000.0,3653.0,2,3652.0,37
rb1805,20171018,20171017,210401000,3653.0,30052,693738,1094875360.0,3654.0,12,3653.0,1
rb1805,20171018,20171017,210401500,3654.0,30122,693762,1097432940.0,3655.0,147,3654.0,26
rb1805,20171018,20171017,210402000,3652.0,30274,693768,1102986720.0,3653.0,1,3652.0,26
rb1805,20171018,20171017,210402500,3653.0,30390,693806,1107225600.0,3655.0,134,3653.0,1
rb1805,20171018,20171017,210403000,3655.0,30476,693760,1110368120.0,3655.0,107,3653.0,143
rb1805,20171018,20171017,210403500,3655.0,30792,693508,1121917060.0,3656.0,234,3655.0,34
rb1805,20171018,20171017,210404000,3656.0,31036,693400,1130835960.0,3656.0,188,3655.0,3
rb1805,20171018,20171017,210404500,3656.0,31398,693300,1144070420.0,3655.0,5,3654.0,20
rb1805,20171018,20171017,210405000,3655.0,31424,693284,1145020680.0,3655.0,89,3654.0,36
rb1805,20171018,20171017,210405500,3654.0,31550,693292,1149625920.0,3655.0,22,3654.0,33
rb1805,20171018,20171017,210406000,3655.0,31682,693358,1154451300.0,3655.0,56,3654.0,34
rb1805,20171018,20171017,210406500,3655.0,31704,693360,1155255380.0,3655.0,49,3654.0,56
rb1805,20171018,20171017,210407000,3654.0,31824,693450,1159641280.0,3655.0,13,3654.0,52
rb1805,20171018,20171017,210407500,3654.0,31868,693460,1161249060.0,3655.0,34,3654.0,32
rb1805,20171018,20171017,210408000,3655.0,32062,693452,1168339240.0,3654.0,66,3653.0,152
rb1805,20171018,20171017,210408500,3654.0,32182,693450,1172724040.0,3654.0,18,3653.0,157
rb1805,20171018,20171017,210409000,3655.0,32226,693438,1174331820.0,3655.0,64,3654.0,37
rb1805,20171018,20171017,210409500,3655.0,32318,693454,1177693780.0,3655.0,68,3654.0,5
rb1805,20171018,20171017,210410000,3654.0,32452,693552,1182591200.0,3655.0,13,3654.0,9
rb1805,20171018,20171017,210410500,3654.0,32458,693554,1182810460.0,3655.0,19,3654.0,28
rb1805,20171018,20171017,210411000,3654.0,32660,693538,1190193240.0,3654.0,353,3653.0,169
rb1805,20171018,20171017,210411500,3654.0,32864,693500,1197647400.0,3654.0,251,3653.0,170
rb1805,20171018,20171017,210412000,3654.0,33180,693498,1209194040.0,3654.0,93,3653.0,170
rb1805,20171018,20171017,210412500,3654.0,33320,693486,1214309520.0,3654.0,31,3653.0,167
rb1805,20171018,20171017,210413000,3653.0,33396,693492,1217086540.0,3655.0,34,3653.0,166
rb1805,20171018,20171017,210413500,3653.0,33500,693524,1220887840.0,3656.0,186,3653.0,163
rb1805,20171018,20171017,210414000,3654.0,33504,693526,1221034020.0,3655.0,9,3654.0,26
rb1805,20171018,20171017,210414500,3655.0,33608,693618,1224836000.0,3655.0,8,3654.0,35
rb1805,20171018,20171017,210415000,3656.0,33662,693642,1226809700.0,3656.0,154,3655.0,76
rb1805,20171018,20171017,210415500,3654.0,33836,693672,1233169460.0,3655.0,338,3654.0,178
rb1805,20171018,20171017,210416000,3654.0,33964,693672,1237847840.0,3655.0,278,3654.0,181
rb1805,20171018,20171017,210416500,3654.0,33966,693672,1237920920.0,3655.0,306,3654.0,116
rb1805,20171018,20171017,210417000,3654.0,33970,693672,1238067100.0,3655.0,310,3654.0,116
rb1805,20171018,20171017,210417500,3654.0,33984,693678,1238578660.0,3655.0,310,3654.0,110
rb1805,20171018,20171017,210418000,3655.0,34196,693670,1246327240.0,3655.0,206,3654.0,109
rb1805,20171018,20171017,210418500,3655.0,34232,693680,1247642840.0,3655.0,204,3654.0,103
rb1805,20171018,20171017,210419000,3655.0,34296,693632,1249981860.0,3655.0,181,3654.0,94
rb1805,20171018,20171017,210419500,3655.0,34426,693612,1254733320.0,3655.0,114,3654.0,93
rb1805,20171018,20171017,210420000,3654.0,34474,693616,1256487560.0,3655.0,99,3654.0,88
rb1805,20171018,20171017,210420500,3654.0,34738,693600,1266134620.0,3654.0,293,3653.0,187
rb1805,20171018,20171017,210421000,3654.0,34940,693598,1273515700.0,3654.0,193,3653.0,181
rb1805,20171018,20171017,210421500,3654.0,34940,693598,1273515700.0,3654.0,2,3653.0,181
rb1805,20171018,20171017,210422000,3653.0,35308,693334,1286958820.0,3653.0,225,3652.0,126
rb1805,20171018,20171017,210422500,3653.0,35652,693284,1299525140.0,3653.0,53,3652.0,136
rb1805,20171018,20171017,210423000,3654.0,35772,693278,1303908860.0,3654.0,2,3653.0,95
rb1805,20171018,20171017,210423500,3654.0,35780,693274,1304201180.0,3655.0,69,3654.0,1
rb1805,20171018,20171017,210424000,3654.0,35784,693276,1304347340.0,3655.0,69,3654.0,1
rb1805,20171018,20171017,210424500,3654.0,35804,693258,1305078040.0,3654.0,61,3653.0,55
rb1805,20171018,20171017,210425000,3654.0,35944,693272,1310193660.0,3654.0,4,3653.0,63
rb1805,20171018,20171017,210425500,3654.0,36122,693332,1316699240.0,3655.0,1,3654.0,41
rb1805,20171018,20171017,210426000,3654.0,36208,693334,1319841700.0,3654.0,160,3653.0,63
rb1805,20171018,20171017,210426500,3654.0,36274,693302,1322253020.0,3654.0,146,3653.0,47
rb1805,20171018,20171017,210427000,3653.0,36288,693300,1322764460.0,3654.0,151,3653.0,84
rb1805,20171018,20171017,210427500,3653.0,36292,693298,1322910600.0,3654.0,146,3653.0,86
rb1805,20171018,20171017,210428000,3654.0,36310,693284,1323568180.0,3654.0,148,3653.0,79
rb1805,20171018,20171017,210428500,3653.0,36328,693284,1324225860.0,3654.0,142,3653.0,83
rb1805,20171018,20171017,210429000,3653.0,36328,693284,1324225860.0,3654.0,142,3653.0,77
rb1805,20171018,20171017,210429500,3654.0,36336,693278,1324518140.0,3654.0,152,3653.0,76
rb1805,20171018,20171017,210430000,3654.0,36338,693278,1324591220.0,3654.0,152,3653.0,85
rb1805,20171018,20171017,210430500,3653.0,36344,693276,1324810440.0,3654.0,150,3653.0,58
rb1805,20171018,20171017,210431000,3653.0,36400,693302,1326856380.0,3654.0,161,3653.0,44
rb1805,20171018,20171017,210431500,3653.0,36494,693254,1330290200.0,3653.0,106,3652.0,132
rb1805,20171018,20171017,210432000,3653.0,36496,693254,1330363260.0,3653.0,105,3652.0,132
rb1805,20171018,20171017,210432500,3653.0,36498,693254,1330436320.0,3653.0,119,3652.0,132
rb1805,20171018,20171017,210433000,3653.0,36506,693254,1330728560.0,3653.0,115,3652.0,137
rb1805,20171018,20171017,210433500,3653.0,36600,693248,1334162380.0,3653.0,69,3652.0,137
rb1805,20171018,20171017,210434000,3652.0,36740,693256,1339276480.0,3653.0,8,3652.0,130
rb1805,20171018,20171017,210434500,3653.0,36782,693256,1340810740.0,3654.0,169,3653.0,99
rb1805,20171018,20171017,210435000,3654.0,36794,693248,1341249180.0,3654.0,166,3653.0,133
rb1805,20171018,20171017,210435500,3653.0,36798,693248,1341395300.0,3654.0,166,3653.0,137
rb1805,20171018,20171017,210436000,3653.0,36800,693250,1341468360.0,3654.0,167,3653.0,138
rb1805,20171018,20171017,210436500,3653.0,36926,693238,1346072140.0,3654.0,116,3653.0,245
rb1805,20171018,20171017,210437000,3653.0,36960,693206,1347314180.0,3654.0,118,3653.0,231
rb1805,20171018,20171017,210437500,3654.0,37140,693128,1353891360.0,3654.0,30,3653.0,224
rb1805,20171018,20171017,210438000,3654.0,37152,693128,1354329840.0,3654.0,26,3653.0,222
rb1805,20171018,20171017,210438500,3653.0,37166,693122,1354841340.0,3654.0,22,3653.0,214
rb1805,20171018,20171017,210439000,3654.0,37218,693138,1356741420.0,3655.0,52,3654.0,31
rb1805,20171018,20171017,210439500,3654.0,37244,693160,1357691460.0,3655.0,55,3654.0,20
rb1805,20171018,20171017,210440000,3654.0,37298,693162,1359664640.0,3655.0,54,3654.0,25
rb1805,20171018,20171017,210440500,3654.0,37306,693162,1359957020.0,3655.0,67,3654.0,42
rb1805,20171018,20171017,210441000,3654.0,37312,693160,1360176260.0,3655.0,68,3654.0,39
rb1805,20171018,20171017,210441500,3654.0,37316,693160,1360322420.0,3655.0,68,3654.0,37
rb1805,20171018,20171017,210442000,3654.0,37322,693156,1360541660.0,3655.0,68,3654.0,35
rb1805,20171018,20171017,210442500,3655.0,37362,693182,1362003660.0,3655.0,42,3654.0,35
rb1805,20171018,20171017,210443000,3655.0,37382,693174,1362734600.0,3655.0,41,3654.0,34
rb1805,20171018,20171017,210443500,3654.0,37430,693194,1364488600.0,3655.0,38,3654.0,23
rb1805,20171018,20171017,210444000,3655.0,37438,693188,1364780980.0,3655.0,35,3654.0,31
rb1805,20171018,20171017,210444500,3655.0,37514,693220,1367558760.0,3656.0,163,3654.0,30
rb1805,20171018,20171017,210445000,3655.0,37514,693220,1367558760.0,3655.0,33,3654.0,40
rb1805,20171018,20171017,210445500,3655.0,37524,693216,1367924220.0,3655.0,31,3654.0,44
rb1805,20171018,20171017,210446000,3655.0,37564,693184,1369386220.0,3655.0,12,3654.0,52
rb1805,20171018,20171017,210446500,3654.0,37582,693180,1370043980.0,3655.0,23,3654.0,45
rb1805,20171018,20171017,210447000,3656.0,37628,693184,1371725320.0,3655.0,1,3654.0,43
rb1805,20171018,20171017,210447500,3655.0,37678,693166,1373552820.0,3656.0,165,3655.0,24
rb1805,20171018,20171017,210448000,3656.0,37782,693226,1377354900.0,3656.0,121,3655.0,16
rb1805,20171018,20171017,210448500,3655.0,37786,693230,1377501100.0,3656.0,121,3655.0,32
rb1805,20171018,20171017,210449000,3656.0,37846,693282,1379694680.0,3656.0,93,3655.0,36
rb1805,20171018,20171017,210449500,3656.0,37918,693274,1382326380.0,3656.0,87,3655.0,7
rb1805,20171018,20171017,210450000,3655.0,37940,693290,1383130600.0,3656.0,87,3655.0,4
rb1805,20171018,20171017,210450500,3654.0,37972,693288,1384300040.0,3656.0,87,3654.0,48
rb1805,20171018,20171017,210451000,3656.0,37982,693298,1384665620.0,3656.0,83,3655.0,3
rb1805,20171018,20171017,210451500,3655.0,38004,693310,1385469780.0,3655.0,11,3654.0,49
rb1805,20171018,20171017,210452000,3654.0,38018,693316,1385981380.0,3655.0,10,3654.0,44
rb1805,20171018,20171017,210452500,3655.0,38022,693316,1386127580.0,3655.0,21,3654.0,44
rb1805,20171018,20171017,210453000,3655.0,38026,693316,1386273780.0,3655.0,21,3654.0,45
rb1805,20171018,20171017,210453500,3655.0,38038,693314,1386712320.0,3655.0,87,3654.0,32
rb1805,20171018,20171017,210454000,3654.0,38044,693314,1386931560.0,3655.0,92,3654.0,28
rb1805,20171018,20171017,210454500,3654.0,38102,693300,1389050900.0,3654.0,12,3653.0,254
rb1805,20171018,20171017,210455000,3654.0,38108,693300,1389270120.0,3654.0,29,3653.0,253
rb1805,20171018,20171017,210455500,3654.0,38116,693292,1389562440.0,3654.0,25,3653.0,251
rb1805,20171018,20171017,210456000,3654.0,38118,693292,1389635520.0,3654.0,26,3653.0,252
rb1805,20171018,20171017,210456500,3654.0,38152,693280,1390877880.0,3654.0,20,3653.0,255
rb1805,20171018,20171017,210457000,3654.0,38178,693286,1391827920.0,3654.0,7,3653.0,255
rb1805,20171018,20171017,210457500,3655.0,38194,693298,1392412580.0,3655.0,108,3654.0,151
rb1805,20171018,20171017,210458000,3654.0,38198,693298,1392558740.0,3655.0,109,3654.0,254
rb1805,20171018,20171017,210458500,3654.0,38204,693300,1392778000.0,3655.0,108,3654.0,254
rb1805,20171018,20171017,210459000,3655.0,38212,693304,1393070340.0,3655.0,54,3654.0,266
rb1805,20171018,20171017,210459500,3655.0,38320,693358,1397017740.0,3656.0,95,3655.0,59
rb1805,20171018,20171017,210500000,3656.0,38342,693378,1397822060.0,3656.0,79,3655.0,60
rb1805,20171018,20171017,210500500,3655.0,38478,693434,1402794140.0,3656.0,15,3655.0,63
rb1805,20171018,20171017,210501000,3656.0,38570,693514,1406157960.0,3657.0,123,3656.0,27
rb1805,20171018,20171017,210501500,3657.0,38698,693620,1410837160.0,3657.0,117,3655.0,34
rb1805,20171018,20171017,210502000,3657.0,38764,693582,1413250600.0,3657.0,90,3656.0,9
rb1805,20171018,20171017,210502500,3656.0,38774,693588,1413616220.0,3657.0,90,3656.0,42
rb1805,20171018,20171017,210503000,3656.0,38780,693588,1413835600.0,3657.0,100,3656.0,205
rb1805,20171018,20171017,210503500,3657.0,39304,693322,1433001360.0,3658.0,36,3657.0,48
rb1805,20171018,20171017,210504000,3657.0,39546,693436,1441852000.0,3658.0,7,3657.0,16
rb1805,20171018,20171017,210504500,3658.0,39552,693440,1442071440.0,3658.0,58,3657.0,32
rb1805,20171018,20171017,210505000,3657.0,39702,693542,1447558240.0,3658.0,21,3657.0,34
rb1805,20171018,20171017,210505500,3657.0,39824,693522,1452020300.0,3657.0,34,3656.0,247
rb1805,20171018,20171017,210506000,3658.0,39970,693412,1457360180.0,3659.0,109,3658.0,301
rb1805,20171018,20171017,210506500,3658.0,39998,693406,1458384420.0,3659.0,111,3658.0,289
rb1805,20171018,20171017,210507000,3658.0,40240,693198,1467236800.0,3659.0,110,3658.0,179
rb1805,20171018,20171017,210507500,3659.0,40806,692920,1487943160.0,3658.0,1,3657.0,32
rb1805,20171018,20171017,210508000,3658.0,40848,692940,1489479580.0,3659.0,25,3658.0,57
rb1805,20171018,20171017,210508500,3659.0,40882,692974,1490723420.0,3659.0,59,3658.0,50
rb1805,20171018,20171017,210509000,3659.0,41072,692960,1497673640.0,3659.0,76,3657.0,33
rb1805,20171018,20171017,210509500,3658.0,41204,693034,1502502140.0,3658.0,68,3657.0,31
rb1805,20171018,20171017,210510000,3658.0,41236,693032,1503672700.0,3658.0,62,3657.0,32
rb1805,20171018,20171017,210510500,3658.0,41368,693142,1508500700.0,3658.0,43,3657.0,13
rb1805,20171018,20171017,210511000,3658.0,41620,693302,1517718520.0,3658.0,6,3656.0,250
rb1805,20171018,20171017,210511500,3658.0,41662,693332,1519254880.0,3658.0,11,3656.0,250
rb1805,20171018,20171017,210512000,3658.0,41684,693352,1520059640.0,3658.0,56,3657.0,1
rb1805,20171018,20171017,210512500,3657.0,41688,693356,1520205920.0,3657.0,7,3656.0,255
rb1805,20171018,20171017,210513000,3658.0,41714,693352,1521156820.0,3658.0,116,3657.0,1
rb1805,20171018,20171017,210513500,3658.0,41730,693354,1521741920.0,3657.0,1,3656.0,259
rb1805,20171018,20171017,210514000,3657.0,41752,693344,1522546520.0,3658.0,115,3657.0,34
rb1805,20171018,20171017,210514500,3658.0,41858,693348,1526423160.0,3658.0,107,3657.0,1
rb1805,20171018,20171017,210515000,3657.0,41884,693340,1527373860.0,3657.0,37,3656.0,250
rb1805,20171018,20171017,210515500,3656.0,41924,693350,1528836260.0,3657.0,74,3656.0,230
rb1805,20171018,20171017,210516000,3656.0,42332,693716,1543752780.0,3657.0,104,3656.0,252
rb1805,20171018,20171017,210516500,3656.0,42946,694130,1566200600.0,3656.0,184,3655.0,71
rb1805,20171018,20171017,210517000,3655.0,43126,694148,1572779560.0,3655.0,10,3654.0,194
rb1805,20171018,20171017,210517500,3654.0,43192,694114,1575192040.0,3655.0,3,3654.0,203
rb1805,20171018,20171017,210518000,3654.0,43330,694222,1580235060.0,3656.0,132,3654.0,154
rb1805,20171018,20171017,210518500,3654.0,43392,694202,1582501660.0,3656.0,88,3654.0,151
rb1805,20171018,20171017,210519000,3656.0,43448,694258,1584548980.0,3656.0,84,3654.0,148
rb1805,20171018,20171017,210519500,3656.0,43454,694260,1584768320.0,3656.0,82,3654.0,148
rb1805,20171018,20171017,210520000,3654.0,43462,694266,1585060720.0,3656.0,82,3654.0,149
rb1805,20171018,20171017,210520500,3656.0,43480,694282,1585718680.0,3656.0,89,3654.0,147
rb1805,20171018,20171017,210521000,3656.0,43518,694320,1587107880.0,3656.0,73,3655.0,10
rb1805,20171018,20171017,210521500,3655.0,43522,694316,1587254080.0,3656.0,86,3655.0,8
rb1805,20171018,20171017,210522000,3655.0,43642,694370,1591639080.0,3655.0,99,3654.0,96
rb1805,20171018,20171017,210522500,3656.0,44108,694748,1608673160.0,3657.0,121,3656.0,19
rb1805,20171018,20171017,210523000,3654.0,44186,694796,1611524100.0,3655.0,1,3654.0,90
rb1805,20171018,20171017,210523500,3655.0,44190,694794,1611670300.0,3656.0,86,3655.0,142
rb1805,20171018,20171017,210524000,3655.0,44248,694792,1613790200.0,3656.0,45,3655.0,125
rb1805,20171018,20171017,210524500,3655.0,44256,694788,1614082620.0,3656.0,49,3655.0,125
rb1805,20171018,20171017,210525000,3655.0,44266,694788,1614448140.0,3656.0,49,3655.0,128
rb1805,20171018,20171017,210525500,3656.0,44276,694788,1614813660.0,3656.0,53,3655.0,127
rb1805,20171018,20171017,210526000,3656.0,44288,694780,1615252280.0,3656.0,54,3655.0,124
rb1805,20171018,20171017,210526500,3655.0,44294,694778,1615471580.0,3656.0,55,3655.0,121
rb1805,20171018,20171017,210527000,3655.0,44520,694758,1623731880.0,3656.0,60,3655.0,9
rb1805,20171018,20171017,210527500,3655.0,44544,694764,1624609080.0,3655.0,54,3654.0,140
rb1805,20171018,20171017,210528000,3654.0,44556,694776,1625047560.0,3655.0,59,3654.0,134
rb1805,20171018,20171017,210528500,3655.0,44574,694790,1625705420.0,3655.0,57,3654.0,135
rb1805,20171018,20171017,210529000,3655.0,44580,694796,1625924680.0,3655.0,65,3654.0,133
rb1805,20171018,20171017,210529500,3655.0,44590,694806,1626290180.0,3655.0,74,3654.0,133
rb1805,20171018,20171017,210530000,3655.0,44606,694820,1626874940.0,3655.0,68,3654.0,131
rb1805,20171018,20171017,210530500,3654.0,44632,694830,1627825080.0,3655.0,76,3654.0,172
rb1805,20171018,20171017,210531000,3654.0,44654,694846,1628628960.0,3655.0,76,3654.0,161
rb1805,20171018,20171017,210531500,3655.0,44686,694870,1629798560.0,3655.0,58,3654.0,163
rb1805,20171018,20171017,210532000,3655.0,44724,694874,1631187420.0,3655.0,44,3654.0,173
rb1805,20171018,20171017,210532500,3654.0,44758,694866,1632430060.0,3655.0,28,3654.0,174
rb1805,20171018,20171017,210533000,3655.0,44820,694838,1634696160.0,3656.0,48,3655.0,22
rb1805,20171018,20171017,210533500,3654.0,44966,694842,1640033160.0,3657.0,137,3656.0,16
rb1805,20171018,20171017,210534000,3656.0,45008,694814,1641568620.0,3656.0,78,3655.0,63
rb1805,20171018,20171017,210534500,3655.0,45092,694814,1644638820.0,3656.0,100,3655.0,36
rb1805,20171018,20171017,210535000,3655.0,45302,694828,1652314320.0,3656.0,53,3655.0,124
rb1805,20171018,20171017,210535500,3655.0,45352,694814,1654142280.0,3656.0,28,3655.0,140
rb1805,20171018,20171017,210536000,3656.0,45370,694828,1654800360.0,3656.0,21,3655.0,145
rb1805,20171018,20171017,210536500,3656.0,45374,694828,1654946600.0,3656.0,19,3655.0,146
rb1805,20171018,20171017,210537000,3655.0,45414,694858,1656408980.0,3656.0,1,3655.0,150
rb1805,20171018,20171017,210537500,3655.0,45450,694858,1657724920.0,3657.0,115,3655.0,196
rb1805,20171018,20171017,210538000,3655.0,45466,694874,1658309720.0,3657.0,119,3655.0,186
rb1805,20171018,20171017,210538500,3655.0,45470,694874,1658455920.0,3656.0,51,3655.0,184
rb1805,20171018,20171017,210539000,3655.0,45472,694874,1658529020.0,3656.0,52,3655.0,183
rb1805,20171018,20171017,210539500,3655.0,45494,694876,1659333120.0,3656.0,54,3655.0,182
rb1805,20171018,20171017,210540000,3655.0,45510,694892,1659917920.0,3656.0,54,3655.0,175
rb1805,20171018,20171017,210540500,3655.0,45560,694942,1661745420.0,3656.0,57,3655.0,150
rb1805,20171018,20171017,210541000,3655.0,45564,694942,1661891620.0,3656.0,59,3655.0,152
rb1805,20171018,20171017,210541500,3655.0,45564,694942,1661891620.0,3656.0,60,3655.0,153
rb1805,20171018,20171017,210542000,3656.0,45574,694936,1662257200.0,3656.0,60,3655.0,156
rb1805,20171018,20171017,210542500,3655.0,45588,694932,1662768920.0,3656.0,59,3655.0,170
rb1805,20171018,20171017,210543000,3655.0,45628,694894,1664230920.0,3656.0,62,3655.0,176
rb1805,20171018,20171017,210543500,3655.0,45636,694894,1664523360.0,3656.0,68,3655.0,214
rb1805,20171018,20171017,210544000,3655.0,45642,694894,1664742660.0,3656.0,76,3655.0,240
rb1805,20171018,20171017,210544500,3656.0,45680,694882,1666131700.0,3656.0,70,3655.0,240
rb1805,20171018,20171017,210545000,3655.0,45724,694852,1667739900.0,3656.0,72,3655.0,254
rb1805,20171018,20171017,210545500,3656.0,45768,694836,1669348340.0,3656.0,60,3655.0,227
rb1805,20171018,20171017,210546000,3656.0,45886,694868,1673662420.0,3656.0,21,3655.0,193
rb1805,20171018,20171017,210546500,3657.0,45972,694810,1676806500.0,3657.0,123,3655.0,176
rb1805,20171018,20171017,210547000,3657.0,46100,694744,1681487100.0,3657.0,73,3655.0,145
rb1805,20171018,20171017,210547500,3657.0,46138,694706,1682876760.0,3656.0,4,3655.0,147
rb1805,20171018,20171017,210548000,3656.0,46150,694702,1683315440.0,3656.0,1,3655.0,150
rb1805,20171018,20171017,210548500,3656.0,46202,694682,1685216960.0,3656.0,1,3655.0,149
rb1805,20171018,20171017,210549000,3657.0,46210,694680,1685509500.0,3657.0,34,3656.0,5
rb1805,20171018,20171017,210549500,3657.0,46232,694680,1686313880.0,3656.0,3,3655.0,148
rb1805,20171018,20171017,210550000,3655.0,46264,694688,1687483620.0,3657.0,42,3655.0,139
rb1805,20171018,20171017,210550500,3656.0,46268,694690,1687629840.0,3656.0,15,3655.0,134
rb1805,20171018,20171017,210551000,3656.0,46320,694696,1689530800.0,3656.0,1,3655.0,127
rb1805,20171018,20171017,210551500,3656.0,46354,694730,1690773840.0,3657.0,48,3656.0,1
rb1805,20171018,20171017,210552000,3656.0,46360,694734,1690993220.0,3656.0,9,3655.0,131
rb1805,20171018,20171017,210552500,3656.0,46380,694752,1691724420.0,3657.0,48,3656.0,29
rb1805,20171018,20171017,210553000,3656.0,46386,694752,1691943780.0,3657.0,50,3656.0,26
rb1805,20171018,20171017,210553500,3656.0,46408,694774,1692748100.0,3657.0,51,3656.0,21
rb1805,20171018,20171017,210554000,3656.0,46410,694774,1692821220.0,3657.0,52,3656.0,21
rb1805,20171018,20171017,210554500,3656.0,46516,694778,1696697620.0,3658.0,146,3656.0,31
rb1805,20171018,20171017,210555000,3656.0,46530,694780,1697209460.0,3657.0,2,3656.0,32
rb1805,20171018,20171017,210555500,3657.0,46544,694792,1697721360.0,3658.0,148,3656.0,28
rb1805,20171018,20171017,210556000,3657.0,46568,694776,1698599040.0,3657.0,5,3656.0,98
rb1805,20171018,20171017,210556500,3657.0,46572,694778,1698745320.0,3657.0,5,3656.0,121
rb1805,20171018,20171017,210557000,3657.0,46576,694780,1698891580.0,3657.0,9,3656.0,101
rb1805,20171018,20171017,210557500,3656.0,46580,694780,1699037820.0,3657.0,22,3656.0,91
rb1805,20171018,20171017,210558000,3657.0,46624,694800,1700646780.0,3657.0,9,3656.0,85
rb1805,20171018,20171017,210558500,3657.0,46624,694800,1700646780.0,3657.0,23,3656.0,86
rb1805,20171018,20171017,210559000,3657.0,46624,694800,1700646780.0,3657.0,32,3656.0,92
rb1805,20171018,20171017,210559500,3657.0,46636,694794,1701085600.0,3657.0,37,3656.0,91
rb1805,20171018,20171017,210600000,3656.0,46646,694792,1701451220.0,3657.0,36,3656.0,93
rb1805,20171018,20171017,210600500,3656.0,46700,694824,1703425960.0,3657.0,40,3656.0,91
rb1805,20171018,20171017,210601000,3656.0,46922,694830,1711542280.0,3656.0,472,3655.0,155
rb1805,20171018,20171017,210601500,3655.0,47058,694808,1716514380.0,3656.0,412,3655.0,154
rb1805,20171018,20171017,210602000,3655.0,47070,694808,1716953000.0,3656.0,413,3655.0,146
rb1805,20171018,20171017,210602500,3655.0,47088,694798,1717611020.0,3656.0,418,3655.0,143
rb1805,20171018,20171017,210603000,3656.0,47676,694712,1739108300.0,3656.0,125,3655.0,143
rb1805,20171018,20171017,210603500,3656.0,47982,694748,1750295660.0,3657.0,45,3656.0,200
rb1805,20171018,20171017,210604000,3656.0,48082,694774,1753952560.0,3658.0,151,3656.0,191
rb1805,20171018,20171017,210604500,3656.0,48090,694770,1754245040.0,3658.0,147,3657.0,3
rb1805,20171018,20171017,210605000,3656.0,48126,694762,1755561320.0,3658.0,149,3657.0,29
rb1805,20171018,20171017,210605500,3656.0,48220,694772,1758998660.0,3657.0,25,3656.0,57
rb1805,20171018,20171017,210606000,3656.0,48304,694784,1762070500.0,3658.0,146,3657.0,5
rb1805,20171018,20171017,210606500,3657.0,48318,694794,1762582480.0,3658.0,145,3657.0,13
rb1805,20171018,20171017,210607000,3657.0,48338,694788,1763313880.0,3658.0,145,3657.0,41
rb1805,20171018,20171017,210607500,3658.0,48662,694872,1775165460.0,3659.0,207,3658.0,66
rb1805,20171018,20171017,210608000,3658.0,48710,694902,1776921300.0,3659.0,210,3658.0,43
rb1805,20171018,20171017,210608500,3659.0,49002,695114,1787604660.0,3659.0,121,3658.0,1
rb1805,20171018,20171017,210609000,3659.0,49110,695118,1791556320.0,3659.0,71,3657.0,61
rb1805,20171018,20171017,210609500,3658.0,49144,695124,1792800100.0,3659.0,117,3658.0,6
rb1805,20171018,20171017,210610000,3659.0,49228,695126,1795873540.0,3659.0,82,3657.0,63
rb1805,20171018,20171017,210610500,3658.0,49368,695194,1800995840.0,3659.0,27,3658.0,2
rb1805,20171018,20171017,210611000,3659.0,49380,695206,1801434920.0,3659.0,44,3658.0,9
rb1805,20171018,20171017,210611500,3659.0,49476,695214,1804947480.0,3659.0,6,3658.0,30
rb1805,20171018,20171017,210612000,3659.0,49500,695234,1805825500.0,3659.0,9,3658.0,35
rb1805,20171018,20171017,210612500,3659.0,49600,695306,1809483680.0,3659.0,3,3658.0,16
rb1805,20171018,20171017,210613000,3659.0,49672,695280,1812117640.0,3659.0,37,3658.0,15
rb1805,20171018,20171017,210613500,3658.0,49680,695280,1812410300.0,3659.0,57,3658.0,25
rb1805,20171018,20171017,210614000,3659.0,49732,695276,1814312620.0,3659.0,44,3658.0,24
rb1805,20171018,20171017,210614500,3659.0,49836,695306,1818117980.0,3660.0,374,3659.0,16
rb1805,20171018,20171017,210615000,3659.0,49882,695334,1819801160.0,3660.0,374,3659.0,46
rb1805,20171018,20171017,210615500,3659.0,50104,695498,1827926160.0,3660.0,273,3659.0,37
rb1805,20171018,20171017,210616000,3659.0,50158,695498,1829902520.0,3660.0,248,3659.0,70
rb1805,20171018,20171017,210616500,3659.0,50218,695540,1832098460.0,3660.0,221,3659.0,67
rb1805,20171018,20171017,210617000,3660.0,50258,695524,1833562420.0,3660.0,204,3659.0,66
rb1805,20171018,20171017,210617500,3659.0,50398,695520,1838686080.0,3660.0,152,3659.0,49
rb1805,20171018,20171017,210618000,3660.0,50470,695588,1841321160.0,3660.0,122,3659.0,44
rb1805,20171018,20171017,210618500,3659.0,50568,695664,1844907920.0,3660.0,75,3659.0,52
rb1805,20171018,20171017,210619000,3659.0,50630,695664,1847177040.0,3660.0,48,3659.0,48
rb1805,20171018,20171017,210619500,3660.0,50736,695692,1851056640.0,3661.0,171,3659.0,48
rb1805,20171018,20171017,210620000,3661.0,50742,695696,1851276260.0,3661.0,185,3660.0,1
rb1805,20171018,20171017,210620500,3660.0,51272,695806,1870678600.0,3662.0,86,3660.0,3
rb1805,20171018,20171017,210621000,3660.0,51304,695830,1871849800.0,3660.0,41,3659.0,32
rb1805,20171018,20171017,210621500,3660.0,51378,695884,1874558200.0,3660.0,14,3659.0,34
rb1805,20171018,20171017,210622000,3660.0,51426,695878,1876315220.0,3661.0,17,3660.0,4
rb1805,20171018,20171017,210622500,3660.0,51516,695880,1879610060.0,3660.0,1,3659.0,38
rb1805,20171018,20171017,210623000,3659.0,51540,695898,1880488440.0,3660.0,41,3659.0,37
rb1805,20171018,20171017,210623500,3660.0,51636,695956,1884002140.0,3661.0,17,3660.0,4
rb1805,20171018,20171017,210624000,3661.0,51736,696032,1887663020.0,3662.0,77,3661.0,76
rb1805,20171018,20171017,210624500,3660.0,51910,696152,1894032940.0,3660.0,35,3659.0,18
rb1805,20171018,20171017,210625000,3660.0,51936,696168,1894984440.0,3660.0,30,3659.0,28
rb1805,20171018,20171017,210625500,3660.0,52032,696210,1898498300.0,3661.0,17,3660.0,8
rb1805,20171018,20171017,210626000,3660.0,52124,696232,1901865400.0,3662.0,77,3660.0,6
rb1805,20171018,20171017,210626500,3662.0,52134,696240,1902231540.0,3661.0,2,3660.0,41
rb1805,20171018,20171017,210627000,3661.0,52218,696246,1905306920.0,3662.0,45,3661.0,11
rb1805,20171018,20171017,210627500,3661.0,52260,696252,1906844700.0,3662.0,85,3661.0,1
rb1805,20171018,20171017,210628000,3660.0,52366,696232,1910724460.0,3661.0,2,3660.0,58
rb1805,20171018,20171017,210628500,3661.0,52386,696222,1911456600.0,3661.0,22,3660.0,68
rb1805,20171018,20171017,210629000,3660.0,52434,696236,1913213660.0,3661.0,36,3660.0,67
rb1805,20171018,20171017,210629500,3661.0,52598,696170,1919216080.0,3661.0,51,3659.0,97
rb1805,20171018,20171017,210630000,3661.0,52656,696218,1921339040.0,3661.0,44,3660.0,6
rb1805,20171018,20171017,210630500,3661.0,52686,696226,1922437160.0,3661.0,41,3660.0,1
rb1805,20171018,20171017,210631000,3660.0,52730,696218,1924047960.0,3660.0,2,3659.0,91
rb1805,20171018,20171017,210631500,3659.0,52746,696230,1924633500.0,3661.0,36,3659.0,86
rb1805,20171018,20171017,210632000,3661.0,52770,696242,1925512140.0,3661.0,32,3660.0,1
rb1805,20171018,20171017,210632500,3661.0,52796,696250,1926463980.0,3661.0,27,3660.0,2
rb1805,20171018,20171017,210633000,3660.0,52808,696256,1926903200.0,3660.0,8,3659.0,88
rb1805,20171018,20171017,210633500,3659.0,52840,696252,1928074220.0,3660.0,1,3659.0,82
rb1805,20171018,20171017,210634000,3659.0,52864,696236,1928952460.0,3660.0,3,3659.0,73
rb1805,20171018,20171017,210634500,3659.0,52864,696236,1928952460.0,3660.0,20,3659.0,77
rb1805,20171018,20171017,210635000,3659.0,52868,696234,1929098840.0,3660.0,20,3659.0,81
rb1805,20171018,20171017,210635500,3660.0,52904,696242,1930416320.0,3660.0,9,3659.0,77
rb1805,20171018,20171017,210636000,3660.0,52926,696242,1931221520.0,3661.0,31,3660.0,43
rb1805,20171018,20171017,210636500,3660.0,52932,696242,1931441120.0,3661.0,31,3660.0,79
rb1805,20171018,20171017,210637000,3660.0,52938,696244,1931660720.0,3661.0,41,3660.0,78
rb1805,20171018,20171017,210637500,3660.0,53026,696200,1934881520.0,3661.0,47,3660.0,66
rb1805,20171018,20171017,210638000,3660.0,53226,696238,1942202820.0,3662.0,124,3661.0,1
rb1805,20171018,20171017,210638500,3662.0,53272,696238,1943886800.0,3662.0,126,3661.0,1
rb1805,20171018,20171017,210639000,3661.0,53298,696224,1944838660.0,3662.0,127,3661.0,46
rb1805,20171018,20171017,210639500,3662.0,53388,696222,1948133980.0,3662.0,107,3661.0,23
rb1805,20171018,20171017,210640000,3661.0,53414,696220,1949085840.0,3662.0,108,3661.0,31
rb1805,20171018,20171017,210640500,3661.0,53418,696220,1949232280.0,3662.0,108,3661.0,28
rb1805,20171018,20171017,210641000,3661.0,53422,696220,1949378720.0,3662.0,125,3661.0,27
rb1805,20171018,20171017,210641500,3661.0,53446,696240,1950257360.0,3662.0,127,3661.0,15
rb1805,20171018,20171017,210642000,3661.0,53492,696232,1951941420.0,3661.0,9,3660.0,29
rb1805,20171018,20171017,210642500,3660.0,53514,696252,1952746640.0,3661.0,14,3660.0,23
rb1805,20171018,20171017,210643000,3661.0,53562,696250,1954503920.0,3661.0,73,3660.0,25
rb1805,20171018,20171017,210643500,3661.0,53586,696258,1955382360.0,3661.0,76,3660.0,35
rb1805,20171018,20171017,210644000,3661.0,53586,696258,1955382360.0,3661.0,77,3660.0,43
rb1805,20171018,20171017,210644500,3660.0,53608,696262,1956187700.0,3661.0,76,3660.0,41
rb1805,20171018,20171017,210645000,3660.0,53634,696282,1957139320.0,3661.0,81,3660.0,33
rb1805,20171018,20171017,210645500,3660.0,53662,696268,1958164340.0,3661.0,133,3660.0,24
rb1805,20171018,20171017,210646000,3660.0,53714,696282,1960067600.0,3661.0,132,3659.0,96
rb1805,20171018,20171017,210646500,3659.0,53722,696286,1960360400.0,3661.0,133,3659.0,95
rb1805,20171018,20171017,210647000,3661.0,53736,696282,1960872800.0,3661.0,131,3660.0,12
rb1805,20171018,20171017,210647500,3660.0,53808,696246,1963508000.0,3660.0,43,3659.0,93
rb1805,20171018,20171017,210648000,3660.0,53836,696222,1964532800.0,3660.0,20,3659.0,120
rb1805,20171018,20171017,210648500,3660.0,53842,696216,1964752400.0,3660.0,39,3659.0,133
rb1805,20171018,20171017,210649000,3660.0,53866,696236,1965630600.0,3660.0,112,3659.0,123
rb1805,20171018,20171017,210649500,3659.0,53900,696256,1966874680.0,3660.0,132,3659.0,111
rb1805,20171018,20171017,210650000,3659.0,53932,696268,1968045560.0,3660.0,134,3659.0,143
rb1805,20171018,20171017,210650500,3659.0,53932,696268,1968045560.0,3660.0,128,3659.0,124
rb1805,20171018,20171017,210651000,3660.0,53936,696268,1968191940.0,3660.0,127,3659.0,146
rb1805,20171018,20171017,210651500,3659.0,53950,696266,1968704240.0,3660.0,126,3659.0,120
rb1805,20171018,20171017,210652000,3659.0,53950,696266,1968704240.0,3660.0,126,3659.0,91
rb1805,20171018,20171017,210652500,3660.0,54022,696274,1971339440.0,3660.0,90,3659.0,91
rb1805,20171018,20171017,210653000,3660.0,54022,696274,1971339440.0,3660.0,92,3659.0,111
rb1805,20171018,20171017,210653500,3659.0,54044,696276,1972144480.0,3660.0,90,3659.0,103
rb1805,20171018,20171017,210654000,3659.0,54084,696298,1973608100.0,3660.0,89,3659.0,93
rb1805,20171018,20171017,210654500,3660.0,54086,696300,1973681300.0,3660.0,89,3659.0,94
rb1805,20171018,20171017,210655000,3660.0,54100,696310,1974193660.0,3660.0,95,3659.0,93
rb1805,20171018,20171017,210655500,3659.0,54168,696340,1976681820.0,3660.0,95,3659.0,61
rb1805,20171018,20171017,210656000,3659.0,54182,696342,1977194120.0,3660.0,151,3659.0,57
rb1805,20171018,20171017,210656500,3659.0,54298,696378,1981438560.0,3659.0,67,3658.0,51
rb1805,20171018,20171017,210657000,3659.0,54398,696470,1985097560.0,3659.0,40,3658.0,51
rb1805,20171018,20171017,210657500,3659.0,54400,696470,1985170740.0,3659.0,44,3658.0,69
rb1805,20171018,20171017,210658000,3659.0,54402,696470,1985243920.0,3659.0,51,3658.0,36
rb1805,20171018,20171017,210658500,3659.0,54416,696466,1985756100.0,3659.0,56,3658.0,42
rb1805,20171018,20171017,210659000,3658.0,54446,696468,1986853760.0,3659.0,52,3658.0,66
rb1805,20171018,20171017,210659500,3659.0,54456,696458,1987219660.0,3659.0,44,3658.0,66
rb1805,20171018,20171017,210700000,3659.0,54482,696444,1988170780.0,3659.0,42,3658.0,67
rb1805,20171018,20171017,210700500,3658.0,54556,696484,1990878280.0,3659.0,16,3658.0,61
rb1805,20171018,20171017,210701000,3659.0,54576,696480,1991610080.0,3659.0,6,3658.0,71
rb1805,20171018,20171017,210701500,3659.0,54608,696490,1992780800.0,3659.0,64,3658.0,63
rb1805,20171018,20171017,210702000,3659.0,54612,696492,1992927140.0,3659.0,91,3658.0,75
rb1805,20171018,20171017,210702500,3658.0,54692,696470,1995853560.0,3659.0,90,3658.0,40
rb1805,20171018,20171017,210703000,3658.0,54728,696504,1997170680.0,3659.0,84,3658.0,25
rb1805,20171018,20171017,210703500,3658.0,54768,696502,1998633880.0,3659.0,82,3658.0,20
rb1805,20171018,20171017,210704000,3658.0,54790,696500,1999438640.0,3659.0,82,3658.0,9
rb1805,20171018,20171017,210704500,3658.0,54798,696492,1999731280.0,3659.0,84,3658.0,14
rb1805,20171018,20171017,210705000,3658.0,54848,696484,2001560480.0,3658.0,17,3657.0,153
rb1805,20171018,20171017,210705500,3658.0,54888,696448,2003023680.0,3659.0,117,3658.0,7
rb1805,20171018,20171017,210706000,3657.0,54898,696440,2003389460.0,3658.0,1,3657.0,215
rb1805,20171018,20171017,210706500,3658.0,54912,696436,2003901580.0,3659.0,118,3658.0,15
rb1805,20171018,20171017,210707000,3657.0,54992,696406,2006827480.0,3658.0,5,3657.0,195
rb1805,20171018,20171017,210707500,3658.0,55002,696404,2007193280.0,3658.0,18,3657.0,192
rb1805,20171018,20171017,210708000,3657.0,55008,696402,2007412720.0,3658.0,29,3657.0,190
rb1805,20171018,20171017,210708500,3657.0,55012,696402,2007559000.0,3658.0,38,3657.0,188
rb1805,20171018,20171017,210709000,3658.0,55014,696400,2007632160.0,3658.0,37,3657.0,189
rb1805,20171018,20171017,210709500,3657.0,55094,696448,2010558440.0,3658.0,27,3657.0,187
rb1805,20171018,20171017,210710000,3657.0,55104,696448,2010924160.0,3658.0,29,3657.0,198
rb1805,20171018,20171017,210710500,3658.0,55106,696448,2010997320.0,3658.0,28,3657.0,222
rb1805,20171018,20171017,210711000,3657.0,55118,696442,2011436160.0,3658.0,39,3657.0,218
rb1805,20171018,20171017,210711500,3657.0,55128,696440,2011801860.0,3658.0,50,3657.0,245
rb1805,20171018,20171017,210712000,3657.0,55136,696436,2012094420.0,3658.0,92,3657.0,236
rb1805,20171018,20171017,210712500,3657.0,55144,696436,2012387040.0,3658.0,105,3657.0,236
rb1805,20171018,20171017,210713000,3657.0,55158,696430,2012899060.0,3658.0,103,3657.0,232
rb1805,20171018,20171017,210713500,3658.0,55276,696474,2017215320.0,3658.0,51,3657.0,222
rb1805,20171018,20171017,210714000,3658.0,55322,696462,2018897940.0,3658.0,38,3657.0,224
rb1805,20171018,20171017,210714500,3658.0,55450,696402,2023579940.0,3659.0,89,3658.0,8
rb1805,20171018,20171017,210715000,3658.0,55640,696406,2030529340.0,3659.0,84,3658.0,5
rb1805,20171018,20171017,210715500,3658.0,55690,696382,2032358300.0,3658.0,10,3657.0,153
rb1805,20171018,20171017,210716000,3658.0,55716,696392,2033309320.0,3658.0,12,3657.0,132
rb1805,20171018,20171017,210716500,3658.0,55724,696386,2033601960.0,3658.0,50,3657.0,127
rb1805,20171018,20171017,210717000,3658.0,55752,696362,2034626200.0,3658.0,66,3657.0,111
rb1805,20171018,20171017,210717500,3658.0,55794,696332,2036162500.0,3658.0,48,3657.0,102
rb1805,20171018,20171017,210718000,3656.0,56002,696184,2043769040.0,3657.0,48,3656.0,60
rb1805,20171018,20171017,210718500,3657.0,56024,696168,2044573560.0,3657.0,40,3656.0,105
rb1805,20171018,20171017,210719000,3656.0,56042,696154,2045231800.0,3657.0,32,3656.0,115
rb1805,20171018,20171017,210719500,3657.0,56094,696120,2047133400.0,3657.0,13,3656.0,114
rb1805,20171018,20171017,210720000,3656.0,56122,696110,2048157340.0,3658.0,156,3657.0,27
rb1805,20171018,20171017,210720500,3656.0,56198,696130,2050936520.0,3657.0,121,3656.0,108
rb1805,20171018,20171017,210721000,3656.0,56222,696126,2051814040.0,3657.0,94,3656.0,100
rb1805,20171018,20171017,210721500,3657.0,56242,696122,2052545340.0,3657.0,93,3656.0,125
rb1805,20171018,20171017,210722000,3657.0,56242,696122,2052545340.0,3657.0,94,3656.0,128
rb1805,20171018,20171017,210722500,3656.0,56248,696124,2052764720.0,3657.0,98,3656.0,127
rb1805,20171018,20171017,210723000,3657.0,56436,696196,2059638080.0,3657.0,97,3656.0,48
rb1805,20171018,20171017,210723500,3657.0,56446,696198,2060003720.0,3657.0,97,3656.0,47
rb1805,20171018,20171017,210724000,3656.0,56460,696188,2060515560.0,3657.0,98,3656.0,45
rb1805,20171018,20171017,210724500,3656.0,56474,696178,2061027420.0,3657.0,98,3656.0,40
rb1805,20171018,20171017,210725000,3656.0,56508,696182,2062270460.0,3657.0,98,3656.0,13
rb1805,20171018,20171017,210725500,3657.0,56556,696202,2064025520.0,3657.0,89,3655.0,107
rb1805,20171018,20171017,210726000,3656.0,56572,696198,2064610460.0,3656.0,3,3655.0,108
rb1805,20171018,20171017,210726500,3656.0,56584,696198,2065049120.0,3656.0,52,3655.0,100
rb1805,20171018,20171017,210727000,3655.0,56608,696208,2065926420.0,3656.0,58,3655.0,94
rb1805,20171018,20171017,210727500,3656.0,56634,696202,2066876760.0,3656.0,76,3655.0,85
rb1805,20171018,20171017,210728000,3656.0,56636,696200,2066949880.0,3656.0,75,3655.0,85
rb1805,20171018,20171017,210728500,3655.0,56680,696202,2068558500.0,3656.0,63,3655.0,100
rb1805,20171018,20171017,210729000,3655.0,56714,696236,2069801200.0,3656.0,63,3655.0,83
rb1805,20171018,20171017,210729500,3655.0,56724,696236,2070166720.0,3656.0,62,3655.0,80
rb1805,20171018,20171017,210730000,3655.0,56786,696214,2072432840.0,3656.0,62,3655.0,60
rb1805,20171018,20171017,210730500,3655.0,56798,696214,2072871440.0,3656.0,63,3655.0,55
rb1805,20171018,20171017,210731000,3655.0,56804,696216,2073090740.0,3656.0,64,3655.0,52
rb1805,20171018,20171017,210731500,3655.0,56902,696252,2076672920.0,3656.0,51,3655.0,41
rb1805,20171018,20171017,210732000,3656.0,56942,696254,2078135320.0,3656.0,32,3655.0,44
rb1805,20171018,20171017,210732500,3655.0,56982,696286,2079597320.0,3656.0,32,3655.0,19
rb1805,20171018,20171017,210733000,3655.0,57042,696278,2081790480.0,3655.0,11,3654.0,66
rb1805,20171018,20171017,210733500,3655.0,57086,696270,2083398540.0,3656.0,25,3654.0,81
rb1805,20171018,20171017,210734000,3656.0,57130,696296,2085006700.0,3656.0,27,3654.0,74
rb1805,20171018,20171017,210734500,3654.0,57146,696310,2085591340.0,3655.0,2,3654.0,175
rb1805,20171018,20171017,210735000,3655.0,57400,696310,2094872840.0,3656.0,29,3654.0,70
rb1805,20171018,20171017,210735500,3654.0,57458,696310,2096992160.0,3655.0,9,3654.0,41
rb1805,20171018,20171017,210736000,3654.0,57624,696306,2103059460.0,3656.0,11,3653.0,282
rb1805,20171018,20171017,210736500,3653.0,57642,696318,2103717160.0,3654.0,11,3653.0,306
rb1805,20171018,20171017,210737000,3653.0,57782,696286,2108831720.0,3654.0,2,3653.0,249
rb1805,20171018,20171017,210737500,3654.0,57892,696224,2112850080.0,3654.0,1,3653.0,189
rb1805,20171018,20171017,210738000,3653.0,57896,696222,2112996200.0,3654.0,1,3653.0,189
rb1805,20171018,20171017,210738500,3653.0,57918,696208,2113799880.0,3655.0,45,3653.0,181
rb1805,20171018,20171017,210739000,3653.0,57926,696204,2114092120.0,3654.0,1,3653.0,178
rb1805,20171018,20171017,210739500,3653.0,57960,696176,2115334160.0,3655.0,46,3654.0,1
rb1805,20171018,20171017,210740000,3654.0,57984,696168,2116211000.0,3654.0,2,3653.0,148
rb1805,20171018,20171017,210740500,3654.0,58002,696176,2116868720.0,3655.0,56,3654.0,3
rb1805,20171018,20171017,210741000,3654.0,58074,696174,2119499560.0,3654.0,56,3653.0,161
rb1805,20171018,20171017,210741500,3653.0,58158,696148,2122568300.0,3654.0,38,3653.0,131
rb1805,20171018,20171017,210742000,3654.0,58284,696200,2127171100.0,3654.0,50,3653.0,71
rb1805,20171018,20171017,210742500,3653.0,58456,696204,2133454280.0,3654.0,50,3653.0,4
rb1805,20171018,20171017,210743000,3653.0,58580,696242,2137984500.0,3653.0,28,3652.0,152
rb1805,20171018,20171017,210743500,3652.0,58650,696254,2140541360.0,3653.0,55,3652.0,141
rb1805,20171018,20171017,210744000,3653.0,58928,696256,2150696700.0,3654.0,47,3653.0,112
rb1805,20171018,20171017,210744500,3653.0,59064,696268,2155664900.0,3654.0,46,3653.0,53
rb1805,20171018,20171017,210745000,3653.0,59174,696344,2159683200.0,3654.0,50,3653.0,18
rb1805,20171018,20171017,210745500,3653.0,59222,696350,2161436640.0,3654.0,50,3653.0,18
rb1805,20171018,20171017,210746000,3653.0,59276,696326,2163409360.0,3654.0,48,3653.0,32
rb1805,20171018,20171017,210746500,3653.0,59288,696328,2163847720.0,3654.0,48,3653.0,111
rb1805,20171018,20171017,210747000,3653.0,59294,696328,2164066920.0,3654.0,51,3653.0,117
rb1805,20171018,20171017,210747500,3653.0,59308,696336,2164578380.0,3654.0,51,3653.0,114
rb1805,20171018,20171017,210748000,3653.0,59320,696338,2165016740.0,3654.0,57,3653.0,129
rb1805,20171018,20171017,210748500,3653.0,59586,696334,2174733720.0,3653.0,35,3652.0,169
rb1805,20171018,20171017,210749000,3652.0,59630,696376,2176340840.0,3653.0,26,3652.0,159
rb1805,20171018,20171017,210749500,3653.0,59704,696394,2179043820.0,3653.0,8,3652.0,141
rb1805,20171018,20171017,210750000,3652.0,60096,696522,2193358660.0,3652.0,145,3651.0,11
rb1805,20171018,20171017,210750500,3652.0,60146,696508,2195184440.0,3651.0,1,3650.0,246
rb1805,20171018,20171017,210751000,3651.0,60206,696532,2197375100.0,3652.0,128,3651.0,15
rb1805,20171018,20171017,210751500,3651.0,60336,696424,2202122140.0,3652.0,96,3651.0,13
rb1805,20171018,20171017,210752000,3651.0,60352,696412,2202706420.0,3652.0,100,3651.0,80
rb1805,20171018,20171017,210752500,3652.0,60506,696290,2208330220.0,3652.0,33,3651.0,88
rb1805,20171018,20171017,210753000,3651.0,60522,696294,2208914420.0,3652.0,38,3651.0,76
rb1805,20171018,20171017,210753500,3651.0,60674,696266,2214463940.0,3652.0,38,3651.0,34
rb1805,20171018,20171017,210754000,3651.0,60740,696294,2216873600.0,3652.0,57,3650.0,272
rb1805,20171018,20171017,210754500,3651.0,60752,696286,2217311740.0,3652.0,57,3651.0,2
rb1805,20171018,20171017,210755000,3651.0,60776,696284,2218187980.0,3651.0,16,3650.0,263
rb1805,20171018,20171017,210755500,3651.0,60856,696312,2221108480.0,3652.0,55,3651.0,45
rb1805,20171018,20171017,210756000,3652.0,60936,696248,2224029360.0,3652.0,59,3651.0,10
rb1805,20171018,20171017,210756500,3651.0,60946,696242,2224394480.0,3652.0,66,3651.0,6
rb1805,20171018,20171017,210757000,3651.0,60962,696230,2224978660.0,3652.0,58,3651.0,62
rb1805,20171018,20171017,210757500,3651.0,61094,696220,2229797980.0,3651.0,4,3650.0,242
rb1805,20171018,20171017,210758000,3651.0,61136,696218,2231331100.0,3651.0,2,3650.0,245
rb1805,20171018,20171017,210758500,3650.0,61164,696222,2232353140.0,3651.0,2,3650.0,237
rb1805,20171018,20171017,210759000,3650.0,61260,696226,2235857300.0,3652.0,68,3650.0,202
rb1805,20171018,20171017,210759500,3651.0,61328,696210,2238340100.0,3652.0,62,3651.0,29
rb1805,20171018,20171017,210800000,3651.0,61342,696208,2238851240.0,3652.0,58,3651.0,28
rb1805,20171018,20171017,210800500,3651.0,61504,696270,2244765800.0,3651.0,32,3650.0,209
rb1805,20171018,20171017,210801000,3651.0,61520,696284,2245349940.0,3651.0,25,3650.0,214
rb1805,20171018,20171017,210801500,3650.0,61574,696308,2247321200.0,3651.0,1,3650.0,207
rb1805,20171018,20171017,210802000,3650.0,61596,696316,2248124220.0,3651.0,1,3650.0,200
rb1805,20171018,20171017,210802500,3651.0,61624,696310,2249146660.0,3652.0,67,3651.0,6
rb1805,20171018,20171017,210803000,3652.0,61642,696310,2249803980.0,3652.0,60,3651.0,50
rb1805,20171018,20171017,210803500,3651.0,61734,696294,2253162900.0,3652.0,60,3651.0,26
rb1805,20171018,20171017,210804000,3651.0,61758,696280,2254039140.0,3652.0,50,3651.0,38
rb1805,20171018,20171017,210804500,3652.0,61862,696322,2257837220.0,3653.0,111,3652.0,9
rb1805,20171018,20171017,210805000,3653.0,61866,696322,2257983320.0,3653.0,107,3652.0,23
rb1805,20171018,20171017,210805500,3652.0,61914,696340,2259736280.0,3652.0,32,3651.0,74
rb1805,20171018,20171017,210806000,3653.0,61986,696346,2262365760.0,3653.0,80,3652.0,122
rb1805,20171018,20171017,210806500,3652.0,61990,696350,2262511840.0,3653.0,80,3652.0,86
rb1805,20171018,20171017,210807000,3653.0,61994,696350,2262657940.0,3653.0,89,3652.0,84
rb1805,20171018,20171017,210807500,3652.0,61996,696352,2262730980.0,3653.0,91,3652.0,85
rb1805,20171018,20171017,210808000,3653.0,62112,696354,2266967400.0,3653.0,86,3652.0,32
rb1805,20171018,20171017,210808500,3653.0,62220,696356,2270912400.0,3653.0,44,3652.0,21
rb1805,20171018,20171017,210809000,3653.0,62232,696358,2271350660.0,3653.0,48,3652.0,17
rb1805,20171018,20171017,210809500,3652.0,62234,696358,2271423700.0,3653.0,48,3652.0,20
rb1805,20171018,20171017,210810000,3653.0,62238,696358,2271569820.0,3653.0,45,3652.0,21
rb1805,20171018,20171017,210810500,3653.0,62240,696360,2271642880.0,3653.0,44,3652.0,22
rb1805,20171018,20171017,210811000,3653.0,62256,696362,2272227340.0,3653.0,40,3652.0,26
rb1805,20171018,20171017,210811500,3653.0,62336,696300,2275149740.0,3653.0,18,3652.0,44
rb1805,20171018,20171017,210812000,3653.0,62386,696268,2276976240.0,3653.0,3,3652.0,44
rb1805,20171018,20171017,210812500,3652.0,62392,696262,2277195400.0,3653.0,15,3652.0,43
rb1805,20171018,20171017,210813000,3652.0,62404,696254,2277633660.0,3653.0,43,3652.0,41
rb1805,20171018,20171017,210813500,3653.0,62406,696254,2277706720.0,3653.0,68,3652.0,42
rb1805,20171018,20171017,210814000,3652.0,62502,696196,2281212640.0,3652.0,64,3651.0,107
rb1805,20171018,20171017,210814500,3652.0,62506,696194,2281358720.0,3652.0,83,3651.0,110
rb1805,20171018,20171017,210815000,3652.0,62506,696194,2281358720.0,3652.0,84,3651.0,101
rb1805,20171018,20171017,210815500,3652.0,62682,696074,2287786240.0,3652.0,6,3651.0,101
rb1805,20171018,20171017,210816000,3653.0,62774,696112,2291146880.0,3653.0,24,3652.0,12
rb1805,20171018,20171017,210816500,3653.0,62776,696114,2291219940.0,3653.0,27,3652.0,10
rb1805,20171018,20171017,210817000,3653.0,62776,696114,2291219940.0,3653.0,27,3652.0,18
rb1805,20171018,20171017,210817500,3653.0,62780,696112,2291366060.0,3653.0,37,3652.0,24
rb1805,20171018,20171017,210818000,3653.0,62786,696112,2291585240.0,3653.0,45,3652.0,27
rb1805,20171018,20171017,210818500,3653.0,62786,696112,2291585240.0,3653.0,46,3652.0,27
rb1805,20171018,20171017,210819000,3653.0,62796,696112,2291950500.0,3653.0,43,3652.0,19
rb1805,20171018,20171017,210819500,3652.0,62802,696110,2292169620.0,3653.0,43,3652.0,17
rb1805,20171018,20171017,210820000,3652.0,62842,696108,2293630420.0,3652.0,28,3651.0,219
rb1805,20171018,20171017,210820500,3652.0,62846,696106,2293776500.0,3652.0,28,3651.0,220
rb1805,20171018,20171017,210821000,3652.0,62848,696106,2293849540.0,3652.0,37,3651.0,223
rb1805,20171018,20171017,210821500,3652.0,62854,696106,2294068640.0,3652.0,35,3651.0,262
rb1805,20171018,20171017,210822000,3652.0,62860,696106,2294287760.0,3652.0,53,3651.0,222
rb1805,20171018,20171017,210822500,3652.0,62870,696106,2294652960.0,3652.0,49,3651.0,224
rb1805,20171018,20171017,210823000,3652.0,62958,696130,2297866680.0,3652.0,7,3651.0,223
rb1805,20171018,20171017,210823500,3652.0,62972,696116,2298377960.0,3653.0,42,3652.0,11
rb1805,20171018,20171017,210824000,3652.0,62978,696112,2298597100.0,3653.0,48,3652.0,10
rb1805,20171018,20171017,210824500,3652.0,62978,696112,2298597100.0,3653.0,59,3652.0,14
rb1805,20171018,20171017,210825000,3652.0,62978,696112,2298597100.0,3653.0,59,3652.0,27
rb1805,20171018,20171017,210825500,3652.0,62982,696108,2298743180.0,3653.0,59,3652.0,43
rb1805,20171018,20171017,210826000,3652.0,62984,696108,2298816220.0,3653.0,60,3652.0,42
rb1805,20171018,20171017,210826500,3652.0,62986,696108,2298889260.0,3653.0,60,3652.0,41
rb1805,20171018,20171017,210827000,3652.0,62992,696110,2299108380.0,3653.0,60,3652.0,39
rb1805,20171018,20171017,210827500,3652.0,62994,696108,2299181420.0,3653.0,60,3652.0,42
rb1805,20171018,20171017,210828000,3652.0,62994,696108,2299181420.0,3653.0,61,3652.0,42
rb1805,20171018,20171017,210828500,3652.0,62996,696110,2299254460.0,3653.0,61,3652.0,41
rb1805,20171018,20171017,210829000,3652.0,63000,696114,2299400540.0,3653.0,61,3652.0,41
rb1805,20171018,20171017,210829500,3652.0,63012,696120,2299838800.0,3653.0,60,3652.0,36
rb1805,20171018,20171017,210830000,3652.0,63012,696120,2299838800.0,3653.0,61,3652.0,37
rb1805,20171018,20171017,210830500,3653.0,63018,696114,2300057980.0,3653.0,79,3652.0,40
rb1805,20171018,20171017,210831000,3653.0,63028,696120,2300423260.0,3653.0,80,3652.0,40
rb1805,20171018,20171017,210831500,3653.0,63030,696120,2300496320.0,3653.0,79,3652.0,40
rb1805,20171018,20171017,210832000,3653.0,63044,696114,2301007720.0,3653.0,73,3652.0,44
rb1805,20171018,20171017,210832500,3653.0,63044,696114,2301007720.0,3653.0,73,3652.0,45
rb1805,20171018,20171017,210833000,3652.0,63046,696114,2301080760.0,3653.0,73,3652.0,55
rb1805,20171018,20171017,210833500,3652.0,63054,696116,2301372940.0,3653.0,73,3652.0,52
rb1805,20171018,20171017,210834000,3652.0,63062,696118,2301665140.0,3653.0,71,3652.0,50
rb1805,20171018,20171017,210834500,3653.0,63068,696118,2301884300.0,3653.0,70,3652.0,49
rb1805,20171018,20171017,210835000,3653.0,63072,696120,2302030400.0,3653.0,68,3652.0,49
rb1805,20171018,20171017,210835500,3652.0,63170,696194,2305609360.0,3652.0,10,3651.0,208
rb1805,20171018,20171017,210836000,3651.0,63184,696202,2306120540.0,3652.0,34,3651.0,204
rb1805,20171018,20171017,210836500,3652.0,63230,696196,2307800460.0,3652.0,20,3651.0,205
rb1805,20171018,20171017,210837000,3652.0,63310,696144,2310722060.0,3653.0,58,3652.0,1
rb1805,20171018,20171017,210837500,3652.0,63310,696144,2310722060.0,3653.0,58,3652.0,1
rb1805,20171018,20171017,210838000,3652.0,63312,696142,2310795100.0,3652.0,19,3651.0,206
rb1805,20171018,20171017,210838500,3651.0,63340,696142,2311817580.0,3652.0,51,3651.0,202
rb1805,20171018,20171017,210839000,3651.0,63402,696138,2314081240.0,3652.0,49,3651.0,174
rb1805,20171018,20171017,210839500,3651.0,63402,696138,2314081240.0,3652.0,73,3651.0,174
rb1805,20171018,20171017,210840000,3651.0,63404,696140,2314154260.0,3652.0,74,3651.0,173
rb1805,20171018,20171017,210840500,3651.0,63404,696140,2314154260.0,3652.0,80,3651.0,173
rb1805,20171018,20171017,210841000,3651.0,63414,696142,2314519360.0,3652.0,80,3651.0,167
rb1805,20171018,20171017,210841500,3652.0,63420,696142,2314738480.0,3652.0,77,3651.0,167
rb1805,20171018,20171017,210842000,3651.0,63432,696134,2315176680.0,3652.0,74,3651.0,165
rb1805,20171018,20171017,210842500,3652.0,63444,696134,2315614880.0,3652.0,91,3651.0,165
rb1805,20171018,20171017,210843000,3652.0,63450,696140,2315834000.0,3652.0,88,3651.0,180
rb1805,20171018,20171017,210843500,3651.0,63468,696136,2316491260.0,3652.0,85,3651.0,175
rb1805,20171018,20171017,210844000,3651.0,63470,696136,2316564280.0,3652.0,89,3651.0,175
rb1805,20171018,20171017,210844500,3651.0,63470,696136,2316564280.0,3652.0,90,3651.0,176
rb1805,20171018,20171017,210845000,3651.0,63472,696136,2316637300.0,3652.0,110,3651.0,175
rb1805,20171018,20171017,210845500,3651.0,63476,696138,2316783360.0,3652.0,109,3651.0,175
rb1805,20171018,20171017,210846000,3651.0,63486,696142,2317148520.0,3652.0,106,3651.0,174
rb1805,20171018,20171017,210846500,3651.0,63490,696142,2317294560.0,3652.0,106,3651.0,172
rb1805,20171018,20171017,210847000,3651.0,63490,696142,2317294560.0,3652.0,107,3651.0,173
rb1805,20171018,20171017,210847500,3651.0,63506,696130,2317878760.0,3652.0,105,3651.0,208
rb1805,20171018,20171017,210848000,3651.0,63506,696130,2317878760.0,3652.0,105,3651.0,212
rb1805,20171018,20171017,210848500,3651.0,63516,696130,2318243860.0,3652.0,116,3651.0,207
rb1805,20171018,20171017,210849000,3652.0,63518,696132,2318316900.0,3652.0,115,3651.0,207
rb1805,20171018,20171017,210849500,3651.0,63530,696132,2318755020.0,3652.0,119,3651.0,202
rb1805,20171018,20171017,210850000,3651.0,63530,696132,2318755020.0,3652.0,129,3651.0,202
rb1805,20171018,20171017,210850500,3651.0,63938,695934,2333651100.0,3651.0,296,3650.0,431
rb1805,20171018,20171017,210851000,3651.0,63940,695932,2333724120.0,3651.0,305,3650.0,431
rb1805,20171018,20171017,210851500,3650.0,64226,695962,2344163120.0,3651.0,310,3650.0,288
rb1805,20171018,20171017,210852000,3650.0,64358,695962,2348982120.0,3651.0,262,3650.0,272
rb1805,20171018,20171017,210852500,3650.0,64488,695862,2353727120.0,3651.0,273,3650.0,207
rb1805,20171018,20171017,210853000,3650.0,64546,695872,2355844120.0,3651.0,273,3650.0,179
rb1805,20171018,20171017,210853500,3651.0,64602,695880,2357888580.0,3651.0,248,3650.0,174
rb1805,20171018,20171017,210854000,3650.0,64638,695884,2359202580.0,3651.0,248,3650.0,157
rb1805,20171018,20171017,210854500,3650.0,64658,695892,2359932580.0,3651.0,248,3650.0,21
rb1805,20171018,20171017,210855000,3649.0,64772,695892,2364092860.0,3650.0,61,3649.0,37
rb1805,20171018,20171017,210855500,3650.0,64914,695902,2369275420.0,3650.0,27,3649.0,16
rb1805,20171018,20171017,210856000,3649.0,64966,695882,2371172900.0,3650.0,47,3649.0,64
rb1805,20171018,20171017,210856500,3649.0,64974,695882,2371464820.0,3650.0,43,3649.0,65
rb1805,20171018,20171017,210857000,3649.0,65002,695864,2372486540.0,3650.0,113,3649.0,52
rb1805,20171018,20171017,210857500,3649.0,65010,695856,2372778460.0,3650.0,113,3649.0,48
rb1805,20171018,20171017,210858000,3650.0,65252,696078,2381611460.0,3651.0,250,3650.0,79
rb1805,20171018,20171017,210858500,3650.0,65314,696086,2383874460.0,3651.0,250,3650.0,60
rb1805,20171018,20171017,210859000,3650.0,65350,696100,2385188460.0,3651.0,253,3650.0,42
rb1805,20171018,20171017,210859500,3650.0,65352,696102,2385261460.0,3651.0,253,3650.0,41
rb1805,20171018,20171017,210900000,3650.0,65380,696124,2386283500.0,3651.0,249,3650.0,29
rb1805,20171018,20171017,210900500,3650.0,65534,696120,2391904340.0,3650.0,117,3649.0,211
rb1805,20171018,20171017,210901000,3650.0,65538,696120,2392050340.0,3650.0,138,3649.0,211
rb1805,20171018,20171017,210901500,3649.0,65746,696146,2399640280.0,3650.0,89,3649.0,108
rb1805,20171018,20171017,210902000,3649.0,65846,696146,2403289280.0,3650.0,95,3649.0,58
rb1805,20171018,20171017,210902500,3650.0,65856,696148,2403654280.0,3650.0,91,3649.0,68
rb1805,20171018,20171017,210903000,3648.0,65976,696130,2408033080.0,3649.0,6,3648.0,104
rb1805,20171018,20171017,210903500,3648.0,66030,696124,2410003340.0,3650.0,92,3649.0,11
rb1805,20171018,20171017,210904000,3649.0,66062,696126,2411170980.0,3650.0,92,3649.0,14
rb1805,20171018,20171017,210904500,3649.0,66062,696126,2411170980.0,3650.0,92,3649.0,41
rb1805,20171018,20171017,210905000,3649.0,66064,696128,2411243960.0,3650.0,112,3649.0,66
rb1805,20171018,20171017,210905500,3650.0,66092,696146,2412265720.0,3650.0,111,3649.0,88
rb1805,20171018,20171017,210906000,3649.0,66100,696146,2412557640.0,3650.0,112,3649.0,87
rb1805,20171018,20171017,210906500,3649.0,66126,696164,2413506380.0,3650.0,115,3649.0,81
rb1805,20171018,20171017,210907000,3649.0,66148,696184,2414309160.0,3650.0,115,3649.0,75
rb1805,20171018,20171017,210907500,3649.0,66284,696256,2419271980.0,3650.0,107,3649.0,17
rb1805,20171018,20171017,210908000,3649.0,66320,696264,2420585620.0,3649.0,71,3648.0,57
rb1805,20171018,20171017,210908500,3649.0,66568,696124,2429634140.0,3649.0,17,3648.0,6
rb1805,20171018,20171017,210909000,3649.0,66630,696108,2431895640.0,3649.0,33,3647.0,1
rb1805,20171018,20171017,210909500,3649.0,66634,696110,2432041600.0,3648.0,6,3647.0,10
rb1805,20171018,20171017,210910000,3647.0,66722,696146,2435251580.0,3647.0,7,3646.0,165
rb1805,20171018,20171017,210910500,3646.0,66760,696120,2436637260.0,3648.0,48,3646.0,108
rb1805,20171018,20171017,210911000,3646.0,67010,696132,2445752540.0,3646.0,253,3645.0,51
rb1805,20171018,20171017,210911500,3646.0,67506,696518,2463836260.0,3646.0,29,3645.0,24
rb1805,20171018,20171017,210912000,3645.0,67598,696466,2467189680.0,3645.0,9,3644.0,166
rb1805,20171018,20171017,210912500,3644.0,67744,696362,2472510300.0,3645.0,47,3644.0,112
rb1805,20171018,20171017,210913000,3645.0,67882,696348,2477539800.0,3645.0,14,3644.0,157
rb1805,20171018,20171017,210913500,3646.0,68132,696384,2486650260.0,3646.0,32,3644.0,53
rb1805,20171018,20171017,210914000,3645.0,68186,696420,2488618940.0,3646.0,28,3645.0,25
rb1805,20171018,20171017,210914500,3646.0,68292,696402,2492483260.0,3646.0,6,3645.0,8
rb1805,20171018,20171017,210915000,3645.0,68304,696396,2492920700.0,3646.0,15,3645.0,22
rb1805,20171018,20171017,210915500,3646.0,68360,696388,2494961940.0,3646.0,14,3645.0,68
rb1805,20171018,20171017,210916000,3646.0,68378,696374,2495618080.0,3646.0,29,3645.0,61
rb1805,20171018,20171017,210916500,3645.0,68472,696350,2499044560.0,3646.0,25,3645.0,32
rb1805,20171018,20171017,210917000,3645.0,68584,696402,2503127000.0,3645.0,29,3644.0,68
rb1805,20171018,20171017,210917500,3645.0,68604,696416,2503856000.0,3645.0,26,3644.0,68
rb1805,20171018,20171017,210918000,3645.0,68646,696452,2505386520.0,3645.0,11,3644.0,50
rb1805,20171018,20171017,210918500,3644.0,68792,696560,2510708060.0,3645.0,10,3644.0,30
rb1805,20171018,20171017,210919000,3645.0,68844,696544,2512603340.0,3645.0,9,3644.0,24
rb1805,20171018,20171017,210919500,3645.0,68890,696534,2514279820.0,3646.0,39,3645.0,9
rb1805,20171018,20171017,210920000,3645.0,68956,696474,2516685520.0,3646.0,26,3645.0,38
rb1805,20171018,20171017,210920500,3645.0,68978,696478,2517487420.0,3646.0,26,3645.0,44
rb1805,20171018,20171017,210921000,3646.0,68998,696472,2518216440.0,3646.0,21,3645.0,44
rb1805,20171018,20171017,210921500,3645.0,69016,696470,2518872680.0,3646.0,14,3645.0,46
rb1805,20171018,20171017,210922000,3645.0,69062,696452,2520549660.0,3647.0,25,3645.0,52
rb1805,20171018,20171017,210922500,3646.0,69094,696452,2521716220.0,3646.0,2,3645.0,45
rb1805,20171018,20171017,210923000,3645.0,69100,696450,2521934960.0,3646.0,14,3645.0,133
rb1805,20171018,20171017,210923500,3645.0,69110,696454,2522299480.0,3646.0,11,3645.0,222
rb1805,20171018,20171017,210924000,3645.0,69296,696454,2529079460.0,3647.0,30,3645.0,146
rb1805,20171018,20171017,210924500,3646.0,69408,696430,2533161920.0,3647.0,34,3645.0,98
rb1805,20171018,20171017,210925000,3645.0,69430,696430,2533963820.0,3646.0,5,3645.0,93
rb1805,20171018,20171017,210925500,3645.0,69558,696362,2538629620.0,3646.0,4,3645.0,47
rb1805,20171018,20171017,210926000,3645.0,69560,696362,2538702520.0,3646.0,8,3645.0,50
rb1805,20171018,20171017,210926500,3645.0,69664,696292,2542493340.0,3645.0,3,3644.0,65
rb1805,20171018,20171017,210927000,3645.0,69684,696292,2543222340.0,3646.0,17,3645.0,99
rb1805,20171018,20171017,210927500,3646.0,69776,696338,2546575760.0,3646.0,17,3645.0,55
rb1805,20171018,20171017,210928000,3646.0,69808,696348,2547742260.0,3646.0,50,3645.0,45
rb1805,20171018,20171017,210928500,3645.0,69924,696286,2551971440.0,3647.0,65,3646.0,5
rb1805,20171018,20171017,210929000,3646.0,69936,696298,2552408960.0,3647.0,65,3645.0,63
