instrument,tradingday,calendarday,time,lastp,volume,openinterest,turnover,ask1,asksz1,bid1,bidsz1
rb1805,20170907,20170906,183453500,3862.0,0,308400,0.0,0.0,0,0.0,0
rb1805,20170907,20170906,205900500,3872.0,322,308446,12467840.0,3873.0,5,3872.0,78
rb1805,20170907,20170906,210000500,3870.0,610,308474,23617340.0,3870.0,53,3869.0,2
rb1805,20170907,20170906,210001000,3873.0,1032,308348,39952040.0,3871.0,1,3870.0,2
rb1805,20170907,20170906,210001500,3872.0,1222,308370,47305620.0,3873.0,14,3872.0,10
rb1805,20170907,20170906,210002000,3870.0,1302,308406,50401420.0,3871.0,38,3867.0,2
rb1805,20170907,20170906,210002500,3870.0,1332,308400,51562120.0,3870.0,75,3868.0,4
rb1805,20170907,20170906,210003000,3869.0,1506,308392,58295760.0,3870.0,16,3869.0,3
rb1805,20170907,20170906,210003500,3867.0,1562,308388,60462100.0,3869.0,4,3867.0,18
rb1805,20170907,20170906,210004000,3866.0,1808,308526,69971540.0,3867.0,8,3864.0,6
rb1805,20170907,20170906,210004500,3866.0,1874,308558,72523340.0,3866.0,1,3865.0,16
rb1805,20170907,20170906,210005000,3865.0,2014,308596,77932500.0,3865.0,37,3864.0,2
rb1805,20170907,20170906,210005500,3864.0,2042,308616,79014420.0,3864.0,5,3862.0,8
rb1805,20170907,20170906,210006000,3864.0,2076,308612,80328000.0,3864.0,6,3862.0,11
rb1805,20170907,20170906,210006500,3862.0,2162,308650,83648700.0,3862.0,6,3861.0,1
rb1805,20170907,20170906,210007000,3863.0,2266,308608,87663940.0,3863.0,8,3862.0,3
rb1805,20170907,20170906,210007500,3860.0,2290,308618,88590740.0,3860.0,69,3859.0,17
rb1805,20170907,20170906,210008000,3860.0,2410,308574,93222400.0,3860.0,28,3858.0,15
rb1805,20170907,20170906,210008500,3863.0,2626,308620,101561300.0,3864.0,40,3863.0,6
rb1805,20170907,20170906,210009000,3863.0,2678,308648,103569940.0,3863.0,3,3861.0,19
rb1805,20170907,20170906,210009500,3861.0,2722,308650,105269380.0,3863.0,5,3861.0,2
rb1805,20170907,20170906,210010000,3863.0,2772,308650,107200540.0,3863.0,10,3862.0,1
rb1805,20170907,20170906,210010500,3862.0,2834,308704,109595180.0,3862.0,60,3861.0,14
rb1805,20170907,20170906,210011000,3861.0,2892,308742,111834380.0,3861.0,13,3860.0,45
rb1805,20170907,20170906,210011500,3862.0,2996,308790,115850320.0,3862.0,142,3861.0,70
rb1805,20170907,20170906,210012000,3861.0,3330,308790,128749360.0,3863.0,6,3862.0,1
rb1805,20170907,20170906,210012500,3863.0,3348,308790,129444700.0,3864.0,20,3863.0,45
rb1805,20170907,20170906,210013000,3864.0,3418,308832,132149500.0,3865.0,35,3864.0,7
rb1805,20170907,20170906,210013500,3864.0,3472,308866,134236540.0,3866.0,10,3865.0,1
rb1805,20170907,20170906,210014000,3866.0,3510,308902,135705440.0,3867.0,22,3866.0,4
rb1805,20170907,20170906,210014500,3867.0,3544,308920,137020060.0,3867.0,28,3866.0,49
rb1805,20170907,20170906,210015000,3867.0,3642,308922,140809660.0,3867.0,2,3866.0,51
rb1805,20170907,20170906,210015500,3869.0,3658,308918,141428540.0,3869.0,3,3867.0,20
rb1805,20170907,20170906,210016000,3867.0,3710,308884,143439460.0,3868.0,17,3867.0,18
rb1805,20170907,20170906,210016500,3869.0,3924,308996,151714260.0,3869.0,1,3867.0,58
rb1805,20170907,20170906,210017000,3867.0,4058,309128,156896040.0,3867.0,36,3866.0,3
rb1805,20170907,20170906,210017500,3867.0,4112,309130,158984100.0,3867.0,17,3866.0,1
rb1805,20170907,20170906,210018000,3867.0,4152,309154,160530800.0,3868.0,6,3867.0,3
rb1805,20170907,20170906,210018500,3868.0,4160,309154,160840220.0,3868.0,4,3867.0,10
rb1805,20170907,20170906,210019000,3868.0,4198,309136,162309740.0,3867.0,6,3866.0,14
rb1805,20170907,20170906,210019500,3866.0,4230,309136,163546920.0,3866.0,3,3865.0,12
rb1805,20170907,20170906,210020000,3866.0,4240,309138,163933520.0,3867.0,18,3866.0,6
rb1805,20170907,20170906,210020500,3867.0,4294,309102,166021740.0,3868.0,21,3867.0,5
rb1805,20170907,20170906,210021000,3868.0,4318,309104,166949840.0,3867.0,24,3866.0,23
rb1805,20170907,20170906,210021500,3866.0,4332,309110,167491100.0,3867.0,23,3866.0,23
rb1805,20170907,20170906,210022000,3867.0,4388,309158,169656620.0,3868.0,26,3867.0,7
rb1805,20170907,20170906,210022500,3867.0,4508,309144,174296720.0,3867.0,22,3866.0,11
rb1805,20170907,20170906,210023000,3867.0,4618,309110,178551000.0,3868.0,5,3867.0,25
rb1805,20170907,20170906,210023500,3867.0,4650,309124,179788740.0,3869.0,16,3867.0,36
rb1805,20170907,20170906,210024000,3867.0,4704,309168,181877000.0,3868.0,4,3867.0,29
rb1805,20170907,20170906,210024500,3867.0,4724,309174,182650580.0,3869.0,33,3867.0,30
rb1805,20170907,20170906,210025000,3867.0,4796,309184,185434760.0,3867.0,43,3866.0,25
rb1805,20170907,20170906,210025500,3867.0,4804,309186,185744080.0,3867.0,46,3866.0,23
rb1805,20170907,20170906,210026000,3867.0,4836,309192,186981480.0,3867.0,34,3866.0,11
rb1805,20170907,20170906,210026500,3867.0,4878,309208,188605280.0,3867.0,67,3865.0,19
rb1805,20170907,20170906,210027000,3867.0,4888,309214,188991980.0,3867.0,43,3866.0,1
rb1805,20170907,20170906,210027500,3867.0,4926,309238,190461020.0,3867.0,36,3865.0,9
rb1805,20170907,20170906,210028000,3866.0,4984,309210,192703860.0,3868.0,23,3866.0,11
rb1805,20170907,20170906,210028500,3867.0,4990,309216,192935880.0,3868.0,24,3867.0,3
rb1805,20170907,20170906,210029000,3867.0,5012,309222,193786700.0,3868.0,21,3867.0,48
rb1805,20170907,20170906,210029500,3867.0,5064,309196,195797960.0,3869.0,39,3868.0,8
rb1805,20170907,20170906,210030000,3867.0,5068,309196,195952640.0,3869.0,37,3868.0,48
rb1805,20170907,20170906,210030500,3868.0,5096,309210,197035700.0,3869.0,17,3868.0,36
rb1805,20170907,20170906,210031000,3868.0,5122,309216,198041380.0,3869.0,17,3868.0,29
rb1805,20170907,20170906,210031500,3869.0,5134,309228,198505660.0,3869.0,13,3868.0,7
rb1805,20170907,20170906,210032000,3868.0,5146,309224,198969920.0,3869.0,29,3868.0,29
rb1805,20170907,20170906,210032500,3868.0,5220,309210,201832220.0,3868.0,32,3867.0,56
rb1805,20170907,20170906,210033000,3869.0,5372,309134,207712420.0,3870.0,41,3869.0,11
rb1805,20170907,20170906,210033500,3867.0,5582,309292,215833820.0,3868.0,14,3866.0,77
rb1805,20170907,20170906,210034000,3868.0,5628,309306,217612980.0,3868.0,22,3867.0,1
rb1805,20170907,20170906,210034500,3868.0,5670,309336,219237440.0,3867.0,1,3866.0,81
rb1805,20170907,20170906,210035000,3867.0,5690,309330,220010680.0,3867.0,21,3866.0,69
rb1805,20170907,20170906,210035500,3866.0,5744,309324,222098580.0,3867.0,23,3866.0,61
rb1805,20170907,20170906,210036000,3867.0,5894,309204,227899080.0,3868.0,4,3867.0,4
rb1805,20170907,20170906,210036500,3867.0,5954,309182,230220320.0,3870.0,79,3867.0,11
rb1805,20170907,20170906,210037000,3867.0,6022,309226,232849980.0,3867.0,30,3866.0,56
rb1805,20170907,20170906,210037500,3867.0,6100,309264,235866240.0,3869.0,5,3867.0,24
rb1805,20170907,20170906,210038000,3867.0,6106,309266,236098300.0,3869.0,11,3867.0,28
rb1805,20170907,20170906,210038500,3868.0,6176,309230,238805460.0,3868.0,18,3867.0,17
rb1805,20170907,20170906,210039000,3868.0,6182,309232,239037520.0,3868.0,23,3867.0,22
rb1805,20170907,20170906,210039500,3868.0,6288,309190,243138180.0,3869.0,7,3867.0,31
rb1805,20170907,20170906,210040000,3868.0,6318,309184,244298760.0,3870.0,91,3867.0,31
rb1805,20170907,20170906,210040500,3869.0,6320,309184,244376140.0,3869.0,3,3868.0,22
rb1805,20170907,20170906,210041000,3868.0,6324,309188,244530860.0,3869.0,3,3868.0,20
rb1805,20170907,20170906,210041500,3868.0,6370,309190,246310180.0,3869.0,4,3868.0,11
rb1805,20170907,20170906,210042000,3869.0,6384,309194,246851840.0,3869.0,3,3868.0,15
rb1805,20170907,20170906,210042500,3868.0,6396,309194,247316100.0,3869.0,10,3868.0,19
rb1805,20170907,20170906,210043000,3869.0,6758,308962,261326800.0,3870.0,13,3869.0,29
rb1805,20170907,20170906,210043500,3869.0,6770,308964,261791120.0,3870.0,11,3869.0,28
rb1805,20170907,20170906,210044000,3870.0,6800,308942,262952100.0,3872.0,89,3871.0,2
rb1805,20170907,20170906,210044500,3870.0,6944,308886,268526240.0,3871.0,33,3870.0,10
rb1805,20170907,20170906,210045000,3870.0,6966,308870,269377640.0,3870.0,40,3869.0,23
rb1805,20170907,20170906,210045500,3869.0,7034,308916,272008680.0,3869.0,98,3868.0,13
rb1805,20170907,20170906,210046000,3868.0,7072,308916,273478500.0,3868.0,44,3867.0,64
rb1805,20170907,20170906,210046500,3869.0,7096,308912,274407020.0,3868.0,5,3867.0,69
rb1805,20170907,20170906,210047000,3869.0,7110,308906,274948580.0,3869.0,89,3868.0,14
rb1805,20170907,20170906,210047500,3868.0,7122,308906,275412840.0,3869.0,84,3868.0,13
rb1805,20170907,20170906,210048000,3869.0,7128,308902,275644960.0,3869.0,83,3868.0,27
rb1805,20170907,20170906,210048500,3869.0,7218,308814,279127060.0,3869.0,38,3868.0,35
rb1805,20170907,20170906,210049000,3871.0,7402,308848,286247680.0,3871.0,3,3869.0,131
rb1805,20170907,20170906,210049500,3871.0,7416,308848,286789600.0,3871.0,3,3870.0,15
rb1805,20170907,20170906,210050000,3870.0,7472,308852,288956800.0,3870.0,35,3869.0,37
rb1805,20170907,20170906,210050500,3869.0,7536,308872,291433420.0,3871.0,12,3869.0,21
rb1805,20170907,20170906,210051000,3869.0,7538,308874,291510800.0,3871.0,18,3870.0,70
rb1805,20170907,20170906,210051500,3870.0,7548,308880,291897820.0,3871.0,7,3870.0,67
rb1805,20170907,20170906,210052000,3872.0,7656,308838,296079220.0,3872.0,34,3871.0,3
rb1805,20170907,20170906,210052500,3872.0,7682,308852,297085780.0,3872.0,29,3870.0,74
rb1805,20170907,20170906,210053000,3871.0,7686,308852,297240600.0,3872.0,31,3871.0,3
rb1805,20170907,20170906,210053500,3871.0,7710,308862,298169700.0,3872.0,29,3871.0,1
rb1805,20170907,20170906,210054000,3870.0,7722,308864,298634240.0,3872.0,36,3870.0,66
rb1805,20170907,20170906,210054500,3870.0,7726,308864,298789060.0,3871.0,22,3870.0,65
rb1805,20170907,20170906,210055000,3870.0,7770,308874,300492100.0,3871.0,11,3870.0,59
rb1805,20170907,20170906,210055500,3872.0,7796,308860,301498580.0,3872.0,41,3871.0,21
rb1805,20170907,20170906,210056000,3871.0,7884,308850,304905020.0,3871.0,22,3870.0,58
rb1805,20170907,20170906,210056500,3871.0,7910,308868,305911420.0,3871.0,12,3870.0,61
rb1805,20170907,20170906,210057000,3871.0,7910,308868,305911420.0,3871.0,12,3870.0,64
rb1805,20170907,20170906,210057500,3870.0,7920,308878,306298420.0,3871.0,19,3870.0,59
rb1805,20170907,20170906,210058000,3871.0,7928,308886,306608100.0,3871.0,18,3870.0,75
rb1805,20170907,20170906,210058500,3871.0,7936,308890,306917780.0,3871.0,14,3870.0,127
rb1805,20170907,20170906,210059000,3870.0,8202,308884,317212040.0,3870.0,78,3869.0,29
rb1805,20170907,20170906,210059500,3869.0,8228,308884,318218160.0,3870.0,74,3869.0,25
rb1805,20170907,20170906,210100000,3870.0,8230,308884,318295560.0,3870.0,74,3869.0,25
rb1805,20170907,20170906,210100500,3870.0,8342,308840,322629640.0,3870.0,94,3869.0,8
rb1805,20170907,20170906,210101000,3869.0,8416,308810,325493280.0,3870.0,66,3869.0,8
rb1805,20170907,20170906,210101500,3869.0,8428,308800,325957560.0,3870.0,75,3869.0,1
rb1805,20170907,20170906,210102000,3870.0,8566,308706,331298140.0,3871.0,35,3870.0,28
rb1805,20170907,20170906,210102500,3870.0,8570,308704,331452940.0,3871.0,38,3870.0,27
rb1805,20170907,20170906,210103000,3870.0,8644,308708,334316740.0,3870.0,17,3869.0,45
rb1805,20170907,20170906,210103500,3870.0,8686,308704,335942140.0,3871.0,52,3870.0,25
rb1805,20170907,20170906,210104000,3870.0,8760,308712,338806140.0,3871.0,24,3869.0,35
rb1805,20170907,20170906,210104500,3871.0,8778,308712,339502920.0,3871.0,15,3870.0,18
rb1805,20170907,20170906,210105000,3870.0,8804,308714,340509260.0,3871.0,9,3870.0,104
rb1805,20170907,20170906,210105500,3871.0,8842,308720,341980240.0,3872.0,57,3871.0,42
rb1805,20170907,20170906,210106000,3872.0,8954,308708,346316820.0,3872.0,6,3871.0,53
rb1805,20170907,20170906,210106500,3873.0,9064,308746,350576900.0,3874.0,20,3872.0,71
rb1805,20170907,20170906,210107000,3874.0,9146,308788,353753320.0,3875.0,86,3874.0,9
rb1805,20170907,20170906,210107500,3875.0,9476,308906,366542720.0,3877.0,31,3875.0,96
rb1805,20170907,20170906,210108000,3878.0,9634,308856,372668820.0,3878.0,8,3877.0,1
rb1805,20170907,20170906,210108500,3879.0,9880,308752,382211360.0,3880.0,95,3879.0,2
rb1805,20170907,20170906,210109000,3878.0,10072,308718,389658680.0,3879.0,4,3878.0,30
rb1805,20170907,20170906,210109500,3878.0,10192,308732,394312900.0,3879.0,142,3878.0,4
rb1805,20170907,20170906,210110000,3877.0,10248,308738,396484460.0,3878.0,29,3877.0,46
rb1805,20170907,20170906,210110500,3878.0,10270,308742,397337560.0,3878.0,22,3877.0,43
rb1805,20170907,20170906,210111000,3877.0,10350,308796,400439140.0,3877.0,9,3876.0,18
rb1805,20170907,20170906,210111500,3877.0,10380,308790,401602160.0,3878.0,53,3877.0,4
rb1805,20170907,20170906,210112000,3878.0,10440,308826,403928760.0,3878.0,54,3875.0,52
rb1805,20170907,20170906,210112500,3877.0,10458,308822,404626760.0,3878.0,61,3876.0,6
rb1805,20170907,20170906,210113000,3878.0,10462,308824,404781860.0,3878.0,73,3876.0,6
rb1805,20170907,20170906,210113500,3877.0,10472,308828,405169620.0,3878.0,87,3876.0,8
rb1805,20170907,20170906,210114000,3876.0,10484,308840,405634820.0,3877.0,2,3876.0,10
rb1805,20170907,20170906,210114500,3877.0,10496,308834,406100000.0,3877.0,8,3876.0,1
rb1805,20170907,20170906,210115000,3877.0,10502,308834,406332600.0,3876.0,1,3875.0,54
rb1805,20170907,20170906,210115500,3877.0,10534,308838,407573200.0,3877.0,27,3876.0,35
rb1805,20170907,20170906,210116000,3876.0,10550,308840,408193380.0,3877.0,44,3876.0,29
rb1805,20170907,20170906,210116500,3877.0,10562,308848,408658540.0,3877.0,35,3876.0,26
rb1805,20170907,20170906,210117000,3876.0,10568,308848,408891100.0,3877.0,49,3876.0,25
rb1805,20170907,20170906,210117500,3877.0,10632,308810,411371800.0,3877.0,47,3876.0,3
rb1805,20170907,20170906,210118000,3878.0,10740,308722,415558900.0,3878.0,68,3877.0,14
rb1805,20170907,20170906,210118500,3877.0,10756,308712,416179220.0,3878.0,68,3877.0,9
rb1805,20170907,20170906,210119000,3878.0,10766,308712,416566960.0,3878.0,65,3877.0,26
rb1805,20170907,20170906,210119500,3876.0,11008,308654,425949360.0,3878.0,19,3876.0,10
rb1805,20170907,20170906,210120000,3878.0,11046,308670,427423000.0,3879.0,78,3878.0,5
rb1805,20170907,20170906,210120500,3879.0,11070,308668,428353940.0,3879.0,67,3878.0,12
rb1805,20170907,20170906,210121000,3878.0,11184,308674,432775860.0,3879.0,17,3878.0,12
rb1805,20170907,20170906,210121500,3879.0,11200,308674,433396360.0,3879.0,16,3878.0,24
rb1805,20170907,20170906,210122000,3879.0,11248,308632,435258260.0,3880.0,106,3879.0,29
rb1805,20170907,20170906,210122500,3878.0,11344,308590,438982020.0,3879.0,68,3878.0,20
rb1805,20170907,20170906,210123000,3878.0,11360,308584,439602600.0,3879.0,159,3878.0,17
rb1805,20170907,20170906,210123500,3878.0,11440,308620,442704960.0,3879.0,159,3878.0,10
rb1805,20170907,20170906,210124000,3877.0,11478,308596,444178500.0,3878.0,27,3877.0,8
rb1805,20170907,20170906,210124500,3878.0,11540,308620,446582860.0,3878.0,4,3877.0,13
rb1805,20170907,20170906,210125000,3878.0,11564,308620,447513500.0,3878.0,8,3877.0,9
rb1805,20170907,20170906,210125500,3878.0,11656,308540,451081960.0,3879.0,134,3877.0,10
rb1805,20170907,20170906,210126000,3878.0,11670,308540,451624960.0,3879.0,121,3878.0,17
rb1805,20170907,20170906,210126500,3879.0,11702,308562,452865940.0,3879.0,120,3878.0,6
rb1805,20170907,20170906,210127000,3878.0,11708,308562,453098620.0,3879.0,123,3878.0,3
rb1805,20170907,20170906,210127500,3878.0,11726,308578,453796680.0,3879.0,122,3878.0,6
rb1805,20170907,20170906,210128000,3878.0,11736,308582,454184500.0,3879.0,128,3878.0,2
rb1805,20170907,20170906,210128500,3878.0,11758,308572,455037840.0,3878.0,4,3877.0,37
rb1805,20170907,20170906,210129000,3878.0,11790,308584,456278880.0,3879.0,118,3878.0,11
rb1805,20170907,20170906,210129500,3879.0,11840,308544,458218280.0,3879.0,111,3878.0,8
rb1805,20170907,20170906,210130000,3877.0,11988,308452,463958300.0,3879.0,64,3877.0,30
rb1805,20170907,20170906,210130500,3876.0,12022,308468,465276500.0,3878.0,1,3877.0,3
rb1805,20170907,20170906,210131000,3877.0,12032,308470,465664280.0,3878.0,8,3877.0,3
rb1805,20170907,20170906,210131500,3878.0,12042,308472,466052040.0,3878.0,18,3877.0,1
rb1805,20170907,20170906,210132000,3876.0,12048,308474,466284620.0,3878.0,23,3876.0,9
rb1805,20170907,20170906,210132500,3877.0,12084,308456,467680100.0,3876.0,1,3875.0,78
rb1805,20170907,20170906,210133000,3877.0,12100,308448,468300360.0,3877.0,17,3876.0,50
rb1805,20170907,20170906,210133500,3877.0,12128,308450,469385900.0,3877.0,3,3876.0,9
rb1805,20170907,20170906,210134000,3876.0,12140,308454,469851100.0,3878.0,49,3876.0,29
rb1805,20170907,20170906,210134500,3876.0,12162,308450,470704100.0,3878.0,41,3876.0,52
rb1805,20170907,20170906,210135000,3878.0,12172,308456,471091880.0,3878.0,40,3877.0,15
rb1805,20170907,20170906,210135500,3877.0,12208,308456,472487600.0,3877.0,1,3876.0,32
rb1805,20170907,20170906,210136000,3878.0,12220,308458,472952940.0,3878.0,37,3877.0,1
rb1805,20170907,20170906,210136500,3877.0,12232,308460,473418200.0,3878.0,35,3876.0,49
rb1805,20170907,20170906,210137000,3876.0,12264,308456,474658700.0,3877.0,7,3876.0,26
rb1805,20170907,20170906,210137500,3876.0,12274,308456,475046300.0,3877.0,14,3876.0,21
rb1805,20170907,20170906,210138000,3876.0,12282,308456,475356420.0,3877.0,19,3876.0,20
rb1805,20170907,20170906,210138500,3877.0,12288,308456,475589040.0,3877.0,21,3876.0,20
rb1805,20170907,20170906,210139000,3876.0,12328,308438,477139440.0,3876.0,81,3875.0,81
rb1805,20170907,20170906,210139500,3877.0,12552,308440,485822260.0,3878.0,46,3875.0,91
rb1805,20170907,20170906,210140000,3877.0,12556,308442,485977340.0,3878.0,47,3877.0,14
rb1805,20170907,20170906,210140500,3877.0,12564,308448,486287520.0,3878.0,40,3877.0,18
rb1805,20170907,20170906,210141000,3877.0,12572,308454,486597680.0,3878.0,41,3877.0,15
rb1805,20170907,20170906,210141500,3876.0,12608,308482,487993360.0,3877.0,24,3876.0,5
rb1805,20170907,20170906,210142000,3876.0,12620,308476,488458500.0,3877.0,23,3875.0,90
rb1805,20170907,20170906,210142500,3877.0,12632,308488,488923720.0,3877.0,20,3876.0,42
rb1805,20170907,20170906,210143000,3877.0,12636,308492,489078800.0,3877.0,26,3876.0,43
rb1805,20170907,20170906,210143500,3877.0,12640,308492,489233860.0,3877.0,29,3876.0,43
rb1805,20170907,20170906,210144000,3877.0,12660,308490,490009240.0,3877.0,20,3876.0,42
rb1805,20170907,20170906,210144500,3877.0,12718,308486,492257820.0,3878.0,39,3877.0,14
rb1805,20170907,20170906,210145000,3876.0,12804,308426,495591460.0,3877.0,2,3876.0,10
rb1805,20170907,20170906,210145500,3877.0,12820,308416,496211780.0,3878.0,39,3877.0,5
rb1805,20170907,20170906,210146000,3877.0,12834,308416,496754560.0,3878.0,39,3876.0,21
rb1805,20170907,20170906,210146500,3877.0,12840,308416,496987180.0,3877.0,15,3876.0,26
rb1805,20170907,20170906,210147000,3877.0,12846,308414,497219800.0,3877.0,32,3876.0,26
rb1805,20170907,20170906,210147500,3876.0,12850,308410,497374840.0,3877.0,38,3876.0,34
rb1805,20170907,20170906,210148000,3876.0,12850,308410,497374840.0,3877.0,41,3876.0,29
rb1805,20170907,20170906,210148500,3877.0,12852,308410,497452380.0,3877.0,40,3876.0,30
rb1805,20170907,20170906,210149000,3877.0,12870,308408,498150240.0,3877.0,33,3876.0,30
rb1805,20170907,20170906,210149500,3877.0,12874,308406,498305300.0,3877.0,32,3876.0,38
rb1805,20170907,20170906,210150000,3877.0,12916,308408,499933640.0,3877.0,12,3876.0,39
rb1805,20170907,20170906,210150500,3877.0,12966,308398,501872140.0,3878.0,39,3877.0,47
rb1805,20170907,20170906,210151000,3877.0,12966,308398,501872140.0,3878.0,38,3877.0,39
rb1805,20170907,20170906,210151500,3877.0,13008,308428,503500880.0,3878.0,18,3877.0,25
rb1805,20170907,20170906,210152000,3878.0,13094,308456,506835440.0,3878.0,14,3877.0,1
rb1805,20170907,20170906,210152500,3876.0,13118,308464,507765720.0,3877.0,6,3876.0,38
rb1805,20170907,20170906,210153000,3877.0,13124,308464,507998340.0,3877.0,9,3876.0,39
rb1805,20170907,20170906,210153500,3877.0,13130,308462,508230960.0,3878.0,46,3877.0,1
rb1805,20170907,20170906,210154000,3877.0,13132,308460,508308500.0,3878.0,39,3876.0,39
rb1805,20170907,20170906,210154500,3877.0,13136,308460,508463580.0,3878.0,34,3877.0,8
rb1805,20170907,20170906,210155000,3878.0,13220,308480,511721100.0,3879.0,264,3878.0,20
rb1805,20170907,20170906,210155500,3878.0,13238,308480,512419140.0,3879.0,271,3878.0,11
rb1805,20170907,20170906,210156000,3878.0,13248,308488,512806940.0,3879.0,271,3878.0,9
rb1805,20170907,20170906,210156500,3879.0,13252,308488,512962100.0,3879.0,262,3878.0,9
rb1805,20170907,20170906,210157000,3878.0,13262,308494,513349900.0,3879.0,262,3878.0,4
rb1805,20170907,20170906,210157500,3878.0,13270,308496,513660140.0,3878.0,9,3877.0,65
rb1805,20170907,20170906,210158000,3879.0,13290,308494,514435760.0,3879.0,262,3878.0,2
rb1805,20170907,20170906,210158500,3878.0,13292,308496,514513320.0,3879.0,262,3878.0,3
rb1805,20170907,20170906,210159000,3878.0,13300,308500,514823560.0,3878.0,11,3877.0,54
rb1805,20170907,20170906,210159500,3878.0,13412,308546,519165960.0,3878.0,14,3877.0,6
rb1805,20170907,20170906,210200000,3877.0,13428,308560,519786280.0,3877.0,24,3876.0,42
rb1805,20170907,20170906,210200500,3876.0,13516,308542,523197160.0,3876.0,6,3875.0,124
rb1805,20170907,20170906,210201000,3875.0,13518,308542,523274660.0,3876.0,15,3875.0,99
rb1805,20170907,20170906,210201500,3877.0,13554,308524,524670060.0,3877.0,57,3875.0,98
rb1805,20170907,20170906,210202000,3877.0,13562,308532,524980160.0,3877.0,55,3876.0,1
rb1805,20170907,20170906,210202500,3876.0,13566,308532,525135200.0,3876.0,5,3875.0,97
rb1805,20170907,20170906,210203000,3877.0,13586,308538,525910440.0,3877.0,47,3876.0,19
rb1805,20170907,20170906,210203500,3876.0,13604,308556,526608120.0,3877.0,54,3876.0,25
rb1805,20170907,20170906,210204000,3877.0,13608,308554,526763200.0,3877.0,61,3876.0,25
rb1805,20170907,20170906,210204500,3877.0,13614,308554,526995820.0,3877.0,58,3876.0,33
rb1805,20170907,20170906,210205000,3876.0,13616,308556,527073340.0,3877.0,52,3876.0,33
rb1805,20170907,20170906,210205500,3876.0,13634,308546,527771020.0,3877.0,82,3876.0,29
rb1805,20170907,20170906,210206000,3876.0,13648,308544,528313660.0,3877.0,82,3876.0,22
rb1805,20170907,20170906,210206500,3876.0,13672,308522,529244100.0,3877.0,72,3876.0,23
rb1805,20170907,20170906,210207000,3877.0,13748,308554,532190580.0,3877.0,36,3876.0,27
rb1805,20170907,20170906,210207500,3876.0,13780,308542,533430900.0,3877.0,37,3876.0,18
rb1805,20170907,20170906,210208000,3876.0,13794,308552,533973660.0,3877.0,34,3876.0,17
rb1805,20170907,20170906,210208500,3876.0,13804,308550,534361260.0,3877.0,34,3876.0,12
rb1805,20170907,20170906,210209000,3876.0,13808,308550,534516300.0,3877.0,34,3876.0,4
rb1805,20170907,20170906,210209500,3876.0,13822,308550,535058940.0,3876.0,5,3875.0,104
rb1805,20170907,20170906,210210000,3877.0,13834,308550,535524080.0,3877.0,34,3876.0,3
rb1805,20170907,20170906,210210500,3875.0,14036,308396,543351640.0,3876.0,1,3875.0,7
rb1805,20170907,20170906,210211000,3877.0,14096,308396,545677820.0,3877.0,21,3875.0,13
rb1805,20170907,20170906,210211500,3876.0,14118,308392,546530540.0,3876.0,1,3875.0,25
rb1805,20170907,20170906,210212000,3877.0,14128,308390,546918180.0,3877.0,19,3876.0,7
rb1805,20170907,20170906,210212500,3876.0,14144,308378,547538380.0,3877.0,18,3876.0,7
rb1805,20170907,20170906,210213000,3876.0,14182,308384,549011280.0,3876.0,2,3875.0,22
rb1805,20170907,20170906,210213500,3877.0,14228,308396,550794640.0,3878.0,92,3877.0,44
rb1805,20170907,20170906,210214000,3877.0,14280,308424,552810680.0,3878.0,85,3877.0,18
rb1805,20170907,20170906,210214500,3876.0,14322,308462,554438980.0,3877.0,108,3876.0,3
rb1805,20170907,20170906,210215000,3875.0,14346,308454,555369060.0,3876.0,6,3875.0,17
rb1805,20170907,20170906,210215500,3876.0,14354,308450,555679140.0,3876.0,10,3875.0,4
rb1805,20170907,20170906,210216000,3875.0,14368,308444,556221640.0,3875.0,11,3874.0,28
rb1805,20170907,20170906,210216500,3875.0,14376,308452,556531640.0,3875.0,20,3874.0,21
rb1805,20170907,20170906,210217000,3875.0,14386,308458,556919140.0,3875.0,15,3874.0,21
rb1805,20170907,20170906,210217500,3875.0,14402,308450,557539080.0,3875.0,1,3874.0,20
rb1805,20170907,20170906,210218000,3875.0,14402,308450,557539080.0,3875.0,1,3874.0,20
rb1805,20170907,20170906,210218500,3876.0,14422,308430,558314260.0,3876.0,52,3874.0,26
rb1805,20170907,20170906,210219000,3874.0,14504,308386,561491060.0,3876.0,52,3874.0,1
rb1805,20170907,20170906,210219500,3874.0,14510,308390,561723500.0,3874.0,5,3873.0,47
rb1805,20170907,20170906,210220000,3874.0,14520,308388,562110900.0,3876.0,52,3874.0,53
rb1805,20170907,20170906,210220500,3874.0,14554,308378,563428060.0,3876.0,52,3874.0,17
rb1805,20170907,20170906,210221000,3874.0,14554,308378,563428060.0,3876.0,52,3875.0,1
rb1805,20170907,20170906,210221500,3874.0,14562,308378,563738000.0,3875.0,2,3874.0,14
rb1805,20170907,20170906,210222000,3874.0,14562,308378,563738000.0,3875.0,12,3874.0,15
rb1805,20170907,20170906,210222500,3874.0,14566,308376,563892980.0,3875.0,11,3874.0,3
rb1805,20170907,20170906,210223000,3874.0,14572,308374,564125420.0,3874.0,99,3873.0,44
rb1805,20170907,20170906,210223500,3874.0,14584,308362,564590300.0,3874.0,94,3873.0,14
rb1805,20170907,20170906,210224000,3874.0,14584,308362,564590300.0,3874.0,104,3873.0,14
rb1805,20170907,20170906,210224500,3873.0,14620,308374,565984580.0,3873.0,71,3872.0,70
rb1805,20170907,20170906,210225000,3872.0,14630,308366,566371840.0,3873.0,70,3872.0,61
rb1805,20170907,20170906,210225500,3872.0,14642,308360,566836520.0,3873.0,69,3872.0,58
rb1805,20170907,20170906,210226000,3872.0,14644,308358,566913960.0,3873.0,69,3872.0,57
rb1805,20170907,20170906,210226500,3873.0,14654,308356,567301260.0,3873.0,65,3872.0,82
rb1805,20170907,20170906,210227000,3873.0,14664,308356,567688560.0,3873.0,60,3872.0,90
rb1805,20170907,20170906,210227500,3873.0,14676,308358,568153320.0,3873.0,54,3872.0,109
rb1805,20170907,20170906,210228000,3872.0,14680,308356,568308200.0,3873.0,54,3872.0,114
rb1805,20170907,20170906,210228500,3873.0,14716,308360,569702480.0,3873.0,36,3872.0,114
rb1805,20170907,20170906,210229000,3873.0,14790,308396,572568480.0,3874.0,113,3873.0,20
rb1805,20170907,20170906,210229500,3872.0,14854,308410,575047160.0,3873.0,3,3872.0,98
rb1805,20170907,20170906,210230000,3873.0,15056,308440,582868660.0,3873.0,52,3872.0,3
rb1805,20170907,20170906,210230500,3872.0,15062,308442,583100980.0,3873.0,57,3872.0,1
rb1805,20170907,20170906,210231000,3871.0,15090,308446,584184920.0,3873.0,179,3871.0,46
rb1805,20170907,20170906,210231500,3872.0,15114,308424,585114140.0,3872.0,91,3871.0,46
rb1805,20170907,20170906,210232000,3871.0,15156,308418,586739980.0,3872.0,91,3871.0,29
rb1805,20170907,20170906,210232500,3872.0,15164,308418,587049720.0,3872.0,89,3871.0,38
rb1805,20170907,20170906,210233000,3871.0,15176,308414,587514300.0,3872.0,88,3871.0,35
rb1805,20170907,20170906,210233500,3871.0,15228,308428,589527220.0,3872.0,88,3871.0,11
rb1805,20170907,20170906,210234000,3871.0,15250,308426,590378840.0,3871.0,36,3870.0,88
rb1805,20170907,20170906,210234500,3870.0,15290,308452,591926840.0,3871.0,35,3870.0,68
rb1805,20170907,20170906,210235000,3870.0,15350,308446,594248840.0,3871.0,42,3870.0,39
rb1805,20170907,20170906,210235500,3870.0,15352,308448,594326240.0,3871.0,45,3870.0,46
rb1805,20170907,20170906,210236000,3872.0,15446,308468,597965020.0,3872.0,105,3871.0,1
rb1805,20170907,20170906,210236500,3870.0,15454,308464,598274640.0,3871.0,4,3870.0,43
rb1805,20170907,20170906,210237000,3871.0,15466,308460,598739160.0,3872.0,105,3871.0,28
rb1805,20170907,20170906,210237500,3872.0,15472,308456,598971480.0,3872.0,102,3871.0,13
rb1805,20170907,20170906,210238000,3871.0,15488,308460,599590820.0,3871.0,26,3870.0,46
rb1805,20170907,20170906,210238500,3870.0,15548,308510,601913400.0,3871.0,6,3870.0,48
rb1805,20170907,20170906,210239000,3871.0,15616,308460,604545680.0,3872.0,105,3871.0,7
rb1805,20170907,20170906,210239500,3870.0,15644,308470,605629540.0,3871.0,1,3870.0,48
rb1805,20170907,20170906,210240000,3872.0,15668,308446,606558800.0,3871.0,3,3870.0,48
rb1805,20170907,20170906,210240500,3871.0,15686,308442,607255580.0,3872.0,85,3871.0,4
rb1805,20170907,20170906,210241000,3871.0,15688,308440,607333000.0,3872.0,76,3871.0,76
rb1805,20170907,20170906,210241500,3871.0,15694,308438,607565260.0,3872.0,85,3871.0,74
rb1805,20170907,20170906,210242000,3871.0,16052,308566,621422080.0,3871.0,10,3870.0,20
rb1805,20170907,20170906,210242500,3871.0,16066,308576,621964000.0,3871.0,54,3870.0,19
rb1805,20170907,20170906,210243000,3870.0,16076,308574,622351080.0,3871.0,51,3870.0,18
rb1805,20170907,20170906,210243500,3871.0,16102,308600,623357300.0,3871.0,53,3870.0,14
rb1805,20170907,20170906,210244000,3871.0,16150,308612,625215380.0,3871.0,30,3870.0,15
rb1805,20170907,20170906,210244500,3870.0,16164,308618,625757280.0,3871.0,37,3870.0,20
rb1805,20170907,20170906,210245000,3871.0,16174,308628,626144380.0,3871.0,34,3870.0,34
rb1805,20170907,20170906,210245500,3871.0,16214,308638,627692580.0,3871.0,25,3870.0,24
rb1805,20170907,20170906,210246000,3871.0,16214,308638,627692580.0,3871.0,25,3870.0,24
rb1805,20170907,20170906,210246500,3871.0,16216,308640,627770000.0,3871.0,24,3870.0,11
rb1805,20170907,20170906,210247000,3871.0,16216,308640,627770000.0,3871.0,24,3870.0,14
rb1805,20170907,20170906,210247500,3871.0,16252,308650,629163500.0,3871.0,15,3870.0,9
rb1805,20170907,20170906,210248000,3871.0,16252,308650,629163500.0,3871.0,27,3870.0,15
rb1805,20170907,20170906,210248500,3872.0,16394,308592,634659880.0,3872.0,73,3870.0,1
rb1805,20170907,20170906,210249000,3870.0,16580,308460,641857920.0,3870.0,3,3869.0,14
rb1805,20170907,20170906,210249500,3871.0,16588,308460,642167540.0,3871.0,12,3870.0,24
rb1805,20170907,20170906,210250000,3871.0,16602,308458,642709480.0,3871.0,3,3870.0,19
rb1805,20170907,20170906,210250500,3871.0,16608,308454,642941700.0,3871.0,18,3870.0,19
rb1805,20170907,20170906,210251000,3870.0,16610,308454,643019100.0,3871.0,17,3870.0,19
rb1805,20170907,20170906,210251500,3871.0,16642,308436,644257720.0,3871.0,7,3870.0,20
rb1805,20170907,20170906,210252000,3870.0,16656,308434,644799560.0,3871.0,5,3870.0,15
rb1805,20170907,20170906,210252500,3870.0,16690,308418,646115380.0,3871.0,41,3870.0,19
rb1805,20170907,20170906,210253000,3870.0,16736,308448,647895580.0,3870.0,3,3869.0,25
rb1805,20170907,20170906,210253500,3870.0,16742,308444,648127780.0,3871.0,43,3870.0,15
rb1805,20170907,20170906,210254000,3870.0,16746,308442,648282600.0,3871.0,43,3870.0,16
rb1805,20170907,20170906,210254500,3871.0,16758,308438,648747120.0,3871.0,37,3870.0,19
rb1805,20170907,20170906,210255000,3871.0,16758,308438,648747120.0,3871.0,31,3870.0,25
rb1805,20170907,20170906,210255500,3870.0,16770,308430,649211620.0,3871.0,26,3870.0,49
rb1805,20170907,20170906,210256000,3871.0,16806,308440,650604880.0,3871.0,23,3870.0,33
rb1805,20170907,20170906,210256500,3871.0,16806,308440,650604880.0,3871.0,24,3870.0,34
rb1805,20170907,20170906,210257000,3871.0,16808,308440,650682300.0,3871.0,22,3870.0,35
rb1805,20170907,20170906,210257500,3871.0,16826,308440,651379020.0,3871.0,16,3870.0,33
rb1805,20170907,20170906,210258000,3871.0,16826,308440,651379020.0,3871.0,16,3870.0,33
rb1805,20170907,20170906,210258500,3871.0,16854,308458,652462900.0,3872.0,74,3871.0,11
rb1805,20170907,20170906,210259000,3871.0,16876,308460,653314520.0,3871.0,1,3870.0,34
rb1805,20170907,20170906,210259500,3871.0,16880,308462,653469360.0,3872.0,74,3871.0,2
rb1805,20170907,20170906,210300000,3871.0,16896,308474,654088620.0,3871.0,1,3870.0,36
rb1805,20170907,20170906,210300500,3871.0,16908,308476,654553140.0,3872.0,69,3870.0,35
rb1805,20170907,20170906,210301000,3871.0,16912,308476,654708000.0,3872.0,66,3871.0,26
rb1805,20170907,20170906,210301500,3872.0,16922,308476,655095200.0,3872.0,62,3871.0,33
rb1805,20170907,20170906,210302000,3872.0,17046,308462,659896480.0,3873.0,163,3872.0,27
rb1805,20170907,20170906,210302500,3872.0,17050,308460,660051360.0,3873.0,163,3872.0,27
rb1805,20170907,20170906,210303000,3872.0,17054,308460,660206260.0,3873.0,192,3872.0,5
rb1805,20170907,20170906,210303500,3873.0,17060,308464,660438600.0,3873.0,162,3872.0,14
rb1805,20170907,20170906,210304000,3873.0,17064,308466,660593500.0,3873.0,131,3872.0,20
rb1805,20170907,20170906,210304500,3873.0,17072,308464,660903340.0,3873.0,127,3872.0,27
rb1805,20170907,20170906,210305000,3873.0,17074,308462,660980800.0,3873.0,126,3872.0,29
rb1805,20170907,20170906,210305500,3873.0,17124,308448,662917260.0,3873.0,103,3872.0,57
rb1805,20170907,20170906,210306000,3872.0,17280,308414,668958940.0,3873.0,35,3872.0,51
rb1805,20170907,20170906,210306500,3873.0,17352,308364,671747500.0,3874.0,106,3873.0,74
rb1805,20170907,20170906,210307000,3874.0,17580,308370,680580240.0,3875.0,33,3874.0,2
rb1805,20170907,20170906,210307500,3874.0,17580,308370,680580240.0,3875.0,32,3874.0,9
rb1805,20170907,20170906,210308000,3875.0,17608,308382,681665220.0,3875.0,19,3874.0,8
rb1805,20170907,20170906,210308500,3874.0,17612,308382,681820200.0,3875.0,44,3874.0,9
rb1805,20170907,20170906,210309000,3874.0,17626,308384,682362580.0,3875.0,37,3874.0,9
rb1805,20170907,20170906,210309500,3875.0,17628,308386,682440080.0,3875.0,36,3874.0,15
rb1805,20170907,20170906,210310000,3875.0,17636,308392,682750040.0,3875.0,35,3874.0,1
rb1805,20170907,20170906,210310500,3875.0,17668,308362,683989980.0,3874.0,1,3873.0,44
rb1805,20170907,20170906,210311000,3874.0,17736,308364,686624920.0,3876.0,51,3873.0,44
rb1805,20170907,20170906,210311500,3874.0,17736,308364,686624920.0,3874.0,10,3873.0,52
rb1805,20170907,20170906,210312000,3875.0,17758,308344,687477220.0,3875.0,2,3874.0,4
rb1805,20170907,20170906,210312500,3873.0,17782,308344,688406960.0,3874.0,2,3873.0,43
rb1805,20170907,20170906,210313000,3874.0,17786,308340,688561920.0,3875.0,3,3873.0,50
rb1805,20170907,20170906,210313500,3874.0,17786,308340,688561920.0,3875.0,27,3874.0,18
rb1805,20170907,20170906,210314000,3874.0,17788,308340,688639400.0,3875.0,47,3874.0,17
rb1805,20170907,20170906,210314500,3874.0,17788,308340,688639400.0,3875.0,55,3874.0,24
rb1805,20170907,20170906,210315000,3875.0,17840,308378,690653900.0,3875.0,54,3873.0,45
rb1805,20170907,20170906,210315500,3875.0,17840,308378,690653900.0,3875.0,74,3874.0,14
rb1805,20170907,20170906,210316000,3875.0,17844,308378,690808900.0,3875.0,72,3874.0,44
rb1805,20170907,20170906,210316500,3874.0,17848,308380,690963880.0,3875.0,99,3874.0,43
rb1805,20170907,20170906,210317000,3874.0,17848,308380,690963880.0,3875.0,100,3874.0,43
rb1805,20170907,20170906,210317500,3875.0,17858,308380,691351380.0,3875.0,95,3874.0,45
rb1805,20170907,20170906,210318000,3875.0,17994,308252,696621360.0,3875.0,28,3874.0,45
rb1805,20170907,20170906,210318500,3875.0,18044,308252,698558860.0,3875.0,3,3874.0,45
rb1805,20170907,20170906,210319000,3875.0,18052,308254,698868840.0,3876.0,54,3875.0,1
rb1805,20170907,20170906,210319500,3875.0,18054,308252,698946340.0,3876.0,54,3875.0,5
rb1805,20170907,20170906,210320000,3875.0,18068,308246,699488880.0,3875.0,1,3874.0,44
rb1805,20170907,20170906,210320500,3875.0,18072,308246,699643880.0,3876.0,55,3875.0,1
rb1805,20170907,20170906,210321000,3875.0,18072,308246,699643880.0,3876.0,55,3875.0,3
rb1805,20170907,20170906,210321500,3875.0,18078,308246,699876380.0,3876.0,55,3875.0,1
rb1805,20170907,20170906,210322000,3875.0,18082,308242,700031380.0,3875.0,52,3874.0,44
rb1805,20170907,20170906,210322500,3875.0,18124,308202,701658880.0,3875.0,31,3874.0,47
rb1805,20170907,20170906,210323000,3874.0,18126,308202,701736360.0,3875.0,31,3874.0,46
rb1805,20170907,20170906,210323500,3876.0,18190,308166,704216380.0,3876.0,55,3874.0,16
rb1805,20170907,20170906,210324000,3875.0,18248,308144,706464280.0,3875.0,11,3874.0,18
rb1805,20170907,20170906,210324500,3876.0,18288,308128,708014460.0,3876.0,27,3875.0,22
rb1805,20170907,20170906,210325000,3875.0,18292,308126,708169480.0,3876.0,26,3875.0,34
rb1805,20170907,20170906,210325500,3875.0,18318,308100,709177000.0,3876.0,26,3875.0,23
rb1805,20170907,20170906,210326000,3876.0,18338,308094,709952200.0,3876.0,15,3875.0,23
rb1805,20170907,20170906,210326500,3876.0,18350,308092,710417300.0,3876.0,10,3875.0,24
rb1805,20170907,20170906,210327000,3876.0,18370,308076,711192500.0,3877.0,105,3875.0,25
rb1805,20170907,20170906,210327500,3876.0,18370,308076,711192500.0,3877.0,78,3876.0,11
rb1805,20170907,20170906,210328000,3877.0,18460,308012,714681780.0,3877.0,33,3876.0,40
rb1805,20170907,20170906,210328500,3876.0,18540,308004,717783280.0,3878.0,141,3876.0,35
rb1805,20170907,20170906,210329000,3876.0,18540,308004,717783280.0,3878.0,139,3876.0,48
rb1805,20170907,20170906,210329500,3876.0,18552,307994,718248400.0,3877.0,5,3876.0,42
rb1805,20170907,20170906,210330000,3878.0,18566,307984,718791220.0,3878.0,138,3877.0,5
rb1805,20170907,20170906,210330500,3877.0,18592,307982,719799220.0,3877.0,5,3876.0,36
rb1805,20170907,20170906,210331000,3878.0,18802,307872,727943020.0,3878.0,33,3877.0,10
rb1805,20170907,20170906,210331500,3878.0,18806,307870,728098120.0,3878.0,63,3877.0,9
rb1805,20170907,20170906,210332000,3877.0,18822,307854,728718440.0,3878.0,63,3877.0,8
rb1805,20170907,20170906,210332500,3877.0,18834,307856,729183680.0,3878.0,65,3877.0,28
rb1805,20170907,20170906,210333000,3877.0,18834,307856,729183680.0,3878.0,95,3877.0,35
rb1805,20170907,20170906,210333500,3878.0,18996,307932,735466020.0,3879.0,62,3878.0,1
rb1805,20170907,20170906,210334000,3877.0,19000,307932,735621120.0,3878.0,30,3877.0,34
rb1805,20170907,20170906,210334500,3878.0,19008,307930,735931360.0,3878.0,28,3877.0,34
rb1805,20170907,20170906,210335000,3878.0,19010,307930,736008920.0,3878.0,28,3877.0,34
rb1805,20170907,20170906,210335500,3878.0,19070,307874,738335720.0,3879.0,63,3878.0,9
rb1805,20170907,20170906,210336000,3879.0,19200,307782,743378420.0,3880.0,175,3879.0,12
rb1805,20170907,20170906,210336500,3879.0,19304,307734,747413380.0,3880.0,136,3879.0,7
rb1805,20170907,20170906,210337000,3880.0,19452,307650,753155760.0,3880.0,65,3879.0,11
rb1805,20170907,20170906,210337500,3880.0,19580,307560,758122140.0,3880.0,2,3879.0,41
rb1805,20170907,20170906,210338000,3881.0,19668,307530,761537200.0,3882.0,74,3881.0,13
rb1805,20170907,20170906,210338500,3880.0,19852,307450,768679120.0,3881.0,27,3880.0,83
rb1805,20170907,20170906,210339000,3880.0,19966,307392,773103160.0,3881.0,20,3880.0,63
rb1805,20170907,20170906,210339500,3880.0,20002,307356,774500040.0,3881.0,57,3880.0,60
rb1805,20170907,20170906,210340000,3881.0,20070,307328,777138800.0,3881.0,40,3880.0,51
rb1805,20170907,20170906,210340500,3880.0,20078,307326,777449260.0,3881.0,37,3880.0,52
rb1805,20170907,20170906,210341000,3880.0,20092,307314,777992480.0,3881.0,37,3880.0,50
rb1805,20170907,20170906,210341500,3880.0,20102,307308,778380520.0,3881.0,40,3880.0,51
rb1805,20170907,20170906,210342000,3880.0,20210,307382,782570920.0,3880.0,37,3879.0,31
rb1805,20170907,20170906,210342500,3880.0,20230,307366,783346920.0,3880.0,28,3879.0,31
rb1805,20170907,20170906,210343000,3880.0,20240,307360,783734940.0,3881.0,41,3880.0,7
rb1805,20170907,20170906,210343500,3880.0,20256,307364,784355740.0,3880.0,2,3879.0,23
rb1805,20170907,20170906,210344000,3880.0,20258,307366,784433340.0,3880.0,9,3879.0,23
rb1805,20170907,20170906,210344500,3880.0,20290,307366,785674940.0,3881.0,52,3880.0,15
rb1805,20170907,20170906,210345000,3879.0,20352,307388,788080380.0,3880.0,13,3879.0,8
rb1805,20170907,20170906,210345500,3881.0,20384,307380,789322020.0,3881.0,54,3880.0,14
rb1805,20170907,20170906,210346000,3881.0,20418,307358,790641260.0,3881.0,54,3880.0,7
rb1805,20170907,20170906,210346500,3880.0,20520,307324,794599700.0,3881.0,15,3880.0,8
rb1805,20170907,20170906,210347000,3880.0,20616,307262,798325100.0,3882.0,31,3880.0,21
rb1805,20170907,20170906,210347500,3881.0,20620,307260,798480320.0,3882.0,33,3881.0,4
rb1805,20170907,20170906,210348000,3881.0,20638,307254,799178820.0,3881.0,13,3880.0,19
rb1805,20170907,20170906,210348500,3881.0,20702,307228,801662700.0,3881.0,5,3880.0,16
rb1805,20170907,20170906,210349000,3881.0,20738,307216,803059860.0,3882.0,27,3881.0,86
rb1805,20170907,20170906,210349500,3881.0,20744,307216,803292720.0,3882.0,33,3881.0,84
rb1805,20170907,20170906,210350000,3882.0,20750,307212,803525640.0,3882.0,33,3881.0,86
rb1805,20170907,20170906,210350500,3881.0,20780,307188,804690200.0,3882.0,70,3881.0,83
rb1805,20170907,20170906,210351000,3882.0,20790,307194,805078340.0,3882.0,85,3881.0,80
rb1805,20170907,20170906,210351500,3881.0,20950,307234,811287940.0,3881.0,135,3880.0,23
rb1805,20170907,20170906,210352000,3881.0,21058,307156,815479420.0,3881.0,58,3880.0,28
rb1805,20170907,20170906,210352500,3881.0,21130,307122,818273720.0,3881.0,23,3880.0,22
rb1805,20170907,20170906,210353000,3880.0,21190,307086,820602380.0,3882.0,152,3880.0,17
rb1805,20170907,20170906,210353500,3881.0,21196,307084,820835240.0,3882.0,178,3881.0,2
rb1805,20170907,20170906,210354000,3881.0,21234,307086,822309700.0,3881.0,39,3880.0,1
rb1805,20170907,20170906,210354500,3880.0,21306,307098,825103700.0,3880.0,1,3879.0,56
rb1805,20170907,20170906,210355000,3882.0,21382,307066,828053600.0,3882.0,104,3880.0,6
rb1805,20170907,20170906,210355500,3882.0,21744,307120,842107540.0,3884.0,62,3882.0,11
rb1805,20170907,20170906,210356000,3882.0,21814,307104,844825120.0,3884.0,55,3882.0,6
rb1805,20170907,20170906,210356500,3880.0,21886,307154,847619100.0,3881.0,1,3880.0,39
rb1805,20170907,20170906,210357000,3881.0,21896,307154,848007200.0,3882.0,16,3881.0,8
rb1805,20170907,20170906,210357500,3882.0,21906,307158,848395400.0,3883.0,38,3882.0,43
rb1805,20170907,20170906,210358000,3881.0,22074,307066,854916180.0,3881.0,17,3880.0,24
rb1805,20170907,20170906,210358500,3882.0,22176,306998,858875500.0,3883.0,49,3882.0,5
rb1805,20170907,20170906,210359000,3882.0,22190,306998,859418980.0,3882.0,14,3881.0,100
rb1805,20170907,20170906,210359500,3882.0,22286,307038,863145700.0,3883.0,68,3882.0,103
rb1805,20170907,20170906,210400000,3882.0,22294,307038,863456280.0,3883.0,67,3882.0,112
rb1805,20170907,20170906,210400500,3882.0,22568,307110,874095360.0,3884.0,60,3882.0,82
rb1805,20170907,20170906,210401000,3882.0,22568,307110,874095360.0,3883.0,3,3882.0,82
rb1805,20170907,20170906,210401500,3883.0,22580,307108,874561320.0,3884.0,60,3882.0,92
rb1805,20170907,20170906,210402000,3882.0,22618,307088,876036580.0,3883.0,15,3882.0,78
rb1805,20170907,20170906,210402500,3882.0,22618,307088,876036580.0,3883.0,31,3882.0,78
rb1805,20170907,20170906,210403000,3883.0,22646,307066,877123560.0,3883.0,32,3882.0,67
rb1805,20170907,20170906,210403500,3883.0,22664,307066,877822360.0,3883.0,57,3882.0,60
rb1805,20170907,20170906,210404000,3883.0,22776,306994,882170260.0,3883.0,90,3882.0,5
rb1805,20170907,20170906,210404500,3882.0,22802,306984,883179580.0,3882.0,18,3881.0,40
rb1805,20170907,20170906,210405000,3881.0,22810,306984,883490080.0,3882.0,18,3881.0,39
rb1805,20170907,20170906,210405500,3882.0,22818,306984,883800600.0,3882.0,26,3881.0,35
rb1805,20170907,20170906,210406000,3881.0,22828,306986,884188720.0,3882.0,25,3881.0,32
rb1805,20170907,20170906,210406500,3882.0,22830,306986,884266360.0,3882.0,30,3881.0,34
rb1805,20170907,20170906,210407000,3882.0,22856,306980,885275460.0,3882.0,41,3881.0,23
rb1805,20170907,20170906,210407500,3882.0,22956,307050,889157400.0,3883.0,92,3882.0,3
rb1805,20170907,20170906,210408000,3882.0,22966,307050,889545600.0,3882.0,25,3881.0,22
rb1805,20170907,20170906,210408500,3882.0,22984,307050,890244320.0,3882.0,11,3881.0,20
rb1805,20170907,20170906,210409000,3881.0,22990,307050,890477180.0,3882.0,15,3881.0,20
rb1805,20170907,20170906,210409500,3881.0,23034,307028,892184840.0,3882.0,19,3881.0,5
rb1805,20170907,20170906,210410000,3881.0,23044,307028,892572940.0,3882.0,24,3880.0,54
rb1805,20170907,20170906,210410500,3881.0,23048,307028,892728180.0,3881.0,1,3880.0,52
rb1805,20170907,20170906,210411000,3880.0,23050,307030,892805780.0,3881.0,1,3880.0,74
rb1805,20170907,20170906,210411500,3880.0,23052,307030,892883380.0,3881.0,3,3880.0,73
rb1805,20170907,20170906,210412000,3881.0,23062,307032,893271480.0,3881.0,13,3880.0,71
rb1805,20170907,20170906,210412500,3881.0,23074,307032,893737160.0,3881.0,10,3880.0,70
rb1805,20170907,20170906,210413000,3880.0,23084,307034,894125180.0,3881.0,11,3880.0,66
rb1805,20170907,20170906,210413500,3880.0,23088,307038,894280380.0,3881.0,11,3880.0,64
rb1805,20170907,20170906,210414000,3880.0,23088,307038,894280380.0,3881.0,31,3880.0,66
rb1805,20170907,20170906,210414500,3881.0,23318,306932,903205360.0,3882.0,39,3881.0,23
rb1805,20170907,20170906,210415000,3881.0,23364,306906,904990620.0,3881.0,109,3880.0,1
rb1805,20170907,20170906,210415500,3880.0,23394,306886,906154620.0,3880.0,2,3879.0,32
rb1805,20170907,20170906,210416000,3879.0,23424,306888,907318460.0,3881.0,49,3879.0,15
rb1805,20170907,20170906,210416500,3879.0,23428,306888,907473660.0,3881.0,58,3879.0,22
rb1805,20170907,20170906,210417000,3881.0,23430,306888,907551280.0,3880.0,10,3879.0,29
rb1805,20170907,20170906,210417500,3880.0,23498,306896,910189780.0,3881.0,33,3880.0,7
rb1805,20170907,20170906,210418000,3880.0,23500,306896,910267380.0,3881.0,20,3880.0,6
rb1805,20170907,20170906,210418500,3880.0,23538,306894,911741780.0,3880.0,1,3879.0,46
rb1805,20170907,20170906,210419000,3880.0,23538,306894,911741780.0,3880.0,1,3879.0,45
rb1805,20170907,20170906,210419500,3880.0,23550,306906,912207380.0,3881.0,44,3880.0,24
rb1805,20170907,20170906,210420000,3881.0,23586,306880,913604540.0,3881.0,26,3880.0,29
rb1805,20170907,20170906,210420500,3880.0,23636,306928,915544540.0,3881.0,30,3880.0,6
rb1805,20170907,20170906,210421000,3880.0,23640,306928,915699740.0,3881.0,31,3880.0,7
rb1805,20170907,20170906,210421500,3880.0,23642,306928,915777340.0,3881.0,33,3880.0,6
rb1805,20170907,20170906,210422000,3880.0,23644,306926,915854940.0,3881.0,29,3880.0,19
rb1805,20170907,20170906,210422500,3880.0,23658,306914,916398140.0,3881.0,39,3880.0,14
rb1805,20170907,20170906,210423000,3880.0,23708,306942,918338140.0,3880.0,8,3879.0,52
rb1805,20170907,20170906,210423500,3880.0,23708,306942,918338140.0,3880.0,46,3879.0,51
rb1805,20170907,20170906,210424000,3880.0,23726,306940,919036540.0,3880.0,34,3879.0,58
rb1805,20170907,20170906,210424500,3879.0,23736,306936,919424520.0,3880.0,34,3879.0,55
rb1805,20170907,20170906,210425000,3879.0,23736,306936,919424520.0,3880.0,71,3879.0,54
rb1805,20170907,20170906,210425500,3879.0,23736,306936,919424520.0,3880.0,71,3879.0,54
rb1805,20170907,20170906,210426000,3880.0,23878,307018,924934120.0,3881.0,41,3879.0,54
rb1805,20170907,20170906,210426500,3880.0,23878,307018,924934120.0,3880.0,2,3879.0,54
rb1805,20170907,20170906,210427000,3880.0,23888,307016,925322120.0,3881.0,48,3880.0,4
rb1805,20170907,20170906,210427500,3879.0,23900,307008,925787680.0,3881.0,48,3880.0,8
rb1805,20170907,20170906,210428000,3880.0,23904,307008,925942880.0,3881.0,48,3880.0,7
rb1805,20170907,20170906,210428500,3880.0,23910,307008,926175680.0,3881.0,48,3880.0,5
rb1805,20170907,20170906,210429000,3880.0,23960,307002,928115680.0,3881.0,48,3880.0,38
rb1805,20170907,20170906,210429500,3880.0,23972,307004,928581280.0,3881.0,48,3880.0,37
rb1805,20170907,20170906,210430000,3880.0,23972,307004,928581280.0,3881.0,49,3880.0,37
rb1805,20170907,20170906,210430500,3881.0,23974,307006,928658900.0,3881.0,48,3880.0,45
rb1805,20170907,20170906,210431000,3880.0,23976,307008,928736500.0,3881.0,48,3880.0,44
rb1805,20170907,20170906,210431500,3880.0,23986,307010,929124580.0,3881.0,44,3880.0,43
rb1805,20170907,20170906,210432000,3880.0,23992,307012,929357380.0,3881.0,45,3880.0,42
rb1805,20170907,20170906,210432500,3880.0,24012,307012,930133380.0,3881.0,55,3880.0,32
rb1805,20170907,20170906,210433000,3880.0,24014,307012,930210980.0,3881.0,55,3880.0,24
rb1805,20170907,20170906,210433500,3881.0,24098,307014,933471020.0,3881.0,32,3880.0,32
rb1805,20170907,20170906,210434000,3881.0,24114,307010,934091940.0,3881.0,26,3880.0,31
rb1805,20170907,20170906,210434500,3881.0,24166,307048,936110060.0,3882.0,81,3881.0,3
rb1805,20170907,20170906,210435000,3881.0,24168,307048,936187680.0,3882.0,74,3881.0,6
rb1805,20170907,20170906,210435500,3882.0,24174,307048,936420580.0,3882.0,72,3881.0,15
rb1805,20170907,20170906,210436000,3881.0,24210,307074,937818020.0,3882.0,56,3881.0,12
rb1805,20170907,20170906,210436500,3882.0,24214,307078,937973280.0,3882.0,75,3881.0,12
rb1805,20170907,20170906,210437000,3881.0,24222,307078,938283760.0,3882.0,75,3881.0,9
rb1805,20170907,20170906,210437500,3882.0,24226,307080,938439040.0,3882.0,73,3881.0,5
rb1805,20170907,20170906,210438000,3882.0,24228,307078,938516680.0,3882.0,72,3881.0,5
rb1805,20170907,20170906,210438500,3882.0,24232,307080,938671940.0,3882.0,71,3881.0,4
rb1805,20170907,20170906,210439000,3881.0,24236,307080,938827180.0,3882.0,71,3881.0,2
rb1805,20170907,20170906,210439500,3882.0,24248,307074,939292940.0,3882.0,69,3880.0,25
rb1805,20170907,20170906,210440000,3882.0,24248,307074,939292940.0,3882.0,69,3881.0,17
rb1805,20170907,20170906,210440500,3881.0,24254,307078,939525800.0,3882.0,69,3881.0,14
rb1805,20170907,20170906,210441000,3881.0,24254,307078,939525800.0,3882.0,69,3881.0,6
rb1805,20170907,20170906,210441500,3881.0,24274,307078,940302020.0,3882.0,68,3881.0,12
rb1805,20170907,20170906,210442000,3881.0,24306,307098,941543940.0,3881.0,7,3880.0,30
rb1805,20170907,20170906,210442500,3881.0,24320,307098,942087280.0,3882.0,68,3881.0,1
rb1805,20170907,20170906,210443000,3881.0,24324,307098,942242520.0,3881.0,3,3880.0,36
rb1805,20170907,20170906,210443500,3881.0,24332,307100,942553000.0,3882.0,68,3881.0,6
rb1805,20170907,20170906,210444000,3881.0,24332,307100,942553000.0,3882.0,69,3881.0,6
rb1805,20170907,20170906,210444500,3881.0,24336,307100,942708240.0,3882.0,69,3881.0,10
rb1805,20170907,20170906,210445000,3882.0,24348,307106,943173980.0,3882.0,68,3881.0,20
rb1805,20170907,20170906,210445500,3881.0,24404,307072,945347340.0,3882.0,68,3881.0,2
rb1805,20170907,20170906,210446000,3881.0,24410,307076,945580200.0,3881.0,15,3880.0,45
rb1805,20170907,20170906,210446500,3880.0,24412,307076,945657800.0,3881.0,10,3880.0,38
rb1805,20170907,20170906,210447000,3881.0,24414,307078,945735420.0,3881.0,19,3880.0,41
rb1805,20170907,20170906,210447500,3881.0,24414,307078,945735420.0,3881.0,35,3880.0,42
rb1805,20170907,20170906,210448000,3881.0,24414,307078,945735420.0,3881.0,40,3880.0,42
rb1805,20170907,20170906,210448500,3881.0,24424,307088,946123520.0,3881.0,39,3880.0,43
rb1805,20170907,20170906,210449000,3880.0,24428,307090,946278740.0,3881.0,53,3880.0,42
rb1805,20170907,20170906,210449500,3881.0,24436,307096,946589220.0,3881.0,59,3880.0,42
rb1805,20170907,20170906,210450000,3881.0,24436,307096,946589220.0,3881.0,75,3880.0,41
rb1805,20170907,20170906,210450500,3880.0,24440,307096,946744440.0,3881.0,81,3880.0,40
rb1805,20170907,20170906,210451000,3881.0,24458,307104,947442900.0,3881.0,79,3880.0,34
rb1805,20170907,20170906,210451500,3880.0,24514,307152,949615720.0,3881.0,75,3880.0,13
rb1805,20170907,20170906,210452000,3880.0,24540,307150,950624520.0,3880.0,14,3879.0,82
rb1805,20170907,20170906,210452500,3880.0,24572,307150,951866120.0,3880.0,3,3879.0,62
rb1805,20170907,20170906,210453000,3881.0,24580,307148,952176540.0,3881.0,71,3879.0,62
rb1805,20170907,20170906,210453500,3881.0,24580,307148,952176540.0,3880.0,1,3879.0,62
rb1805,20170907,20170906,210454000,3880.0,24582,307148,952254140.0,3881.0,56,3880.0,15
rb1805,20170907,20170906,210454500,3880.0,24586,307150,952409360.0,3881.0,50,3880.0,14
rb1805,20170907,20170906,210455000,3880.0,24588,307150,952486960.0,3881.0,51,3880.0,17
rb1805,20170907,20170906,210455500,3880.0,24592,307154,952642160.0,3881.0,51,3880.0,16
rb1805,20170907,20170906,210456000,3880.0,24592,307154,952642160.0,3881.0,63,3880.0,21
rb1805,20170907,20170906,210456500,3881.0,24620,307156,953728820.0,3881.0,48,3880.0,21
rb1805,20170907,20170906,210457000,3881.0,24732,307166,958075540.0,3882.0,73,3881.0,33
rb1805,20170907,20170906,210457500,3882.0,24738,307162,958308440.0,3882.0,71,3881.0,20
rb1805,20170907,20170906,210458000,3881.0,24748,307154,958696540.0,3882.0,71,3881.0,1
rb1805,20170907,20170906,210458500,3881.0,24758,307160,959084580.0,3882.0,71,3881.0,5
rb1805,20170907,20170906,210459000,3882.0,24760,307160,959162220.0,3882.0,71,3881.0,7
rb1805,20170907,20170906,210459500,3881.0,24762,307160,959239840.0,3882.0,71,3881.0,7
rb1805,20170907,20170906,210500000,3881.0,24762,307160,959239840.0,3882.0,71,3881.0,9
rb1805,20170907,20170906,210500500,3881.0,24782,307172,960016040.0,3882.0,71,3881.0,23
rb1805,20170907,20170906,210501000,3881.0,24784,307172,960093660.0,3882.0,71,3881.0,34
rb1805,20170907,20170906,210501500,3881.0,24824,307140,961646060.0,3882.0,71,3881.0,22
rb1805,20170907,20170906,210502000,3881.0,24824,307140,961646060.0,3882.0,71,3881.0,22
rb1805,20170907,20170906,210502500,3881.0,24826,307142,961723680.0,3882.0,71,3881.0,13
rb1805,20170907,20170906,210503000,3882.0,24870,307112,963431760.0,3882.0,49,3881.0,18
rb1805,20170907,20170906,210503500,3881.0,24894,307114,964363320.0,3882.0,43,3881.0,12
rb1805,20170907,20170906,210504000,3882.0,24898,307116,964518600.0,3882.0,41,3881.0,12
rb1805,20170907,20170906,210504500,3882.0,24902,307116,964673880.0,3882.0,43,3881.0,10
rb1805,20170907,20170906,210505000,3881.0,24926,307110,965605320.0,3882.0,43,3880.0,66
rb1805,20170907,20170906,210505500,3881.0,24928,307108,965682940.0,3882.0,43,3880.0,81
rb1805,20170907,20170906,210506000,3882.0,24930,307110,965760580.0,3882.0,52,3880.0,63
rb1805,20170907,20170906,210506500,3882.0,24930,307110,965760580.0,3882.0,54,3880.0,63
rb1805,20170907,20170906,210507000,3882.0,24932,307112,965838220.0,3882.0,55,3880.0,63
rb1805,20170907,20170906,210507500,3880.0,24946,307112,966381460.0,3882.0,55,3880.0,62
rb1805,20170907,20170906,210508000,3881.0,24966,307112,967157660.0,3882.0,55,3880.0,62
rb1805,20170907,20170906,210508500,3882.0,24976,307112,967545860.0,3882.0,54,3880.0,62
rb1805,20170907,20170906,210509000,3880.0,24984,307114,967856280.0,3882.0,59,3880.0,59
rb1805,20170907,20170906,210509500,3880.0,24994,307114,968244280.0,3881.0,24,3880.0,54
rb1805,20170907,20170906,210510000,3880.0,25118,307200,973055480.0,3880.0,33,3879.0,42
rb1805,20170907,20170906,210510500,3881.0,25120,307200,973133100.0,3880.0,17,3879.0,43
rb1805,20170907,20170906,210511000,3880.0,25136,307206,973753820.0,3880.0,17,3879.0,39
rb1805,20170907,20170906,210511500,3880.0,25150,307192,974297020.0,3880.0,27,3879.0,40
rb1805,20170907,20170906,210512000,3880.0,25172,307200,975150620.0,3880.0,23,3879.0,40
rb1805,20170907,20170906,210512500,3880.0,25174,307200,975228220.0,3880.0,24,3879.0,40
rb1805,20170907,20170906,210513000,3880.0,25174,307200,975228220.0,3880.0,24,3879.0,40
rb1805,20170907,20170906,210513500,3879.0,25184,307198,975616200.0,3880.0,26,3879.0,41
rb1805,20170907,20170906,210514000,3879.0,25206,307198,976469780.0,3880.0,16,3879.0,41
rb1805,20170907,20170906,210514500,3880.0,25212,307198,976702560.0,3880.0,14,3879.0,40
rb1805,20170907,20170906,210515000,3880.0,25240,307170,977788960.0,3881.0,50,3880.0,51
rb1805,20170907,20170906,210515500,3880.0,25242,307168,977866560.0,3881.0,44,3880.0,51
rb1805,20170907,20170906,210516000,3881.0,25252,307160,978254620.0,3881.0,42,3880.0,47
rb1805,20170907,20170906,210516500,3881.0,25262,307160,978642720.0,3881.0,33,3880.0,47
rb1805,20170907,20170906,210517000,3881.0,25262,307160,978642720.0,3881.0,33,3880.0,51
rb1805,20170907,20170906,210517500,3880.0,25274,307160,979108320.0,3881.0,33,3880.0,45
rb1805,20170907,20170906,210518000,3880.0,25274,307160,979108320.0,3881.0,34,3880.0,45
rb1805,20170907,20170906,210518500,3880.0,25276,307160,979185920.0,3881.0,35,3880.0,45
rb1805,20170907,20170906,210519000,3880.0,25276,307160,979185920.0,3881.0,35,3880.0,45
rb1805,20170907,20170906,210519500,3880.0,25280,307158,979341120.0,3881.0,36,3880.0,43
rb1805,20170907,20170906,210520000,3880.0,25292,307148,979806740.0,3881.0,38,3880.0,38
rb1805,20170907,20170906,210520500,3880.0,25292,307148,979806740.0,3881.0,39,3880.0,39
rb1805,20170907,20170906,210521000,3881.0,25316,307152,980738180.0,3881.0,27,3880.0,39
rb1805,20170907,20170906,210521500,3880.0,25324,307144,981048580.0,3881.0,29,3880.0,35
rb1805,20170907,20170906,210522000,3880.0,25332,307146,981359000.0,3881.0,28,3880.0,32
rb1805,20170907,20170906,210522500,3880.0,25350,307128,982057400.0,3881.0,28,3880.0,23
rb1805,20170907,20170906,210523000,3880.0,25396,307142,983842200.0,3880.0,9,3879.0,50
rb1805,20170907,20170906,210523500,3880.0,25398,307144,983919800.0,3880.0,12,3879.0,50
rb1805,20170907,20170906,210524000,3880.0,25398,307144,983919800.0,3880.0,12,3879.0,50
rb1805,20170907,20170906,210524500,3880.0,25404,307146,984152600.0,3880.0,9,3879.0,50
rb1805,20170907,20170906,210525000,3880.0,25422,307156,984851000.0,3881.0,31,3880.0,14
rb1805,20170907,20170906,210525500,3880.0,25422,307156,984851000.0,3881.0,31,3880.0,14
rb1805,20170907,20170906,210526000,3880.0,25422,307156,984851000.0,3881.0,31,3880.0,14
rb1805,20170907,20170906,210526500,3880.0,25424,307156,984928600.0,3881.0,31,3880.0,53
rb1805,20170907,20170906,210527000,3880.0,25424,307156,984928600.0,3881.0,31,3880.0,53
rb1805,20170907,20170906,210528000,3880.0,25434,307154,985316680.0,3881.0,27,3880.0,52
rb1805,20170907,20170906,210528500,3880.0,25440,307150,985549480.0,3881.0,27,3880.0,49
rb1805,20170907,20170906,210529000,3881.0,25452,307144,986015200.0,3881.0,21,3880.0,60
rb1805,20170907,20170906,210529500,3881.0,25598,307106,991681460.0,3882.0,87,3881.0,68
rb1805,20170907,20170906,210530000,3881.0,25714,307086,996184160.0,3882.0,45,3881.0,56
rb1805,20170907,20170906,210530500,3881.0,25800,307132,999522520.0,3882.0,10,3881.0,56
rb1805,20170907,20170906,210531000,3882.0,25822,307150,1000376560.0,3883.0,43,3882.0,71
rb1805,20170907,20170906,210531500,3882.0,25824,307150,1000454200.0,3883.0,43,3882.0,66
rb1805,20170907,20170906,210532000,3882.0,25826,307152,1000531840.0,3883.0,43,3882.0,70
rb1805,20170907,20170906,210532500,3882.0,25826,307152,1000531840.0,3883.0,43,3882.0,70
rb1805,20170907,20170906,210533000,3882.0,25840,307156,1001075320.0,3883.0,43,3882.0,63
rb1805,20170907,20170906,210533500,3882.0,25842,307158,1001152960.0,3883.0,43,3882.0,63
rb1805,20170907,20170906,210534000,3882.0,25866,307178,1002084840.0,3883.0,33,3882.0,61
rb1805,20170907,20170906,210534500,3882.0,25874,307178,1002395400.0,3883.0,33,3882.0,48
rb1805,20170907,20170906,210535000,3882.0,25874,307178,1002395400.0,3883.0,34,3882.0,48
rb1805,20170907,20170906,210535500,3882.0,25876,307180,1002473040.0,3883.0,34,3882.0,47
rb1805,20170907,20170906,210536000,3882.0,25878,307180,1002550680.0,3883.0,34,3882.0,46
rb1805,20170907,20170906,210536500,3883.0,25888,307178,1002938960.0,3883.0,31,3882.0,45
rb1805,20170907,20170906,210537000,3883.0,25900,307176,1003404920.0,3883.0,25,3882.0,46
rb1805,20170907,20170906,210537500,3882.0,25966,307136,1005967820.0,3883.0,10,3882.0,45
rb1805,20170907,20170906,210538000,3883.0,25986,307136,1006744420.0,3884.0,82,3883.0,4
rb1805,20170907,20170906,210538500,3883.0,26016,307136,1007909320.0,3883.0,6,3882.0,45
rb1805,20170907,20170906,210539000,3882.0,26024,307136,1008219920.0,3883.0,25,3882.0,43
rb1805,20170907,20170906,210539500,3883.0,26026,307136,1008297580.0,3883.0,35,3882.0,43
rb1805,20170907,20170906,210540000,3883.0,26042,307136,1008918860.0,3883.0,48,3882.0,43
rb1805,20170907,20170906,210540500,3883.0,26042,307136,1008918860.0,3883.0,50,3882.0,43
rb1805,20170907,20170906,210541000,3882.0,26064,307154,1009772920.0,3883.0,51,3882.0,33
rb1805,20170907,20170906,210541500,3882.0,26076,307154,1010238760.0,3883.0,51,3882.0,27
rb1805,20170907,20170906,210542000,3883.0,26082,307150,1010471720.0,3883.0,51,3882.0,26
rb1805,20170907,20170906,210542500,3883.0,26136,307150,1012568020.0,3882.0,2,3881.0,36
rb1805,20170907,20170906,210543000,3883.0,26146,307146,1012956260.0,3883.0,66,3882.0,3
rb1805,20170907,20170906,210543500,3882.0,26158,307134,1013422100.0,3882.0,19,3881.0,29
rb1805,20170907,20170906,210544000,3882.0,26164,307134,1013655020.0,3882.0,18,3881.0,29
rb1805,20170907,20170906,210544500,3883.0,26212,307102,1015518540.0,3883.0,62,3881.0,20
rb1805,20170907,20170906,210545000,3883.0,26214,307104,1015596200.0,3883.0,68,3882.0,2
rb1805,20170907,20170906,210545500,3883.0,26214,307104,1015596200.0,3883.0,68,3882.0,2
rb1805,20170907,20170906,210546000,3882.0,26216,307104,1015673840.0,3882.0,2,3881.0,33
rb1805,20170907,20170906,210546500,3883.0,26250,307102,1016993840.0,3883.0,39,3882.0,2
rb1805,20170907,20170906,210547000,3882.0,26254,307104,1017149120.0,3882.0,42,3881.0,20
rb1805,20170907,20170906,210547500,3882.0,26254,307104,1017149120.0,3882.0,45,3881.0,20
rb1805,20170907,20170906,210548000,3882.0,26264,307114,1017537320.0,3882.0,41,3881.0,7
rb1805,20170907,20170906,210548500,3882.0,26314,307086,1019478320.0,3882.0,12,3881.0,25
rb1805,20170907,20170906,210549000,3882.0,26326,307090,1019944160.0,3882.0,5,3881.0,7
rb1805,20170907,20170906,210549500,3882.0,26326,307090,1019944160.0,3882.0,3,3881.0,8
rb1805,20170907,20170906,210550000,3882.0,26330,307090,1020099440.0,3882.0,1,3881.0,11
rb1805,20170907,20170906,210550500,3882.0,26330,307090,1020099440.0,3882.0,3,3881.0,17
rb1805,20170907,20170906,210551000,3882.0,26348,307078,1020798200.0,3883.0,51,3882.0,42
rb1805,20170907,20170906,210551500,3882.0,26374,307058,1021807520.0,3883.0,51,3882.0,29
rb1805,20170907,20170906,210552000,3882.0,26374,307058,1021807520.0,3883.0,48,3882.0,31
rb1805,20170907,20170906,210552500,3882.0,26374,307058,1021807520.0,3883.0,53,3882.0,31
rb1805,20170907,20170906,210553000,3882.0,26380,307056,1022040440.0,3883.0,53,3882.0,38
rb1805,20170907,20170906,210553500,3882.0,26380,307056,1022040440.0,3883.0,50,3882.0,38
rb1805,20170907,20170906,210554000,3882.0,26428,307018,1023903820.0,3883.0,50,3882.0,15
rb1805,20170907,20170906,210554500,3882.0,26432,307018,1024059100.0,3883.0,50,3882.0,14
rb1805,20170907,20170906,210555000,3882.0,26442,307018,1024447300.0,3883.0,50,3882.0,9
rb1805,20170907,20170906,210555500,3883.0,26450,307020,1024757880.0,3883.0,49,3882.0,6
rb1805,20170907,20170906,210556000,3882.0,26454,307024,1024913160.0,3883.0,47,3882.0,5
rb1805,20170907,20170906,210556500,3882.0,26454,307024,1024913160.0,3883.0,47,3882.0,6
rb1805,20170907,20170906,210557000,3882.0,26466,307024,1025379000.0,3883.0,46,3882.0,1
rb1805,20170907,20170906,210557500,3883.0,26468,307024,1025456660.0,3883.0,46,3882.0,15
rb1805,20170907,20170906,210558000,3882.0,26470,307026,1025534300.0,3883.0,46,3882.0,14
rb1805,20170907,20170906,210558500,3882.0,26476,307032,1025767240.0,3883.0,45,3882.0,12
rb1805,20170907,20170906,210559000,3882.0,26476,307032,1025767240.0,3883.0,45,3882.0,12
rb1805,20170907,20170906,210559500,3882.0,26478,307034,1025844880.0,3883.0,45,3882.0,11
rb1805,20170907,20170906,210600000,3882.0,26478,307034,1025844880.0,3883.0,45,3882.0,12
rb1805,20170907,20170906,210600500,3883.0,26484,307036,1026077820.0,3883.0,44,3882.0,10
rb1805,20170907,20170906,210601000,3882.0,26490,307042,1026310740.0,3883.0,44,3882.0,8
rb1805,20170907,20170906,210601500,3883.0,26512,307048,1027164980.0,3883.0,37,3882.0,7
rb1805,20170907,20170906,210602000,3882.0,26520,307050,1027475540.0,3883.0,37,3882.0,5
rb1805,20170907,20170906,210602500,3882.0,26552,307068,1028718000.0,3883.0,26,3881.0,21
rb1805,20170907,20170906,210603000,3882.0,26552,307068,1028718000.0,3883.0,28,3881.0,30
rb1805,20170907,20170906,210603500,3882.0,26552,307068,1028718000.0,3883.0,28,3881.0,30
rb1805,20170907,20170906,210604000,3882.0,26552,307068,1028718000.0,3882.0,1,3881.0,30
rb1805,20170907,20170906,210604500,3883.0,26610,307030,1030970120.0,3884.0,90,3883.0,32
rb1805,20170907,20170906,210605000,3883.0,26624,307030,1031513740.0,3884.0,88,3883.0,31
rb1805,20170907,20170906,210605500,3883.0,26624,307030,1031513740.0,3884.0,88,3883.0,32
rb1805,20170907,20170906,210606000,3883.0,26634,307020,1031902040.0,3884.0,88,3883.0,28
rb1805,20170907,20170906,210606500,3883.0,26736,306952,1035862340.0,3883.0,86,3881.0,22
rb1805,20170907,20170906,210607000,3883.0,26738,306952,1035940000.0,3883.0,76,3881.0,22
rb1805,20170907,20170906,210607500,3883.0,26738,306952,1035940000.0,3883.0,81,3882.0,3
rb1805,20170907,20170906,210608000,3882.0,26744,306958,1036172920.0,3882.0,7,3881.0,22
rb1805,20170907,20170906,210608500,3882.0,26744,306958,1036172920.0,3882.0,18,3881.0,22
rb1805,20170907,20170906,210609000,3881.0,26810,307004,1038734360.0,3881.0,20,3880.0,101
rb1805,20170907,20170906,210609500,3881.0,26824,307004,1039277800.0,3882.0,47,3881.0,5
rb1805,20170907,20170906,210610000,3881.0,26838,306998,1039821140.0,3881.0,12,3880.0,99
rb1805,20170907,20170906,210610500,3880.0,26852,306998,1040364340.0,3881.0,17,3880.0,92
rb1805,20170907,20170906,210611000,3881.0,26854,306998,1040441960.0,3881.0,39,3880.0,92
rb1805,20170907,20170906,210611500,3881.0,26858,306996,1040597200.0,3881.0,37,3880.0,92
rb1805,20170907,20170906,210612000,3881.0,26858,306996,1040597200.0,3881.0,37,3880.0,83
rb1805,20170907,20170906,210612500,3880.0,26860,306994,1040674800.0,3881.0,37,3880.0,83
rb1805,20170907,20170906,210613000,3881.0,27102,306988,1050065200.0,3881.0,2,3880.0,7
rb1805,20170907,20170906,210613500,3880.0,27118,306988,1050686000.0,3880.0,9,3879.0,71
rb1805,20170907,20170906,210614000,3880.0,27120,306988,1050763600.0,3880.0,16,3879.0,71
rb1805,20170907,20170906,210614500,3881.0,27156,307008,1052160420.0,3881.0,12,3880.0,16
rb1805,20170907,20170906,210615000,3881.0,27178,307018,1053014240.0,3882.0,28,3881.0,5
rb1805,20170907,20170906,210615500,3881.0,27182,307018,1053169480.0,3882.0,26,3881.0,3
rb1805,20170907,20170906,210616000,3881.0,27190,307018,1053479960.0,3881.0,7,3879.0,75
rb1805,20170907,20170906,210616500,3881.0,27194,307018,1053635200.0,3881.0,5,3880.0,6
rb1805,20170907,20170906,210617000,3880.0,27196,307020,1053712800.0,3881.0,7,3880.0,5
rb1805,20170907,20170906,210617500,3880.0,27198,307020,1053790400.0,3881.0,19,3880.0,30
rb1805,20170907,20170906,210618000,3880.0,27204,307022,1054023200.0,3881.0,12,3880.0,27
rb1805,20170907,20170906,210618500,3881.0,27208,307022,1054178420.0,3881.0,10,3880.0,27
rb1805,20170907,20170906,210619000,3881.0,27208,307022,1054178420.0,3881.0,10,3880.0,27
rb1805,20170907,20170906,210619500,3881.0,27214,307020,1054411240.0,3881.0,9,3880.0,26
rb1805,20170907,20170906,210620000,3880.0,27216,307018,1054488840.0,3881.0,8,3880.0,25
rb1805,20170907,20170906,210620500,3881.0,27232,307026,1055109800.0,3882.0,25,3881.0,20
rb1805,20170907,20170906,210621000,3882.0,27238,307020,1055342720.0,3882.0,13,3881.0,19
rb1805,20170907,20170906,210621500,3881.0,27242,307022,1055497960.0,3882.0,13,3881.0,17
rb1805,20170907,20170906,210622000,3881.0,27270,307038,1056584900.0,3882.0,3,3881.0,17
rb1805,20170907,20170906,210622500,3882.0,27282,307038,1057050740.0,3883.0,32,3882.0,8
rb1805,20170907,20170906,210623000,3882.0,27282,307038,1057050740.0,3883.0,27,3882.0,8
rb1805,20170907,20170906,210623500,3882.0,27284,307036,1057128380.0,3883.0,27,3882.0,5
rb1805,20170907,20170906,210624000,3882.0,27300,307036,1057749640.0,3883.0,20,3882.0,2
rb1805,20170907,20170906,210624500,3882.0,27306,307040,1057982560.0,3882.0,13,3881.0,19
rb1805,20170907,20170906,210625000,3881.0,27308,307038,1058060180.0,3882.0,12,3881.0,19
rb1805,20170907,20170906,210625500,3881.0,27308,307038,1058060180.0,3882.0,12,3881.0,18
rb1805,20170907,20170906,210626000,3881.0,27308,307038,1058060180.0,3882.0,13,3881.0,18
rb1805,20170907,20170906,210626500,3881.0,27312,307038,1058215420.0,3882.0,16,3881.0,14
rb1805,20170907,20170906,210627000,3881.0,27312,307038,1058215420.0,3882.0,16,3881.0,16
rb1805,20170907,20170906,210627500,3882.0,27346,307020,1059535300.0,3883.0,35,3882.0,7
rb1805,20170907,20170906,210628000,3881.0,27362,307006,1060156400.0,3882.0,35,3881.0,14
rb1805,20170907,20170906,210628500,3881.0,27390,307014,1061243080.0,3881.0,11,3880.0,77
rb1805,20170907,20170906,210629000,3880.0,27530,306962,1066675080.0,3881.0,21,3880.0,1
rb1805,20170907,20170906,210629500,3880.0,27532,306962,1066752680.0,3880.0,11,3879.0,72
rb1805,20170907,20170906,210630000,3879.0,27562,306974,1067916640.0,3880.0,1,3879.0,81
rb1805,20170907,20170906,210630500,3879.0,27568,306974,1068149380.0,3881.0,17,3879.0,85
rb1805,20170907,20170906,210631000,3879.0,27568,306974,1068149380.0,3881.0,19,3880.0,8
rb1805,20170907,20170906,210631500,3881.0,27582,306982,1068692620.0,3881.0,17,3880.0,60
rb1805,20170907,20170906,210632000,3881.0,27582,306982,1068692620.0,3881.0,6,3880.0,63
rb1805,20170907,20170906,210632500,3881.0,27598,306990,1069313580.0,3882.0,39,3881.0,6
rb1805,20170907,20170906,210633000,3881.0,27598,306990,1069313580.0,3882.0,29,3881.0,6
rb1805,20170907,20170906,210633500,3881.0,27598,306990,1069313580.0,3882.0,32,3880.0,83
rb1805,20170907,20170906,210634000,3881.0,27598,306990,1069313580.0,3882.0,33,3881.0,1
rb1805,20170907,20170906,210634500,3881.0,27600,306992,1069391200.0,3882.0,33,3880.0,87
rb1805,20170907,20170906,210635000,3880.0,27620,306994,1070167280.0,3882.0,23,3880.0,82
rb1805,20170907,20170906,210635500,3880.0,27626,306998,1070400080.0,3882.0,38,3880.0,82
rb1805,20170907,20170906,210636000,3880.0,27626,306998,1070400080.0,3881.0,10,3880.0,118
rb1805,20170907,20170906,210636500,3881.0,27648,307018,1071253900.0,3882.0,51,3881.0,27
rb1805,20170907,20170906,210637000,3881.0,27650,307018,1071331520.0,3882.0,48,3881.0,26
rb1805,20170907,20170906,210637500,3881.0,27658,307024,1071642000.0,3882.0,48,3881.0,16
rb1805,20170907,20170906,210638000,3881.0,27688,307024,1072806300.0,3882.0,49,3881.0,1
rb1805,20170907,20170906,210638500,3881.0,27692,307024,1072961540.0,3881.0,23,3880.0,101
rb1805,20170907,20170906,210639000,3881.0,27694,307024,1073039160.0,3881.0,18,3880.0,103
rb1805,20170907,20170906,210639500,3881.0,27696,307026,1073116780.0,3881.0,24,3880.0,108
rb1805,20170907,20170906,210640000,3881.0,27704,307034,1073427260.0,3881.0,20,3880.0,105
rb1805,20170907,20170906,210640500,3880.0,27744,307032,1074979640.0,3881.0,1,3880.0,105
rb1805,20170907,20170906,210641000,3881.0,27746,307032,1075057260.0,3882.0,48,3880.0,103
rb1805,20170907,20170906,210641500,3880.0,27764,307050,1075755660.0,3882.0,50,3881.0,1
rb1805,20170907,20170906,210642000,3881.0,27780,307048,1076376520.0,3881.0,5,3880.0,90
rb1805,20170907,20170906,210642500,3880.0,27790,307058,1076764520.0,3881.0,7,3880.0,89
rb1805,20170907,20170906,210643000,3880.0,27794,307060,1076919720.0,3881.0,6,3880.0,93
rb1805,20170907,20170906,210643500,3880.0,27830,307086,1078316740.0,3882.0,52,3880.0,88
rb1805,20170907,20170906,210644000,3880.0,27830,307086,1078316740.0,3882.0,55,3880.0,88
rb1805,20170907,20170906,210644500,3880.0,27830,307086,1078316740.0,3881.0,10,3880.0,88
rb1805,20170907,20170906,210645000,3881.0,27850,307106,1079092940.0,3882.0,56,3880.0,88
rb1805,20170907,20170906,210645500,3880.0,27856,307112,1079325780.0,3881.0,13,3880.0,88
rb1805,20170907,20170906,210646000,3881.0,27858,307114,1079403400.0,3881.0,13,3880.0,88
rb1805,20170907,20170906,210646500,3881.0,27858,307114,1079403400.0,3881.0,13,3880.0,88
rb1805,20170907,20170906,210647000,3881.0,27866,307116,1079713820.0,3881.0,20,3880.0,86
rb1805,20170907,20170906,210647500,3880.0,27876,307116,1080101820.0,3881.0,52,3880.0,81
rb1805,20170907,20170906,210648000,3881.0,27878,307116,1080179440.0,3881.0,66,3880.0,81
rb1805,20170907,20170906,210648500,3880.0,27880,307116,1080257040.0,3881.0,70,3880.0,84
rb1805,20170907,20170906,210649000,3880.0,27882,307118,1080334640.0,3881.0,70,3880.0,83
rb1805,20170907,20170906,210649500,3880.0,27922,307114,1081886640.0,3881.0,70,3880.0,63
rb1805,20170907,20170906,210650000,3880.0,27928,307118,1082119440.0,3881.0,72,3880.0,64
rb1805,20170907,20170906,210650500,3880.0,27928,307118,1082119440.0,3881.0,73,3880.0,64
rb1805,20170907,20170906,210651000,3881.0,27942,307130,1082662740.0,3881.0,69,3880.0,62
rb1805,20170907,20170906,210651500,3880.0,27944,307132,1082740340.0,3881.0,70,3880.0,61
rb1805,20170907,20170906,210652000,3880.0,27944,307132,1082740340.0,3881.0,70,3880.0,61
rb1805,20170907,20170906,210652500,3880.0,27946,307134,1082817940.0,3881.0,70,3880.0,60
rb1805,20170907,20170906,210653000,3880.0,27950,307136,1082973140.0,3881.0,70,3880.0,58
rb1805,20170907,20170906,210653500,3880.0,27954,307138,1083128340.0,3881.0,70,3880.0,56
rb1805,20170907,20170906,210654000,3880.0,27954,307138,1083128340.0,3881.0,68,3880.0,56
rb1805,20170907,20170906,210654500,3880.0,27954,307138,1083128340.0,3881.0,68,3880.0,56
rb1805,20170907,20170906,210655000,3880.0,28066,307202,1087473940.0,3880.0,24,3879.0,73
rb1805,20170907,20170906,210655500,3880.0,28066,307202,1087473940.0,3880.0,24,3879.0,66
rb1805,20170907,20170906,210656000,3879.0,28068,307202,1087551520.0,3880.0,25,3879.0,65
rb1805,20170907,20170906,210656500,3879.0,28068,307202,1087551520.0,3880.0,25,3879.0,65
rb1805,20170907,20170906,210657000,3879.0,28068,307202,1087551520.0,3880.0,25,3879.0,65
rb1805,20170907,20170906,210657500,3879.0,28074,307206,1087784300.0,3880.0,23,3879.0,64
rb1805,20170907,20170906,210658000,3880.0,28098,307230,1088715500.0,3880.0,12,3879.0,64
rb1805,20170907,20170906,210658500,3880.0,28104,307232,1088948280.0,3880.0,10,3879.0,64
rb1805,20170907,20170906,210659000,3880.0,28106,307234,1089025880.0,3880.0,11,3879.0,65
rb1805,20170907,20170906,210659500,3880.0,28106,307234,1089025880.0,3880.0,11,3879.0,66
rb1805,20170907,20170906,210700000,3880.0,28108,307236,1089103480.0,3880.0,10,3879.0,66
rb1805,20170907,20170906,210700500,3879.0,28132,307246,1090034440.0,3880.0,10,3879.0,54
rb1805,20170907,20170906,210701000,3880.0,28136,307246,1090189640.0,3880.0,15,3879.0,54
rb1805,20170907,20170906,210701500,3880.0,28136,307246,1090189640.0,3880.0,14,3879.0,54
rb1805,20170907,20170906,210702000,3879.0,28252,307200,1094689280.0,3879.0,9,3878.0,40
rb1805,20170907,20170906,210702500,3879.0,28252,307200,1094689280.0,3879.0,9,3878.0,33
rb1805,20170907,20170906,210703000,3879.0,28258,307206,1094922020.0,3879.0,7,3878.0,33
rb1805,20170907,20170906,210703500,3879.0,28258,307206,1094922020.0,3879.0,3,3878.0,38
rb1805,20170907,20170906,210704000,3878.0,28270,307202,1095387380.0,3879.0,3,3878.0,32
rb1805,20170907,20170906,210704500,3879.0,28290,307204,1096163180.0,3880.0,37,3879.0,38
rb1805,20170907,20170906,210705000,3879.0,28294,307202,1096318340.0,3880.0,36,3879.0,23
rb1805,20170907,20170906,210705500,3879.0,28298,307204,1096473520.0,3880.0,34,3879.0,24
rb1805,20170907,20170906,210706000,3879.0,28310,307194,1096939000.0,3880.0,35,3879.0,18
rb1805,20170907,20170906,210706500,3879.0,28352,307166,1098568180.0,3879.0,1,3878.0,45
rb1805,20170907,20170906,210707000,3879.0,28358,307172,1098800920.0,3880.0,34,3879.0,57
rb1805,20170907,20170906,210707500,3879.0,28472,307166,1103222980.0,3879.0,8,3878.0,39
rb1805,20170907,20170906,210708000,3878.0,28476,307162,1103378100.0,3879.0,15,3878.0,38
rb1805,20170907,20170906,210708500,3879.0,28478,307160,1103455680.0,3879.0,19,3878.0,38
rb1805,20170907,20170906,210709000,3879.0,28478,307160,1103455680.0,3879.0,20,3878.0,38
rb1805,20170907,20170906,210709500,3879.0,28478,307160,1103455680.0,3879.0,20,3878.0,39
rb1805,20170907,20170906,210710000,3878.0,28480,307158,1103533240.0,3879.0,21,3878.0,38
rb1805,20170907,20170906,210710500,3878.0,28556,307124,1106480520.0,3878.0,3,3877.0,26
rb1805,20170907,20170906,210711000,3877.0,28560,307126,1106635620.0,3878.0,9,3877.0,25
rb1805,20170907,20170906,210711500,3878.0,28562,307126,1106713180.0,3878.0,15,3877.0,36
rb1805,20170907,20170906,210712000,3878.0,28594,307116,1107954140.0,3878.0,6,3877.0,36
rb1805,20170907,20170906,210712500,3877.0,28614,307122,1108729580.0,3878.0,8,3877.0,28
rb1805,20170907,20170906,210713000,3877.0,28616,307122,1108807120.0,3878.0,41,3877.0,32
rb1805,20170907,20170906,210713500,3877.0,28618,307120,1108884660.0,3878.0,46,3877.0,33
rb1805,20170907,20170906,210714000,3877.0,28628,307118,1109272360.0,3878.0,47,3877.0,28
rb1805,20170907,20170906,210714500,3877.0,28674,307088,1111055780.0,3878.0,48,3877.0,6
rb1805,20170907,20170906,210715000,3877.0,28680,307088,1111288400.0,3878.0,51,3877.0,11
rb1805,20170907,20170906,210715500,3877.0,28706,307072,1112296420.0,3877.0,48,3876.0,20
rb1805,20170907,20170906,210716000,3877.0,28764,307112,1114544680.0,3876.0,5,3875.0,120
rb1805,20170907,20170906,210716500,3877.0,28776,307112,1115009820.0,3877.0,32,3876.0,29
rb1805,20170907,20170906,210717000,3876.0,28780,307110,1115164860.0,3877.0,32,3876.0,30
rb1805,20170907,20170906,210717500,3876.0,28782,307110,1115242380.0,3877.0,32,3876.0,70
rb1805,20170907,20170906,210718000,3876.0,28790,307112,1115552520.0,3877.0,30,3876.0,73
rb1805,20170907,20170906,210718500,3878.0,28948,307160,1121679160.0,3878.0,2,3877.0,133
rb1805,20170907,20170906,210719000,3878.0,28952,307156,1121834280.0,3879.0,13,3878.0,12
rb1805,20170907,20170906,210719500,3878.0,28976,307168,1122765040.0,3879.0,9,3877.0,104
rb1805,20170907,20170906,210720000,3879.0,28994,307174,1123463260.0,3880.0,39,3878.0,10
rb1805,20170907,20170906,210720500,3879.0,28994,307174,1123463260.0,3880.0,28,3878.0,19
rb1805,20170907,20170906,210721000,3878.0,29022,307152,1124549140.0,3880.0,27,3878.0,7
rb1805,20170907,20170906,210721500,3880.0,29024,307150,1124626740.0,3880.0,33,3878.0,9
rb1805,20170907,20170906,210722000,3880.0,29024,307150,1124626740.0,3880.0,35,3878.0,10
rb1805,20170907,20170906,210722500,3880.0,29024,307150,1124626740.0,3880.0,67,3878.0,10
rb1805,20170907,20170906,210723000,3880.0,29024,307150,1124626740.0,3879.0,16,3878.0,16
rb1805,20170907,20170906,210723500,3879.0,29026,307150,1124704320.0,3879.0,15,3878.0,16
rb1805,20170907,20170906,210724000,3879.0,29026,307150,1124704320.0,3879.0,15,3878.0,19
rb1805,20170907,20170906,210724500,3879.0,29026,307150,1124704320.0,3879.0,15,3878.0,15
rb1805,20170907,20170906,210725000,3879.0,29046,307170,1125480120.0,3879.0,10,3878.0,14
rb1805,20170907,20170906,210725500,3878.0,29052,307168,1125712820.0,3879.0,9,3878.0,12
rb1805,20170907,20170906,210726000,3878.0,29056,307166,1125867940.0,3879.0,9,3878.0,8
rb1805,20170907,20170906,210726500,3878.0,29062,307164,1126100620.0,3879.0,10,3878.0,7
rb1805,20170907,20170906,210727000,3879.0,29064,307166,1126178200.0,3879.0,10,3878.0,7
rb1805,20170907,20170906,210727500,3879.0,29064,307166,1126178200.0,3879.0,10,3878.0,7
rb1805,20170907,20170906,210728000,3879.0,29066,307168,1126255780.0,3879.0,78,3878.0,8
rb1805,20170907,20170906,210728500,3878.0,29068,307170,1126333340.0,3879.0,78,3878.0,7
rb1805,20170907,20170906,210729000,3879.0,29070,307170,1126410920.0,3879.0,77,3878.0,9
rb1805,20170907,20170906,210729500,3879.0,29072,307172,1126488500.0,3879.0,76,3878.0,9
rb1805,20170907,20170906,210730000,3879.0,29074,307170,1126566080.0,3879.0,76,3878.0,9
rb1805,20170907,20170906,210730500,3878.0,29076,307170,1126643640.0,3879.0,78,3878.0,9
rb1805,20170907,20170906,210731000,3878.0,29078,307168,1126721200.0,3879.0,78,3878.0,10
rb1805,20170907,20170906,210731500,3878.0,29098,307156,1127496800.0,3878.0,14,3877.0,121
rb1805,20170907,20170906,210732000,3878.0,29098,307156,1127496800.0,3878.0,80,3877.0,120
rb1805,20170907,20170906,210732500,3878.0,29104,307156,1127729480.0,3878.0,78,3877.0,106
rb1805,20170907,20170906,210733000,3878.0,29104,307156,1127729480.0,3878.0,78,3877.0,106
rb1805,20170907,20170906,210733500,3878.0,29104,307156,1127729480.0,3878.0,80,3877.0,78
rb1805,20170907,20170906,210734000,3878.0,29108,307158,1127884600.0,3878.0,79,3877.0,79
rb1805,20170907,20170906,210734500,3878.0,29108,307158,1127884600.0,3878.0,79,3877.0,80
rb1805,20170907,20170906,210735000,3878.0,29108,307158,1127884600.0,3878.0,88,3877.0,80
rb1805,20170907,20170906,210735500,3877.0,29118,307158,1128272380.0,3878.0,84,3877.0,79
rb1805,20170907,20170906,210736000,3877.0,29130,307168,1128737620.0,3878.0,84,3877.0,73
rb1805,20170907,20170906,210736500,3877.0,29130,307168,1128737620.0,3878.0,84,3877.0,73
rb1805,20170907,20170906,210737000,3877.0,29132,307170,1128815160.0,3878.0,87,3877.0,72
rb1805,20170907,20170906,210737500,3878.0,29134,307170,1128892720.0,3878.0,86,3877.0,72
rb1805,20170907,20170906,210738000,3878.0,29246,307138,1133236080.0,3878.0,30,3877.0,79
rb1805,20170907,20170906,210738500,3877.0,29346,307198,1137113740.0,3879.0,78,3877.0,55
rb1805,20170907,20170906,210739000,3879.0,29348,307198,1137191320.0,3879.0,77,3878.0,2
rb1805,20170907,20170906,210739500,3878.0,29352,307194,1137346440.0,3879.0,77,3877.0,56
rb1805,20170907,20170906,210740000,3878.0,29352,307194,1137346440.0,3879.0,77,3877.0,56
rb1805,20170907,20170906,210740500,3878.0,29352,307194,1137346440.0,3879.0,77,3877.0,56
rb1805,20170907,20170906,210741000,3878.0,29356,307192,1137501580.0,3879.0,76,3877.0,61
rb1805,20170907,20170906,210741500,3879.0,29358,307192,1137579160.0,3879.0,75,3877.0,61
rb1805,20170907,20170906,210742000,3879.0,29358,307192,1137579160.0,3879.0,76,3878.0,1
rb1805,20170907,20170906,210742500,3879.0,29358,307192,1137579160.0,3879.0,76,3878.0,1
rb1805,20170907,20170906,210743000,3878.0,29360,307194,1137656720.0,3879.0,76,3877.0,62
rb1805,20170907,20170906,210743500,3878.0,29360,307194,1137656720.0,3878.0,1,3877.0,62
rb1805,20170907,20170906,210744000,3878.0,29362,307192,1137734280.0,3879.0,77,3877.0,62
rb1805,20170907,20170906,210744500,3879.0,29372,307200,1138122180.0,3878.0,3,3877.0,62
rb1805,20170907,20170906,210745000,3879.0,29372,307200,1138122180.0,3878.0,4,3877.0,63
rb1805,20170907,20170906,210745500,3878.0,29378,307200,1138354860.0,3878.0,1,3877.0,65
rb1805,20170907,20170906,210746000,3878.0,29386,307198,1138665060.0,3879.0,73,3878.0,4
rb1805,20170907,20170906,210746500,3878.0,29394,307192,1138975300.0,3879.0,73,3877.0,63
rb1805,20170907,20170906,210747000,3878.0,29394,307192,1138975300.0,3879.0,72,3878.0,6
rb1805,20170907,20170906,210747500,3878.0,29410,307192,1139595780.0,3878.0,50,3877.0,65
rb1805,20170907,20170906,210748000,3877.0,29490,307270,1142697380.0,3878.0,50,3877.0,24
rb1805,20170907,20170906,210748500,3878.0,29500,307262,1143085100.0,3878.0,47,3877.0,20
rb1805,20170907,20170906,210749000,3877.0,29506,307258,1143317720.0,3878.0,47,3877.0,17
rb1805,20170907,20170906,210749500,3877.0,29506,307258,1143317720.0,3878.0,41,3877.0,17
rb1805,20170907,20170906,210750000,3878.0,29524,307252,1144015740.0,3878.0,33,3877.0,16
rb1805,20170907,20170906,210750500,3878.0,29524,307252,1144015740.0,3878.0,33,3877.0,17
rb1805,20170907,20170906,210751000,3877.0,29558,307270,1145333920.0,3877.0,19,3876.0,132
rb1805,20170907,20170906,210751500,3877.0,29558,307270,1145333920.0,3877.0,28,3876.0,125
rb1805,20170907,20170906,210752000,3877.0,29558,307270,1145333920.0,3877.0,28,3876.0,125
rb1805,20170907,20170906,210752500,3877.0,29560,307272,1145411460.0,3877.0,27,3876.0,126
rb1805,20170907,20170906,210753000,3877.0,29592,307292,1146652100.0,3877.0,11,3876.0,126
rb1805,20170907,20170906,210753500,3877.0,29608,307302,1147272400.0,3877.0,11,3876.0,125
rb1805,20170907,20170906,210754000,3875.0,29868,307324,1157350060.0,3876.0,75,3875.0,132
rb1805,20170907,20170906,210754500,3876.0,29874,307330,1157582620.0,3876.0,72,3875.0,132
rb1805,20170907,20170906,210755000,3876.0,29910,307338,1158977960.0,3876.0,56,3875.0,123
rb1805,20170907,20170906,210755500,3875.0,29930,307326,1159752980.0,3876.0,54,3875.0,114
rb1805,20170907,20170906,210756000,3875.0,29930,307326,1159752980.0,3876.0,54,3875.0,113
rb1805,20170907,20170906,210756500,3876.0,29936,307324,1159985520.0,3876.0,52,3875.0,112
rb1805,20170907,20170906,210757000,3876.0,29938,307324,1160063040.0,3876.0,51,3875.0,112
rb1805,20170907,20170906,210757500,3876.0,29942,307328,1160218080.0,3876.0,49,3875.0,112
rb1805,20170907,20170906,210758000,3876.0,29942,307328,1160218080.0,3876.0,49,3875.0,112
rb1805,20170907,20170906,210758500,3875.0,29944,307330,1160295580.0,3876.0,50,3875.0,111
rb1805,20170907,20170906,210759000,3875.0,29946,307330,1160373080.0,3876.0,50,3875.0,111
rb1805,20170907,20170906,210759500,3876.0,29948,307330,1160450600.0,3876.0,59,3875.0,110
rb1805,20170907,20170906,210800000,3876.0,29986,307368,1161923480.0,3876.0,40,3875.0,110
rb1805,20170907,20170906,210800500,3876.0,29990,307372,1162078520.0,3876.0,38,3875.0,117
rb1805,20170907,20170906,210801000,3875.0,29992,307372,1162156020.0,3876.0,39,3875.0,118
rb1805,20170907,20170906,210801500,3875.0,29994,307374,1162233520.0,3876.0,39,3875.0,117
rb1805,20170907,20170906,210802000,3876.0,29996,307376,1162311040.0,3876.0,38,3875.0,119
rb1805,20170907,20170906,210802500,3876.0,29996,307376,1162311040.0,3876.0,40,3875.0,119
rb1805,20170907,20170906,210803000,3876.0,29996,307376,1162311040.0,3876.0,41,3875.0,122
rb1805,20170907,20170906,210803500,3875.0,30002,307382,1162543580.0,3876.0,39,3875.0,119
rb1805,20170907,20170906,210804000,3875.0,30002,307382,1162543580.0,3876.0,39,3875.0,120
rb1805,20170907,20170906,210804500,3876.0,30076,307448,1165411820.0,3876.0,2,3875.0,132
rb1805,20170907,20170906,210805000,3876.0,30080,307452,1165566860.0,3877.0,23,3876.0,10
rb1805,20170907,20170906,210805500,3876.0,30104,307452,1166497100.0,3876.0,50,3875.0,123
rb1805,20170907,20170906,210806000,3875.0,30106,307454,1166574600.0,3876.0,70,3875.0,124
rb1805,20170907,20170906,210806500,3876.0,30118,307454,1167039620.0,3876.0,69,3875.0,121
rb1805,20170907,20170906,210807000,3876.0,30120,307456,1167117140.0,3876.0,68,3875.0,122
rb1805,20170907,20170906,210807500,3876.0,30130,307466,1167504740.0,3876.0,63,3875.0,124
rb1805,20170907,20170906,210808000,3876.0,30138,307468,1167814800.0,3876.0,60,3875.0,128
rb1805,20170907,20170906,210808500,3875.0,30140,307470,1167892300.0,3876.0,60,3875.0,128
rb1805,20170907,20170906,210809000,3876.0,30142,307472,1167969820.0,3876.0,59,3875.0,138
rb1805,20170907,20170906,210809500,3876.0,30144,307472,1168047340.0,3876.0,58,3875.0,139
rb1805,20170907,20170906,210810000,3875.0,30146,307474,1168124840.0,3876.0,58,3875.0,138
rb1805,20170907,20170906,210810500,3875.0,30426,307368,1178974840.0,3875.0,3,3874.0,17
rb1805,20170907,20170906,210811000,3875.0,30436,307366,1179362340.0,3875.0,7,3874.0,11
rb1805,20170907,20170906,210811500,3875.0,30438,307366,1179439840.0,3875.0,13,3874.0,11
rb1805,20170907,20170906,210812000,3874.0,30504,307410,1181996840.0,3875.0,3,3873.0,52
rb1805,20170907,20170906,210812500,3875.0,30506,307410,1182074340.0,3875.0,6,3874.0,1
rb1805,20170907,20170906,210813000,3874.0,30508,307412,1182151820.0,3875.0,6,3874.0,1
rb1805,20170907,20170906,210813500,3874.0,30508,307412,1182151820.0,3875.0,13,3874.0,3
rb1805,20170907,20170906,210814000,3874.0,30508,307412,1182151820.0,3875.0,5,3874.0,6
rb1805,20170907,20170906,210814500,3875.0,30510,307412,1182229320.0,3875.0,4,3874.0,9
rb1805,20170907,20170906,210815000,3874.0,30518,307412,1182539240.0,3875.0,6,3874.0,30
rb1805,20170907,20170906,210815500,3875.0,30564,307418,1184321320.0,3875.0,4,3874.0,9
rb1805,20170907,20170906,210816000,3874.0,30574,307418,1184708720.0,3875.0,4,3874.0,5
rb1805,20170907,20170906,210816500,3874.0,30574,307418,1184708720.0,3875.0,4,3874.0,14
rb1805,20170907,20170906,210817000,3874.0,30574,307418,1184708720.0,3875.0,4,3874.0,22
rb1805,20170907,20170906,210817500,3874.0,30574,307418,1184708720.0,3875.0,6,3874.0,22
rb1805,20170907,20170906,210818000,3874.0,30576,307416,1184786200.0,3875.0,6,3874.0,25
rb1805,20170907,20170906,210818500,3875.0,30586,307412,1185173680.0,3875.0,2,3874.0,41
rb1805,20170907,20170906,210819000,3874.0,30594,307412,1185483660.0,3876.0,41,3874.0,53
rb1805,20170907,20170906,210819500,3875.0,30622,307414,1186568420.0,3875.0,3,3874.0,53
rb1805,20170907,20170906,210820000,3875.0,30628,307420,1186800920.0,3876.0,41,3875.0,1
rb1805,20170907,20170906,210820500,3875.0,30632,307424,1186955920.0,3876.0,41,3874.0,67
rb1805,20170907,20170906,210821000,3875.0,30632,307424,1186955920.0,3875.0,1,3874.0,67
rb1805,20170907,20170906,210821500,3875.0,30634,307424,1187033420.0,3876.0,41,3875.0,5
rb1805,20170907,20170906,210822000,3875.0,30658,307444,1187963620.0,3876.0,31,3875.0,7
rb1805,20170907,20170906,210822500,3875.0,30658,307444,1187963620.0,3876.0,32,3875.0,26
rb1805,20170907,20170906,210823000,3876.0,30660,307444,1188041140.0,3876.0,31,3875.0,28
rb1805,20170907,20170906,210823500,3874.0,30760,307426,1191915700.0,3876.0,31,3875.0,4
rb1805,20170907,20170906,210824000,3874.0,30760,307426,1191915700.0,3876.0,11,3875.0,6
rb1805,20170907,20170906,210824500,3875.0,30780,307422,1192690700.0,3875.0,10,3874.0,60
rb1805,20170907,20170906,210825000,3875.0,30800,307402,1193465700.0,3876.0,11,3875.0,12
rb1805,20170907,20170906,210825500,3875.0,30810,307392,1193853200.0,3876.0,11,3875.0,9
rb1805,20170907,20170906,210826000,3875.0,30810,307392,1193853200.0,3876.0,11,3875.0,11
rb1805,20170907,20170906,210826500,3875.0,30842,307376,1195093420.0,3877.0,38,3875.0,38
rb1805,20170907,20170906,210827000,3875.0,30844,307376,1195170920.0,3877.0,38,3875.0,100
rb1805,20170907,20170906,210827500,3876.0,30862,307376,1195868600.0,3877.0,38,3876.0,1
rb1805,20170907,20170906,210828000,3877.0,30868,307380,1196101200.0,3877.0,37,3876.0,1
rb1805,20170907,20170906,210828500,3876.0,30894,307392,1197109140.0,3876.0,1,3875.0,106
rb1805,20170907,20170906,210829000,3875.0,30908,307384,1197651760.0,3876.0,3,3875.0,98
rb1805,20170907,20170906,210829500,3876.0,30918,307378,1198039360.0,3877.0,28,3876.0,25
rb1805,20170907,20170906,210830000,3876.0,30918,307378,1198039360.0,3877.0,28,3876.0,26
rb1805,20170907,20170906,210830500,3876.0,30918,307378,1198039360.0,3877.0,29,3876.0,27
rb1805,20170907,20170906,210831000,3877.0,30952,307372,1199357540.0,3877.0,12,3876.0,27
rb1805,20170907,20170906,210831500,3877.0,30976,307352,1200288020.0,3878.0,60,3877.0,13
rb1805,20170907,20170906,210832000,3878.0,30978,307350,1200365580.0,3878.0,59,3877.0,20
rb1805,20170907,20170906,210832500,3877.0,30980,307348,1200443120.0,3878.0,59,3877.0,20
rb1805,20170907,20170906,210833000,3878.0,30982,307350,1200520680.0,3878.0,47,3877.0,20
rb1805,20170907,20170906,210833500,3878.0,30984,307352,1200598240.0,3878.0,46,3877.0,21
rb1805,20170907,20170906,210834000,3878.0,31028,307318,1202304140.0,3878.0,45,3877.0,1
rb1805,20170907,20170906,210834500,3877.0,31030,307316,1202381680.0,3877.0,47,3876.0,37
rb1805,20170907,20170906,210835000,3878.0,31136,307340,1206491420.0,3878.0,44,3877.0,44
rb1805,20170907,20170906,210835500,3878.0,31312,307338,1213315880.0,3879.0,3,3878.0,5
rb1805,20170907,20170906,210836000,3878.0,31328,307348,1213936360.0,3878.0,28,3877.0,2
rb1805,20170907,20170906,210836500,3877.0,31340,307354,1214401600.0,3877.0,6,3876.0,41
rb1805,20170907,20170906,210837000,3877.0,31344,307350,1214556680.0,3877.0,4,3876.0,44
rb1805,20170907,20170906,210837500,3877.0,31352,307354,1214866840.0,3877.0,1,3876.0,44
rb1805,20170907,20170906,210838000,3876.0,31360,307346,1215176980.0,3878.0,33,3877.0,1
rb1805,20170907,20170906,210838500,3877.0,31368,307348,1215487140.0,3877.0,2,3876.0,35
rb1805,20170907,20170906,210839000,3877.0,31378,307346,1215874860.0,3878.0,35,3877.0,11
rb1805,20170907,20170906,210839500,3878.0,31380,307346,1215952420.0,3878.0,34,3877.0,12
rb1805,20170907,20170906,210840000,3877.0,31384,307344,1216107500.0,3878.0,32,3877.0,12
rb1805,20170907,20170906,210840500,3877.0,31390,307346,1216340160.0,3878.0,20,3877.0,13
rb1805,20170907,20170906,210841000,3877.0,31390,307346,1216340160.0,3878.0,20,3877.0,14
rb1805,20170907,20170906,210841500,3877.0,31390,307346,1216340160.0,3878.0,20,3877.0,14
rb1805,20170907,20170906,210842000,3878.0,31392,307348,1216417720.0,3878.0,20,3877.0,14
rb1805,20170907,20170906,210842500,3878.0,31396,307348,1216572840.0,3878.0,19,3877.0,41
rb1805,20170907,20170906,210843000,3878.0,31436,307372,1218124040.0,3879.0,23,3878.0,81
rb1805,20170907,20170906,210843500,3878.0,31438,307372,1218201600.0,3879.0,16,3878.0,41
rb1805,20170907,20170906,210844000,3878.0,31440,307370,1218279160.0,3879.0,25,3878.0,40
rb1805,20170907,20170906,210844500,3879.0,31500,307330,1220606500.0,3880.0,98,3879.0,18
rb1805,20170907,20170906,210845000,3879.0,31540,307324,1222158100.0,3879.0,25,3878.0,42
rb1805,20170907,20170906,210845500,3879.0,31562,307344,1223011280.0,3879.0,36,3878.0,32
rb1805,20170907,20170906,210846000,3878.0,31574,307346,1223476740.0,3879.0,39,3878.0,31
rb1805,20170907,20170906,210846500,3878.0,31574,307346,1223476740.0,3879.0,40,3878.0,31
rb1805,20170907,20170906,210847000,3878.0,31574,307346,1223476740.0,3879.0,40,3878.0,31
rb1805,20170907,20170906,210847500,3878.0,31576,307346,1223554300.0,3879.0,32,3878.0,31
rb1805,20170907,20170906,210848000,3879.0,31644,307308,1226192020.0,3880.0,123,3879.0,7
rb1805,20170907,20170906,210848500,3879.0,31648,307308,1226347180.0,3880.0,124,3879.0,9
rb1805,20170907,20170906,210849000,3879.0,31654,307304,1226579920.0,3880.0,124,3879.0,3
rb1805,20170907,20170906,210849500,3880.0,31656,307306,1226657520.0,3880.0,123,3879.0,14
rb1805,20170907,20170906,210850000,3880.0,31656,307306,1226657520.0,3880.0,122,3879.0,21
rb1805,20170907,20170906,210850500,3880.0,31756,307264,1230537520.0,3880.0,75,3879.0,14
rb1805,20170907,20170906,210851000,3879.0,31758,307262,1230615100.0,3880.0,75,3879.0,13
rb1805,20170907,20170906,210851500,3880.0,31772,307260,1231158260.0,3880.0,73,3879.0,3
rb1805,20170907,20170906,210852000,3880.0,31794,307258,1232011860.0,3880.0,61,3879.0,3
rb1805,20170907,20170906,210852500,3880.0,31796,307258,1232089460.0,3880.0,62,3879.0,3
rb1805,20170907,20170906,210853000,3880.0,31836,307258,1233641380.0,3880.0,46,3878.0,34
rb1805,20170907,20170906,210853500,3880.0,31836,307258,1233641380.0,3880.0,53,3879.0,1
rb1805,20170907,20170906,210854000,3880.0,31838,307258,1233718980.0,3880.0,45,3879.0,19
rb1805,20170907,20170906,210854500,3880.0,31846,307254,1234029380.0,3880.0,41,3879.0,5
rb1805,20170907,20170906,210855000,3880.0,31846,307254,1234029380.0,3880.0,47,3879.0,5
rb1805,20170907,20170906,210855500,3880.0,31846,307254,1234029380.0,3880.0,49,3879.0,7
rb1805,20170907,20170906,210856000,3880.0,31848,307254,1234106980.0,3880.0,50,3879.0,7
rb1805,20170907,20170906,210856500,3880.0,31848,307254,1234106980.0,3880.0,52,3879.0,7
rb1805,20170907,20170906,210857000,3880.0,31852,307256,1234262160.0,3880.0,52,3879.0,6
rb1805,20170907,20170906,210857500,3880.0,31854,307256,1234339760.0,3880.0,52,3879.0,6
rb1805,20170907,20170906,210858000,3880.0,31854,307256,1234339760.0,3880.0,52,3879.0,7
rb1805,20170907,20170906,210858500,3879.0,31868,307262,1234882820.0,3879.0,14,3878.0,38
rb1805,20170907,20170906,210859000,3880.0,31898,307262,1236046540.0,3880.0,56,3879.0,14
rb1805,20170907,20170906,210859500,3880.0,31906,307270,1236356940.0,3880.0,61,3879.0,7
rb1805,20170907,20170906,210900000,3880.0,31908,307270,1236434540.0,3880.0,62,3879.0,7
rb1805,20170907,20170906,210900500,3879.0,31910,307270,1236512120.0,3880.0,63,3879.0,7
rb1805,20170907,20170906,210901000,3880.0,31914,307274,1236667300.0,3880.0,63,3878.0,37
rb1805,20170907,20170906,210901500,3878.0,31916,307274,1236744860.0,3879.0,6,3878.0,43
rb1805,20170907,20170906,210902000,3879.0,31936,307278,1237520660.0,3880.0,55,3879.0,1
rb1805,20170907,20170906,210902500,3878.0,31970,307310,1238839240.0,3880.0,54,3878.0,23
rb1805,20170907,20170906,210903000,3879.0,31972,307312,1238916820.0,3879.0,1,3878.0,24
rb1805,20170907,20170906,210903500,3879.0,31982,307322,1239304640.0,3880.0,56,3878.0,24
rb1805,20170907,20170906,210904000,3879.0,31982,307322,1239304640.0,3879.0,2,3878.0,24
rb1805,20170907,20170906,210904500,3879.0,31982,307322,1239304640.0,3879.0,2,3878.0,24
rb1805,20170907,20170906,210905000,3878.0,31986,307324,1239459780.0,3879.0,8,3878.0,23
rb1805,20170907,20170906,210905500,3878.0,31986,307324,1239459780.0,3879.0,24,3878.0,24
rb1805,20170907,20170906,210906000,3878.0,31986,307324,1239459780.0,3879.0,24,3878.0,24
rb1805,20170907,20170906,210906500,3878.0,31986,307324,1239459780.0,3879.0,27,3878.0,18
rb1805,20170907,20170906,210907000,3879.0,31988,307324,1239537360.0,3879.0,37,3878.0,19
rb1805,20170907,20170906,210907500,3879.0,31988,307324,1239537360.0,3879.0,37,3878.0,19
rb1805,20170907,20170906,210908000,3879.0,31988,307324,1239537360.0,3879.0,37,3878.0,19
rb1805,20170907,20170906,210908500,3878.0,31998,307326,1239925160.0,3879.0,38,3878.0,14
rb1805,20170907,20170906,210909000,3878.0,32010,307324,1240390520.0,3879.0,38,3878.0,8
rb1805,20170907,20170906,210909500,3879.0,32012,307326,1240468100.0,3879.0,37,3878.0,10
rb1805,20170907,20170906,210910000,3879.0,32012,307326,1240468100.0,3879.0,37,3878.0,10
rb1805,20170907,20170906,210910500,3878.0,32014,307324,1240545660.0,3879.0,37,3878.0,9
rb1805,20170907,20170906,210911000,3878.0,32038,307312,1241476380.0,3878.0,20,3877.0,49
rb1805,20170907,20170906,210911500,3877.0,32046,307312,1241786600.0,3878.0,8,3877.0,45
rb1805,20170907,20170906,210912000,3878.0,32062,307296,1242407080.0,3879.0,37,3878.0,8
rb1805,20170907,20170906,210912500,3878.0,32064,307296,1242484640.0,3879.0,37,3878.0,8
rb1805,20170907,20170906,210913000,3878.0,32076,307306,1242950100.0,3879.0,32,3878.0,7
rb1805,20170907,20170906,210913500,3877.0,32088,307304,1243415440.0,3878.0,13,3877.0,45
rb1805,20170907,20170906,210914000,3878.0,32100,307306,1243880800.0,3878.0,7,3877.0,44
rb1805,20170907,20170906,210914500,3878.0,32100,307306,1243880800.0,3878.0,7,3877.0,47
rb1805,20170907,20170906,210915000,3878.0,32120,307300,1244656400.0,3879.0,33,3878.0,7
rb1805,20170907,20170906,210915500,3878.0,32134,307300,1245199340.0,3879.0,32,3878.0,1
rb1805,20170907,20170906,210916000,3878.0,32136,307300,1245276900.0,3879.0,33,3877.0,47
rb1805,20170907,20170906,210916500,3878.0,32136,307300,1245276900.0,3879.0,34,3877.0,47
rb1805,20170907,20170906,210917000,3878.0,32136,307300,1245276900.0,3879.0,39,3878.0,1
rb1805,20170907,20170906,210917500,3878.0,32138,307302,1245354460.0,3878.0,2,3877.0,49
rb1805,20170907,20170906,210918000,3878.0,32138,307302,1245354460.0,3878.0,3,3877.0,47
rb1805,20170907,20170906,210918500,3878.0,32148,307306,1245742260.0,3878.0,12,3877.0,47
rb1805,20170907,20170906,210919000,3878.0,32172,307292,1246672980.0,3878.0,30,3877.0,47
rb1805,20170907,20170906,210919500,3878.0,32172,307292,1246672980.0,3878.0,31,3877.0,47
rb1805,20170907,20170906,210920000,3878.0,32172,307292,1246672980.0,3878.0,32,3877.0,47
rb1805,20170907,20170906,210920500,3878.0,32184,307302,1247138340.0,3878.0,26,3877.0,47
rb1805,20170907,20170906,210921000,3877.0,32190,307296,1247370960.0,3878.0,26,3877.0,44
rb1805,20170907,20170906,210921500,3878.0,32292,307296,1251325940.0,3878.0,4,3877.0,15
rb1805,20170907,20170906,210922000,3878.0,32314,307282,1252178900.0,3878.0,8,3877.0,5
rb1805,20170907,20170906,210922500,3878.0,32314,307282,1252178900.0,3878.0,11,3877.0,5
rb1805,20170907,20170906,210923000,3878.0,32318,307284,1252334020.0,3878.0,8,3877.0,6
rb1805,20170907,20170906,210923500,3877.0,32338,307298,1253109620.0,3879.0,39,3877.0,5
rb1805,20170907,20170906,210924000,3877.0,32338,307298,1253109620.0,3879.0,39,3877.0,5
rb1805,20170907,20170906,210924500,3877.0,32338,307298,1253109620.0,3879.0,39,3877.0,13
rb1805,20170907,20170906,210925000,3877.0,32338,307298,1253109620.0,3878.0,1,3877.0,14
rb1805,20170907,20170906,210925500,3878.0,32340,307298,1253187180.0,3879.0,39,3877.0,14
rb1805,20170907,20170906,210926000,3878.0,32348,307302,1253497420.0,3878.0,3,3877.0,15
rb1805,20170907,20170906,210926500,3878.0,32348,307302,1253497420.0,3878.0,5,3877.0,7
rb1805,20170907,20170906,210927000,3877.0,32358,307312,1253885120.0,3878.0,12,3877.0,5
rb1805,20170907,20170906,210927500,3877.0,32380,307296,1254738060.0,3877.0,13,3876.0,33
rb1805,20170907,20170906,210928000,3877.0,32380,307296,1254738060.0,3877.0,43,3876.0,33
rb1805,20170907,20170906,210928500,3877.0,32380,307296,1254738060.0,3877.0,45,3876.0,33
rb1805,20170907,20170906,210929000,3876.0,32390,307306,1255125660.0,3877.0,46,3876.0,28
rb1805,20170907,20170906,210929500,3876.0,32390,307306,1255125660.0,3877.0,46,3876.0,29
rb1805,20170907,20170906,210930000,3876.0,32396,307306,1255358240.0,3877.0,45,3876.0,27
rb1805,20170907,20170906,210930500,3876.0,32398,307308,1255435760.0,3877.0,45,3876.0,26
rb1805,20170907,20170906,210931000,3876.0,32398,307308,1255435760.0,3877.0,39,3876.0,32
rb1805,20170907,20170906,210931500,3877.0,32404,307308,1255668360.0,3877.0,37,3876.0,31
rb1805,20170907,20170906,210932000,3876.0,32414,307310,1256055980.0,3877.0,36,3876.0,27
rb1805,20170907,20170906,210932500,3876.0,32482,307308,1258691620.0,3877.0,36,3876.0,2
rb1805,20170907,20170906,210933000,3876.0,32486,307306,1258846660.0,3877.0,41,3876.0,6
rb1805,20170907,20170906,210933500,3876.0,32498,307314,1259311780.0,3876.0,2,3875.0,23
