instrument,tradingday,calendarday,time,lastp,volume,openinterest,turnover,ask1,asksz1,bid1,bidsz1
rb1805,20170616,20170615,183825500,2834.0,0,77872,0.0,0.0,0,0.0,0
rb1805,20170616,20170615,205900500,2831.0,24,77858,679440.0,2832.0,5,2828.0,2
rb1805,20170616,20170615,210000500,2832.0,26,77860,736080.0,2833.0,1,2828.0,2
rb1805,20170616,20170615,210001000,2832.0,26,77860,736080.0,2833.0,1,2828.0,2
rb1805,20170616,20170615,210001500,2832.0,26,77860,736080.0,2831.0,2,2828.0,2
rb1805,20170616,20170615,210002000,2832.0,26,77860,736080.0,2831.0,2,2828.0,2
rb1805,20170616,20170615,210002500,2832.0,26,77860,736080.0,2831.0,2,2828.0,2
rb1805,20170616,20170615,210003000,2832.0,26,77860,736080.0,2831.0,2,2828.0,2
rb1805,20170616,20170615,210003500,2828.0,30,77860,849200.0,2831.0,2,2824.0,1
rb1805,20170616,20170615,210004000,2828.0,30,77860,849200.0,2831.0,2,2825.0,2
rb1805,20170616,20170615,210004500,2828.0,30,77860,849200.0,2831.0,2,2825.0,2
rb1805,20170616,20170615,210005000,2828.0,30,77860,849200.0,2831.0,2,2826.0,1
rb1805,20170616,20170615,210005500,2831.0,34,77860,962440.0,2831.0,1,2830.0,5
rb1805,20170616,20170615,210006000,2830.0,46,77870,1302060.0,2833.0,1,2826.0,6
rb1805,20170616,20170615,210006500,2827.0,48,77868,1358600.0,2832.0,1,2826.0,6
rb1805,20170616,20170615,210007000,2827.0,48,77868,1358600.0,2832.0,1,2831.0,2
rb1805,20170616,20170615,210007500,2827.0,48,77868,1358600.0,2833.0,1,2831.0,2
rb1805,20170616,20170615,210008000,2827.0,48,77868,1358600.0,2833.0,1,2831.0,2
rb1805,20170616,20170615,210009000,2831.0,56,77864,1585080.0,2833.0,1,2826.0,6
rb1805,20170616,20170615,210009500,2831.0,56,77864,1585080.0,2832.0,1,2826.0,6
rb1805,20170616,20170615,210010000,2831.0,56,77864,1585080.0,2832.0,1,2826.0,7
rb1805,20170616,20170615,210010500,2831.0,56,77864,1585080.0,2832.0,1,2826.0,7
rb1805,20170616,20170615,210011500,2832.0,58,77866,1641720.0,2833.0,1,2826.0,7
rb1805,20170616,20170615,210012000,2832.0,58,77866,1641720.0,2833.0,1,2826.0,7
rb1805,20170616,20170615,210012500,2832.0,58,77866,1641720.0,2833.0,4,2826.0,7
rb1805,20170616,20170615,210014000,2832.0,58,77866,1641720.0,2833.0,4,2827.0,5
rb1805,20170616,20170615,210015500,2832.0,58,77866,1641720.0,2833.0,4,2827.0,5
rb1805,20170616,20170615,210016000,2832.0,58,77866,1641720.0,2833.0,4,2826.0,9
rb1805,20170616,20170615,210016500,2832.0,58,77866,1641720.0,2832.0,1,2826.0,9
rb1805,20170616,20170615,210017000,2832.0,58,77866,1641720.0,2833.0,4,2826.0,9
rb1805,20170616,20170615,210017500,2832.0,58,77866,1641720.0,2833.0,4,2828.0,20
rb1805,20170616,20170615,210018000,2832.0,58,77866,1641720.0,2833.0,4,2831.0,1
rb1805,20170616,20170615,210018500,2832.0,58,77866,1641720.0,2832.0,1,2831.0,1
rb1805,20170616,20170615,210019000,2831.0,60,77866,1698340.0,2832.0,1,2828.0,20
rb1805,20170616,20170615,210019500,2833.0,70,77874,1981600.0,2835.0,37,2833.0,5
rb1805,20170616,20170615,210020000,2833.0,76,77874,2151580.0,2834.0,1,2833.0,2
rb1805,20170616,20170615,210020500,2833.0,80,77878,2264900.0,2834.0,1,2832.0,1
rb1805,20170616,20170615,210022000,2833.0,80,77878,2264900.0,2834.0,1,2832.0,1
rb1805,20170616,20170615,210022500,2834.0,82,77878,2321580.0,2835.0,37,2832.0,1
rb1805,20170616,20170615,210025000,2834.0,82,77878,2321580.0,2835.0,37,2832.0,1
rb1805,20170616,20170615,210025500,2834.0,82,77878,2321580.0,2835.0,37,2832.0,1
rb1805,20170616,20170615,210026000,2834.0,82,77878,2321580.0,2835.0,37,2832.0,1
rb1805,20170616,20170615,210026500,2834.0,82,77878,2321580.0,2835.0,37,2832.0,1
rb1805,20170616,20170615,210029500,2834.0,82,77878,2321580.0,2835.0,37,2834.0,1
rb1805,20170616,20170615,210030000,2834.0,84,77880,2378260.0,2835.0,37,2832.0,1
rb1805,20170616,20170615,210030500,2834.0,84,77880,2378260.0,2835.0,38,2832.0,1
rb1805,20170616,20170615,210031000,2834.0,84,77880,2378260.0,2835.0,38,2832.0,1
rb1805,20170616,20170615,210031500,2834.0,84,77880,2378260.0,2835.0,40,2832.0,1
rb1805,20170616,20170615,210034000,2834.0,84,77880,2378260.0,2834.0,1,2832.0,1
rb1805,20170616,20170615,210036000,2834.0,84,77880,2378260.0,2834.0,1,2832.0,1
rb1805,20170616,20170615,210036500,2834.0,84,77880,2378260.0,2834.0,1,2828.0,29
rb1805,20170616,20170615,210037000,2834.0,84,77880,2378260.0,2834.0,1,2829.0,1
rb1805,20170616,20170615,210037500,2834.0,84,77880,2378260.0,2834.0,1,2828.0,29
rb1805,20170616,20170615,210038000,2834.0,84,77880,2378260.0,2834.0,1,2828.0,30
rb1805,20170616,20170615,210038500,2834.0,84,77880,2378260.0,2834.0,1,2828.0,30
rb1805,20170616,20170615,210039000,2834.0,84,77880,2378260.0,2834.0,1,2832.0,1
rb1805,20170616,20170615,210039500,2834.0,84,77880,2378260.0,2834.0,1,2832.0,1
rb1805,20170616,20170615,210040000,2832.0,86,77880,2434900.0,2833.0,1,2829.0,5
rb1805,20170616,20170615,210040500,2832.0,86,77880,2434900.0,2833.0,1,2830.0,2
rb1805,20170616,20170615,210042500,2830.0,90,77880,2548100.0,2833.0,1,2829.0,5
rb1805,20170616,20170615,210043000,2830.0,90,77880,2548100.0,2833.0,1,2829.0,5
rb1805,20170616,20170615,210044000,2830.0,90,77880,2548100.0,2833.0,1,2829.0,5
rb1805,20170616,20170615,210044500,2830.0,90,77880,2548100.0,2833.0,1,2830.0,1
rb1805,20170616,20170615,210045000,2830.0,90,77880,2548100.0,2832.0,2,2830.0,1
rb1805,20170616,20170615,210046000,2830.0,90,77880,2548100.0,2832.0,2,2830.0,1
rb1805,20170616,20170615,210046500,2830.0,90,77880,2548100.0,2832.0,3,2830.0,1
rb1805,20170616,20170615,210047000,2830.0,92,77882,2604700.0,2832.0,3,2829.0,5
rb1805,20170616,20170615,210048000,2830.0,92,77882,2604700.0,2832.0,3,2829.0,5
rb1805,20170616,20170615,210048500,2830.0,92,77882,2604700.0,2832.0,3,2829.0,5
rb1805,20170616,20170615,210049000,2830.0,94,77882,2661300.0,2832.0,3,2829.0,5
rb1805,20170616,20170615,210050000,2829.0,96,77882,2717880.0,2832.0,3,2828.0,29
rb1805,20170616,20170615,210050500,2829.0,96,77882,2717880.0,2832.0,3,2828.0,29
rb1805,20170616,20170615,210051000,2829.0,96,77882,2717880.0,2832.0,5,2830.0,1
rb1805,20170616,20170615,210053000,2829.0,98,77884,2774460.0,2832.0,6,2828.0,29
rb1805,20170616,20170615,210053500,2829.0,98,77884,2774460.0,2832.0,6,2828.0,29
rb1805,20170616,20170615,210056000,2829.0,98,77884,2774460.0,2832.0,6,2828.0,29
rb1805,20170616,20170615,210056500,2829.0,98,77884,2774460.0,2831.0,1,2828.0,29
rb1805,20170616,20170615,210057500,2828.0,104,77878,2944140.0,2832.0,6,2828.0,26
rb1805,20170616,20170615,210058000,2828.0,104,77878,2944140.0,2832.0,7,2828.0,26
rb1805,20170616,20170615,210058500,2828.0,104,77878,2944140.0,2832.0,7,2829.0,1
rb1805,20170616,20170615,210059000,2828.0,104,77878,2944140.0,2832.0,6,2829.0,1
rb1805,20170616,20170615,210059500,2828.0,104,77878,2944140.0,2832.0,6,2829.0,1
rb1805,20170616,20170615,210100000,2828.0,104,77878,2944140.0,2832.0,7,2829.0,1
rb1805,20170616,20170615,210100500,2828.0,104,77878,2944140.0,2832.0,7,2829.0,1
rb1805,20170616,20170615,210101000,2828.0,104,77878,2944140.0,2832.0,7,2829.0,1
rb1805,20170616,20170615,210101500,2829.0,106,77876,3000720.0,2832.0,7,2828.0,26
rb1805,20170616,20170615,210102000,2829.0,106,77876,3000720.0,2832.0,12,2828.0,31
rb1805,20170616,20170615,210102500,2829.0,106,77876,3000720.0,2832.0,12,2828.0,31
rb1805,20170616,20170615,210103000,2829.0,108,77878,3057300.0,2832.0,12,2828.0,31
rb1805,20170616,20170615,210103500,2829.0,108,77878,3057300.0,2831.0,20,2828.0,31
rb1805,20170616,20170615,210104000,2829.0,108,77878,3057300.0,2831.0,25,2828.0,31
rb1805,20170616,20170615,210105500,2829.0,108,77878,3057300.0,2831.0,25,2828.0,31
rb1805,20170616,20170615,210106000,2829.0,108,77878,3057300.0,2831.0,25,2828.0,32
rb1805,20170616,20170615,210108000,2829.0,108,77878,3057300.0,2831.0,25,2828.0,32
rb1805,20170616,20170615,210108500,2829.0,108,77878,3057300.0,2830.0,2,2828.0,27
rb1805,20170616,20170615,210109000,2829.0,108,77878,3057300.0,2830.0,2,2828.0,27
rb1805,20170616,20170615,210110000,2829.0,108,77878,3057300.0,2830.0,2,2828.0,24
rb1805,20170616,20170615,210110500,2829.0,108,77878,3057300.0,2830.0,2,2829.0,1
rb1805,20170616,20170615,210112000,2829.0,108,77878,3057300.0,2830.0,2,2829.0,1
rb1805,20170616,20170615,210113000,2829.0,108,77878,3057300.0,2830.0,4,2829.0,1
rb1805,20170616,20170615,210113500,2829.0,108,77878,3057300.0,2830.0,12,2829.0,1
rb1805,20170616,20170615,210114500,2829.0,110,77880,3113880.0,2830.0,15,2828.0,7
rb1805,20170616,20170615,210115000,2829.0,110,77880,3113880.0,2830.0,15,2828.0,7
rb1805,20170616,20170615,210115500,2829.0,110,77880,3113880.0,2830.0,16,2828.0,7
rb1805,20170616,20170615,210117000,2829.0,110,77880,3113880.0,2830.0,16,2828.0,7
rb1805,20170616,20170615,210117500,2829.0,110,77880,3113880.0,2829.0,1,2828.0,7
rb1805,20170616,20170615,210118000,2829.0,110,77880,3113880.0,2830.0,16,2828.0,7
rb1805,20170616,20170615,210118500,2829.0,110,77880,3113880.0,2829.0,5,2828.0,7
rb1805,20170616,20170615,210119000,2829.0,112,77882,3170460.0,2829.0,4,2828.0,7
rb1805,20170616,20170615,210120000,2829.0,112,77882,3170460.0,2830.0,17,2828.0,8
rb1805,20170616,20170615,210120500,2829.0,112,77882,3170460.0,2830.0,12,2828.0,13
rb1805,20170616,20170615,210121500,2829.0,112,77882,3170460.0,2830.0,11,2828.0,13
rb1805,20170616,20170615,210122000,2829.0,112,77882,3170460.0,2830.0,16,2828.0,7
rb1805,20170616,20170615,210122500,2829.0,112,77882,3170460.0,2830.0,16,2828.0,7
rb1805,20170616,20170615,210123500,2829.0,112,77882,3170460.0,2830.0,16,2828.0,7
rb1805,20170616,20170615,210124500,2829.0,112,77882,3170460.0,2830.0,16,2828.0,7
rb1805,20170616,20170615,210125500,2829.0,112,77882,3170460.0,2830.0,16,2828.0,7
rb1805,20170616,20170615,210127000,2828.0,126,77880,3566380.0,2828.0,14,2827.0,1
rb1805,20170616,20170615,210127500,2828.0,128,77880,3622940.0,2828.0,13,2827.0,1
rb1805,20170616,20170615,210128000,2828.0,128,77880,3622940.0,2828.0,13,2827.0,1
rb1805,20170616,20170615,210130500,2828.0,128,77880,3622940.0,2828.0,13,2827.0,1
rb1805,20170616,20170615,210131000,2828.0,134,77874,3792620.0,2828.0,10,2827.0,7
rb1805,20170616,20170615,210131500,2828.0,140,77874,3962300.0,2828.0,7,2827.0,7
rb1805,20170616,20170615,210132000,2828.0,140,77874,3962300.0,2828.0,7,2827.0,7
rb1805,20170616,20170615,210132500,2827.0,142,77876,4018840.0,2828.0,7,2827.0,6
rb1805,20170616,20170615,210133500,2827.0,154,77874,4358080.0,2827.0,4,2826.0,4
rb1805,20170616,20170615,210134000,2827.0,154,77874,4358080.0,2827.0,4,2826.0,4
rb1805,20170616,20170615,210134500,2827.0,154,77874,4358080.0,2827.0,4,2826.0,4
rb1805,20170616,20170615,210135000,2827.0,154,77874,4358080.0,2827.0,4,2826.0,4
rb1805,20170616,20170615,210135500,2827.0,154,77874,4358080.0,2827.0,4,2826.0,6
rb1805,20170616,20170615,210137500,2827.0,154,77874,4358080.0,2827.0,4,2826.0,6
rb1805,20170616,20170615,210138500,2827.0,154,77874,4358080.0,2827.0,4,2826.0,6
rb1805,20170616,20170615,210139000,2827.0,154,77874,4358080.0,2827.0,4,2826.0,27
rb1805,20170616,20170615,210139500,2827.0,162,77870,4584240.0,2828.0,7,2827.0,2
rb1805,20170616,20170615,210140000,2827.0,166,77866,4697320.0,2827.0,15,2826.0,28
rb1805,20170616,20170615,210140500,2827.0,166,77866,4697320.0,2827.0,15,2826.0,29
rb1805,20170616,20170615,210141000,2827.0,176,77864,4980020.0,2827.0,10,2826.0,29
rb1805,20170616,20170615,210141500,2827.0,176,77864,4980020.0,2827.0,10,2826.0,29
rb1805,20170616,20170615,210142000,2827.0,176,77864,4980020.0,2827.0,10,2826.0,32
rb1805,20170616,20170615,210142500,2827.0,178,77864,5036560.0,2827.0,9,2826.0,32
rb1805,20170616,20170615,210143000,2827.0,178,77864,5036560.0,2827.0,9,2826.0,32
rb1805,20170616,20170615,210143500,2827.0,178,77864,5036560.0,2827.0,9,2826.0,31
rb1805,20170616,20170615,210145000,2827.0,180,77862,5093100.0,2827.0,8,2826.0,31
rb1805,20170616,20170615,210146000,2827.0,184,77858,5206180.0,2827.0,6,2826.0,30
rb1805,20170616,20170615,210146500,2827.0,184,77858,5206180.0,2827.0,6,2826.0,30
rb1805,20170616,20170615,210147000,2827.0,184,77858,5206180.0,2827.0,6,2826.0,31
rb1805,20170616,20170615,210147500,2827.0,196,77848,5545420.0,2828.0,7,2827.0,14
rb1805,20170616,20170615,210148000,2827.0,196,77848,5545420.0,2828.0,7,2827.0,14
rb1805,20170616,20170615,210148500,2827.0,198,77846,5601960.0,2828.0,7,2827.0,14
rb1805,20170616,20170615,210150500,2827.0,198,77846,5601960.0,2828.0,7,2827.0,15
rb1805,20170616,20170615,210152000,2828.0,200,77846,5658520.0,2828.0,6,2827.0,15
rb1805,20170616,20170615,210152500,2827.0,206,77846,5828140.0,2828.0,11,2827.0,13
rb1805,20170616,20170615,210154000,2827.0,208,77844,5884680.0,2828.0,11,2827.0,12
rb1805,20170616,20170615,210154500,2827.0,208,77844,5884680.0,2828.0,11,2827.0,12
rb1805,20170616,20170615,210155000,2827.0,208,77844,5884680.0,2828.0,6,2827.0,12
rb1805,20170616,20170615,210155500,2827.0,208,77844,5884680.0,2828.0,6,2827.0,13
rb1805,20170616,20170615,210157500,2827.0,208,77844,5884680.0,2828.0,6,2827.0,13
rb1805,20170616,20170615,210158500,2827.0,208,77844,5884680.0,2828.0,6,2827.0,13
rb1805,20170616,20170615,210159000,2828.0,220,77846,6224040.0,2830.0,12,2828.0,4
rb1805,20170616,20170615,210159500,2828.0,220,77846,6224040.0,2830.0,12,2828.0,4
rb1805,20170616,20170615,210200500,2828.0,220,77846,6224040.0,2830.0,13,2828.0,4
rb1805,20170616,20170615,210201000,2828.0,226,77846,6393720.0,2830.0,13,2828.0,1
rb1805,20170616,20170615,210201500,2828.0,228,77846,6450280.0,2830.0,13,2827.0,13
rb1805,20170616,20170615,210202000,2828.0,228,77846,6450280.0,2830.0,12,2828.0,1
rb1805,20170616,20170615,210202500,2828.0,228,77846,6450280.0,2830.0,12,2828.0,2
rb1805,20170616,20170615,210203500,2828.0,228,77846,6450280.0,2830.0,12,2828.0,4
rb1805,20170616,20170615,210204000,2828.0,228,77846,6450280.0,2830.0,17,2828.0,4
rb1805,20170616,20170615,210204500,2828.0,228,77846,6450280.0,2830.0,17,2828.0,5
rb1805,20170616,20170615,210206000,2828.0,228,77846,6450280.0,2830.0,17,2828.0,5
rb1805,20170616,20170615,210206500,2828.0,228,77846,6450280.0,2830.0,17,2829.0,10
rb1805,20170616,20170615,210207000,2828.0,228,77846,6450280.0,2830.0,17,2829.0,10
rb1805,20170616,20170615,210207500,2829.0,236,77844,6676600.0,2830.0,18,2828.0,5
rb1805,20170616,20170615,210208000,2829.0,236,77844,6676600.0,2829.0,1,2828.0,5
rb1805,20170616,20170615,210208500,2829.0,236,77844,6676600.0,2829.0,1,2828.0,4
rb1805,20170616,20170615,210209500,2829.0,238,77846,6733180.0,2830.0,18,2829.0,1
rb1805,20170616,20170615,210210000,2829.0,240,77846,6789760.0,2829.0,4,2828.0,4
rb1805,20170616,20170615,210211000,2829.0,244,77846,6902920.0,2829.0,2,2828.0,3
rb1805,20170616,20170615,210211500,2829.0,244,77846,6902920.0,2830.0,18,2828.0,3
rb1805,20170616,20170615,210212000,2829.0,244,77846,6902920.0,2830.0,19,2829.0,1
rb1805,20170616,20170615,210212500,2829.0,244,77846,6902920.0,2830.0,14,2829.0,1
rb1805,20170616,20170615,210213500,2829.0,244,77846,6902920.0,2830.0,14,2829.0,1
rb1805,20170616,20170615,210215000,2829.0,246,77846,6959500.0,2830.0,15,2828.0,6
rb1805,20170616,20170615,210215500,2829.0,246,77846,6959500.0,2830.0,14,2828.0,10
rb1805,20170616,20170615,210216500,2829.0,246,77846,6959500.0,2830.0,14,2828.0,10
rb1805,20170616,20170615,210217000,2829.0,246,77846,6959500.0,2830.0,13,2828.0,10
rb1805,20170616,20170615,210218500,2829.0,246,77846,6959500.0,2830.0,13,2828.0,10
rb1805,20170616,20170615,210219000,2829.0,246,77846,6959500.0,2830.0,13,2829.0,22
rb1805,20170616,20170615,210219500,2829.0,246,77846,6959500.0,2830.0,13,2829.0,22
rb1805,20170616,20170615,210220000,2830.0,252,77840,7129300.0,2830.0,10,2829.0,26
rb1805,20170616,20170615,210220500,2830.0,252,77840,7129300.0,2830.0,10,2829.0,28
rb1805,20170616,20170615,210221000,2830.0,256,77840,7242500.0,2830.0,8,2829.0,29
rb1805,20170616,20170615,210221500,2830.0,256,77840,7242500.0,2830.0,8,2829.0,29
rb1805,20170616,20170615,210222000,2830.0,260,77840,7355700.0,2830.0,6,2829.0,29
rb1805,20170616,20170615,210222500,2830.0,260,77840,7355700.0,2830.0,6,2829.0,29
rb1805,20170616,20170615,210223000,2830.0,260,77840,7355700.0,2830.0,6,2829.0,29
rb1805,20170616,20170615,210223500,2830.0,260,77840,7355700.0,2830.0,6,2829.0,25
rb1805,20170616,20170615,210224000,2830.0,266,77840,7525500.0,2830.0,8,2829.0,25
rb1805,20170616,20170615,210224500,2830.0,266,77840,7525500.0,2830.0,8,2829.0,25
rb1805,20170616,20170615,210225000,2829.0,270,77840,7638660.0,2830.0,8,2829.0,24
rb1805,20170616,20170615,210225500,2829.0,270,77840,7638660.0,2830.0,8,2829.0,24
rb1805,20170616,20170615,210226000,2829.0,270,77840,7638660.0,2830.0,3,2829.0,24
rb1805,20170616,20170615,210227500,2829.0,270,77840,7638660.0,2830.0,4,2829.0,24
rb1805,20170616,20170615,210228000,2829.0,270,77840,7638660.0,2830.0,4,2829.0,24
rb1805,20170616,20170615,210229500,2829.0,270,77840,7638660.0,2830.0,4,2829.0,24
rb1805,20170616,20170615,210231000,2829.0,270,77840,7638660.0,2830.0,4,2829.0,24
rb1805,20170616,20170615,210232000,2830.0,272,77840,7695260.0,2830.0,3,2829.0,24
rb1805,20170616,20170615,210233000,2830.0,272,77840,7695260.0,2830.0,3,2829.0,24
rb1805,20170616,20170615,210234000,2830.0,272,77840,7695260.0,2830.0,3,2829.0,25
rb1805,20170616,20170615,210234500,2830.0,272,77840,7695260.0,2830.0,3,2829.0,25
rb1805,20170616,20170615,210235000,2830.0,272,77840,7695260.0,2830.0,3,2829.0,25
rb1805,20170616,20170615,210236500,2829.0,274,77840,7751840.0,2830.0,3,2829.0,24
rb1805,20170616,20170615,210237500,2830.0,276,77840,7808440.0,2830.0,2,2829.0,28
rb1805,20170616,20170615,210238000,2830.0,276,77840,7808440.0,2830.0,2,2829.0,28
rb1805,20170616,20170615,210238500,2830.0,278,77840,7865040.0,2830.0,1,2829.0,28
rb1805,20170616,20170615,210239500,2830.0,278,77840,7865040.0,2830.0,1,2829.0,24
rb1805,20170616,20170615,210240500,2830.0,280,77840,7921640.0,2831.0,28,2829.0,24
rb1805,20170616,20170615,210241000,2830.0,280,77840,7921640.0,2831.0,28,2829.0,24
rb1805,20170616,20170615,210242500,2830.0,280,77840,7921640.0,2831.0,28,2830.0,2
rb1805,20170616,20170615,210243000,2830.0,284,77844,8034840.0,2831.0,29,2830.0,1
rb1805,20170616,20170615,210243500,2830.0,286,77842,8091440.0,2830.0,1,2829.0,24
rb1805,20170616,20170615,210244000,2830.0,286,77842,8091440.0,2831.0,29,2829.0,24
rb1805,20170616,20170615,210244500,2830.0,286,77842,8091440.0,2830.0,2,2829.0,28
rb1805,20170616,20170615,210245000,2830.0,286,77842,8091440.0,2830.0,2,2829.0,24
rb1805,20170616,20170615,210246000,2830.0,286,77842,8091440.0,2830.0,2,2829.0,24
rb1805,20170616,20170615,210248500,2830.0,286,77842,8091440.0,2830.0,3,2829.0,24
rb1805,20170616,20170615,210249000,2830.0,286,77842,8091440.0,2830.0,3,2829.0,24
rb1805,20170616,20170615,210250000,2830.0,286,77842,8091440.0,2830.0,11,2829.0,24
rb1805,20170616,20170615,210251000,2830.0,296,77842,8374440.0,2830.0,6,2829.0,24
rb1805,20170616,20170615,210251500,2830.0,296,77842,8374440.0,2830.0,6,2829.0,24
rb1805,20170616,20170615,210252500,2830.0,296,77842,8374440.0,2830.0,6,2829.0,24
rb1805,20170616,20170615,210253000,2829.0,336,77842,9506040.0,2830.0,6,2829.0,4
rb1805,20170616,20170615,210253500,2829.0,336,77842,9506040.0,2830.0,6,2829.0,4
rb1805,20170616,20170615,210254500,2829.0,336,77842,9506040.0,2830.0,6,2829.0,4
rb1805,20170616,20170615,210255500,2829.0,336,77842,9506040.0,2830.0,6,2829.0,4
rb1805,20170616,20170615,210256000,2829.0,336,77842,9506040.0,2830.0,7,2829.0,5
rb1805,20170616,20170615,210257500,2829.0,336,77842,9506040.0,2830.0,7,2829.0,5
rb1805,20170616,20170615,210259500,2829.0,336,77842,9506040.0,2830.0,6,2829.0,5
rb1805,20170616,20170615,210300500,2829.0,336,77842,9506040.0,2830.0,6,2829.0,9
rb1805,20170616,20170615,210302000,2829.0,336,77842,9506040.0,2830.0,6,2829.0,9
rb1805,20170616,20170615,210303500,2829.0,336,77842,9506040.0,2830.0,6,2829.0,10
rb1805,20170616,20170615,210304500,2829.0,336,77842,9506040.0,2830.0,6,2829.0,10
rb1805,20170616,20170615,210305500,2829.0,336,77842,9506040.0,2830.0,6,2829.0,10
rb1805,20170616,20170615,210307500,2829.0,336,77842,9506040.0,2830.0,6,2829.0,10
rb1805,20170616,20170615,210308000,2830.0,338,77842,9562640.0,2830.0,5,2829.0,10
rb1805,20170616,20170615,210309500,2830.0,348,77832,9845640.0,2831.0,28,2830.0,15
rb1805,20170616,20170615,210311000,2830.0,348,77832,9845640.0,2831.0,28,2829.0,13
rb1805,20170616,20170615,210311500,2830.0,348,77832,9845640.0,2830.0,1,2829.0,13
rb1805,20170616,20170615,210312000,2830.0,348,77832,9845640.0,2830.0,1,2829.0,9
rb1805,20170616,20170615,210313500,2830.0,350,77832,9902240.0,2831.0,28,2830.0,1
rb1805,20170616,20170615,210314000,2830.0,350,77832,9902240.0,2831.0,23,2830.0,1
rb1805,20170616,20170615,210316000,2830.0,350,77832,9902240.0,2831.0,24,2830.0,1
rb1805,20170616,20170615,210316500,2830.0,352,77834,9958840.0,2831.0,24,2829.0,9
rb1805,20170616,20170615,210317000,2830.0,352,77834,9958840.0,2831.0,23,2829.0,9
rb1805,20170616,20170615,210318000,2830.0,352,77834,9958840.0,2831.0,23,2829.0,13
rb1805,20170616,20170615,210319500,2830.0,352,77834,9958840.0,2830.0,3,2829.0,13
rb1805,20170616,20170615,210320000,2830.0,352,77834,9958840.0,2830.0,3,2829.0,9
rb1805,20170616,20170615,210320500,2830.0,352,77834,9958840.0,2830.0,3,2829.0,10
rb1805,20170616,20170615,210321500,2830.0,352,77834,9958840.0,2830.0,3,2829.0,10
rb1805,20170616,20170615,210322500,2830.0,352,77834,9958840.0,2830.0,8,2829.0,10
rb1805,20170616,20170615,210323000,2830.0,352,77834,9958840.0,2830.0,9,2829.0,10
rb1805,20170616,20170615,210324000,2830.0,352,77834,9958840.0,2830.0,3,2829.0,10
rb1805,20170616,20170615,210325000,2830.0,352,77834,9958840.0,2830.0,3,2829.0,14
rb1805,20170616,20170615,210325500,2829.0,354,77834,10015420.0,2830.0,3,2829.0,13
rb1805,20170616,20170615,210326000,2830.0,360,77840,10185220.0,2831.0,23,2830.0,17
rb1805,20170616,20170615,210331500,2830.0,360,77840,10185220.0,2831.0,23,2830.0,18
rb1805,20170616,20170615,210333500,2830.0,360,77840,10185220.0,2831.0,23,2830.0,19
rb1805,20170616,20170615,210336000,2830.0,362,77842,10241820.0,2831.0,23,2830.0,18
rb1805,20170616,20170615,210337000,2830.0,362,77842,10241820.0,2831.0,23,2830.0,22
rb1805,20170616,20170615,210337500,2831.0,374,77836,10581540.0,2831.0,17,2830.0,22
rb1805,20170616,20170615,210338000,2831.0,390,77828,11034500.0,2831.0,9,2830.0,22
rb1805,20170616,20170615,210339000,2831.0,390,77828,11034500.0,2831.0,9,2830.0,22
rb1805,20170616,20170615,210339500,2831.0,390,77828,11034500.0,2831.0,9,2830.0,22
rb1805,20170616,20170615,210340000,2831.0,390,77828,11034500.0,2831.0,9,2830.0,29
rb1805,20170616,20170615,210340500,2830.0,392,77830,11091100.0,2831.0,9,2830.0,28
rb1805,20170616,20170615,210341000,2830.0,392,77830,11091100.0,2831.0,9,2830.0,27
rb1805,20170616,20170615,210341500,2831.0,410,77816,11600680.0,2832.0,17,2831.0,13
rb1805,20170616,20170615,210342000,2831.0,410,77816,11600680.0,2832.0,17,2831.0,14
rb1805,20170616,20170615,210343000,2831.0,414,77814,11713920.0,2832.0,22,2831.0,6
rb1805,20170616,20170615,210343500,2831.0,422,77822,11940400.0,2832.0,22,2831.0,2
rb1805,20170616,20170615,210344500,2831.0,422,77822,11940400.0,2832.0,17,2831.0,2
rb1805,20170616,20170615,210346500,2831.0,422,77822,11940400.0,2832.0,17,2831.0,2
rb1805,20170616,20170615,210347000,2831.0,422,77822,11940400.0,2832.0,17,2831.0,2
rb1805,20170616,20170615,210347500,2831.0,422,77822,11940400.0,2832.0,17,2831.0,2
rb1805,20170616,20170615,210348000,2831.0,422,77822,11940400.0,2832.0,17,2831.0,6
rb1805,20170616,20170615,210350500,2832.0,424,77822,11997040.0,2832.0,16,2831.0,6
rb1805,20170616,20170615,210352000,2832.0,424,77822,11997040.0,2832.0,16,2831.0,2
rb1805,20170616,20170615,210353000,2832.0,426,77822,12053680.0,2832.0,16,2831.0,2
rb1805,20170616,20170615,210355000,2832.0,426,77822,12053680.0,2832.0,16,2831.0,2
rb1805,20170616,20170615,210355500,2832.0,446,77802,12620080.0,2832.0,6,2831.0,2
rb1805,20170616,20170615,210356000,2832.0,446,77802,12620080.0,2832.0,5,2831.0,2
rb1805,20170616,20170615,210357000,2832.0,446,77802,12620080.0,2832.0,5,2831.0,3
rb1805,20170616,20170615,210357500,2832.0,446,77802,12620080.0,2832.0,5,2831.0,3
rb1805,20170616,20170615,210358000,2832.0,446,77802,12620080.0,2832.0,5,2831.0,3
rb1805,20170616,20170615,210359500,2832.0,452,77800,12790000.0,2832.0,2,2831.0,3
rb1805,20170616,20170615,210401000,2832.0,452,77800,12790000.0,2832.0,2,2831.0,3
rb1805,20170616,20170615,210402000,2831.0,454,77800,12846620.0,2832.0,8,2831.0,2
rb1805,20170616,20170615,210402500,2831.0,454,77800,12846620.0,2832.0,8,2831.0,2
rb1805,20170616,20170615,210403500,2831.0,454,77800,12846620.0,2832.0,8,2831.0,2
rb1805,20170616,20170615,210404000,2831.0,454,77800,12846620.0,2832.0,8,2831.0,2
rb1805,20170616,20170615,210404500,2832.0,456,77800,12903260.0,2832.0,7,2831.0,2
rb1805,20170616,20170615,210405500,2832.0,456,77800,12903260.0,2832.0,7,2831.0,2
rb1805,20170616,20170615,210406000,2832.0,456,77800,12903260.0,2832.0,8,2831.0,2
rb1805,20170616,20170615,210406500,2832.0,460,77802,13016540.0,2833.0,1,2832.0,13
rb1805,20170616,20170615,210407000,2832.0,460,77802,13016540.0,2833.0,1,2832.0,13
rb1805,20170616,20170615,210408000,2832.0,460,77802,13016540.0,2833.0,1,2832.0,13
rb1805,20170616,20170615,210408500,2832.0,460,77802,13016540.0,2833.0,1,2832.0,13
rb1805,20170616,20170615,210409500,2832.0,460,77802,13016540.0,2833.0,1,2832.0,18
rb1805,20170616,20170615,210410500,2832.0,460,77802,13016540.0,2833.0,1,2832.0,18
rb1805,20170616,20170615,210411000,2832.0,460,77802,13016540.0,2833.0,21,2832.0,18
rb1805,20170616,20170615,210412500,2832.0,462,77802,13073180.0,2833.0,21,2832.0,17
rb1805,20170616,20170615,210413000,2833.0,468,77804,13243160.0,2833.0,18,2832.0,17
rb1805,20170616,20170615,210414500,2833.0,468,77804,13243160.0,2833.0,18,2832.0,17
rb1805,20170616,20170615,210416500,2833.0,468,77804,13243160.0,2833.0,18,2832.0,17
rb1805,20170616,20170615,210417000,2833.0,468,77804,13243160.0,2833.0,18,2832.0,17
rb1805,20170616,20170615,210418500,2832.0,488,77824,13809560.0,2833.0,18,2832.0,7
rb1805,20170616,20170615,210419000,2832.0,488,77824,13809560.0,2833.0,18,2832.0,7
rb1805,20170616,20170615,210421000,2832.0,488,77824,13809560.0,2833.0,19,2832.0,2
rb1805,20170616,20170615,210422000,2832.0,488,77824,13809560.0,2833.0,19,2832.0,2
rb1805,20170616,20170615,210422500,2832.0,492,77824,13922840.0,2833.0,19,2831.0,2
rb1805,20170616,20170615,210423000,2832.0,492,77824,13922840.0,2833.0,18,2831.0,2
rb1805,20170616,20170615,210424000,2832.0,492,77824,13922840.0,2833.0,23,2831.0,2
rb1805,20170616,20170615,210424500,2832.0,492,77824,13922840.0,2833.0,24,2831.0,2
rb1805,20170616,20170615,210425000,2833.0,494,77824,13979500.0,2833.0,23,2831.0,2
rb1805,20170616,20170615,210426500,2833.0,494,77824,13979500.0,2833.0,23,2831.0,22
rb1805,20170616,20170615,210427000,2833.0,494,77824,13979500.0,2833.0,22,2831.0,22
rb1805,20170616,20170615,210427500,2833.0,494,77824,13979500.0,2833.0,17,2831.0,27
rb1805,20170616,20170615,210429000,2833.0,494,77824,13979500.0,2833.0,17,2831.0,28
rb1805,20170616,20170615,210438500,2833.0,494,77824,13979500.0,2833.0,17,2831.0,29
rb1805,20170616,20170615,210440000,2833.0,496,77822,14036160.0,2833.0,16,2831.0,29
rb1805,20170616,20170615,210440500,2833.0,498,77822,14092820.0,2833.0,20,2831.0,29
rb1805,20170616,20170615,210441000,2833.0,498,77822,14092820.0,2833.0,20,2831.0,24
rb1805,20170616,20170615,210442000,2833.0,498,77822,14092820.0,2833.0,21,2831.0,24
rb1805,20170616,20170615,210444500,2833.0,510,77810,14432780.0,2833.0,15,2831.0,25
rb1805,20170616,20170615,210445000,2833.0,540,77790,15282680.0,2834.0,4,2833.0,5
rb1805,20170616,20170615,210445500,2833.0,550,77786,15565980.0,2833.0,1,2831.0,25
rb1805,20170616,20170615,210446000,2832.0,552,77788,15622620.0,2834.0,4,2832.0,1
rb1805,20170616,20170615,210446500,2832.0,552,77788,15622620.0,2833.0,3,2832.0,1
rb1805,20170616,20170615,210447500,2832.0,554,77790,15679260.0,2833.0,3,2831.0,30
rb1805,20170616,20170615,210448000,2833.0,564,77790,15962560.0,2832.0,1,2831.0,30
rb1805,20170616,20170615,210448500,2833.0,564,77790,15962560.0,2832.0,1,2831.0,29
rb1805,20170616,20170615,210449500,2833.0,566,77790,16019220.0,2834.0,4,2833.0,9
rb1805,20170616,20170615,210450000,2833.0,572,77790,16189200.0,2834.0,4,2833.0,5
rb1805,20170616,20170615,210450500,2833.0,572,77790,16189200.0,2834.0,5,2833.0,5
rb1805,20170616,20170615,210451000,2833.0,572,77790,16189200.0,2834.0,5,2833.0,5
rb1805,20170616,20170615,210451500,2833.0,572,77790,16189200.0,2834.0,4,2833.0,5
rb1805,20170616,20170615,210452500,2833.0,574,77788,16245860.0,2834.0,4,2833.0,4
rb1805,20170616,20170615,210453500,2833.0,574,77788,16245860.0,2834.0,4,2833.0,4
rb1805,20170616,20170615,210456000,2833.0,574,77788,16245860.0,2834.0,4,2833.0,4
rb1805,20170616,20170615,210458000,2833.0,578,77784,16359180.0,2834.0,4,2833.0,2
rb1805,20170616,20170615,210458500,2834.0,580,77782,16415860.0,2834.0,3,2833.0,2
rb1805,20170616,20170615,210459000,2834.0,580,77782,16415860.0,2834.0,3,2833.0,2
rb1805,20170616,20170615,210500000,2834.0,580,77782,16415860.0,2834.0,4,2833.0,2
rb1805,20170616,20170615,210500500,2833.0,584,77782,16529180.0,2833.0,1,2831.0,9
rb1805,20170616,20170615,210501000,2833.0,584,77782,16529180.0,2833.0,1,2831.0,10
rb1805,20170616,20170615,210504500,2833.0,584,77782,16529180.0,2833.0,1,2831.0,10
rb1805,20170616,20170615,210505000,2833.0,584,77782,16529180.0,2833.0,1,2831.0,10
rb1805,20170616,20170615,210506000,2833.0,584,77782,16529180.0,2833.0,1,2831.0,15
rb1805,20170616,20170615,210506500,2833.0,584,77782,16529180.0,2833.0,1,2831.0,16
rb1805,20170616,20170615,210507000,2833.0,584,77782,16529180.0,2833.0,1,2831.0,16
rb1805,20170616,20170615,210508000,2833.0,584,77782,16529180.0,2833.0,1,2831.0,16
rb1805,20170616,20170615,210509000,2833.0,584,77782,16529180.0,2833.0,2,2831.0,16
rb1805,20170616,20170615,210510000,2833.0,584,77782,16529180.0,2833.0,2,2831.0,16
rb1805,20170616,20170615,210510500,2833.0,584,77782,16529180.0,2833.0,2,2832.0,20
rb1805,20170616,20170615,210511000,2833.0,588,77784,16642500.0,2834.0,4,2832.0,26
rb1805,20170616,20170615,210511500,2833.0,588,77784,16642500.0,2833.0,20,2832.0,26
rb1805,20170616,20170615,210512500,2833.0,588,77784,16642500.0,2833.0,20,2832.0,25
rb1805,20170616,20170615,210513000,2832.0,590,77782,16699140.0,2833.0,20,2832.0,24
rb1805,20170616,20170615,210513500,2832.0,590,77782,16699140.0,2833.0,20,2832.0,26
rb1805,20170616,20170615,210515500,2832.0,590,77782,16699140.0,2833.0,20,2832.0,21
rb1805,20170616,20170615,210516000,2833.0,592,77782,16755800.0,2833.0,19,2832.0,21
rb1805,20170616,20170615,210517000,2833.0,602,77776,17039060.0,2833.0,19,2832.0,19
rb1805,20170616,20170615,210517500,2833.0,602,77776,17039060.0,2833.0,19,2832.0,19
rb1805,20170616,20170615,210519000,2833.0,604,77774,17095720.0,2833.0,18,2832.0,19
rb1805,20170616,20170615,210520000,2833.0,604,77774,17095720.0,2833.0,19,2832.0,19
rb1805,20170616,20170615,210521000,2833.0,606,77774,17152380.0,2833.0,18,2832.0,19
rb1805,20170616,20170615,210522000,2833.0,606,77774,17152380.0,2833.0,18,2832.0,19
rb1805,20170616,20170615,210523000,2833.0,606,77774,17152380.0,2833.0,20,2832.0,19
rb1805,20170616,20170615,210524500,2833.0,606,77774,17152380.0,2833.0,20,2832.0,2
rb1805,20170616,20170615,210525500,2833.0,606,77774,17152380.0,2833.0,21,2832.0,2
rb1805,20170616,20170615,210526000,2833.0,606,77774,17152380.0,2833.0,21,2832.0,2
rb1805,20170616,20170615,210526500,2833.0,606,77774,17152380.0,2833.0,21,2832.0,2
rb1805,20170616,20170615,210527000,2832.0,608,77774,17209020.0,2833.0,21,2832.0,1
rb1805,20170616,20170615,210527500,2832.0,608,77774,17209020.0,2833.0,21,2832.0,1
rb1805,20170616,20170615,210528000,2832.0,610,77776,17265660.0,2833.0,21,2831.0,13
rb1805,20170616,20170615,210528500,2832.0,610,77776,17265660.0,2832.0,8,2831.0,8
rb1805,20170616,20170615,210529000,2832.0,610,77776,17265660.0,2832.0,6,2831.0,8
rb1805,20170616,20170615,210529500,2831.0,618,77784,17492140.0,2832.0,6,2831.0,4
rb1805,20170616,20170615,210531000,2831.0,620,77786,17548760.0,2832.0,6,2831.0,3
rb1805,20170616,20170615,210531500,2831.0,620,77786,17548760.0,2832.0,6,2831.0,3
rb1805,20170616,20170615,210532000,2831.0,622,77788,17605380.0,2832.0,6,2831.0,2
rb1805,20170616,20170615,210533500,2831.0,624,77790,17662000.0,2832.0,6,2831.0,1
rb1805,20170616,20170615,210534000,2831.0,626,77792,17718620.0,2831.0,1,2830.0,10
rb1805,20170616,20170615,210534500,2831.0,626,77792,17718620.0,2831.0,1,2830.0,6
rb1805,20170616,20170615,210535000,2831.0,626,77792,17718620.0,2831.0,2,2830.0,6
rb1805,20170616,20170615,210535500,2831.0,626,77792,17718620.0,2831.0,2,2830.0,6
rb1805,20170616,20170615,210536000,2831.0,626,77792,17718620.0,2831.0,2,2830.0,6
rb1805,20170616,20170615,210537000,2831.0,630,77794,17831860.0,2832.0,4,2830.0,11
rb1805,20170616,20170615,210537500,2831.0,630,77794,17831860.0,2832.0,9,2830.0,11
rb1805,20170616,20170615,210538000,2831.0,630,77794,17831860.0,2832.0,9,2831.0,1
rb1805,20170616,20170615,210539500,2831.0,630,77794,17831860.0,2832.0,10,2831.0,1
rb1805,20170616,20170615,210541500,2831.0,632,77794,17888480.0,2832.0,10,2830.0,11
rb1805,20170616,20170615,210544000,2831.0,632,77794,17888480.0,2832.0,14,2830.0,6
rb1805,20170616,20170615,210544500,2832.0,634,77794,17945120.0,2832.0,13,2831.0,5
rb1805,20170616,20170615,210545000,2832.0,634,77794,17945120.0,2832.0,9,2830.0,6
rb1805,20170616,20170615,210545500,2832.0,634,77794,17945120.0,2832.0,9,2831.0,5
rb1805,20170616,20170615,210546500,2832.0,634,77794,17945120.0,2832.0,9,2831.0,5
rb1805,20170616,20170615,210547000,2832.0,654,77778,18511520.0,2833.0,23,2831.0,5
rb1805,20170616,20170615,210547500,2831.0,656,77776,18568140.0,2833.0,23,2831.0,4
rb1805,20170616,20170615,210548000,2831.0,656,77776,18568140.0,2833.0,23,2830.0,7
rb1805,20170616,20170615,210548500,2831.0,656,77776,18568140.0,2833.0,23,2830.0,12
rb1805,20170616,20170615,210550500,2831.0,656,77776,18568140.0,2833.0,23,2830.0,13
rb1805,20170616,20170615,210551500,2831.0,656,77776,18568140.0,2833.0,24,2830.0,13
rb1805,20170616,20170615,210552000,2831.0,656,77776,18568140.0,2833.0,26,2830.0,13
rb1805,20170616,20170615,210552500,2831.0,656,77776,18568140.0,2833.0,27,2831.0,20
rb1805,20170616,20170615,210554000,2831.0,656,77776,18568140.0,2832.0,5,2831.0,20
rb1805,20170616,20170615,210554500,2832.0,666,77786,18851340.0,2833.0,27,2831.0,20
rb1805,20170616,20170615,210555500,2832.0,666,77786,18851340.0,2833.0,27,2831.0,20
rb1805,20170616,20170615,210557500,2831.0,668,77784,18907960.0,2833.0,27,2831.0,19
rb1805,20170616,20170615,210558000,2831.0,668,77784,18907960.0,2832.0,1,2830.0,13
rb1805,20170616,20170615,210558500,2831.0,668,77784,18907960.0,2832.0,8,2830.0,8
rb1805,20170616,20170615,210559000,2831.0,668,77784,18907960.0,2832.0,8,2830.0,8
rb1805,20170616,20170615,210559500,2831.0,668,77784,18907960.0,2832.0,8,2830.0,8
rb1805,20170616,20170615,210600000,2830.0,670,77784,18964560.0,2832.0,8,2830.0,7
rb1805,20170616,20170615,210600500,2830.0,670,77784,18964560.0,2832.0,10,2830.0,7
rb1805,20170616,20170615,210601000,2830.0,670,77784,18964560.0,2832.0,10,2830.0,6
rb1805,20170616,20170615,210604000,2830.0,676,77790,19134360.0,2832.0,4,2830.0,8
rb1805,20170616,20170615,210604500,2830.0,676,77790,19134360.0,2831.0,20,2830.0,8
rb1805,20170616,20170615,210605000,2830.0,676,77790,19134360.0,2831.0,20,2830.0,8
rb1805,20170616,20170615,210605500,2830.0,676,77790,19134360.0,2831.0,21,2830.0,8
rb1805,20170616,20170615,210606500,2830.0,676,77790,19134360.0,2831.0,21,2830.0,8
rb1805,20170616,20170615,210607000,2831.0,680,77788,19247600.0,2831.0,19,2830.0,8
rb1805,20170616,20170615,210607500,2831.0,680,77788,19247600.0,2831.0,19,2830.0,8
rb1805,20170616,20170615,210608500,2831.0,680,77788,19247600.0,2831.0,20,2830.0,8
rb1805,20170616,20170615,210609000,2831.0,682,77788,19304220.0,2831.0,19,2830.0,8
rb1805,20170616,20170615,210609500,2830.0,684,77786,19360820.0,2831.0,19,2830.0,7
rb1805,20170616,20170615,210610000,2830.0,694,77786,19643820.0,2831.0,19,2830.0,2
rb1805,20170616,20170615,210611000,2831.0,696,77786,19700440.0,2831.0,18,2830.0,2
rb1805,20170616,20170615,210612000,2830.0,700,77786,19813660.0,2831.0,17,2830.0,1
rb1805,20170616,20170615,210612500,2830.0,700,77786,19813660.0,2831.0,18,2830.0,1
rb1805,20170616,20170615,210613000,2831.0,704,77786,19926900.0,2831.0,16,2830.0,3
rb1805,20170616,20170615,210613500,2831.0,704,77786,19926900.0,2831.0,16,2830.0,1
rb1805,20170616,20170615,210614500,2831.0,704,77786,19926900.0,2831.0,16,2830.0,6
rb1805,20170616,20170615,210615000,2831.0,716,77786,20266620.0,2831.0,10,2830.0,6
rb1805,20170616,20170615,210615500,2831.0,716,77786,20266620.0,2831.0,10,2830.0,6
rb1805,20170616,20170615,210616500,2831.0,726,77786,20549720.0,2831.0,5,2830.0,6
rb1805,20170616,20170615,210617000,2830.0,732,77788,20719520.0,2831.0,5,2830.0,5
rb1805,20170616,20170615,210617500,2831.0,736,77788,20832760.0,2831.0,3,2829.0,4
rb1805,20170616,20170615,210619000,2831.0,736,77788,20832760.0,2830.0,2,2829.0,4
rb1805,20170616,20170615,210620500,2829.0,742,77788,21002540.0,2831.0,3,2829.0,3
rb1805,20170616,20170615,210621000,2829.0,742,77788,21002540.0,2831.0,3,2830.0,20
rb1805,20170616,20170615,210621500,2829.0,742,77788,21002540.0,2831.0,3,2830.0,22
rb1805,20170616,20170615,210622000,2829.0,742,77788,21002540.0,2831.0,8,2830.0,22
rb1805,20170616,20170615,210622500,2831.0,744,77790,21059160.0,2831.0,7,2830.0,22
rb1805,20170616,20170615,210625000,2831.0,744,77790,21059160.0,2831.0,7,2830.0,22
rb1805,20170616,20170615,210627500,2831.0,744,77790,21059160.0,2831.0,8,2830.0,22
rb1805,20170616,20170615,210629000,2831.0,744,77790,21059160.0,2831.0,8,2830.0,22
rb1805,20170616,20170615,210629500,2831.0,744,77790,21059160.0,2831.0,8,2830.0,2
rb1805,20170616,20170615,210630500,2830.0,748,77790,21172360.0,2830.0,58,2829.0,3
rb1805,20170616,20170615,210633000,2830.0,748,77790,21172360.0,2830.0,58,2829.0,3
rb1805,20170616,20170615,210634000,2830.0,748,77790,21172360.0,2830.0,63,2829.0,3
rb1805,20170616,20170615,210636000,2829.0,750,77788,21228940.0,2830.0,63,2829.0,2
rb1805,20170616,20170615,210636500,2829.0,754,77790,21342100.0,2829.0,1,2828.0,4
rb1805,20170616,20170615,210637500,2829.0,754,77790,21342100.0,2829.0,6,2828.0,4
rb1805,20170616,20170615,210638000,2828.0,758,77792,21455220.0,2829.0,6,2828.0,2
rb1805,20170616,20170615,210638500,2828.0,758,77792,21455220.0,2829.0,6,2828.0,4
rb1805,20170616,20170615,210639000,2828.0,766,77796,21681460.0,2829.0,6,2827.0,4
rb1805,20170616,20170615,210639500,2828.0,766,77796,21681460.0,2829.0,7,2827.0,4
rb1805,20170616,20170615,210640500,2828.0,766,77796,21681460.0,2829.0,7,2827.0,6
rb1805,20170616,20170615,210641000,2828.0,766,77796,21681460.0,2829.0,6,2827.0,6
rb1805,20170616,20170615,210641500,2827.0,768,77796,21738000.0,2829.0,6,2827.0,5
rb1805,20170616,20170615,210642500,2827.0,768,77796,21738000.0,2828.0,1,2827.0,5
rb1805,20170616,20170615,210643000,2827.0,768,77796,21738000.0,2828.0,1,2827.0,5
rb1805,20170616,20170615,210643500,2828.0,778,77796,22020720.0,2828.0,5,2827.0,1
rb1805,20170616,20170615,210644000,2827.0,780,77798,22077260.0,2828.0,5,2826.0,4
rb1805,20170616,20170615,210645000,2827.0,780,77798,22077260.0,2827.0,5,2826.0,4
rb1805,20170616,20170615,210645500,2827.0,780,77798,22077260.0,2827.0,5,2826.0,4
rb1805,20170616,20170615,210646000,2827.0,780,77798,22077260.0,2827.0,5,2826.0,6
rb1805,20170616,20170615,210646500,2827.0,780,77798,22077260.0,2827.0,6,2826.0,8
rb1805,20170616,20170615,210647500,2827.0,780,77798,22077260.0,2827.0,6,2826.0,8
rb1805,20170616,20170615,210648000,2826.0,782,77798,22133780.0,2827.0,6,2826.0,7
rb1805,20170616,20170615,210649000,2826.0,784,77796,22190300.0,2827.0,6,2826.0,6
rb1805,20170616,20170615,210649500,2827.0,790,77790,22359920.0,2827.0,4,2826.0,6
rb1805,20170616,20170615,210650000,2827.0,798,77786,22586080.0,2828.0,9,2826.0,6
rb1805,20170616,20170615,210652500,2827.0,798,77786,22586080.0,2828.0,9,2826.0,6
rb1805,20170616,20170615,210653000,2826.0,810,77780,22925200.0,2826.0,7,2825.0,7
rb1805,20170616,20170615,210653500,2826.0,810,77780,22925200.0,2826.0,12,2825.0,7
rb1805,20170616,20170615,210654000,2826.0,812,77780,22981720.0,2826.0,11,2825.0,7
rb1805,20170616,20170615,210654500,2826.0,812,77780,22981720.0,2826.0,11,2825.0,9
rb1805,20170616,20170615,210655000,2825.0,814,77780,23038220.0,2826.0,16,2825.0,8
rb1805,20170616,20170615,210655500,2825.0,816,77778,23094720.0,2826.0,16,2825.0,7
rb1805,20170616,20170615,210656500,2825.0,820,77780,23207720.0,2826.0,16,2825.0,5
rb1805,20170616,20170615,210657000,2826.0,822,77778,23264240.0,2826.0,15,2825.0,5
rb1805,20170616,20170615,210657500,2826.0,832,77784,23546760.0,2826.0,14,2825.0,1
rb1805,20170616,20170615,210658000,2826.0,832,77784,23546760.0,2826.0,9,2825.0,1
rb1805,20170616,20170615,210658500,2825.0,834,77784,23603260.0,2825.0,9,2824.0,2
rb1805,20170616,20170615,210659000,2825.0,844,77776,23885760.0,2825.0,4,2824.0,2
rb1805,20170616,20170615,210700000,2825.0,844,77776,23885760.0,2825.0,4,2824.0,4
rb1805,20170616,20170615,210700500,2825.0,858,77762,24281260.0,2826.0,9,2825.0,3
rb1805,20170616,20170615,210701500,2825.0,862,77760,24394260.0,2826.0,14,2825.0,1
rb1805,20170616,20170615,210702000,2825.0,862,77760,24394260.0,2826.0,9,2825.0,1
rb1805,20170616,20170615,210706000,2825.0,864,77760,24450760.0,2826.0,14,2824.0,5
rb1805,20170616,20170615,210706500,2825.0,864,77760,24450760.0,2825.0,4,2824.0,5
rb1805,20170616,20170615,210707000,2825.0,868,77756,24563760.0,2825.0,3,2824.0,5
rb1805,20170616,20170615,210708500,2825.0,868,77756,24563760.0,2825.0,4,2824.0,6
rb1805,20170616,20170615,210709000,2825.0,868,77756,24563760.0,2825.0,4,2824.0,6
rb1805,20170616,20170615,210709500,2825.0,876,77752,24789760.0,2826.0,10,2825.0,4
rb1805,20170616,20170615,210710000,2825.0,876,77752,24789760.0,2826.0,10,2824.0,6
rb1805,20170616,20170615,210710500,2825.0,876,77752,24789760.0,2826.0,5,2824.0,5
rb1805,20170616,20170615,210712000,2825.0,876,77752,24789760.0,2827.0,1,2824.0,11
rb1805,20170616,20170615,210712500,2825.0,876,77752,24789760.0,2828.0,9,2825.0,2
rb1805,20170616,20170615,210713000,2825.0,876,77752,24789760.0,2828.0,9,2825.0,7
rb1805,20170616,20170615,210713500,2825.0,876,77752,24789760.0,2828.0,4,2825.0,8
rb1805,20170616,20170615,210714000,2825.0,886,77752,25072260.0,2828.0,4,2825.0,3
rb1805,20170616,20170615,210714500,2825.0,886,77752,25072260.0,2828.0,4,2825.0,2
rb1805,20170616,20170615,210715000,2825.0,886,77752,25072260.0,2827.0,2,2825.0,3
rb1805,20170616,20170615,210715500,2825.0,886,77752,25072260.0,2827.0,2,2825.0,3
rb1805,20170616,20170615,210717500,2825.0,886,77752,25072260.0,2827.0,7,2825.0,1
rb1805,20170616,20170615,210718500,2825.0,888,77752,25128760.0,2827.0,3,2825.0,2
rb1805,20170616,20170615,210719500,2825.0,892,77752,25241760.0,2827.0,3,2824.0,13
rb1805,20170616,20170615,210720000,2825.0,892,77752,25241760.0,2827.0,8,2824.0,13
rb1805,20170616,20170615,210720500,2824.0,896,77754,25354720.0,2827.0,8,2824.0,11
rb1805,20170616,20170615,210721000,2824.0,896,77754,25354720.0,2827.0,8,2824.0,12
rb1805,20170616,20170615,210721500,2824.0,896,77754,25354720.0,2825.0,1,2824.0,12
rb1805,20170616,20170615,210722000,2825.0,898,77754,25411220.0,2827.0,7,2825.0,1
rb1805,20170616,20170615,210722500,2825.0,898,77754,25411220.0,2827.0,7,2824.0,8
rb1805,20170616,20170615,210723000,2825.0,898,77754,25411220.0,2827.0,7,2824.0,7
rb1805,20170616,20170615,210724000,2825.0,898,77754,25411220.0,2827.0,7,2825.0,1
rb1805,20170616,20170615,210724500,2825.0,898,77754,25411220.0,2826.0,2,2825.0,1
rb1805,20170616,20170615,210725000,2825.0,898,77754,25411220.0,2826.0,2,2825.0,1
rb1805,20170616,20170615,210725500,2825.0,900,77754,25467720.0,2825.0,1,2824.0,7
rb1805,20170616,20170615,210726000,2825.0,900,77754,25467720.0,2826.0,7,2824.0,7
rb1805,20170616,20170615,210726500,2825.0,900,77754,25467720.0,2826.0,7,2824.0,8
rb1805,20170616,20170615,210727000,2825.0,900,77754,25467720.0,2826.0,7,2824.0,7
rb1805,20170616,20170615,210727500,2826.0,902,77754,25524240.0,2826.0,6,2824.0,7
rb1805,20170616,20170615,210728500,2826.0,902,77754,25524240.0,2826.0,7,2824.0,7
rb1805,20170616,20170615,210729000,2826.0,902,77754,25524240.0,2826.0,7,2825.0,2
rb1805,20170616,20170615,210729500,2826.0,902,77754,25524240.0,2826.0,2,2825.0,2
rb1805,20170616,20170615,210731500,2826.0,902,77754,25524240.0,2826.0,2,2825.0,2
rb1805,20170616,20170615,210732000,2826.0,902,77754,25524240.0,2826.0,7,2825.0,2
rb1805,20170616,20170615,210732500,2825.0,906,77754,25637240.0,2825.0,1,2824.0,12
rb1805,20170616,20170615,210733000,2826.0,908,77754,25693760.0,2826.0,6,2824.0,12
rb1805,20170616,20170615,210733500,2826.0,908,77754,25693760.0,2825.0,1,2824.0,12
rb1805,20170616,20170615,210734000,2826.0,908,77754,25693760.0,2825.0,1,2824.0,12
rb1805,20170616,20170615,210736000,2826.0,908,77754,25693760.0,2825.0,6,2824.0,12
rb1805,20170616,20170615,210736500,2824.0,910,77754,25750240.0,2825.0,6,2824.0,11
rb1805,20170616,20170615,210737000,2824.0,910,77754,25750240.0,2825.0,7,2824.0,11
rb1805,20170616,20170615,210737500,2824.0,910,77754,25750240.0,2825.0,7,2824.0,11
rb1805,20170616,20170615,210738000,2825.0,916,77758,25919740.0,2825.0,4,2824.0,11
rb1805,20170616,20170615,210738500,2825.0,916,77758,25919740.0,2825.0,3,2824.0,11
rb1805,20170616,20170615,210739000,2825.0,916,77758,25919740.0,2825.0,4,2824.0,11
rb1805,20170616,20170615,210740500,2825.0,922,77764,26089240.0,2825.0,1,2824.0,11
rb1805,20170616,20170615,210741500,2825.0,924,77764,26145740.0,2826.0,10,2824.0,11
rb1805,20170616,20170615,210742000,2824.0,926,77764,26202220.0,2826.0,10,2824.0,10
rb1805,20170616,20170615,210742500,2824.0,926,77764,26202220.0,2826.0,10,2825.0,3
rb1805,20170616,20170615,210743000,2825.0,932,77770,26371720.0,2825.0,1,2824.0,10
rb1805,20170616,20170615,210743500,2825.0,932,77770,26371720.0,2826.0,9,2824.0,10
rb1805,20170616,20170615,210744500,2825.0,932,77770,26371720.0,2826.0,9,2824.0,10
rb1805,20170616,20170615,210745000,2825.0,932,77770,26371720.0,2826.0,9,2824.0,10
rb1805,20170616,20170615,210745500,2825.0,932,77770,26371720.0,2826.0,10,2824.0,10
rb1805,20170616,20170615,210746000,2825.0,936,77770,26484700.0,2825.0,1,2824.0,9
rb1805,20170616,20170615,210746500,2824.0,942,77772,26654140.0,2825.0,6,2824.0,6
rb1805,20170616,20170615,210747000,2825.0,948,77772,26823640.0,2825.0,3,2824.0,6
rb1805,20170616,20170615,210747500,2824.0,960,77782,27162520.0,2825.0,3,2821.0,2
rb1805,20170616,20170615,210748000,2824.0,960,77782,27162520.0,2824.0,1,2822.0,1
rb1805,20170616,20170615,210748500,2824.0,960,77782,27162520.0,2824.0,4,2822.0,1
rb1805,20170616,20170615,210749000,2824.0,960,77782,27162520.0,2824.0,4,2822.0,6
rb1805,20170616,20170615,210749500,2824.0,960,77782,27162520.0,2824.0,1,2822.0,6
rb1805,20170616,20170615,210750000,2824.0,960,77782,27162520.0,2823.0,1,2822.0,6
rb1805,20170616,20170615,210750500,2823.0,962,77782,27218980.0,2825.0,3,2823.0,6
rb1805,20170616,20170615,210751000,2823.0,970,77774,27444820.0,2825.0,3,2823.0,1
rb1805,20170616,20170615,210751500,2823.0,970,77774,27444820.0,2826.0,9,2823.0,6
rb1805,20170616,20170615,210752000,2823.0,970,77774,27444820.0,2826.0,9,2823.0,9
rb1805,20170616,20170615,210752500,2823.0,980,77768,27727120.0,2826.0,12,2823.0,6
rb1805,20170616,20170615,210753000,2823.0,980,77768,27727120.0,2826.0,9,2823.0,6
rb1805,20170616,20170615,210753500,2823.0,980,77768,27727120.0,2825.0,2,2823.0,6
rb1805,20170616,20170615,210754000,2823.0,980,77768,27727120.0,2825.0,2,2823.0,6
rb1805,20170616,20170615,210754500,2823.0,982,77768,27783580.0,2825.0,2,2823.0,5
rb1805,20170616,20170615,210755500,2823.0,982,77768,27783580.0,2825.0,7,2823.0,5
rb1805,20170616,20170615,210756500,2823.0,984,77766,27840040.0,2825.0,7,2823.0,4
rb1805,20170616,20170615,210757000,2823.0,988,77766,27952960.0,2825.0,7,2823.0,1
rb1805,20170616,20170615,210757500,2823.0,988,77766,27952960.0,2825.0,7,2823.0,1
rb1805,20170616,20170615,210758500,2823.0,990,77766,28009420.0,2823.0,15,2822.0,1
rb1805,20170616,20170615,210759000,2823.0,1016,77742,28743400.0,2823.0,3,2822.0,1
rb1805,20170616,20170615,210759500,2823.0,1022,77742,28912780.0,2825.0,4,2823.0,4
rb1805,20170616,20170615,210800000,2823.0,1022,77742,28912780.0,2823.0,15,2822.0,3
rb1805,20170616,20170615,210800500,2823.0,1030,77750,29138620.0,2823.0,11,2822.0,3
rb1805,20170616,20170615,210801000,2823.0,1030,77750,29138620.0,2823.0,11,2822.0,3
rb1805,20170616,20170615,210801500,2823.0,1040,77758,29420920.0,2823.0,6,2822.0,3
rb1805,20170616,20170615,210802000,2822.0,1042,77756,29477360.0,2823.0,6,2822.0,5
rb1805,20170616,20170615,210802500,2823.0,1050,77760,29703200.0,2823.0,2,2822.0,5
rb1805,20170616,20170615,210803500,2823.0,1050,77760,29703200.0,2823.0,2,2822.0,7
rb1805,20170616,20170615,210804500,2823.0,1050,77760,29703200.0,2823.0,2,2822.0,6
rb1805,20170616,20170615,210805000,2822.0,1054,77758,29816080.0,2823.0,2,2822.0,4
rb1805,20170616,20170615,210805500,2822.0,1054,77758,29816080.0,2823.0,2,2822.0,4
rb1805,20170616,20170615,210806000,2822.0,1054,77758,29816080.0,2823.0,2,2822.0,4
rb1805,20170616,20170615,210806500,2823.0,1060,77762,29985460.0,2823.0,1,2822.0,4
rb1805,20170616,20170615,210807500,2823.0,1060,77762,29985460.0,2823.0,1,2822.0,5
rb1805,20170616,20170615,210808000,2823.0,1062,77762,30041920.0,2825.0,10,2823.0,2
rb1805,20170616,20170615,210808500,2823.0,1062,77762,30041920.0,2825.0,10,2823.0,3
rb1805,20170616,20170615,210809000,2823.0,1064,77764,30098380.0,2825.0,10,2823.0,2
rb1805,20170616,20170615,210810000,2823.0,1066,77764,30154840.0,2825.0,10,2823.0,1
rb1805,20170616,20170615,210811000,2823.0,1066,77764,30154840.0,2825.0,10,2823.0,1
rb1805,20170616,20170615,210811500,2823.0,1066,77764,30154840.0,2825.0,20,2823.0,1
rb1805,20170616,20170615,210812000,2823.0,1066,77764,30154840.0,2825.0,20,2823.0,1
rb1805,20170616,20170615,210812500,2823.0,1068,77764,30211300.0,2823.0,2,2822.0,6
rb1805,20170616,20170615,210813500,2823.0,1068,77764,30211300.0,2823.0,2,2822.0,6
rb1805,20170616,20170615,210814500,2823.0,1070,77764,30267760.0,2823.0,1,2822.0,6
rb1805,20170616,20170615,210815000,2823.0,1070,77764,30267760.0,2823.0,1,2822.0,11
rb1805,20170616,20170615,210815500,2823.0,1072,77762,30324220.0,2824.0,2,2822.0,12
rb1805,20170616,20170615,210816000,2824.0,1086,77772,30719340.0,2824.0,1,2822.0,5
rb1805,20170616,20170615,210817000,2824.0,1086,77772,30719340.0,2823.0,15,2822.0,7
rb1805,20170616,20170615,210817500,2824.0,1086,77772,30719340.0,2823.0,15,2822.0,6
rb1805,20170616,20170615,210818000,2824.0,1086,77772,30719340.0,2823.0,15,2822.0,6
rb1805,20170616,20170615,210819000,2824.0,1086,77772,30719340.0,2823.0,20,2822.0,6
rb1805,20170616,20170615,210819500,2823.0,1088,77774,30775800.0,2823.0,19,2822.0,6
rb1805,20170616,20170615,210820000,2823.0,1094,77774,30945180.0,2823.0,16,2822.0,6
rb1805,20170616,20170615,210820500,2823.0,1094,77774,30945180.0,2823.0,11,2822.0,7
rb1805,20170616,20170615,210821500,2823.0,1094,77774,30945180.0,2823.0,11,2822.0,7
rb1805,20170616,20170615,210822000,2823.0,1094,77774,30945180.0,2823.0,11,2822.0,7
rb1805,20170616,20170615,210823500,2823.0,1096,77776,31001640.0,2823.0,10,2822.0,7
rb1805,20170616,20170615,210824500,2822.0,1098,77776,31058080.0,2823.0,15,2822.0,6
rb1805,20170616,20170615,210825000,2822.0,1098,77776,31058080.0,2823.0,15,2822.0,8
rb1805,20170616,20170615,210826500,2822.0,1098,77776,31058080.0,2823.0,25,2822.0,8
rb1805,20170616,20170615,210827000,2823.0,1100,77778,31114540.0,2823.0,24,2822.0,8
rb1805,20170616,20170615,210828000,2822.0,1102,77780,31170980.0,2823.0,24,2822.0,7
rb1805,20170616,20170615,210828500,2822.0,1102,77780,31170980.0,2823.0,24,2822.0,8
rb1805,20170616,20170615,210829000,2822.0,1102,77780,31170980.0,2823.0,24,2822.0,8
rb1805,20170616,20170615,210829500,2822.0,1102,77780,31170980.0,2823.0,24,2822.0,8
rb1805,20170616,20170615,210831000,2822.0,1102,77780,31170980.0,2823.0,24,2822.0,8
rb1805,20170616,20170615,210831500,2822.0,1106,77784,31283860.0,2823.0,24,2822.0,6
rb1805,20170616,20170615,210832000,2822.0,1108,77784,31340300.0,2823.0,24,2822.0,5
rb1805,20170616,20170615,210832500,2822.0,1108,77784,31340300.0,2823.0,24,2822.0,5
rb1805,20170616,20170615,210833500,2822.0,1108,77784,31340300.0,2823.0,24,2822.0,4
rb1805,20170616,20170615,210834000,2822.0,1112,77786,31453180.0,2823.0,24,2822.0,2
rb1805,20170616,20170615,210834500,2822.0,1114,77786,31509620.0,2823.0,24,2822.0,2
rb1805,20170616,20170615,210835000,2822.0,1120,77784,31678940.0,2822.0,1,2821.0,2
rb1805,20170616,20170615,210835500,2822.0,1120,77784,31678940.0,2823.0,25,2821.0,2
rb1805,20170616,20170615,210836000,2822.0,1120,77784,31678940.0,2822.0,1,2821.0,2
rb1805,20170616,20170615,210836500,2822.0,1132,77786,32017580.0,2822.0,4,2821.0,2
rb1805,20170616,20170615,210837000,2822.0,1132,77786,32017580.0,2822.0,5,2821.0,2
rb1805,20170616,20170615,210837500,2821.0,1136,77786,32130420.0,2821.0,2,2820.0,26
rb1805,20170616,20170615,210838000,2820.0,1142,77784,32299660.0,2822.0,7,2820.0,26
rb1805,20170616,20170615,210838500,2820.0,1142,77784,32299660.0,2822.0,7,2820.0,25
rb1805,20170616,20170615,210839000,2820.0,1144,77784,32356060.0,2822.0,12,2821.0,1
rb1805,20170616,20170615,210839500,2821.0,1146,77784,32412480.0,2821.0,9,2820.0,24
rb1805,20170616,20170615,210840500,2821.0,1148,77782,32468900.0,2821.0,8,2820.0,24
rb1805,20170616,20170615,210841500,2821.0,1160,77782,32807420.0,2821.0,2,2820.0,24
rb1805,20170616,20170615,210842000,2821.0,1164,77782,32920260.0,2822.0,13,2821.0,2
rb1805,20170616,20170615,210842500,2821.0,1164,77782,32920260.0,2822.0,13,2820.0,24
rb1805,20170616,20170615,210843000,2821.0,1164,77782,32920260.0,2822.0,13,2820.0,24
rb1805,20170616,20170615,210844000,2821.0,1164,77782,32920260.0,2822.0,12,2820.0,24
rb1805,20170616,20170615,210845000,2821.0,1164,77782,32920260.0,2822.0,12,2820.0,26
rb1805,20170616,20170615,210845500,2821.0,1164,77782,32920260.0,2822.0,12,2821.0,6
rb1805,20170616,20170615,210846000,2821.0,1166,77782,32976680.0,2822.0,7,2821.0,5
rb1805,20170616,20170615,210847000,2821.0,1168,77782,33033100.0,2822.0,7,2821.0,4
rb1805,20170616,20170615,210848000,2821.0,1170,77782,33089520.0,2822.0,7,2821.0,3
rb1805,20170616,20170615,210848500,2821.0,1170,77782,33089520.0,2822.0,3,2821.0,3
rb1805,20170616,20170615,210849000,2821.0,1170,77782,33089520.0,2822.0,3,2821.0,9
rb1805,20170616,20170615,210849500,2821.0,1170,77782,33089520.0,2822.0,3,2821.0,10
rb1805,20170616,20170615,210850500,2821.0,1172,77782,33145940.0,2822.0,3,2821.0,9
rb1805,20170616,20170615,210852500,2821.0,1180,77790,33371620.0,2822.0,3,2821.0,5
rb1805,20170616,20170615,210853000,2821.0,1190,77800,33653720.0,2821.0,5,2820.0,27
rb1805,20170616,20170615,210853500,2821.0,1190,77800,33653720.0,2821.0,10,2820.0,27
rb1805,20170616,20170615,210854000,2821.0,1190,77800,33653720.0,2821.0,14,2820.0,28
rb1805,20170616,20170615,210854500,2821.0,1202,77802,33992240.0,2821.0,8,2820.0,28
rb1805,20170616,20170615,210855000,2821.0,1202,77802,33992240.0,2821.0,4,2820.0,28
rb1805,20170616,20170615,210855500,2821.0,1202,77802,33992240.0,2821.0,4,2820.0,28
rb1805,20170616,20170615,210856000,2821.0,1202,77802,33992240.0,2821.0,4,2820.0,28
rb1805,20170616,20170615,210857000,2821.0,1202,77802,33992240.0,2821.0,4,2820.0,28
rb1805,20170616,20170615,210858000,2821.0,1212,77802,34274340.0,2822.0,11,2821.0,3
rb1805,20170616,20170615,210858500,2821.0,1212,77802,34274340.0,2822.0,6,2821.0,8
rb1805,20170616,20170615,210859000,2821.0,1212,77802,34274340.0,2822.0,6,2821.0,8
rb1805,20170616,20170615,210859500,2822.0,1218,77800,34443660.0,2822.0,3,2821.0,8
rb1805,20170616,20170615,210900000,2822.0,1218,77800,34443660.0,2822.0,3,2821.0,28
rb1805,20170616,20170615,210900500,2821.0,1222,77802,34556500.0,2822.0,3,2821.0,26
rb1805,20170616,20170615,210902500,2821.0,1222,77802,34556500.0,2822.0,3,2821.0,26
rb1805,20170616,20170615,210903500,2822.0,1228,77806,34725820.0,2823.0,39,2822.0,497
rb1805,20170616,20170615,210904000,2822.0,1228,77806,34725820.0,2823.0,39,2822.0,497
rb1805,20170616,20170615,210905000,2822.0,1228,77806,34725820.0,2823.0,39,2822.0,497
rb1805,20170616,20170615,210906000,2822.0,1228,77806,34725820.0,2823.0,39,2822.0,497
rb1805,20170616,20170615,210906500,2822.0,1228,77806,34725820.0,2823.0,39,2822.0,497
rb1805,20170616,20170615,210907000,2823.0,1230,77806,34782280.0,2823.0,23,2822.0,497
rb1805,20170616,20170615,210907500,2823.0,1230,77806,34782280.0,2823.0,23,2822.0,497
rb1805,20170616,20170615,210909000,2823.0,1234,77810,34895200.0,2823.0,21,2822.0,497
rb1805,20170616,20170615,210909500,2823.0,1234,77810,34895200.0,2823.0,21,2822.0,497
rb1805,20170616,20170615,210910500,2823.0,1276,77810,36080860.0,2824.0,6,2823.0,7
rb1805,20170616,20170615,210911000,2822.0,1294,77796,36588960.0,2823.0,2,2822.0,495
rb1805,20170616,20170615,210911500,2822.0,1296,77798,36645400.0,2824.0,1,2822.0,494
rb1805,20170616,20170615,210913500,2822.0,1316,77818,37209800.0,2824.0,1,2822.0,484
rb1805,20170616,20170615,210914000,2823.0,1318,77818,37266260.0,2824.0,1,2822.0,489
rb1805,20170616,20170615,210914500,2823.0,1318,77818,37266260.0,2824.0,1,2823.0,1
rb1805,20170616,20170615,210915000,2823.0,1318,77818,37266260.0,2824.0,1,2823.0,1
rb1805,20170616,20170615,210915500,2823.0,1318,77818,37266260.0,2824.0,1,2823.0,1
rb1805,20170616,20170615,210916000,2823.0,1318,77818,37266260.0,2824.0,1,2823.0,1
rb1805,20170616,20170615,210918000,2823.0,1318,77818,37266260.0,2824.0,1,2823.0,21
rb1805,20170616,20170615,210918500,2823.0,1320,77818,37322720.0,2824.0,1,2823.0,25
rb1805,20170616,20170615,210919000,2823.0,1320,77818,37322720.0,2824.0,1,2823.0,26
rb1805,20170616,20170615,210919500,2823.0,1320,77818,37322720.0,2824.0,2,2823.0,26
rb1805,20170616,20170615,210920000,2823.0,1320,77818,37322720.0,2824.0,1,2823.0,6
rb1805,20170616,20170615,210920500,2823.0,1320,77818,37322720.0,2824.0,1,2823.0,1
rb1805,20170616,20170615,210921000,2823.0,1324,77822,37435640.0,2823.0,13,2822.0,491
rb1805,20170616,20170615,210921500,2823.0,1324,77822,37435640.0,2823.0,13,2822.0,486
rb1805,20170616,20170615,210922500,2823.0,1324,77822,37435640.0,2823.0,13,2822.0,486
rb1805,20170616,20170615,210924500,2823.0,1324,77822,37435640.0,2823.0,18,2822.0,486
rb1805,20170616,20170615,210927500,2823.0,1324,77822,37435640.0,2823.0,18,2822.0,486
rb1805,20170616,20170615,210929000,2823.0,1324,77822,37435640.0,2823.0,18,2822.0,486
rb1805,20170616,20170615,210930500,2823.0,1326,77824,37492100.0,2823.0,17,2822.0,486
rb1805,20170616,20170615,210931000,2822.0,1328,77824,37548540.0,2823.0,17,2822.0,485
rb1805,20170616,20170615,210932000,2823.0,1332,77828,37661460.0,2823.0,15,2822.0,485
rb1805,20170616,20170615,210934000,2823.0,1332,77828,37661460.0,2823.0,16,2822.0,485
rb1805,20170616,20170615,210934500,2823.0,1332,77828,37661460.0,2823.0,16,2822.0,485
rb1805,20170616,20170615,210935000,2822.0,1334,77828,37717900.0,2823.0,16,2822.0,484
rb1805,20170616,20170615,210936000,2822.0,1334,77828,37717900.0,2823.0,15,2822.0,484
rb1805,20170616,20170615,210938000,2822.0,1334,77828,37717900.0,2823.0,15,2822.0,485
rb1805,20170616,20170615,210938500,2823.0,1364,77848,38564800.0,2824.0,2,2823.0,5
rb1805,20170616,20170615,210939000,2823.0,1374,77852,38847100.0,2824.0,4,2822.0,485
rb1805,20170616,20170615,210940500,2822.0,1380,77852,39016420.0,2824.0,4,2822.0,482
rb1805,20170616,20170615,210941000,2822.0,1380,77852,39016420.0,2824.0,5,2822.0,482
rb1805,20170616,20170615,210942000,2822.0,1380,77852,39016420.0,2823.0,15,2822.0,482
rb1805,20170616,20170615,210944000,2822.0,1380,77852,39016420.0,2823.0,21,2822.0,482
rb1805,20170616,20170615,210945000,2822.0,1380,77852,39016420.0,2823.0,21,2822.0,480
rb1805,20170616,20170615,210946000,2822.0,1380,77852,39016420.0,2823.0,21,2822.0,480
rb1805,20170616,20170615,210946500,2822.0,1380,77852,39016420.0,2823.0,21,2822.0,480
rb1805,20170616,20170615,210947000,2822.0,1382,77852,39072860.0,2823.0,21,2822.0,479
rb1805,20170616,20170615,210949000,2822.0,1382,77852,39072860.0,2823.0,21,2822.0,479
rb1805,20170616,20170615,210949500,2822.0,1386,77856,39185740.0,2823.0,21,2822.0,477
rb1805,20170616,20170615,210951000,2823.0,1408,77856,39806800.0,2823.0,10,2822.0,477
rb1805,20170616,20170615,210952000,2822.0,1410,77858,39863240.0,2823.0,10,2822.0,476
rb1805,20170616,20170615,210952500,2822.0,1410,77858,39863240.0,2823.0,10,2822.0,476
rb1805,20170616,20170615,210953000,2822.0,1410,77858,39863240.0,2823.0,10,2822.0,476
rb1805,20170616,20170615,210953500,2822.0,1410,77858,39863240.0,2823.0,10,2822.0,476
rb1805,20170616,20170615,210955000,2822.0,1420,77858,40145440.0,2823.0,10,2822.0,471
rb1805,20170616,20170615,210955500,2822.0,1420,77858,40145440.0,2823.0,12,2822.0,471
rb1805,20170616,20170615,210956000,2822.0,1442,77860,40766280.0,2823.0,12,2822.0,461
rb1805,20170616,20170615,210957000,2822.0,1442,77860,40766280.0,2823.0,12,2822.0,461
rb1805,20170616,20170615,210957500,2822.0,1458,77874,41217800.0,2823.0,13,2822.0,453
rb1805,20170616,20170615,210958000,2822.0,1468,77878,41500000.0,2823.0,13,2822.0,448
rb1805,20170616,20170615,210958500,2822.0,1508,77878,42628800.0,2823.0,13,2822.0,428
rb1805,20170616,20170615,211000000,2822.0,1508,77878,42628800.0,2823.0,13,2822.0,429
rb1805,20170616,20170615,211000500,2822.0,1510,77878,42685240.0,2823.0,13,2822.0,428
rb1805,20170616,20170615,211001000,2822.0,1512,77880,42741680.0,2823.0,13,2822.0,427
rb1805,20170616,20170615,211001500,2823.0,1524,77890,43080440.0,2823.0,6,2822.0,433
rb1805,20170616,20170615,211002000,2823.0,1524,77890,43080440.0,2823.0,6,2822.0,433
rb1805,20170616,20170615,211002500,2822.0,1530,77890,43249760.0,2823.0,6,2822.0,429
rb1805,20170616,20170615,211003500,2822.0,1530,77890,43249760.0,2823.0,36,2822.0,429
rb1805,20170616,20170615,211004000,2822.0,1530,77890,43249760.0,2823.0,36,2822.0,430
rb1805,20170616,20170615,211004500,2822.0,1530,77890,43249760.0,2823.0,36,2822.0,430
rb1805,20170616,20170615,211006000,2823.0,1536,77890,43419140.0,2823.0,33,2822.0,430
rb1805,20170616,20170615,211006500,2823.0,1552,77890,43870820.0,2823.0,25,2822.0,431
rb1805,20170616,20170615,211007000,2823.0,1568,77906,44322500.0,2823.0,17,2822.0,430
rb1805,20170616,20170615,211007500,2823.0,1568,77906,44322500.0,2823.0,17,2822.0,430
rb1805,20170616,20170615,211008000,2823.0,1568,77906,44322500.0,2823.0,18,2822.0,430
rb1805,20170616,20170615,211009000,2823.0,1568,77906,44322500.0,2823.0,18,2822.0,431
rb1805,20170616,20170615,211009500,2823.0,1568,77906,44322500.0,2823.0,18,2822.0,426
rb1805,20170616,20170615,211010500,2823.0,1568,77906,44322500.0,2823.0,18,2822.0,426
rb1805,20170616,20170615,211011500,2823.0,1568,77906,44322500.0,2823.0,18,2822.0,426
rb1805,20170616,20170615,211012000,2823.0,1572,77910,44435420.0,2823.0,16,2822.0,426
rb1805,20170616,20170615,211012500,2823.0,1574,77910,44491880.0,2823.0,15,2822.0,426
rb1805,20170616,20170615,211013500,2823.0,1574,77910,44491880.0,2823.0,15,2822.0,431
rb1805,20170616,20170615,211014000,2823.0,1576,77912,44548340.0,2823.0,14,2822.0,431
rb1805,20170616,20170615,211015500,2823.0,1582,77918,44717720.0,2823.0,11,2822.0,426
rb1805,20170616,20170615,211016000,2823.0,1582,77918,44717720.0,2823.0,11,2822.0,426
rb1805,20170616,20170615,211016500,2823.0,1606,77918,45395220.0,2824.0,5,2823.0,9
rb1805,20170616,20170615,211018000,2823.0,1606,77918,45395220.0,2824.0,5,2823.0,9
rb1805,20170616,20170615,211021000,2824.0,1612,77920,45564660.0,2824.0,2,2823.0,10
rb1805,20170616,20170615,211021500,2824.0,1614,77920,45621140.0,2824.0,1,2823.0,14
rb1805,20170616,20170615,211022500,2824.0,1614,77920,45621140.0,2824.0,1,2823.0,15
rb1805,20170616,20170615,211023000,2823.0,1616,77918,45677600.0,2824.0,1,2823.0,14
rb1805,20170616,20170615,211023500,2823.0,1644,77920,46468040.0,2823.0,1,2822.0,425
rb1805,20170616,20170615,211024000,2823.0,1646,77922,46524500.0,2824.0,1,2823.0,2
rb1805,20170616,20170615,211024500,2823.0,1646,77922,46524500.0,2824.0,1,2822.0,425
rb1805,20170616,20170615,211025000,2823.0,1646,77922,46524500.0,2824.0,6,2822.0,425
rb1805,20170616,20170615,211026000,2823.0,1646,77922,46524500.0,2824.0,7,2822.0,425
rb1805,20170616,20170615,211026500,2823.0,1646,77922,46524500.0,2824.0,7,2823.0,2
rb1805,20170616,20170615,211027000,2823.0,1650,77922,46637420.0,2823.0,4,2822.0,425
rb1805,20170616,20170615,211027500,2823.0,1650,77922,46637420.0,2824.0,7,2822.0,425
rb1805,20170616,20170615,211028000,2824.0,1652,77922,46693900.0,2824.0,5,2822.0,425
rb1805,20170616,20170615,211029500,2824.0,1652,77922,46693900.0,2824.0,6,2822.0,425
rb1805,20170616,20170615,211031000,2824.0,1652,77922,46693900.0,2823.0,2,2822.0,425
rb1805,20170616,20170615,211031500,2824.0,1658,77926,46863340.0,2824.0,5,2822.0,425
rb1805,20170616,20170615,211032000,2824.0,1660,77926,46919820.0,2824.0,4,2822.0,425
rb1805,20170616,20170615,211032500,2824.0,1660,77926,46919820.0,2824.0,4,2822.0,425
rb1805,20170616,20170615,211033000,2824.0,1660,77926,46919820.0,2824.0,4,2822.0,425
rb1805,20170616,20170615,211033500,2824.0,1660,77926,46919820.0,2824.0,4,2823.0,1
rb1805,20170616,20170615,211034000,2824.0,1660,77926,46919820.0,2824.0,1,2823.0,1
rb1805,20170616,20170615,211034500,2823.0,1662,77926,46976280.0,2823.0,9,2822.0,425
rb1805,20170616,20170615,211037000,2823.0,1662,77926,46976280.0,2823.0,9,2822.0,425
rb1805,20170616,20170615,211037500,2823.0,1678,77926,47427960.0,2823.0,1,2822.0,425
rb1805,20170616,20170615,211038000,2825.0,1686,77926,47653900.0,2825.0,10,2822.0,425
rb1805,20170616,20170615,211038500,2825.0,1686,77926,47653900.0,2824.0,1,2822.0,427
rb1805,20170616,20170615,211039500,2824.0,1688,77928,47710380.0,2825.0,15,2824.0,19
rb1805,20170616,20170615,211040000,2824.0,1702,77930,48105740.0,2825.0,10,2824.0,14
rb1805,20170616,20170615,211041000,2824.0,1702,77930,48105740.0,2825.0,10,2824.0,14
rb1805,20170616,20170615,211042000,2824.0,1702,77930,48105740.0,2825.0,10,2824.0,14
rb1805,20170616,20170615,211042500,2824.0,1702,77930,48105740.0,2825.0,10,2824.0,14
rb1805,20170616,20170615,211043000,2824.0,1702,77930,48105740.0,2825.0,10,2824.0,14
rb1805,20170616,20170615,211043500,2825.0,1708,77930,48275240.0,2825.0,7,2824.0,14
rb1805,20170616,20170615,211044000,2825.0,1722,77930,48670740.0,2826.0,16,2824.0,14
rb1805,20170616,20170615,211044500,2824.0,1736,77932,49066220.0,2826.0,13,2824.0,10
rb1805,20170616,20170615,211045000,2824.0,1736,77932,49066220.0,2826.0,18,2824.0,10
rb1805,20170616,20170615,211045500,2824.0,1738,77932,49122700.0,2826.0,19,2824.0,9
rb1805,20170616,20170615,211046000,2824.0,1738,77932,49122700.0,2826.0,18,2824.0,9
rb1805,20170616,20170615,211046500,2824.0,1738,77932,49122700.0,2825.0,2,2824.0,9
rb1805,20170616,20170615,211047000,2824.0,1738,77932,49122700.0,2825.0,2,2824.0,9
rb1805,20170616,20170615,211048000,2824.0,1738,77932,49122700.0,2825.0,2,2824.0,9
rb1805,20170616,20170615,211048500,2826.0,1750,77930,49461780.0,2826.0,14,2824.0,9
rb1805,20170616,20170615,211049000,2822.0,1866,77930,52735760.0,2826.0,8,2822.0,380
rb1805,20170616,20170615,211049500,2822.0,1866,77930,52735760.0,2826.0,8,2822.0,380
rb1805,20170616,20170615,211050000,2826.0,1882,77918,53187920.0,2827.0,1,2822.0,380
rb1805,20170616,20170615,211050500,2827.0,1884,77918,53244460.0,2827.0,5,2822.0,380
rb1805,20170616,20170615,211051000,2827.0,1884,77918,53244460.0,2826.0,1,2822.0,380
rb1805,20170616,20170615,211051500,2827.0,1884,77918,53244460.0,2826.0,5,2822.0,380
rb1805,20170616,20170615,211052000,2829.0,1916,77920,54148940.0,2830.0,10,2822.0,381
rb1805,20170616,20170615,211052500,2830.0,1922,77920,54318740.0,2829.0,1,2823.0,1
rb1805,20170616,20170615,211053000,2830.0,1922,77920,54318740.0,2829.0,1,2823.0,6
rb1805,20170616,20170615,211053500,2830.0,1922,77920,54318740.0,2829.0,1,2823.0,8
rb1805,20170616,20170615,211055000,2829.0,1924,77918,54375320.0,2830.0,7,2824.0,1
rb1805,20170616,20170615,211055500,2829.0,1924,77918,54375320.0,2830.0,8,2825.0,1
rb1805,20170616,20170615,211056000,2829.0,1924,77918,54375320.0,2830.0,8,2829.0,1
rb1805,20170616,20170615,211056500,2829.0,1928,77920,54488480.0,2829.0,3,2825.0,5
rb1805,20170616,20170615,211057000,2829.0,1928,77920,54488480.0,2830.0,8,2825.0,5
rb1805,20170616,20170615,211058500,2829.0,1928,77920,54488480.0,2830.0,7,2825.0,5
rb1805,20170616,20170615,211059000,2829.0,1928,77920,54488480.0,2829.0,1,2825.0,5
rb1805,20170616,20170615,211059500,2829.0,1928,77920,54488480.0,2830.0,7,2825.0,5
rb1805,20170616,20170615,211100000,2829.0,1928,77920,54488480.0,2830.0,8,2825.0,5
rb1805,20170616,20170615,211100500,2829.0,1928,77920,54488480.0,2830.0,8,2825.0,5
rb1805,20170616,20170615,211102000,2829.0,1928,77920,54488480.0,2829.0,1,2825.0,5
rb1805,20170616,20170615,211103000,2829.0,1928,77920,54488480.0,2829.0,1,2825.0,5
rb1805,20170616,20170615,211104500,2829.0,1928,77920,54488480.0,2829.0,3,2824.0,5
rb1805,20170616,20170615,211105500,2829.0,1928,77920,54488480.0,2829.0,3,2825.0,2
rb1805,20170616,20170615,211106000,2829.0,1928,77920,54488480.0,2828.0,2,2825.0,2
rb1805,20170616,20170615,211106500,2829.0,1928,77920,54488480.0,2828.0,3,2825.0,2
rb1805,20170616,20170615,211107500,2829.0,1928,77920,54488480.0,2828.0,3,2825.0,7
rb1805,20170616,20170615,211108000,2829.0,1928,77920,54488480.0,2828.0,2,2825.0,7
rb1805,20170616,20170615,211109500,2829.0,1928,77920,54488480.0,2828.0,3,2825.0,7
rb1805,20170616,20170615,211110000,2825.0,1948,77920,55053480.0,2828.0,3,2825.0,2
rb1805,20170616,20170615,211110500,2825.0,1948,77920,55053480.0,2828.0,3,2825.0,2
rb1805,20170616,20170615,211111500,2825.0,1948,77920,55053480.0,2828.0,3,2825.0,2
rb1805,20170616,20170615,211113000,2825.0,1948,77920,55053480.0,2828.0,3,2825.0,2
rb1805,20170616,20170615,211113500,2825.0,1948,77920,55053480.0,2828.0,3,2825.0,2
rb1805,20170616,20170615,211114000,2825.0,1948,77920,55053480.0,2828.0,7,2825.0,2
rb1805,20170616,20170615,211114500,2825.0,1948,77920,55053480.0,2828.0,7,2824.0,5
rb1805,20170616,20170615,211115000,2825.0,1948,77920,55053480.0,2828.0,7,2825.0,1
rb1805,20170616,20170615,211115500,2825.0,1948,77920,55053480.0,2828.0,8,2825.0,1
rb1805,20170616,20170615,211116000,2825.0,1948,77920,55053480.0,2828.0,8,2825.0,6
rb1805,20170616,20170615,211116500,2825.0,1948,77920,55053480.0,2828.0,4,2825.0,6
rb1805,20170616,20170615,211117000,2825.0,1948,77920,55053480.0,2828.0,3,2825.0,6
rb1805,20170616,20170615,211117500,2825.0,1948,77920,55053480.0,2828.0,5,2825.0,6
rb1805,20170616,20170615,211118000,2825.0,1948,77920,55053480.0,2828.0,5,2825.0,6
rb1805,20170616,20170615,211118500,2825.0,1948,77920,55053480.0,2828.0,8,2825.0,6
rb1805,20170616,20170615,211119000,2825.0,1948,77920,55053480.0,2828.0,8,2825.0,6
rb1805,20170616,20170615,211119500,2828.0,1950,77918,55110040.0,2828.0,7,2825.0,6
rb1805,20170616,20170615,211120000,2828.0,1950,77918,55110040.0,2828.0,6,2826.0,1
rb1805,20170616,20170615,211120500,2828.0,1950,77918,55110040.0,2828.0,6,2826.0,1
rb1805,20170616,20170615,211121500,2828.0,1950,77918,55110040.0,2828.0,6,2826.0,1
rb1805,20170616,20170615,211122000,2828.0,1950,77918,55110040.0,2827.0,1,2826.0,1
rb1805,20170616,20170615,211123000,2828.0,1950,77918,55110040.0,2827.0,1,2826.0,1
rb1805,20170616,20170615,211124000,2826.0,1952,77916,55166560.0,2826.0,11,2825.0,6
rb1805,20170616,20170615,211124500,2826.0,1956,77914,55279600.0,2826.0,9,2825.0,6
rb1805,20170616,20170615,211125000,2826.0,1966,77914,55562200.0,2826.0,4,2825.0,6
rb1805,20170616,20170615,211126500,2826.0,1966,77914,55562200.0,2826.0,4,2825.0,6
rb1805,20170616,20170615,211127000,2826.0,1974,77908,55788280.0,2827.0,1,2826.0,1
rb1805,20170616,20170615,211127500,2827.0,1976,77908,55844820.0,2828.0,3,2826.0,5
rb1805,20170616,20170615,211128000,2827.0,1976,77908,55844820.0,2827.0,2,2826.0,5
rb1805,20170616,20170615,211129000,2827.0,1976,77908,55844820.0,2827.0,2,2826.0,5
rb1805,20170616,20170615,211131000,2827.0,1976,77908,55844820.0,2827.0,2,2826.0,5
rb1805,20170616,20170615,211131500,2827.0,1978,77906,55901360.0,2827.0,1,2826.0,5
rb1805,20170616,20170615,211133000,2827.0,1980,77904,55957900.0,2828.0,2,2826.0,5
rb1805,20170616,20170615,211134000,2827.0,1980,77904,55957900.0,2828.0,2,2826.0,5
rb1805,20170616,20170615,211134500,2827.0,1980,77904,55957900.0,2828.0,2,2826.0,5
rb1805,20170616,20170615,211135500,2827.0,1980,77904,55957900.0,2828.0,2,2826.0,5
rb1805,20170616,20170615,211136500,2827.0,1980,77904,55957900.0,2828.0,2,2826.0,5
rb1805,20170616,20170615,211137000,2826.0,1992,77904,56297020.0,2826.0,4,2825.0,26
rb1805,20170616,20170615,211137500,2828.0,2004,77902,56636220.0,2829.0,2,2826.0,7
rb1805,20170616,20170615,211138000,2828.0,2008,77906,56749340.0,2829.0,3,2826.0,5
rb1805,20170616,20170615,211138500,2828.0,2008,77906,56749340.0,2829.0,3,2827.0,2
rb1805,20170616,20170615,211139000,2827.0,2012,77902,56862420.0,2827.0,1,2825.0,26
rb1805,20170616,20170615,211139500,2827.0,2012,77902,56862420.0,2829.0,3,2826.0,3
rb1805,20170616,20170615,211140000,2827.0,2012,77902,56862420.0,2829.0,3,2827.0,4
rb1805,20170616,20170615,211140500,2827.0,2012,77902,56862420.0,2829.0,3,2827.0,2
rb1805,20170616,20170615,211141000,2827.0,2012,77902,56862420.0,2829.0,3,2826.0,3
rb1805,20170616,20170615,211141500,2827.0,2012,77902,56862420.0,2829.0,3,2828.0,3
rb1805,20170616,20170615,211142500,2827.0,2012,77902,56862420.0,2829.0,3,2828.0,3
rb1805,20170616,20170615,211143000,2828.0,2018,77896,57032100.0,2828.0,4,2825.0,28
rb1805,20170616,20170615,211143500,2828.0,2018,77896,57032100.0,2828.0,1,2827.0,3
rb1805,20170616,20170615,211144500,2828.0,2020,77896,57088660.0,2829.0,8,2828.0,7
rb1805,20170616,20170615,211145000,2828.0,2022,77896,57145220.0,2829.0,3,2828.0,4
rb1805,20170616,20170615,211145500,2828.0,2022,77896,57145220.0,2829.0,3,2828.0,4
rb1805,20170616,20170615,211146500,2828.0,2022,77896,57145220.0,2829.0,3,2828.0,4
rb1805,20170616,20170615,211147000,2829.0,2028,77898,57314960.0,2830.0,9,2829.0,4
rb1805,20170616,20170615,211147500,2829.0,2028,77898,57314960.0,2830.0,10,2829.0,2
rb1805,20170616,20170615,211148500,2829.0,2028,77898,57314960.0,2830.0,11,2829.0,2
rb1805,20170616,20170615,211149000,2830.0,2040,77900,57654560.0,2830.0,5,2825.0,28
rb1805,20170616,20170615,211149500,2830.0,2040,77900,57654560.0,2830.0,5,2828.0,1
rb1805,20170616,20170615,211150000,2830.0,2040,77900,57654560.0,2830.0,5,2828.0,1
rb1805,20170616,20170615,211150500,2830.0,2050,77904,57937560.0,2831.0,2,2830.0,2
rb1805,20170616,20170615,211151000,2831.0,2054,77904,58050800.0,2833.0,21,2828.0,1
rb1805,20170616,20170615,211151500,2831.0,2054,77904,58050800.0,2833.0,27,2828.0,1
rb1805,20170616,20170615,211152000,2831.0,2054,77904,58050800.0,2833.0,26,2828.0,1
rb1805,20170616,20170615,211152500,2831.0,2054,77904,58050800.0,2833.0,26,2829.0,1
rb1805,20170616,20170615,211153000,2831.0,2054,77904,58050800.0,2833.0,26,2828.0,1
rb1805,20170616,20170615,211153500,2831.0,2054,77904,58050800.0,2833.0,26,2829.0,1
rb1805,20170616,20170615,211154500,2831.0,2054,77904,58050800.0,2833.0,26,2829.0,1
rb1805,20170616,20170615,211155000,2831.0,2054,77904,58050800.0,2833.0,21,2829.0,1
rb1805,20170616,20170615,211155500,2829.0,2056,77904,58107380.0,2833.0,26,2829.0,5
rb1805,20170616,20170615,211156000,2829.0,2056,77904,58107380.0,2833.0,27,2829.0,1
rb1805,20170616,20170615,211156500,2829.0,2058,77902,58163960.0,2833.0,27,2828.0,1
rb1805,20170616,20170615,211158000,2829.0,2058,77902,58163960.0,2833.0,27,2828.0,1
rb1805,20170616,20170615,211159000,2835.0,2146,77858,60657440.0,2835.0,80,2828.0,7
rb1805,20170616,20170615,211159500,2835.0,2148,77858,60714140.0,2835.0,80,2828.0,7
rb1805,20170616,20170615,211202000,2835.0,2148,77858,60714140.0,2832.0,1,2828.0,7
rb1805,20170616,20170615,211204000,2835.0,2148,77858,60714140.0,2832.0,1,2828.0,7
rb1805,20170616,20170615,211204500,2835.0,2148,77858,60714140.0,2832.0,1,2828.0,7
rb1805,20170616,20170615,211205000,2835.0,2148,77858,60714140.0,2832.0,1,2828.0,8
rb1805,20170616,20170615,211205500,2835.0,2148,77858,60714140.0,2832.0,1,2828.0,8
rb1805,20170616,20170615,211206500,2832.0,2150,77858,60770780.0,2833.0,52,2832.0,4
rb1805,20170616,20170615,211207000,2832.0,2158,77860,60997340.0,2832.0,6,2828.0,8
rb1805,20170616,20170615,211207500,2832.0,2158,77860,60997340.0,2832.0,4,2828.0,8
rb1805,20170616,20170615,211208000,2832.0,2158,77860,60997340.0,2832.0,5,2828.0,3
rb1805,20170616,20170615,211209000,2832.0,2158,77860,60997340.0,2832.0,5,2828.0,3
rb1805,20170616,20170615,211209500,2832.0,2158,77860,60997340.0,2832.0,5,2828.0,3
rb1805,20170616,20170615,211210000,2832.0,2158,77860,60997340.0,2832.0,5,2828.0,8
rb1805,20170616,20170615,211210500,2832.0,2158,77860,60997340.0,2831.0,1,2828.0,8
rb1805,20170616,20170615,211211000,2832.0,2158,77860,60997340.0,2831.0,1,2828.0,8
rb1805,20170616,20170615,211211500,2832.0,2158,77860,60997340.0,2831.0,1,2829.0,1
rb1805,20170616,20170615,211212000,2832.0,2158,77860,60997340.0,2831.0,1,2829.0,2
rb1805,20170616,20170615,211212500,2829.0,2160,77860,61053920.0,2831.0,1,2829.0,1
rb1805,20170616,20170615,211213000,2829.0,2160,77860,61053920.0,2831.0,1,2829.0,1
rb1805,20170616,20170615,211213500,2829.0,2160,77860,61053920.0,2830.0,3,2829.0,1
rb1805,20170616,20170615,211214000,2829.0,2162,77860,61110500.0,2829.0,1,2828.0,8
rb1805,20170616,20170615,211214500,2829.0,2162,77860,61110500.0,2830.0,3,2828.0,2
rb1805,20170616,20170615,211215000,2829.0,2162,77860,61110500.0,2830.0,3,2829.0,1
rb1805,20170616,20170615,211215500,2829.0,2162,77860,61110500.0,2830.0,3,2829.0,1
rb1805,20170616,20170615,211217000,2829.0,2162,77860,61110500.0,2830.0,3,2829.0,1
rb1805,20170616,20170615,211217500,2829.0,2162,77860,61110500.0,2830.0,3,2829.0,1
rb1805,20170616,20170615,211218000,2829.0,2164,77860,61167080.0,2830.0,3,2828.0,1
rb1805,20170616,20170615,211218500,2829.0,2164,77860,61167080.0,2830.0,3,2828.0,1
rb1805,20170616,20170615,211220000,2829.0,2164,77860,61167080.0,2830.0,3,2828.0,1
rb1805,20170616,20170615,211220500,2829.0,2164,77860,61167080.0,2830.0,3,2828.0,2
rb1805,20170616,20170615,211221500,2829.0,2164,77860,61167080.0,2829.0,3,2828.0,2
rb1805,20170616,20170615,211222000,2829.0,2170,77854,61336820.0,2830.0,3,2828.0,2
rb1805,20170616,20170615,211222500,2829.0,2176,77854,61506560.0,2830.0,3,2828.0,2
rb1805,20170616,20170615,211225000,2829.0,2176,77854,61506560.0,2830.0,3,2828.0,3
rb1805,20170616,20170615,211225500,2829.0,2176,77854,61506560.0,2830.0,3,2828.0,3
rb1805,20170616,20170615,211226000,2828.0,2186,77852,61789360.0,2830.0,3,2828.0,3
rb1805,20170616,20170615,211226500,2828.0,2186,77852,61789360.0,2830.0,3,2828.0,3
rb1805,20170616,20170615,211227000,2828.0,2186,77852,61789360.0,2830.0,3,2828.0,3
rb1805,20170616,20170615,211227500,2828.0,2186,77852,61789360.0,2830.0,3,2828.0,3
rb1805,20170616,20170615,211228500,2830.0,2192,77852,61959160.0,2831.0,42,2828.0,4
rb1805,20170616,20170615,211229000,2830.0,2192,77852,61959160.0,2831.0,44,2828.0,24
rb1805,20170616,20170615,211230000,2830.0,2192,77852,61959160.0,2831.0,42,2828.0,24
rb1805,20170616,20170615,211230500,2830.0,2192,77852,61959160.0,2831.0,42,2828.0,24
rb1805,20170616,20170615,211231000,2831.0,2230,77814,63034940.0,2831.0,23,2828.0,24
rb1805,20170616,20170615,211232000,2831.0,2230,77814,63034940.0,2831.0,23,2830.0,2
rb1805,20170616,20170615,211232500,2831.0,2230,77814,63034940.0,2831.0,23,2830.0,7
rb1805,20170616,20170615,211233000,2831.0,2230,77814,63034940.0,2831.0,23,2830.0,7
rb1805,20170616,20170615,211233500,2831.0,2236,77808,63204800.0,2831.0,20,2830.0,7
rb1805,20170616,20170615,211235000,2831.0,2242,77802,63374660.0,2831.0,17,2830.0,7
rb1805,20170616,20170615,211235500,2831.0,2276,77782,64337200.0,2833.0,60,2831.0,23
rb1805,20170616,20170615,211236000,2831.0,2276,77782,64337200.0,2833.0,60,2831.0,26
rb1805,20170616,20170615,211236500,2831.0,2276,77782,64337200.0,2833.0,60,2831.0,28
rb1805,20170616,20170615,211237000,2831.0,2276,77782,64337200.0,2833.0,60,2831.0,26
rb1805,20170616,20170615,211238000,2831.0,2276,77782,64337200.0,2833.0,60,2831.0,26
rb1805,20170616,20170615,211238500,2831.0,2276,77782,64337200.0,2833.0,60,2831.0,26
rb1805,20170616,20170615,211239000,2831.0,2276,77782,64337200.0,2833.0,60,2831.0,26
rb1805,20170616,20170615,211239500,2831.0,2276,77782,64337200.0,2833.0,60,2831.0,26
rb1805,20170616,20170615,211240000,2831.0,2276,77782,64337200.0,2833.0,60,2831.0,26
rb1805,20170616,20170615,211240500,2831.0,2276,77782,64337200.0,2832.0,2,2831.0,21
rb1805,20170616,20170615,211241000,2831.0,2276,77782,64337200.0,2832.0,2,2831.0,20
rb1805,20170616,20170615,211242000,2831.0,2276,77782,64337200.0,2832.0,2,2831.0,25
rb1805,20170616,20170615,211242500,2831.0,2276,77782,64337200.0,2832.0,4,2831.0,25
rb1805,20170616,20170615,211243000,2831.0,2286,77782,64620300.0,2832.0,4,2831.0,20
rb1805,20170616,20170615,211244000,2831.0,2286,77782,64620300.0,2832.0,4,2831.0,20
rb1805,20170616,20170615,211244500,2831.0,2286,77782,64620300.0,2832.0,4,2831.0,20
rb1805,20170616,20170615,211245000,2831.0,2286,77782,64620300.0,2832.0,4,2831.0,20
rb1805,20170616,20170615,211246000,2831.0,2286,77782,64620300.0,2832.0,4,2831.0,20
rb1805,20170616,20170615,211246500,2832.0,2288,77782,64676940.0,2832.0,3,2831.0,20
rb1805,20170616,20170615,211248000,2832.0,2290,77782,64733580.0,2832.0,3,2831.0,20
rb1805,20170616,20170615,211248500,2831.0,2296,77780,64903480.0,2832.0,1,2831.0,19
rb1805,20170616,20170615,211250000,2831.0,2296,77780,64903480.0,2832.0,1,2831.0,20
rb1805,20170616,20170615,211250500,2832.0,2298,77780,64960120.0,2833.0,65,2831.0,20
rb1805,20170616,20170615,211251000,2832.0,2298,77780,64960120.0,2833.0,65,2831.0,20
rb1805,20170616,20170615,211251500,2832.0,2298,77780,64960120.0,2833.0,60,2832.0,1
rb1805,20170616,20170615,211252000,2832.0,2298,77780,64960120.0,2833.0,60,2832.0,3
rb1805,20170616,20170615,211252500,2832.0,2298,77780,64960120.0,2833.0,60,2832.0,8
rb1805,20170616,20170615,211253000,2832.0,2298,77780,64960120.0,2833.0,60,2832.0,8
rb1805,20170616,20170615,211253500,2833.0,2306,77784,65186760.0,2833.0,56,2832.0,8
rb1805,20170616,20170615,211254000,2833.0,2306,77784,65186760.0,2833.0,56,2832.0,8
rb1805,20170616,20170615,211255000,2833.0,2342,77756,66206640.0,2833.0,38,2832.0,8
rb1805,20170616,20170615,211255500,2833.0,2344,77754,66263300.0,2833.0,37,2832.0,3
rb1805,20170616,20170615,211256000,2832.0,2350,77748,66433260.0,2833.0,40,2832.0,2
rb1805,20170616,20170615,211256500,2832.0,2352,77748,66489900.0,2833.0,35,2832.0,1
rb1805,20170616,20170615,211258000,2832.0,2352,77748,66489900.0,2833.0,35,2832.0,1
rb1805,20170616,20170615,211259500,2833.0,2422,77692,68473000.0,2835.0,69,2832.0,1
rb1805,20170616,20170615,211300000,2833.0,2422,77692,68473000.0,2835.0,74,2832.0,6
rb1805,20170616,20170615,211300500,2832.0,2424,77692,68529640.0,2832.0,6,2831.0,23
rb1805,20170616,20170615,211301000,2832.0,2424,77692,68529640.0,2835.0,74,2831.0,23
rb1805,20170616,20170615,211301500,2832.0,2424,77692,68529640.0,2835.0,75,2831.0,23
rb1805,20170616,20170615,211302500,2832.0,2424,77692,68529640.0,2835.0,75,2831.0,23
rb1805,20170616,20170615,211303000,2832.0,2424,77692,68529640.0,2835.0,75,2831.0,23
rb1805,20170616,20170615,211304000,2832.0,2424,77692,68529640.0,2832.0,1,2831.0,23
rb1805,20170616,20170615,211305000,2832.0,2426,77694,68586280.0,2834.0,1,2832.0,1
rb1805,20170616,20170615,211305500,2832.0,2426,77694,68586280.0,2834.0,1,2832.0,1
rb1805,20170616,20170615,211306000,2832.0,2426,77694,68586280.0,2834.0,6,2832.0,1
rb1805,20170616,20170615,211306500,2832.0,2426,77694,68586280.0,2834.0,7,2832.0,1
rb1805,20170616,20170615,211308500,2832.0,2426,77694,68586280.0,2833.0,20,2832.0,1
rb1805,20170616,20170615,211309500,2832.0,2426,77694,68586280.0,2833.0,20,2832.0,1
rb1805,20170616,20170615,211310500,2832.0,2426,77694,68586280.0,2833.0,26,2832.0,1
rb1805,20170616,20170615,211311000,2832.0,2428,77694,68642920.0,2832.0,2,2831.0,18
rb1805,20170616,20170615,211311500,2832.0,2428,77694,68642920.0,2832.0,2,2831.0,18
rb1805,20170616,20170615,211312500,2832.0,2428,77694,68642920.0,2832.0,2,2831.0,4
rb1805,20170616,20170615,211313000,2832.0,2428,77694,68642920.0,2832.0,12,2831.0,4
rb1805,20170616,20170615,211313500,2832.0,2428,77694,68642920.0,2832.0,12,2831.0,9
rb1805,20170616,20170615,211314500,2832.0,2428,77694,68642920.0,2832.0,12,2831.0,4
rb1805,20170616,20170615,211315000,2832.0,2428,77694,68642920.0,2832.0,12,2831.0,2
rb1805,20170616,20170615,211315500,2832.0,2428,77694,68642920.0,2832.0,13,2831.0,2
rb1805,20170616,20170615,211316000,2832.0,2428,77694,68642920.0,2832.0,14,2831.0,2
rb1805,20170616,20170615,211316500,2832.0,2428,77694,68642920.0,2832.0,14,2831.0,2
rb1805,20170616,20170615,211317000,2832.0,2428,77694,68642920.0,2832.0,14,2831.0,2
rb1805,20170616,20170615,211317500,2832.0,2428,77694,68642920.0,2832.0,14,2831.0,2
rb1805,20170616,20170615,211318500,2832.0,2430,77696,68699560.0,2832.0,13,2831.0,2
rb1805,20170616,20170615,211320000,2831.0,2434,77694,68812800.0,2831.0,9,2830.0,11
rb1805,20170616,20170615,211320500,2831.0,2434,77694,68812800.0,2831.0,9,2830.0,6
rb1805,20170616,20170615,211321000,2831.0,2434,77694,68812800.0,2831.0,14,2830.0,6
rb1805,20170616,20170615,211321500,2831.0,2434,77694,68812800.0,2831.0,14,2830.0,6
rb1805,20170616,20170615,211322000,2831.0,2434,77694,68812800.0,2831.0,14,2830.0,6
rb1805,20170616,20170615,211322500,2831.0,2434,77694,68812800.0,2831.0,9,2830.0,6
rb1805,20170616,20170615,211323000,2831.0,2434,77694,68812800.0,2831.0,9,2830.0,6
rb1805,20170616,20170615,211323500,2831.0,2434,77694,68812800.0,2831.0,9,2830.0,11
rb1805,20170616,20170615,211324000,2831.0,2434,77694,68812800.0,2831.0,9,2830.0,6
rb1805,20170616,20170615,211325000,2830.0,2436,77694,68869400.0,2831.0,9,2830.0,10
rb1805,20170616,20170615,211325500,2830.0,2454,77682,69378800.0,2832.0,13,2830.0,1
rb1805,20170616,20170615,211327000,2830.0,2454,77682,69378800.0,2832.0,13,2830.0,1
rb1805,20170616,20170615,211327500,2830.0,2454,77682,69378800.0,2832.0,18,2830.0,1
rb1805,20170616,20170615,211331000,2830.0,2454,77682,69378800.0,2832.0,13,2830.0,1
rb1805,20170616,20170615,211334000,2830.0,2454,77682,69378800.0,2832.0,18,2830.0,1
rb1805,20170616,20170615,211334500,2830.0,2454,77682,69378800.0,2832.0,18,2830.0,1
rb1805,20170616,20170615,211335500,2830.0,2454,77682,69378800.0,2832.0,19,2830.0,1
rb1805,20170616,20170615,211336500,2830.0,2454,77682,69378800.0,2832.0,19,2830.0,1
rb1805,20170616,20170615,211339000,2830.0,2454,77682,69378800.0,2832.0,19,2830.0,1
rb1805,20170616,20170615,211339500,2830.0,2456,77680,69435400.0,2830.0,1,2829.0,1
rb1805,20170616,20170615,211340000,2830.0,2458,77678,69492000.0,2832.0,19,2829.0,1
rb1805,20170616,20170615,211342000,2830.0,2458,77678,69492000.0,2832.0,14,2829.0,1
rb1805,20170616,20170615,211343000,2830.0,2458,77678,69492000.0,2832.0,14,2829.0,1
rb1805,20170616,20170615,211344000,2830.0,2458,77678,69492000.0,2831.0,1,2829.0,1
rb1805,20170616,20170615,211344500,2830.0,2458,77678,69492000.0,2831.0,1,2830.0,2
rb1805,20170616,20170615,211345000,2830.0,2458,77678,69492000.0,2831.0,1,2830.0,2
rb1805,20170616,20170615,211345500,2831.0,2460,77680,69548620.0,2832.0,14,2831.0,1
rb1805,20170616,20170615,211346000,2831.0,2460,77680,69548620.0,2832.0,14,2830.0,6
rb1805,20170616,20170615,211346500,2831.0,2460,77680,69548620.0,2832.0,14,2830.0,6
rb1805,20170616,20170615,211347500,2831.0,2460,77680,69548620.0,2832.0,14,2830.0,26
rb1805,20170616,20170615,211349500,2831.0,2460,77680,69548620.0,2832.0,14,2830.0,26
rb1805,20170616,20170615,211350500,2831.0,2460,77680,69548620.0,2832.0,14,2830.0,26
rb1805,20170616,20170615,211351000,2831.0,2460,77680,69548620.0,2832.0,14,2830.0,26
rb1805,20170616,20170615,211351500,2831.0,2460,77680,69548620.0,2832.0,14,2830.0,26
rb1805,20170616,20170615,211352500,2830.0,2462,77682,69605220.0,2832.0,14,2830.0,25
rb1805,20170616,20170615,211354500,2830.0,2462,77682,69605220.0,2832.0,14,2830.0,25
rb1805,20170616,20170615,211355500,2830.0,2462,77682,69605220.0,2832.0,14,2830.0,25
rb1805,20170616,20170615,211358500,2830.0,2462,77682,69605220.0,2832.0,14,2830.0,25
rb1805,20170616,20170615,211359000,2830.0,2462,77682,69605220.0,2831.0,1,2830.0,24
rb1805,20170616,20170615,211359500,2830.0,2462,77682,69605220.0,2831.0,1,2830.0,24
rb1805,20170616,20170615,211400000,2830.0,2462,77682,69605220.0,2831.0,1,2830.0,24
rb1805,20170616,20170615,211400500,2831.0,2464,77682,69661840.0,2832.0,15,2831.0,1
rb1805,20170616,20170615,211401000,2831.0,2468,77680,69775080.0,2831.0,1,2830.0,24
rb1805,20170616,20170615,211401500,2831.0,2468,77680,69775080.0,2832.0,15,2831.0,9
rb1805,20170616,20170615,211402000,2831.0,2468,77680,69775080.0,2832.0,15,2831.0,209
rb1805,20170616,20170615,211403500,2831.0,2468,77680,69775080.0,2832.0,15,2831.0,209
rb1805,20170616,20170615,211404000,2831.0,2480,77670,70114800.0,2832.0,15,2831.0,203
rb1805,20170616,20170615,211404500,2831.0,2480,77670,70114800.0,2832.0,15,2831.0,203
rb1805,20170616,20170615,211407500,2832.0,2482,77672,70171440.0,2832.0,14,2831.0,203
rb1805,20170616,20170615,211408500,2832.0,2482,77672,70171440.0,2832.0,19,2831.0,203
rb1805,20170616,20170615,211409000,2831.0,2496,77680,70567780.0,2832.0,20,2831.0,196
rb1805,20170616,20170615,211410500,2832.0,2498,77682,70624420.0,2832.0,14,2831.0,196
rb1805,20170616,20170615,211411000,2832.0,2498,77682,70624420.0,2832.0,13,2831.0,196
rb1805,20170616,20170615,211411500,2832.0,2498,77682,70624420.0,2832.0,13,2831.0,196
rb1805,20170616,20170615,211412000,2832.0,2500,77684,70681060.0,2832.0,12,2831.0,196
rb1805,20170616,20170615,211413000,2832.0,2500,77684,70681060.0,2832.0,12,2831.0,200
rb1805,20170616,20170615,211414000,2832.0,2500,77684,70681060.0,2832.0,12,2831.0,200
rb1805,20170616,20170615,211415500,2832.0,2500,77684,70681060.0,2832.0,12,2831.0,200
rb1805,20170616,20170615,211416500,2832.0,2502,77686,70737700.0,2832.0,11,2831.0,200
rb1805,20170616,20170615,211418000,2832.0,2502,77686,70737700.0,2832.0,11,2831.0,200
rb1805,20170616,20170615,211418500,2832.0,2516,77686,71134180.0,2832.0,4,2831.0,200
rb1805,20170616,20170615,211419000,2832.0,2524,77690,71360740.0,2833.0,26,2832.0,3
rb1805,20170616,20170615,211419500,2832.0,2524,77690,71360740.0,2833.0,21,2831.0,200
rb1805,20170616,20170615,211420000,2832.0,2524,77690,71360740.0,2833.0,21,2832.0,3
rb1805,20170616,20170615,211420500,2832.0,2530,77686,71530660.0,2832.0,2,2831.0,200
rb1805,20170616,20170615,211421000,2833.0,2540,77678,71813920.0,2833.0,18,2832.0,1
rb1805,20170616,20170615,211421500,2833.0,2540,77678,71813920.0,2833.0,18,2831.0,200
rb1805,20170616,20170615,211422000,2833.0,2564,77656,72493840.0,2833.0,7,2831.0,200
rb1805,20170616,20170615,211424500,2833.0,2564,77656,72493840.0,2833.0,7,2831.0,200
rb1805,20170616,20170615,211425000,2833.0,2564,77656,72493840.0,2833.0,7,2831.0,200
rb1805,20170616,20170615,211426500,2833.0,2578,77656,72890460.0,2834.0,10,2833.0,13
rb1805,20170616,20170615,211427000,2833.0,2578,77656,72890460.0,2834.0,5,2833.0,13
rb1805,20170616,20170615,211427500,2833.0,2578,77656,72890460.0,2834.0,6,2833.0,13
rb1805,20170616,20170615,211428000,2833.0,2578,77656,72890460.0,2834.0,6,2833.0,13
rb1805,20170616,20170615,211428500,2833.0,2578,77656,72890460.0,2834.0,6,2833.0,13
rb1805,20170616,20170615,211429000,2833.0,2578,77656,72890460.0,2834.0,6,2833.0,14
rb1805,20170616,20170615,211430000,2833.0,2578,77656,72890460.0,2834.0,6,2833.0,14
rb1805,20170616,20170615,211430500,2834.0,2580,77658,72947140.0,2834.0,5,2833.0,14
rb1805,20170616,20170615,211431000,2833.0,2582,77660,73003800.0,2834.0,5,2833.0,13
rb1805,20170616,20170615,211432500,2833.0,2582,77660,73003800.0,2834.0,4,2833.0,13
rb1805,20170616,20170615,211433500,2833.0,2582,77660,73003800.0,2834.0,4,2833.0,13
rb1805,20170616,20170615,211434000,2833.0,2582,77660,73003800.0,2834.0,5,2833.0,13
rb1805,20170616,20170615,211435000,2834.0,2584,77660,73060480.0,2834.0,5,2833.0,13
rb1805,20170616,20170615,211435500,2834.0,2584,77660,73060480.0,2834.0,5,2833.0,13
rb1805,20170616,20170615,211436000,2834.0,2584,77660,73060480.0,2834.0,5,2833.0,13
rb1805,20170616,20170615,211436500,2834.0,2586,77662,73117160.0,2834.0,4,2833.0,13
rb1805,20170616,20170615,211437000,2834.0,2588,77662,73173840.0,2834.0,3,2833.0,13
rb1805,20170616,20170615,211437500,2834.0,2590,77662,73230520.0,2834.0,2,2833.0,13
rb1805,20170616,20170615,211438500,2834.0,2594,77660,73343880.0,2835.0,70,2834.0,2
rb1805,20170616,20170615,211439000,2834.0,2598,77656,73457240.0,2834.0,2,2833.0,13
rb1805,20170616,20170615,211439500,2834.0,2598,77656,73457240.0,2835.0,70,2833.0,13
rb1805,20170616,20170615,211440000,2834.0,2598,77656,73457240.0,2835.0,70,2833.0,13
rb1805,20170616,20170615,211440500,2834.0,2598,77656,73457240.0,2835.0,70,2833.0,13
rb1805,20170616,20170615,211441000,2835.0,2618,77656,74024240.0,2834.0,3,2833.0,13
rb1805,20170616,20170615,211441500,2835.0,2618,77656,74024240.0,2834.0,3,2833.0,13
rb1805,20170616,20170615,211442000,2834.0,2620,77656,74080920.0,2834.0,2,2833.0,13
rb1805,20170616,20170615,211442500,2834.0,2624,77656,74194280.0,2835.0,60,2834.0,2
rb1805,20170616,20170615,211443000,2834.0,2624,77656,74194280.0,2835.0,60,2834.0,2
rb1805,20170616,20170615,211444000,2834.0,2624,77656,74194280.0,2835.0,60,2834.0,2
rb1805,20170616,20170615,211445000,2835.0,2626,77656,74250980.0,2835.0,59,2834.0,2
rb1805,20170616,20170615,211446500,2835.0,2626,77656,74250980.0,2835.0,59,2834.0,2
rb1805,20170616,20170615,211447000,2835.0,2626,77656,74250980.0,2835.0,64,2834.0,2
rb1805,20170616,20170615,211447500,2834.0,2630,77658,74364340.0,2834.0,2,2833.0,13
rb1805,20170616,20170615,211448000,2835.0,2632,77658,74421040.0,2835.0,64,2833.0,13
rb1805,20170616,20170615,211448500,2833.0,2642,77664,74704340.0,2834.0,2,2833.0,38
rb1805,20170616,20170615,211449000,2833.0,2652,77672,74987640.0,2834.0,7,2833.0,33
rb1805,20170616,20170615,211449500,2833.0,2656,77672,75100960.0,2834.0,7,2833.0,31
rb1805,20170616,20170615,211450000,2833.0,2656,77672,75100960.0,2834.0,8,2833.0,31
rb1805,20170616,20170615,211450500,2833.0,2672,77682,75554240.0,2834.0,9,2833.0,23
rb1805,20170616,20170615,211451000,2834.0,2690,77690,76064300.0,2834.0,5,2833.0,20
rb1805,20170616,20170615,211451500,2834.0,2690,77690,76064300.0,2834.0,3,2833.0,20
rb1805,20170616,20170615,211452000,2834.0,2690,77690,76064300.0,2834.0,3,2833.0,20
rb1805,20170616,20170615,211452500,2834.0,2690,77690,76064300.0,2834.0,3,2833.0,25
rb1805,20170616,20170615,211453000,2834.0,2690,77690,76064300.0,2834.0,3,2833.0,25
rb1805,20170616,20170615,211454000,2834.0,2690,77690,76064300.0,2834.0,3,2833.0,25
rb1805,20170616,20170615,211454500,2834.0,2690,77690,76064300.0,2834.0,3,2833.0,25
rb1805,20170616,20170615,211455000,2833.0,2730,77730,77197500.0,2834.0,5,2833.0,5
rb1805,20170616,20170615,211455500,2833.0,2730,77730,77197500.0,2834.0,6,2832.0,2
rb1805,20170616,20170615,211456000,2833.0,2730,77730,77197500.0,2834.0,6,2832.0,2
rb1805,20170616,20170615,211456500,2833.0,2730,77730,77197500.0,2834.0,6,2832.0,2
rb1805,20170616,20170615,211457000,2833.0,2730,77730,77197500.0,2834.0,6,2832.0,2
rb1805,20170616,20170615,211457500,2833.0,2730,77730,77197500.0,2834.0,7,2832.0,2
rb1805,20170616,20170615,211458000,2833.0,2730,77730,77197500.0,2834.0,7,2832.0,1
rb1805,20170616,20170615,211458500,2833.0,2730,77730,77197500.0,2834.0,7,2832.0,1
rb1805,20170616,20170615,211500000,2833.0,2730,77730,77197500.0,2834.0,7,2832.0,6
rb1805,20170616,20170615,211500500,2833.0,2730,77730,77197500.0,2834.0,6,2832.0,6
rb1805,20170616,20170615,211501000,2834.0,2732,77732,77254180.0,2834.0,5,2832.0,6
rb1805,20170616,20170615,211502000,2834.0,2732,77732,77254180.0,2834.0,5,2832.0,6
rb1805,20170616,20170615,211503000,2834.0,2732,77732,77254180.0,2834.0,5,2832.0,6
rb1805,20170616,20170615,211505000,2834.0,2732,77732,77254180.0,2834.0,5,2832.0,7
rb1805,20170616,20170615,211505500,2834.0,2732,77732,77254180.0,2834.0,5,2832.0,26
rb1805,20170616,20170615,211506000,2834.0,2732,77732,77254180.0,2834.0,5,2832.0,26
rb1805,20170616,20170615,211506500,2834.0,2732,77732,77254180.0,2834.0,5,2832.0,27
rb1805,20170616,20170615,211507000,2834.0,2732,77732,77254180.0,2834.0,5,2833.0,5
rb1805,20170616,20170615,211508000,2834.0,2732,77732,77254180.0,2834.0,5,2833.0,5
rb1805,20170616,20170615,211508500,2834.0,2732,77732,77254180.0,2834.0,5,2833.0,5
rb1805,20170616,20170615,211509000,2834.0,2732,77732,77254180.0,2834.0,6,2833.0,5
rb1805,20170616,20170615,211509500,2834.0,2732,77732,77254180.0,2834.0,6,2833.0,5
rb1805,20170616,20170615,211510000,2834.0,2732,77732,77254180.0,2834.0,6,2833.0,5
rb1805,20170616,20170615,211510500,2834.0,2740,77728,77480900.0,2834.0,2,2833.0,1
rb1805,20170616,20170615,211511000,2833.0,2742,77730,77537560.0,2833.0,3,2832.0,28
rb1805,20170616,20170615,211511500,2833.0,2744,77730,77594220.0,2833.0,4,2832.0,28
rb1805,20170616,20170615,211512000,2833.0,2744,77730,77594220.0,2833.0,4,2832.0,23
rb1805,20170616,20170615,211512500,2833.0,2748,77730,77707540.0,2833.0,22,2832.0,23
rb1805,20170616,20170615,211513000,2833.0,2752,77730,77820860.0,2833.0,20,2832.0,23
rb1805,20170616,20170615,211513500,2833.0,2772,77730,78387460.0,2833.0,10,2832.0,23
rb1805,20170616,20170615,211514000,2833.0,2790,77730,78897400.0,2833.0,1,2832.0,23
rb1805,20170616,20170615,211514500,2834.0,2800,77730,79180780.0,2835.0,67,2832.0,23
rb1805,20170616,20170615,211515000,2834.0,2800,77730,79180780.0,2835.0,67,2833.0,2
rb1805,20170616,20170615,211515500,2834.0,2800,77730,79180780.0,2834.0,1,2833.0,2
rb1805,20170616,20170615,211517000,2834.0,2800,77730,79180780.0,2834.0,1,2833.0,2
rb1805,20170616,20170615,211517500,2834.0,2802,77732,79237460.0,2835.0,66,2833.0,2
rb1805,20170616,20170615,211520500,2834.0,2802,77732,79237460.0,2835.0,67,2833.0,2
rb1805,20170616,20170615,211521000,2834.0,2802,77732,79237460.0,2835.0,66,2833.0,2
rb1805,20170616,20170615,211522000,2834.0,2802,77732,79237460.0,2835.0,67,2833.0,2
rb1805,20170616,20170615,211522500,2834.0,2802,77732,79237460.0,2835.0,68,2833.0,2
rb1805,20170616,20170615,211523000,2834.0,2802,77732,79237460.0,2835.0,68,2833.0,4
rb1805,20170616,20170615,211523500,2835.0,2806,77734,79350820.0,2835.0,67,2833.0,3
rb1805,20170616,20170615,211524000,2835.0,2806,77734,79350820.0,2835.0,66,2833.0,3
rb1805,20170616,20170615,211525000,2835.0,2806,77734,79350820.0,2835.0,66,2833.0,3
rb1805,20170616,20170615,211525500,2835.0,2806,77734,79350820.0,2835.0,61,2833.0,8
rb1805,20170616,20170615,211527000,2835.0,2808,77734,79407520.0,2835.0,60,2833.0,3
rb1805,20170616,20170615,211527500,2835.0,2808,77734,79407520.0,2835.0,60,2833.0,3
rb1805,20170616,20170615,211530000,2835.0,2808,77734,79407520.0,2835.0,61,2833.0,3
rb1805,20170616,20170615,211530500,2835.0,2808,77734,79407520.0,2835.0,60,2833.0,3
rb1805,20170616,20170615,211531000,2835.0,2808,77734,79407520.0,2834.0,1,2833.0,3
rb1805,20170616,20170615,211533000,2835.0,2808,77734,79407520.0,2834.0,2,2833.0,3
rb1805,20170616,20170615,211533500,2835.0,2808,77734,79407520.0,2834.0,2,2833.0,3
rb1805,20170616,20170615,211534000,2835.0,2808,77734,79407520.0,2834.0,2,2833.0,3
rb1805,20170616,20170615,211535000,2834.0,2810,77734,79464200.0,2834.0,1,2833.0,3
rb1805,20170616,20170615,211537500,2834.0,2812,77734,79520880.0,2834.0,1,2833.0,3
rb1805,20170616,20170615,211538000,2834.0,2812,77734,79520880.0,2834.0,1,2833.0,4
rb1805,20170616,20170615,211538500,2834.0,2812,77734,79520880.0,2834.0,1,2833.0,5
rb1805,20170616,20170615,211539000,2834.0,2812,77734,79520880.0,2834.0,1,2833.0,6
rb1805,20170616,20170615,211539500,2834.0,2812,77734,79520880.0,2834.0,1,2833.0,6
rb1805,20170616,20170615,211541500,2834.0,2812,77734,79520880.0,2834.0,1,2833.0,6
rb1805,20170616,20170615,211543000,2834.0,2812,77734,79520880.0,2834.0,1,2833.0,6
rb1805,20170616,20170615,211543500,2834.0,2814,77734,79577560.0,2835.0,60,2833.0,6
rb1805,20170616,20170615,211546500,2834.0,2814,77734,79577560.0,2835.0,59,2833.0,6
rb1805,20170616,20170615,211549500,2834.0,2814,77734,79577560.0,2835.0,59,2833.0,6
rb1805,20170616,20170615,211550000,2834.0,2814,77734,79577560.0,2835.0,60,2833.0,6
rb1805,20170616,20170615,211551000,2834.0,2814,77734,79577560.0,2835.0,60,2833.0,6
rb1805,20170616,20170615,211552000,2833.0,2818,77732,79690880.0,2835.0,60,2833.0,4
rb1805,20170616,20170615,211553000,2833.0,2818,77732,79690880.0,2835.0,60,2834.0,1
rb1805,20170616,20170615,211553500,2834.0,2820,77734,79747560.0,2834.0,1,2833.0,4
rb1805,20170616,20170615,211554000,2834.0,2822,77732,79804240.0,2835.0,60,2833.0,4
rb1805,20170616,20170615,211554500,2833.0,2824,77730,79860900.0,2834.0,4,2833.0,3
rb1805,20170616,20170615,211555000,2833.0,2824,77730,79860900.0,2835.0,59,2833.0,3
rb1805,20170616,20170615,211556000,2833.0,2824,77730,79860900.0,2835.0,59,2833.0,8
rb1805,20170616,20170615,211556500,2833.0,2824,77730,79860900.0,2835.0,59,2834.0,2
rb1805,20170616,20170615,211558000,2834.0,2828,77726,79974260.0,2834.0,9,2833.0,8
rb1805,20170616,20170615,211558500,2834.0,2828,77726,79974260.0,2834.0,9,2833.0,3
rb1805,20170616,20170615,211559000,2834.0,2828,77726,79974260.0,2834.0,9,2833.0,3
rb1805,20170616,20170615,211559500,2834.0,2828,77726,79974260.0,2834.0,15,2833.0,3
rb1805,20170616,20170615,211602000,2834.0,2828,77726,79974260.0,2834.0,15,2833.0,3
