instrument,tradingday,calendarday,time,lastp,volume,openinterest,turnover,ask1,asksz1,bid1,bidsz1
rb1805,20170815,20170814,183545500,3648.0,0,171934,0.0,0.0,0,0.0,0
rb1805,20170815,20170814,205900500,3648.0,92,171984,3356160.0,3649.0,50,3648.0,2
rb1805,20170815,20170814,210000500,3647.0,294,172000,10725660.0,3646.0,1,3643.0,1
rb1805,20170815,20170814,210001000,3643.0,374,172036,13640580.0,3643.0,4,3641.0,25
rb1805,20170815,20170814,210001500,3642.0,390,172044,14223380.0,3643.0,6,3641.0,26
rb1805,20170815,20170814,210002000,3641.0,450,172082,16408420.0,3645.0,2,3643.0,4
rb1805,20170815,20170814,210002500,3642.0,498,172118,18156000.0,3646.0,1,3645.0,1
rb1805,20170815,20170814,210003000,3641.0,522,172120,19029600.0,3644.0,1,3642.0,14
rb1805,20170815,20170814,210003500,3643.0,540,172120,19685180.0,3643.0,9,3642.0,6
rb1805,20170815,20170814,210004000,3642.0,554,172120,20195080.0,3642.0,1,3641.0,1
rb1805,20170815,20170814,210004500,3643.0,596,172146,21725060.0,3645.0,5,3643.0,13
rb1805,20170815,20170814,210005000,3645.0,630,172150,22963760.0,3645.0,4,3643.0,1
rb1805,20170815,20170814,210005500,3641.0,638,172152,23255160.0,3643.0,2,3640.0,3
rb1805,20170815,20170814,210006000,3643.0,646,172150,23546580.0,3644.0,8,3641.0,1
rb1805,20170815,20170814,210006500,3641.0,654,172152,23837860.0,3642.0,1,3637.0,31
rb1805,20170815,20170814,210007000,3643.0,656,172154,23910720.0,3639.0,7,3637.0,31
rb1805,20170815,20170814,210007500,3643.0,674,172154,24565880.0,3643.0,1,3640.0,1
rb1805,20170815,20170814,210008000,3643.0,682,172152,24857100.0,3640.0,30,3638.0,3
rb1805,20170815,20170814,210008500,3640.0,688,172158,25075500.0,3639.0,10,3638.0,3
rb1805,20170815,20170814,210009000,3639.0,716,172130,26094340.0,3640.0,28,3637.0,31
rb1805,20170815,20170814,210009500,3640.0,720,172134,26239940.0,3640.0,26,3637.0,31
rb1805,20170815,20170814,210010000,3638.0,730,172134,26603740.0,3640.0,26,3638.0,2
rb1805,20170815,20170814,210010500,3640.0,734,172136,26749340.0,3640.0,25,3639.0,1
rb1805,20170815,20170814,210011000,3640.0,784,172148,28569320.0,3640.0,1,3639.0,1
rb1805,20170815,20170814,210011500,3640.0,786,172150,28642120.0,3641.0,1,3640.0,2
rb1805,20170815,20170814,210012000,3639.0,792,172154,28860520.0,3644.0,2,3638.0,4
rb1805,20170815,20170814,210012500,3641.0,794,172154,28933340.0,3643.0,1,3640.0,1
rb1805,20170815,20170814,210013000,3640.0,798,172158,29078940.0,3644.0,2,3639.0,1
rb1805,20170815,20170814,210013500,3640.0,798,172158,29078940.0,3644.0,3,3640.0,3
rb1805,20170815,20170814,210014000,3643.0,800,172158,29151800.0,3643.0,2,3641.0,1
rb1805,20170815,20170814,210014500,3643.0,800,172158,29151800.0,3643.0,2,3641.0,5
rb1805,20170815,20170814,210015000,3643.0,806,172164,29370380.0,3644.0,7,3643.0,1
rb1805,20170815,20170814,210015500,3643.0,808,172164,29443240.0,3644.0,7,3642.0,2
rb1805,20170815,20170814,210016000,3643.0,808,172164,29443240.0,3644.0,7,3642.0,3
rb1805,20170815,20170814,210016500,3643.0,808,172164,29443240.0,3644.0,7,3642.0,4
rb1805,20170815,20170814,210017000,3642.0,810,172164,29516080.0,3644.0,7,3642.0,3
rb1805,20170815,20170814,210017500,3642.0,810,172164,29516080.0,3644.0,7,3642.0,3
rb1805,20170815,20170814,210018000,3642.0,822,172162,29953200.0,3644.0,5,3642.0,1
rb1805,20170815,20170814,210018500,3644.0,846,172178,30827580.0,3644.0,2,3641.0,8
rb1805,20170815,20170814,210019000,3642.0,848,172178,30900420.0,3643.0,2,3641.0,8
rb1805,20170815,20170814,210019500,3641.0,864,172164,31482980.0,3641.0,1,3640.0,2
rb1805,20170815,20170814,210020000,3641.0,866,172164,31555800.0,3641.0,3,3640.0,4
rb1805,20170815,20170814,210020500,3641.0,876,172170,31919900.0,3642.0,2,3641.0,1
rb1805,20170815,20170814,210021000,3641.0,882,172172,32138360.0,3642.0,1,3641.0,3
rb1805,20170815,20170814,210021500,3643.0,896,172172,32648220.0,3643.0,3,3641.0,1
rb1805,20170815,20170814,210022000,3643.0,900,172172,32793940.0,3643.0,2,3641.0,2
rb1805,20170815,20170814,210022500,3641.0,904,172172,32939580.0,3642.0,2,3640.0,5
rb1805,20170815,20170814,210023000,3642.0,906,172172,33012420.0,3642.0,1,3641.0,5
rb1805,20170815,20170814,210023500,3641.0,916,172172,33376520.0,3641.0,2,3640.0,5
rb1805,20170815,20170814,210024000,3641.0,918,172172,33449340.0,3641.0,1,3640.0,8
rb1805,20170815,20170814,210024500,3641.0,920,172172,33522160.0,3641.0,1,3640.0,8
rb1805,20170815,20170814,210025000,3640.0,924,172176,33667780.0,3643.0,2,3640.0,8
rb1805,20170815,20170814,210025500,3643.0,926,172178,33740640.0,3643.0,1,3640.0,8
rb1805,20170815,20170814,210026000,3643.0,926,172178,33740640.0,3643.0,1,3641.0,4
rb1805,20170815,20170814,210026500,3641.0,932,172178,33959100.0,3643.0,1,3641.0,7
rb1805,20170815,20170814,210027000,3643.0,934,172180,34031960.0,3644.0,8,3641.0,7
rb1805,20170815,20170814,210027500,3641.0,942,172180,34323240.0,3642.0,1,3641.0,3
rb1805,20170815,20170814,210028000,3642.0,944,172182,34396080.0,3644.0,12,3641.0,3
rb1805,20170815,20170814,210028500,3642.0,944,172182,34396080.0,3644.0,13,3641.0,3
rb1805,20170815,20170814,210029000,3641.0,952,172178,34687360.0,3641.0,3,3640.0,16
rb1805,20170815,20170814,210029500,3641.0,958,172184,34905820.0,3643.0,5,3642.0,3
rb1805,20170815,20170814,210030000,3642.0,964,172184,35124340.0,3643.0,9,3641.0,31
rb1805,20170815,20170814,210030500,3641.0,972,172188,35415620.0,3643.0,9,3641.0,27
rb1805,20170815,20170814,210031000,3641.0,1026,172186,37381760.0,3643.0,9,3640.0,18
rb1805,20170815,20170814,210031500,3643.0,1028,172188,37454620.0,3643.0,9,3641.0,1
rb1805,20170815,20170814,210032000,3640.0,1054,172184,38401040.0,3643.0,10,3640.0,6
rb1805,20170815,20170814,210032500,3642.0,1056,172184,38473880.0,3643.0,20,3640.0,6
rb1805,20170815,20170814,210033000,3641.0,1058,172186,38546700.0,3643.0,19,3640.0,6
rb1805,20170815,20170814,210033500,3641.0,1058,172186,38546700.0,3643.0,19,3640.0,11
rb1805,20170815,20170814,210034000,3643.0,1070,172194,38983820.0,3643.0,10,3640.0,11
rb1805,20170815,20170814,210034500,3640.0,1074,172198,39129420.0,3643.0,10,3640.0,6
rb1805,20170815,20170814,210035500,3640.0,1074,172198,39129420.0,3642.0,1,3640.0,9
rb1805,20170815,20170814,210036000,3640.0,1076,172200,39202220.0,3642.0,1,3640.0,8
rb1805,20170815,20170814,210036500,3640.0,1076,172200,39202220.0,3642.0,11,3640.0,8
rb1805,20170815,20170814,210037500,3640.0,1076,172200,39202220.0,3642.0,12,3640.0,9
rb1805,20170815,20170814,210038000,3642.0,1078,172202,39275060.0,3642.0,11,3640.0,11
rb1805,20170815,20170814,210038500,3642.0,1078,172202,39275060.0,3642.0,11,3641.0,51
rb1805,20170815,20170814,210039000,3641.0,1134,172242,41314020.0,3642.0,11,3641.0,28
rb1805,20170815,20170814,210039500,3641.0,1144,172248,41678120.0,3642.0,11,3641.0,26
rb1805,20170815,20170814,210040000,3640.0,1194,172252,43498580.0,3641.0,1,3640.0,6
rb1805,20170815,20170814,210040500,3641.0,1220,172248,44445140.0,3642.0,10,3639.0,7
rb1805,20170815,20170814,210041000,3641.0,1220,172248,44445140.0,3641.0,1,3640.0,3
rb1805,20170815,20170814,210041500,3642.0,1236,172242,45027760.0,3642.0,6,3640.0,1
rb1805,20170815,20170814,210042000,3642.0,1236,172242,45027760.0,3641.0,1,3640.0,1
rb1805,20170815,20170814,210042500,3641.0,1238,172240,45100580.0,3642.0,8,3640.0,1
rb1805,20170815,20170814,210043000,3640.0,1240,172240,45173380.0,3640.0,10,3639.0,7
rb1805,20170815,20170814,210043500,3640.0,1280,172244,46629440.0,3642.0,14,3639.0,9
rb1805,20170815,20170814,210044000,3640.0,1280,172244,46629440.0,3640.0,1,3639.0,9
rb1805,20170815,20170814,210044500,3640.0,1282,172246,46702240.0,3641.0,1,3639.0,9
rb1805,20170815,20170814,210045000,3641.0,1298,172242,47284680.0,3642.0,17,3639.0,7
rb1805,20170815,20170814,210045500,3638.0,1336,172220,48667260.0,3641.0,22,3637.0,1
rb1805,20170815,20170814,210046000,3638.0,1336,172220,48667260.0,3640.0,24,3638.0,2
rb1805,20170815,20170814,210046500,3638.0,1344,172220,48958300.0,3639.0,2,3637.0,1
rb1805,20170815,20170814,210047000,3637.0,1350,172222,49176520.0,3639.0,3,3637.0,1
rb1805,20170815,20170814,210047500,3637.0,1350,172222,49176520.0,3639.0,4,3637.0,1
rb1805,20170815,20170814,210048000,3637.0,1354,172222,49322000.0,3638.0,1,3637.0,3
rb1805,20170815,20170814,210048500,3635.0,1362,172220,49612880.0,3637.0,18,3635.0,6
rb1805,20170815,20170814,210049000,3635.0,1374,172228,50049080.0,3636.0,2,3633.0,12
rb1805,20170815,20170814,210049500,3635.0,1400,172234,50994000.0,3635.0,21,3634.0,1
rb1805,20170815,20170814,210050000,3631.0,1446,172222,52665220.0,3632.0,2,3631.0,2
rb1805,20170815,20170814,210050500,3629.0,1474,172234,53681700.0,3630.0,1,3628.0,1
rb1805,20170815,20170814,210051000,3629.0,1540,172204,56078900.0,3630.0,2,3628.0,7
rb1805,20170815,20170814,210051500,3629.0,1552,172204,56514480.0,3633.0,11,3629.0,8
rb1805,20170815,20170814,210052000,3631.0,1556,172204,56659760.0,3633.0,17,3630.0,2
rb1805,20170815,20170814,210052500,3630.0,1610,172228,58620980.0,3630.0,96,3629.0,8
rb1805,20170815,20170814,210053000,3630.0,1630,172228,59346780.0,3630.0,96,3628.0,1
rb1805,20170815,20170814,210053500,3630.0,1748,172178,63629960.0,3630.0,44,3627.0,6
rb1805,20170815,20170814,210054000,3630.0,1752,172178,63775160.0,3630.0,42,3628.0,28
rb1805,20170815,20170814,210054500,3628.0,1814,172120,66024520.0,3628.0,20,3627.0,4
rb1805,20170815,20170814,210055000,3629.0,1870,172106,68056380.0,3630.0,44,3628.0,3
rb1805,20170815,20170814,210055500,3630.0,1926,172082,70089180.0,3630.0,36,3628.0,3
rb1805,20170815,20170814,210056000,3630.0,1938,172084,70524700.0,3628.0,1,3627.0,4
rb1805,20170815,20170814,210056500,3630.0,1942,172086,70669860.0,3630.0,35,3629.0,1
rb1805,20170815,20170814,210057000,3630.0,1944,172086,70742460.0,3630.0,45,3629.0,1
rb1805,20170815,20170814,210057500,3629.0,1948,172084,70887620.0,3629.0,35,3628.0,14
rb1805,20170815,20170814,210058000,3628.0,1968,172080,71613400.0,3629.0,26,3628.0,13
rb1805,20170815,20170814,210058500,3628.0,2030,172084,73863280.0,3630.0,41,3628.0,7
rb1805,20170815,20170814,210059000,3630.0,2062,172088,75024880.0,3629.0,1,3628.0,9
rb1805,20170815,20170814,210059500,3629.0,2064,172090,75097460.0,3630.0,24,3629.0,1
rb1805,20170815,20170814,210100000,3629.0,2066,172092,75170040.0,3630.0,24,3628.0,9
rb1805,20170815,20170814,210100500,3630.0,2104,172102,76549080.0,3631.0,1,3630.0,10
rb1805,20170815,20170814,210101000,3630.0,2104,172102,76549080.0,3631.0,1,3630.0,11
rb1805,20170815,20170814,210101500,3630.0,2116,172104,76984700.0,3631.0,3,3630.0,6
rb1805,20170815,20170814,210102000,3630.0,2118,172106,77057300.0,3631.0,14,3630.0,5
rb1805,20170815,20170814,210102500,3630.0,2132,172108,77565500.0,3630.0,1,3629.0,50
rb1805,20170815,20170814,210103000,3629.0,2142,172108,77928400.0,3630.0,16,3629.0,45
rb1805,20170815,20170814,210103500,3630.0,2144,172108,78001000.0,3630.0,28,3629.0,45
rb1805,20170815,20170814,210104000,3630.0,2148,172108,78146200.0,3630.0,12,3629.0,45
rb1805,20170815,20170814,210104500,3630.0,2164,172096,78727000.0,3631.0,10,3629.0,54
rb1805,20170815,20170814,210105000,3629.0,2168,172094,78872200.0,3631.0,6,3630.0,1
rb1805,20170815,20170814,210105500,3630.0,2170,172094,78944800.0,3630.0,6,3629.0,45
rb1805,20170815,20170814,210106000,3630.0,2172,172092,79017400.0,3630.0,4,3629.0,45
rb1805,20170815,20170814,210106500,3630.0,2180,172088,79307760.0,3630.0,3,3629.0,44
rb1805,20170815,20170814,210107000,3630.0,2194,172088,79816020.0,3631.0,3,3629.0,46
rb1805,20170815,20170814,210107500,3631.0,2198,172090,79961240.0,3631.0,2,3629.0,47
rb1805,20170815,20170814,210108000,3631.0,2202,172086,80106480.0,3634.0,15,3629.0,52
rb1805,20170815,20170814,210108500,3630.0,2206,172086,80251680.0,3631.0,1,3630.0,1
rb1805,20170815,20170814,210109000,3630.0,2218,172076,80687280.0,3630.0,4,3629.0,59
rb1805,20170815,20170814,210109500,3630.0,2232,172082,81195500.0,3631.0,1,3630.0,7
rb1805,20170815,20170814,210110000,3630.0,2232,172082,81195500.0,3631.0,1,3630.0,63
rb1805,20170815,20170814,210110500,3630.0,2236,172084,81340720.0,3632.0,20,3630.0,62
rb1805,20170815,20170814,210111000,3632.0,2252,172094,81921840.0,3632.0,12,3630.0,63
rb1805,20170815,20170814,210112000,3630.0,2268,172106,82502640.0,3631.0,5,3630.0,48
rb1805,20170815,20170814,210112500,3631.0,2278,172102,82865740.0,3632.0,17,3631.0,1
rb1805,20170815,20170814,210113000,3630.0,2304,172100,83809560.0,3631.0,3,3630.0,40
rb1805,20170815,20170814,210113500,3631.0,2306,172100,83882180.0,3632.0,21,3631.0,7
rb1805,20170815,20170814,210114000,3631.0,2318,172100,84317900.0,3632.0,17,3631.0,2
rb1805,20170815,20170814,210114500,3631.0,2324,172096,84535760.0,3631.0,6,3630.0,43
rb1805,20170815,20170814,210115000,3631.0,2336,172102,84971440.0,3632.0,18,3630.0,41
rb1805,20170815,20170814,210115500,3631.0,2336,172102,84971440.0,3632.0,18,3631.0,1
rb1805,20170815,20170814,210116000,3631.0,2336,172102,84971440.0,3632.0,18,3631.0,8
rb1805,20170815,20170814,210116500,3632.0,2340,172102,85116720.0,3632.0,16,3631.0,8
rb1805,20170815,20170814,210117000,3632.0,2340,172102,85116720.0,3632.0,16,3631.0,9
rb1805,20170815,20170814,210117500,3631.0,2344,172104,85261980.0,3632.0,18,3631.0,9
rb1805,20170815,20170814,210118000,3631.0,2344,172104,85261980.0,3632.0,18,3631.0,9
rb1805,20170815,20170814,210118500,3631.0,2356,172108,85697720.0,3632.0,17,3631.0,4
rb1805,20170815,20170814,210119000,3631.0,2392,172144,87004880.0,3632.0,17,3631.0,1
rb1805,20170815,20170814,210119500,3631.0,2404,172134,87440600.0,3632.0,17,3630.0,44
rb1805,20170815,20170814,210120000,3631.0,2404,172134,87440600.0,3632.0,9,3630.0,45
rb1805,20170815,20170814,210120500,3632.0,2408,172134,87585880.0,3632.0,7,3631.0,1
rb1805,20170815,20170814,210121000,3631.0,2414,172130,87803740.0,3632.0,7,3630.0,46
rb1805,20170815,20170814,210121500,3632.0,2432,172120,88457500.0,3633.0,18,3632.0,22
rb1805,20170815,20170814,210122000,3630.0,2480,172114,90200820.0,3633.0,15,3631.0,1
rb1805,20170815,20170814,210122500,3632.0,2484,172114,90346100.0,3633.0,15,3631.0,1
rb1805,20170815,20170814,210123000,3632.0,2486,172114,90418740.0,3632.0,1,3631.0,8
rb1805,20170815,20170814,210123500,3633.0,2488,172112,90491400.0,3633.0,17,3631.0,10
rb1805,20170815,20170814,210124000,3633.0,2550,172086,92743440.0,3633.0,7,3631.0,11
rb1805,20170815,20170814,210124500,3633.0,2550,172086,92743440.0,3633.0,7,3631.0,12
rb1805,20170815,20170814,210125000,3631.0,2552,172088,92816060.0,3633.0,7,3631.0,11
rb1805,20170815,20170814,210125500,3631.0,2552,172088,92816060.0,3633.0,7,3631.0,11
rb1805,20170815,20170814,210126000,3631.0,2552,172088,92816060.0,3633.0,12,3631.0,11
rb1805,20170815,20170814,210126500,3631.0,2552,172088,92816060.0,3633.0,12,3631.0,21
rb1805,20170815,20170814,210127000,3633.0,2576,172088,93687980.0,3634.0,1,3633.0,15
rb1805,20170815,20170814,210127500,3633.0,2578,172090,93760640.0,3634.0,9,3633.0,14
rb1805,20170815,20170814,210128000,3632.0,2608,172092,94850520.0,3633.0,9,3632.0,1
rb1805,20170815,20170814,210128500,3632.0,2612,172092,94995800.0,3632.0,1,3631.0,16
rb1805,20170815,20170814,210129000,3633.0,2614,172092,95068460.0,3632.0,1,3631.0,16
rb1805,20170815,20170814,210129500,3632.0,2616,172092,95141100.0,3633.0,3,3631.0,17
rb1805,20170815,20170814,210130000,3632.0,2616,172092,95141100.0,3633.0,12,3631.0,17
rb1805,20170815,20170814,210130500,3632.0,2624,172090,95431660.0,3633.0,12,3631.0,13
rb1805,20170815,20170814,210131000,3631.0,2654,172088,96520960.0,3631.0,6,3630.0,52
rb1805,20170815,20170814,210131500,3632.0,2674,172106,97247260.0,3633.0,21,3631.0,1
rb1805,20170815,20170814,210132000,3631.0,2676,172108,97319880.0,3631.0,3,3630.0,51
rb1805,20170815,20170814,210132500,3631.0,2676,172108,97319880.0,3632.0,11,3630.0,52
rb1805,20170815,20170814,210133000,3632.0,2678,172106,97392520.0,3632.0,11,3630.0,52
rb1805,20170815,20170814,210133500,3632.0,2678,172106,97392520.0,3632.0,11,3630.0,59
rb1805,20170815,20170814,210134000,3632.0,2678,172106,97392520.0,3632.0,18,3630.0,52
rb1805,20170815,20170814,210134500,3632.0,2678,172106,97392520.0,3632.0,20,3631.0,1
rb1805,20170815,20170814,210135000,3631.0,2686,172104,97683000.0,3631.0,2,3630.0,51
rb1805,20170815,20170814,210135500,3631.0,2686,172104,97683000.0,3632.0,11,3631.0,3
rb1805,20170815,20170814,210136000,3631.0,2692,172104,97900860.0,3632.0,11,3631.0,4
rb1805,20170815,20170814,210136500,3631.0,2698,172104,98118720.0,3632.0,11,3631.0,5
rb1805,20170815,20170814,210137000,3631.0,2698,172104,98118720.0,3632.0,16,3631.0,6
rb1805,20170815,20170814,210137500,3631.0,2698,172104,98118720.0,3632.0,16,3631.0,22
rb1805,20170815,20170814,210138000,3631.0,2722,172116,98990160.0,3632.0,23,3631.0,10
rb1805,20170815,20170814,210138500,3631.0,2722,172116,98990160.0,3632.0,23,3631.0,11
rb1805,20170815,20170814,210139000,3631.0,2746,172118,99861800.0,3632.0,13,3631.0,9
rb1805,20170815,20170814,210139500,3631.0,2746,172118,99861800.0,3632.0,22,3631.0,9
rb1805,20170815,20170814,210140000,3631.0,2746,172118,99861800.0,3632.0,22,3631.0,10
rb1805,20170815,20170814,210140500,3632.0,2750,172122,100007080.0,3632.0,59,3631.0,10
rb1805,20170815,20170814,210141000,3632.0,2754,172126,100152340.0,3632.0,51,3631.0,11
rb1805,20170815,20170814,210141500,3632.0,2754,172126,100152340.0,3632.0,42,3631.0,11
rb1805,20170815,20170814,210142000,3632.0,2754,172126,100152340.0,3632.0,39,3631.0,11
rb1805,20170815,20170814,210142500,3631.0,2764,172136,100515460.0,3632.0,48,3631.0,26
rb1805,20170815,20170814,210143000,3632.0,2766,172136,100588100.0,3632.0,47,3631.0,33
rb1805,20170815,20170814,210143500,3631.0,2818,172124,102476220.0,3632.0,47,3630.0,54
rb1805,20170815,20170814,210144000,3631.0,2836,172124,103129840.0,3631.0,3,3630.0,65
rb1805,20170815,20170814,210144500,3631.0,2836,172124,103129840.0,3631.0,3,3630.0,57
rb1805,20170815,20170814,210145000,3632.0,2856,172124,103856180.0,3631.0,1,3630.0,54
rb1805,20170815,20170814,210145500,3631.0,2876,172116,104582380.0,3632.0,60,3631.0,7
rb1805,20170815,20170814,210146000,3631.0,2876,172116,104582380.0,3632.0,44,3631.0,9
rb1805,20170815,20170814,210146500,3630.0,2892,172116,105163280.0,3632.0,44,3630.0,51
rb1805,20170815,20170814,210147000,3630.0,2892,172116,105163280.0,3632.0,44,3630.0,54
rb1805,20170815,20170814,210147500,3630.0,2892,172116,105163280.0,3632.0,49,3631.0,1
rb1805,20170815,20170814,210148000,3630.0,2894,172118,105235880.0,3632.0,49,3630.0,55
rb1805,20170815,20170814,210148500,3631.0,2900,172120,105453720.0,3632.0,49,3630.0,51
rb1805,20170815,20170814,210149000,3631.0,2900,172120,105453720.0,3632.0,49,3630.0,52
rb1805,20170815,20170814,210149500,3630.0,2902,172120,105526320.0,3631.0,2,3630.0,51
rb1805,20170815,20170814,210150000,3631.0,2904,172118,105598940.0,3631.0,9,3630.0,50
rb1805,20170815,20170814,210150500,3631.0,2904,172118,105598940.0,3631.0,9,3630.0,51
rb1805,20170815,20170814,210151000,3631.0,2904,172118,105598940.0,3631.0,9,3630.0,51
rb1805,20170815,20170814,210151500,3631.0,2922,172100,106252520.0,3632.0,49,3631.0,1
rb1805,20170815,20170814,210152000,3630.0,2936,172096,106760760.0,3632.0,50,3630.0,47
rb1805,20170815,20170814,210152500,3630.0,2936,172096,106760760.0,3632.0,50,3630.0,47
rb1805,20170815,20170814,210153000,3630.0,2936,172096,106760760.0,3632.0,50,3630.0,50
rb1805,20170815,20170814,210153500,3630.0,2936,172096,106760760.0,3632.0,50,3631.0,1
rb1805,20170815,20170814,210154000,3632.0,2938,172094,106833400.0,3632.0,50,3631.0,10
rb1805,20170815,20170814,210154500,3632.0,2938,172094,106833400.0,3632.0,50,3631.0,11
rb1805,20170815,20170814,210155000,3631.0,2946,172102,107123880.0,3632.0,53,3631.0,8
rb1805,20170815,20170814,210155500,3631.0,2946,172102,107123880.0,3632.0,62,3631.0,10
rb1805,20170815,20170814,210156000,3631.0,2946,172102,107123880.0,3632.0,71,3631.0,10
rb1805,20170815,20170814,210156500,3631.0,2950,172106,107269120.0,3632.0,71,3631.0,9
rb1805,20170815,20170814,210157000,3631.0,2950,172106,107269120.0,3632.0,71,3631.0,10
rb1805,20170815,20170814,210157500,3632.0,2954,172106,107414400.0,3632.0,69,3631.0,10
rb1805,20170815,20170814,210158000,3632.0,2954,172106,107414400.0,3632.0,69,3631.0,10
rb1805,20170815,20170814,210158500,3632.0,2966,172106,107850240.0,3632.0,62,3631.0,10
rb1805,20170815,20170814,210159000,3632.0,2966,172106,107850240.0,3632.0,62,3631.0,10
rb1805,20170815,20170814,210200000,3632.0,2966,172106,107850240.0,3632.0,69,3631.0,10
rb1805,20170815,20170814,210200500,3632.0,2968,172106,107922880.0,3632.0,68,3631.0,10
rb1805,20170815,20170814,210201000,3632.0,2970,172106,107995520.0,3632.0,60,3631.0,11
rb1805,20170815,20170814,210201500,3632.0,2990,172106,108721920.0,3632.0,50,3631.0,11
rb1805,20170815,20170814,210202000,3631.0,3010,172122,109448120.0,3632.0,57,3631.0,2
rb1805,20170815,20170814,210202500,3631.0,3014,172122,109593360.0,3631.0,6,3630.0,53
rb1805,20170815,20170814,210203000,3631.0,3016,172124,109665980.0,3631.0,3,3630.0,53
rb1805,20170815,20170814,210203500,3631.0,3016,172124,109665980.0,3631.0,2,3630.0,73
rb1805,20170815,20170814,210204000,3631.0,3020,172124,109811220.0,3632.0,57,3630.0,76
rb1805,20170815,20170814,210204500,3631.0,3020,172124,109811220.0,3631.0,9,3630.0,74
rb1805,20170815,20170814,210205000,3630.0,3022,172124,109883820.0,3631.0,8,3630.0,73
rb1805,20170815,20170814,210206000,3630.0,3024,172122,109956420.0,3631.0,8,3630.0,72
rb1805,20170815,20170814,210207000,3630.0,3026,172122,110029020.0,3631.0,8,3630.0,71
rb1805,20170815,20170814,210207500,3630.0,3026,172122,110029020.0,3631.0,8,3630.0,71
rb1805,20170815,20170814,210208000,3630.0,3026,172122,110029020.0,3631.0,9,3630.0,71
rb1805,20170815,20170814,210208500,3630.0,3036,172122,110392020.0,3631.0,9,3630.0,66
rb1805,20170815,20170814,210209000,3630.0,3036,172122,110392020.0,3631.0,10,3630.0,66
rb1805,20170815,20170814,210209500,3631.0,3040,172122,110537240.0,3631.0,9,3630.0,65
rb1805,20170815,20170814,210210000,3631.0,3058,172108,111190820.0,3632.0,57,3631.0,1
rb1805,20170815,20170814,210210500,3630.0,3070,172108,111626440.0,3631.0,18,3630.0,60
rb1805,20170815,20170814,210211000,3630.0,3072,172108,111699040.0,3631.0,14,3630.0,59
rb1805,20170815,20170814,210211500,3631.0,3098,172128,112643060.0,3631.0,1,3630.0,57
rb1805,20170815,20170814,210212000,3630.0,3100,172128,112715660.0,3631.0,11,3630.0,56
rb1805,20170815,20170814,210212500,3630.0,3132,172136,113877260.0,3631.0,10,3630.0,40
rb1805,20170815,20170814,210213000,3630.0,3134,172136,113949860.0,3631.0,10,3630.0,39
rb1805,20170815,20170814,210213500,3631.0,3138,172136,114095100.0,3631.0,13,3630.0,39
rb1805,20170815,20170814,210214000,3630.0,3216,172084,116926500.0,3630.0,11,3629.0,66
rb1805,20170815,20170814,210214500,3630.0,3222,172082,117144300.0,3630.0,9,3629.0,69
rb1805,20170815,20170814,210215000,3630.0,3224,172082,117216900.0,3630.0,8,3629.0,59
rb1805,20170815,20170814,210215500,3630.0,3228,172080,117362080.0,3630.0,9,3629.0,61
rb1805,20170815,20170814,210216000,3630.0,3228,172080,117362080.0,3630.0,9,3629.0,58
rb1805,20170815,20170814,210216500,3629.0,3232,172078,117507260.0,3630.0,8,3629.0,57
rb1805,20170815,20170814,210217000,3629.0,3232,172078,117507260.0,3630.0,8,3629.0,57
rb1805,20170815,20170814,210217500,3630.0,3262,172098,118596260.0,3631.0,9,3630.0,15
rb1805,20170815,20170814,210218000,3630.0,3298,172130,119903060.0,3630.0,33,3629.0,57
rb1805,20170815,20170814,210218500,3629.0,3316,172128,120556280.0,3630.0,22,3629.0,48
rb1805,20170815,20170814,210219000,3630.0,3378,172102,122806340.0,3630.0,4,3629.0,22
rb1805,20170815,20170814,210219500,3629.0,3420,172096,124330520.0,3630.0,8,3629.0,2
rb1805,20170815,20170814,210220000,3629.0,3430,172088,124693420.0,3630.0,8,3628.0,22
rb1805,20170815,20170814,210220500,3629.0,3432,172088,124766000.0,3630.0,1,3628.0,29
rb1805,20170815,20170814,210221000,3629.0,3432,172088,124766000.0,3630.0,2,3628.0,22
rb1805,20170815,20170814,210221500,3628.0,3434,172090,124838560.0,3630.0,11,3628.0,21
rb1805,20170815,20170814,210222000,3628.0,3476,172102,126362320.0,3628.0,79,3627.0,8
rb1805,20170815,20170814,210222500,3627.0,3486,172112,126725020.0,3628.0,79,3627.0,16
rb1805,20170815,20170814,210223000,3627.0,3492,172116,126942660.0,3628.0,79,3627.0,14
rb1805,20170815,20170814,210223500,3627.0,3506,172118,127450460.0,3628.0,78,3627.0,5
rb1805,20170815,20170814,210224000,3627.0,3506,172118,127450460.0,3628.0,80,3626.0,12
rb1805,20170815,20170814,210224500,3627.0,3506,172118,127450460.0,3628.0,80,3626.0,15
rb1805,20170815,20170814,210225000,3626.0,3508,172120,127522980.0,3628.0,81,3626.0,14
rb1805,20170815,20170814,210225500,3626.0,3512,172122,127668020.0,3628.0,81,3627.0,1
rb1805,20170815,20170814,210226000,3626.0,3524,172132,128103140.0,3627.0,1,3626.0,7
rb1805,20170815,20170814,210226500,3626.0,3528,172134,128248180.0,3627.0,3,3626.0,2
rb1805,20170815,20170814,210227000,3627.0,3540,172144,128683380.0,3627.0,4,3625.0,12
rb1805,20170815,20170814,210227500,3625.0,3544,172146,128828380.0,3627.0,4,3625.0,14
rb1805,20170815,20170814,210228000,3625.0,3550,172148,129045880.0,3627.0,14,3625.0,8
rb1805,20170815,20170814,210228500,3626.0,3558,172154,129336020.0,3627.0,18,3625.0,9
rb1805,20170815,20170814,210229000,3625.0,3562,172154,129481020.0,3626.0,2,3625.0,7
rb1805,20170815,20170814,210229500,3625.0,3586,172172,130351100.0,3625.0,10,3624.0,5
rb1805,20170815,20170814,210230000,3625.0,3602,172168,130931020.0,3625.0,4,3624.0,4
rb1805,20170815,20170814,210230500,3625.0,3604,172168,131003520.0,3625.0,2,3624.0,13
rb1805,20170815,20170814,210231000,3624.0,3606,172170,131076000.0,3625.0,3,3624.0,5
rb1805,20170815,20170814,210231500,3625.0,3612,172174,131293500.0,3626.0,3,3624.0,6
rb1805,20170815,20170814,210232000,3624.0,3616,172178,131438460.0,3626.0,5,3624.0,14
rb1805,20170815,20170814,210232500,3624.0,3616,172178,131438460.0,3626.0,6,3625.0,2
rb1805,20170815,20170814,210233000,3627.0,3640,172184,132308780.0,3627.0,29,3625.0,1
rb1805,20170815,20170814,210233500,3625.0,3644,172186,132453780.0,3625.0,18,3624.0,23
rb1805,20170815,20170814,210234000,3625.0,3654,172194,132816280.0,3625.0,14,3624.0,31
rb1805,20170815,20170814,210234500,3625.0,3660,172198,133033740.0,3625.0,13,3624.0,26
rb1805,20170815,20170814,210235000,3625.0,3664,172202,133178740.0,3625.0,12,3624.0,22
rb1805,20170815,20170814,210235500,3625.0,3690,172228,134121220.0,3626.0,1,3625.0,2
rb1805,20170815,20170814,210236000,3626.0,3692,172230,134193740.0,3627.0,29,3626.0,4
rb1805,20170815,20170814,210236500,3625.0,3704,172238,134628820.0,3626.0,8,3625.0,16
rb1805,20170815,20170814,210237000,3625.0,3724,172218,135353820.0,3626.0,3,3625.0,7
rb1805,20170815,20170814,210237500,3626.0,3730,172218,135571380.0,3626.0,1,3625.0,7
rb1805,20170815,20170814,210238000,3626.0,3730,172218,135571380.0,3626.0,6,3625.0,7
rb1805,20170815,20170814,210238500,3626.0,3730,172218,135571380.0,3626.0,6,3625.0,7
rb1805,20170815,20170814,210239000,3625.0,3734,172218,135716380.0,3626.0,7,3625.0,6
rb1805,20170815,20170814,210239500,3625.0,3740,172220,135933900.0,3626.0,6,3625.0,6
rb1805,20170815,20170814,210240000,3626.0,3744,172220,136078920.0,3626.0,5,3625.0,5
rb1805,20170815,20170814,210240500,3626.0,3746,172222,136151440.0,3626.0,4,3625.0,6
rb1805,20170815,20170814,210241000,3625.0,3754,172228,136441440.0,3626.0,14,3625.0,15
rb1805,20170815,20170814,210241500,3625.0,3780,172240,137383960.0,3626.0,17,3625.0,3
rb1805,20170815,20170814,210242000,3625.0,3786,172246,137601460.0,3625.0,7,3624.0,21
rb1805,20170815,20170814,210242500,3625.0,3788,172246,137673960.0,3625.0,6,3624.0,14
rb1805,20170815,20170814,210243000,3624.0,3790,172246,137746440.0,3625.0,9,3624.0,13
rb1805,20170815,20170814,210243500,3625.0,3792,172246,137818940.0,3625.0,16,3624.0,14
rb1805,20170815,20170814,210244000,3625.0,3804,172246,138253920.0,3625.0,2,3624.0,13
rb1805,20170815,20170814,210244500,3624.0,3806,172248,138326400.0,3625.0,5,3624.0,12
rb1805,20170815,20170814,210245000,3625.0,3828,172264,139123900.0,3626.0,18,3625.0,39
rb1805,20170815,20170814,210245500,3624.0,3910,172264,142096360.0,3625.0,3,3624.0,11
rb1805,20170815,20170814,210246000,3625.0,3912,172264,142168860.0,3626.0,15,3624.0,20
rb1805,20170815,20170814,210246500,3624.0,3914,172266,142241340.0,3625.0,11,3624.0,10
rb1805,20170815,20170814,210247000,3625.0,3928,172278,142748840.0,3625.0,294,3624.0,10
rb1805,20170815,20170814,210247500,3624.0,3950,172292,143546140.0,3624.0,7,3623.0,9
rb1805,20170815,20170814,210248000,3624.0,3954,172292,143691080.0,3624.0,8,3623.0,8
rb1805,20170815,20170814,210248500,3625.0,3974,172300,144415900.0,3625.0,302,3624.0,8
rb1805,20170815,20170814,210249000,3625.0,3984,172300,144778380.0,3625.0,300,3623.0,18
rb1805,20170815,20170814,210249500,3625.0,3984,172300,144778380.0,3625.0,302,3623.0,18
rb1805,20170815,20170814,210250000,3625.0,3984,172300,144778380.0,3625.0,302,3623.0,19
rb1805,20170815,20170814,210250500,3623.0,3996,172302,145213340.0,3625.0,297,3623.0,18
rb1805,20170815,20170814,210251000,3622.0,4070,172340,147894120.0,3622.0,19,3621.0,26
rb1805,20170815,20170814,210251500,3622.0,4154,172326,150936740.0,3623.0,17,3622.0,49
rb1805,20170815,20170814,210252000,3622.0,4260,172296,154777040.0,3625.0,298,3622.0,37
rb1805,20170815,20170814,210252500,3624.0,4282,172286,155573920.0,3624.0,2,3622.0,24
rb1805,20170815,20170814,210253000,3622.0,4296,172286,156081000.0,3624.0,2,3622.0,20
rb1805,20170815,20170814,210253500,3624.0,4298,172288,156153480.0,3624.0,1,3622.0,22
rb1805,20170815,20170814,210254000,3624.0,4302,172292,156298440.0,3624.0,5,3623.0,2
rb1805,20170815,20170814,210254500,3622.0,4310,172290,156588240.0,3623.0,5,3622.0,21
rb1805,20170815,20170814,210255000,3623.0,4318,172290,156878060.0,3623.0,3,3622.0,9
rb1805,20170815,20170814,210255500,3622.0,4320,172290,156950500.0,3623.0,3,3622.0,17
rb1805,20170815,20170814,210256000,3622.0,4368,172308,158688960.0,3622.0,2,3621.0,21
rb1805,20170815,20170814,210256500,3622.0,4374,172308,158906280.0,3623.0,4,3622.0,4
rb1805,20170815,20170814,210257000,3622.0,4378,172312,159051180.0,3623.0,2,3621.0,25
rb1805,20170815,20170814,210257500,3622.0,4382,172310,159196060.0,3622.0,4,3621.0,25
rb1805,20170815,20170814,210258000,3622.0,4390,172302,159485820.0,3623.0,12,3622.0,13
rb1805,20170815,20170814,210258500,3623.0,4396,172306,159703180.0,3624.0,18,3623.0,2
rb1805,20170815,20170814,210259000,3622.0,4402,172304,159920540.0,3624.0,18,3622.0,6
rb1805,20170815,20170814,210259500,3622.0,4408,172304,160137860.0,3623.0,2,3621.0,28
rb1805,20170815,20170814,210300000,3622.0,4408,172304,160137860.0,3623.0,2,3622.0,1
rb1805,20170815,20170814,210300500,3622.0,4408,172304,160137860.0,3623.0,3,3621.0,29
rb1805,20170815,20170814,210301000,3621.0,4410,172304,160210280.0,3622.0,1,3621.0,30
rb1805,20170815,20170814,210301500,3622.0,4422,172302,160644840.0,3623.0,10,3622.0,4
rb1805,20170815,20170814,210302000,3623.0,4432,172306,161007080.0,3624.0,13,3621.0,19
rb1805,20170815,20170814,210302500,3621.0,4468,172310,162310660.0,3624.0,18,3621.0,5
rb1805,20170815,20170814,210303000,3624.0,4486,172306,162962980.0,3624.0,16,3622.0,1
rb1805,20170815,20170814,210303500,3624.0,4490,172310,163107900.0,3624.0,16,3622.0,6
rb1805,20170815,20170814,210304000,3624.0,4490,172310,163107900.0,3624.0,9,3622.0,14
rb1805,20170815,20170814,210304500,3624.0,4490,172310,163107900.0,3624.0,9,3623.0,1
rb1805,20170815,20170814,210305000,3623.0,4492,172310,163180360.0,3624.0,9,3623.0,7
rb1805,20170815,20170814,210305500,3623.0,4546,172288,165136600.0,3624.0,5,3623.0,1
rb1805,20170815,20170814,210306000,3624.0,4548,172288,165209080.0,3624.0,4,3623.0,3
rb1805,20170815,20170814,210306500,3624.0,4572,172278,166078800.0,3625.0,299,3624.0,14
rb1805,20170815,20170814,210307000,3623.0,4614,172262,167600740.0,3623.0,44,3622.0,6
rb1805,20170815,20170814,210307500,3622.0,4616,172262,167673180.0,3623.0,44,3622.0,5
rb1805,20170815,20170814,210308000,3623.0,4620,172266,167818100.0,3623.0,42,3622.0,7
rb1805,20170815,20170814,210308500,3623.0,4622,172268,167890560.0,3623.0,41,3622.0,7
rb1805,20170815,20170814,210309000,3623.0,4622,172268,167890560.0,3623.0,41,3622.0,7
rb1805,20170815,20170814,210309500,3623.0,4622,172268,167890560.0,3623.0,42,3622.0,9
rb1805,20170815,20170814,210310000,3623.0,4636,172282,168397780.0,3623.0,35,3622.0,11
rb1805,20170815,20170814,210310500,3623.0,4636,172282,168397780.0,3623.0,36,3622.0,11
rb1805,20170815,20170814,210311000,3623.0,4678,172322,169919440.0,3623.0,15,3622.0,11
rb1805,20170815,20170814,210311500,3623.0,4718,172354,171368640.0,3624.0,28,3623.0,24
rb1805,20170815,20170814,210312000,3623.0,4720,172354,171441100.0,3624.0,28,3623.0,3
rb1805,20170815,20170814,210312500,3623.0,4720,172354,171441100.0,3624.0,27,3623.0,7
rb1805,20170815,20170814,210313000,3623.0,4724,172358,171586020.0,3624.0,27,3623.0,5
rb1805,20170815,20170814,210313500,3624.0,4728,172358,171730960.0,3624.0,15,3623.0,10
rb1805,20170815,20170814,210314000,3624.0,4746,172352,172383280.0,3624.0,6,3623.0,14
rb1805,20170815,20170814,210314500,3624.0,4758,172350,172818160.0,3625.0,297,3624.0,16
rb1805,20170815,20170814,210315000,3624.0,4762,172350,172963120.0,3625.0,299,3624.0,3
rb1805,20170815,20170814,210315500,3624.0,4764,172350,173035600.0,3625.0,299,3624.0,3
rb1805,20170815,20170814,210316000,3624.0,4764,172350,173035600.0,3625.0,292,3624.0,3
rb1805,20170815,20170814,210316500,3624.0,4764,172350,173035600.0,3625.0,292,3624.0,3
rb1805,20170815,20170814,210317000,3624.0,4764,172350,173035600.0,3625.0,292,3624.0,3
rb1805,20170815,20170814,210317500,3624.0,4768,172350,173180560.0,3625.0,292,3624.0,5
rb1805,20170815,20170814,210318000,3624.0,4768,172350,173180560.0,3625.0,292,3624.0,6
rb1805,20170815,20170814,210318500,3625.0,4796,172370,174195460.0,3625.0,283,3624.0,2
rb1805,20170815,20170814,210319000,3625.0,4796,172370,174195460.0,3625.0,283,3624.0,7
rb1805,20170815,20170814,210319500,3625.0,4830,172402,175427940.0,3625.0,267,3624.0,6
rb1805,20170815,20170814,210320000,3625.0,4860,172422,176515440.0,3625.0,252,3624.0,6
rb1805,20170815,20170814,210320500,3625.0,4866,172422,176732940.0,3625.0,249,3624.0,6
rb1805,20170815,20170814,210321000,3625.0,4882,172422,177312920.0,3625.0,240,3624.0,5
rb1805,20170815,20170814,210321500,3625.0,4902,172432,178037920.0,3625.0,230,3624.0,6
rb1805,20170815,20170814,210322000,3625.0,4910,172434,178327920.0,3625.0,226,3624.0,6
rb1805,20170815,20170814,210322500,3625.0,5034,172522,182822920.0,3625.0,164,3624.0,7
rb1805,20170815,20170814,210323000,3625.0,5056,172532,183620420.0,3625.0,153,3624.0,16
rb1805,20170815,20170814,210323500,3625.0,5062,172534,183837920.0,3625.0,150,3624.0,16
rb1805,20170815,20170814,210324000,3625.0,5136,172588,186520420.0,3625.0,116,3624.0,16
rb1805,20170815,20170814,210324500,3625.0,5210,172660,189202920.0,3625.0,79,3624.0,67
rb1805,20170815,20170814,210325000,3625.0,5288,172704,192030420.0,3625.0,41,3624.0,60
rb1805,20170815,20170814,210325500,3625.0,5370,172740,195002920.0,3626.0,23,3624.0,62
rb1805,20170815,20170814,210326000,3625.0,5370,172740,195002920.0,3626.0,20,3625.0,4
rb1805,20170815,20170814,210326500,3625.0,5370,172740,195002920.0,3626.0,20,3625.0,13
rb1805,20170815,20170814,210327000,3625.0,5370,172740,195002920.0,3626.0,20,3625.0,13
rb1805,20170815,20170814,210327500,3625.0,5378,172740,195292920.0,3626.0,20,3625.0,52
rb1805,20170815,20170814,210328000,3626.0,5386,172746,195583000.0,3626.0,16,3625.0,52
rb1805,20170815,20170814,210328500,3625.0,5390,172748,195728020.0,3626.0,15,3625.0,55
rb1805,20170815,20170814,210329000,3625.0,5398,172750,196018020.0,3626.0,15,3625.0,51
rb1805,20170815,20170814,210329500,3626.0,5406,172742,196308100.0,3626.0,12,3625.0,51
rb1805,20170815,20170814,210330000,3626.0,5406,172742,196308100.0,3626.0,12,3625.0,51
rb1805,20170815,20170814,210330500,3626.0,5412,172740,196525640.0,3626.0,10,3625.0,52
rb1805,20170815,20170814,210331000,3626.0,5414,172740,196598160.0,3626.0,9,3625.0,53
rb1805,20170815,20170814,210331500,3626.0,5432,172724,197250840.0,3627.0,26,3626.0,25
rb1805,20170815,20170814,210332000,3626.0,5460,172698,198266140.0,3627.0,27,3626.0,17
rb1805,20170815,20170814,210332500,3626.0,5462,172696,198338660.0,3627.0,28,3626.0,19
rb1805,20170815,20170814,210333000,3626.0,5464,172696,198411180.0,3627.0,28,3626.0,16
rb1805,20170815,20170814,210333500,3627.0,5470,172702,198628800.0,3627.0,25,3626.0,20
rb1805,20170815,20170814,210334000,3627.0,5472,172704,198701340.0,3627.0,24,3626.0,20
rb1805,20170815,20170814,210334500,3627.0,5486,172718,199209120.0,3627.0,17,3626.0,20
rb1805,20170815,20170814,210335000,3627.0,5518,172740,200369760.0,3628.0,13,3627.0,34
rb1805,20170815,20170814,210335500,3627.0,5522,172742,200514840.0,3628.0,11,3627.0,36
rb1805,20170815,20170814,210336000,3627.0,5556,172742,201748020.0,3628.0,11,3627.0,20
rb1805,20170815,20170814,210336500,3627.0,5596,172742,203198820.0,3627.0,22,3626.0,22
rb1805,20170815,20170814,210337000,3627.0,5596,172742,203198820.0,3627.0,22,3626.0,22
rb1805,20170815,20170814,210337500,3627.0,5598,172742,203271360.0,3627.0,21,3626.0,25
rb1805,20170815,20170814,210338000,3626.0,5608,172736,203634020.0,3627.0,18,3626.0,20
rb1805,20170815,20170814,210338500,3626.0,5616,172736,203924100.0,3627.0,18,3626.0,16
rb1805,20170815,20170814,210339000,3627.0,5618,172736,203996640.0,3627.0,17,3626.0,16
rb1805,20170815,20170814,210339500,3627.0,5618,172736,203996640.0,3627.0,17,3626.0,16
rb1805,20170815,20170814,210340000,3627.0,5624,172734,204214240.0,3627.0,15,3626.0,15
rb1805,20170815,20170814,210340500,3627.0,5656,172734,205374880.0,3628.0,58,3627.0,20
rb1805,20170815,20170814,210341000,3627.0,5658,172736,205447420.0,3628.0,50,3627.0,19
rb1805,20170815,20170814,210341500,3627.0,5658,172736,205447420.0,3628.0,50,3627.0,23
rb1805,20170815,20170814,210342000,3627.0,5710,172726,207333460.0,3627.0,1,3626.0,15
rb1805,20170815,20170814,210342500,3627.0,5712,172724,207406000.0,3628.0,23,3626.0,19
rb1805,20170815,20170814,210343000,3627.0,5712,172724,207406000.0,3628.0,23,3626.0,19
rb1805,20170815,20170814,210343500,3627.0,5712,172724,207406000.0,3628.0,24,3626.0,19
rb1805,20170815,20170814,210344000,3628.0,5714,172726,207478560.0,3628.0,23,3626.0,19
rb1805,20170815,20170814,210344500,3628.0,5716,172726,207551120.0,3628.0,29,3627.0,2
rb1805,20170815,20170814,210345000,3628.0,5718,172726,207623680.0,3628.0,33,3627.0,8
rb1805,20170815,20170814,210345500,3628.0,5720,172726,207696240.0,3628.0,25,3627.0,11
rb1805,20170815,20170814,210346000,3628.0,5754,172698,208929760.0,3628.0,11,3627.0,12
rb1805,20170815,20170814,210346500,3627.0,5774,172694,209655160.0,3628.0,11,3627.0,2
rb1805,20170815,20170814,210347000,3627.0,5776,172692,209727700.0,3628.0,22,3627.0,2
rb1805,20170815,20170814,210347500,3627.0,5782,172690,209945320.0,3628.0,20,3626.0,13
rb1805,20170815,20170814,210348000,3627.0,5782,172690,209945320.0,3628.0,20,3626.0,13
rb1805,20170815,20170814,210348500,3627.0,5786,172690,210090400.0,3628.0,22,3626.0,13
rb1805,20170815,20170814,210349000,3627.0,5794,172692,210380560.0,3627.0,1,3626.0,13
rb1805,20170815,20170814,210349500,3627.0,5796,172694,210453100.0,3628.0,23,3626.0,13
rb1805,20170815,20170814,210350000,3628.0,5808,172694,210888460.0,3628.0,17,3626.0,16
rb1805,20170815,20170814,210350500,3628.0,5808,172694,210888460.0,3628.0,17,3626.0,16
rb1805,20170815,20170814,210351000,3628.0,5808,172694,210888460.0,3628.0,17,3626.0,16
rb1805,20170815,20170814,210351500,3628.0,5822,172702,211396380.0,3628.0,10,3626.0,17
rb1805,20170815,20170814,210352000,3628.0,5822,172702,211396380.0,3628.0,11,3626.0,17
rb1805,20170815,20170814,210352500,3628.0,5822,172702,211396380.0,3628.0,18,3626.0,17
rb1805,20170815,20170814,210353500,3628.0,5822,172702,211396380.0,3628.0,18,3626.0,17
rb1805,20170815,20170814,210354000,3628.0,5822,172702,211396380.0,3628.0,20,3626.0,17
rb1805,20170815,20170814,210354500,3628.0,5822,172702,211396380.0,3627.0,20,3626.0,19
rb1805,20170815,20170814,210355000,3628.0,5822,172702,211396380.0,3627.0,30,3626.0,19
rb1805,20170815,20170814,210355500,3627.0,5838,172690,211976700.0,3627.0,22,3626.0,19
rb1805,20170815,20170814,210356000,3627.0,5838,172690,211976700.0,3627.0,22,3626.0,28
rb1805,20170815,20170814,210356500,3627.0,5838,172690,211976700.0,3627.0,23,3626.0,28
rb1805,20170815,20170814,210357000,3627.0,5838,172690,211976700.0,3627.0,23,3626.0,29
rb1805,20170815,20170814,210357500,3627.0,5884,172646,213645120.0,3628.0,23,3627.0,7
rb1805,20170815,20170814,210358000,3627.0,5884,172646,213645120.0,3628.0,16,3627.0,8
rb1805,20170815,20170814,210358500,3627.0,5884,172646,213645120.0,3628.0,16,3627.0,8
rb1805,20170815,20170814,210359000,3627.0,5884,172646,213645120.0,3628.0,16,3627.0,8
rb1805,20170815,20170814,210359500,3627.0,5884,172646,213645120.0,3628.0,16,3627.0,8
rb1805,20170815,20170814,210400000,3627.0,5884,172646,213645120.0,3628.0,16,3627.0,8
rb1805,20170815,20170814,210400500,3627.0,5884,172646,213645120.0,3628.0,17,3627.0,9
rb1805,20170815,20170814,210401000,3627.0,5890,172646,213862760.0,3628.0,16,3627.0,7
rb1805,20170815,20170814,210401500,3627.0,5890,172646,213862760.0,3628.0,16,3627.0,7
rb1805,20170815,20170814,210402000,3627.0,5890,172646,213862760.0,3628.0,16,3627.0,7
rb1805,20170815,20170814,210402500,3627.0,5890,172646,213862760.0,3628.0,16,3627.0,16
rb1805,20170815,20170814,210403000,3627.0,5890,172646,213862760.0,3628.0,16,3627.0,16
rb1805,20170815,20170814,210403500,3627.0,5890,172646,213862760.0,3628.0,16,3627.0,18
rb1805,20170815,20170814,210404000,3627.0,5890,172646,213862760.0,3628.0,16,3627.0,18
rb1805,20170815,20170814,210404500,3627.0,5890,172646,213862760.0,3628.0,16,3627.0,21
rb1805,20170815,20170814,210405000,3628.0,5922,172668,215023720.0,3629.0,20,3628.0,5
rb1805,20170815,20170814,210405500,3628.0,5922,172668,215023720.0,3629.0,20,3628.0,10
rb1805,20170815,20170814,210406000,3628.0,5928,172668,215241400.0,3629.0,23,3628.0,16
rb1805,20170815,20170814,210406500,3628.0,5932,172672,215386520.0,3629.0,23,3628.0,14
rb1805,20170815,20170814,210407000,3628.0,5960,172654,216402360.0,3629.0,24,3628.0,1
rb1805,20170815,20170814,210407500,3627.0,5966,172650,216620000.0,3628.0,3,3627.0,13
rb1805,20170815,20170814,210408000,3628.0,5968,172648,216692560.0,3628.0,5,3627.0,14
rb1805,20170815,20170814,210408500,3627.0,5970,172648,216765100.0,3629.0,28,3627.0,13
rb1805,20170815,20170814,210409000,3627.0,5970,172648,216765100.0,3628.0,1,3627.0,13
rb1805,20170815,20170814,210409500,3627.0,5970,172648,216765100.0,3628.0,4,3627.0,13
rb1805,20170815,20170814,210410000,3628.0,5972,172648,216837660.0,3628.0,3,3627.0,13
rb1805,20170815,20170814,210410500,3628.0,5974,172648,216910220.0,3628.0,12,3627.0,13
rb1805,20170815,20170814,210411000,3628.0,5980,172644,217127880.0,3628.0,10,3627.0,13
rb1805,20170815,20170814,210411500,3627.0,5984,172642,217272980.0,3628.0,10,3627.0,13
rb1805,20170815,20170814,210412000,3627.0,6012,172638,218288540.0,3627.0,9,3626.0,21
rb1805,20170815,20170814,210412500,3628.0,6054,172644,219811760.0,3628.0,3,3626.0,11
rb1805,20170815,20170814,210413000,3628.0,6054,172644,219811760.0,3628.0,7,3627.0,1
rb1805,20170815,20170814,210413500,3627.0,6056,172644,219884300.0,3627.0,2,3626.0,8
rb1805,20170815,20170814,210414000,3628.0,6060,172644,220029400.0,3628.0,6,3626.0,8
rb1805,20170815,20170814,210414500,3628.0,6060,172644,220029400.0,3628.0,6,3627.0,1
rb1805,20170815,20170814,210415000,3627.0,6062,172644,220101940.0,3628.0,7,3626.0,8
rb1805,20170815,20170814,210415500,3627.0,6062,172644,220101940.0,3628.0,15,3626.0,8
rb1805,20170815,20170814,210416000,3627.0,6062,172644,220101940.0,3628.0,20,3626.0,8
rb1805,20170815,20170814,210416500,3628.0,6066,172646,220247060.0,3627.0,7,3626.0,8
rb1805,20170815,20170814,210417500,3628.0,6072,172644,220464740.0,3627.0,4,3626.0,8
rb1805,20170815,20170814,210418000,3627.0,6082,172634,220827440.0,3628.0,13,3627.0,3
rb1805,20170815,20170814,210418500,3626.0,6084,172636,220899960.0,3628.0,8,3626.0,7
rb1805,20170815,20170814,210419000,3626.0,6084,172636,220899960.0,3628.0,8,3626.0,7
rb1805,20170815,20170814,210419500,3628.0,6098,172640,221407640.0,3628.0,6,3626.0,3
rb1805,20170815,20170814,210420000,3628.0,6098,172640,221407640.0,3628.0,6,3626.0,4
rb1805,20170815,20170814,210420500,3628.0,6098,172640,221407640.0,3628.0,6,3627.0,1
rb1805,20170815,20170814,210421000,3628.0,6098,172640,221407640.0,3628.0,6,3627.0,1
rb1805,20170815,20170814,210421500,3627.0,6102,172642,221552740.0,3628.0,5,3626.0,4
rb1805,20170815,20170814,210422000,3627.0,6102,172642,221552740.0,3628.0,3,3627.0,4
rb1805,20170815,20170814,210422500,3628.0,6104,172642,221625300.0,3628.0,2,3627.0,4
rb1805,20170815,20170814,210423000,3628.0,6108,172640,221770420.0,3629.0,28,3628.0,6
rb1805,20170815,20170814,210423500,3628.0,6110,172642,221842980.0,3629.0,22,3628.0,2
rb1805,20170815,20170814,210424000,3628.0,6112,172642,221915540.0,3629.0,22,3627.0,4
rb1805,20170815,20170814,210424500,3628.0,6112,172642,221915540.0,3629.0,22,3627.0,4
rb1805,20170815,20170814,210425000,3628.0,6112,172642,221915540.0,3628.0,1,3627.0,4
rb1805,20170815,20170814,210425500,3628.0,6116,172644,222060660.0,3629.0,22,3628.0,1
rb1805,20170815,20170814,210426000,3628.0,6116,172644,222060660.0,3629.0,24,3628.0,1
rb1805,20170815,20170814,210426500,3628.0,6118,172642,222133220.0,3629.0,24,3627.0,5
rb1805,20170815,20170814,210427000,3628.0,6120,172644,222205780.0,3629.0,24,3627.0,5
rb1805,20170815,20170814,210428000,3628.0,6120,172644,222205780.0,3629.0,24,3628.0,7
rb1805,20170815,20170814,210428500,3628.0,6136,172646,222786260.0,3628.0,42,3627.0,5
rb1805,20170815,20170814,210429000,3628.0,6136,172646,222786260.0,3628.0,42,3627.0,8
rb1805,20170815,20170814,210429500,3627.0,6138,172646,222858800.0,3628.0,42,3627.0,6
rb1805,20170815,20170814,210430000,3627.0,6138,172646,222858800.0,3628.0,42,3627.0,6
rb1805,20170815,20170814,210430500,3628.0,6142,172648,223003920.0,3628.0,40,3627.0,7
rb1805,20170815,20170814,210431000,3628.0,6172,172678,224092320.0,3628.0,25,3627.0,7
rb1805,20170815,20170814,210431500,3628.0,6172,172678,224092320.0,3628.0,30,3627.0,5
rb1805,20170815,20170814,210432000,3628.0,6180,172686,224382560.0,3628.0,26,3627.0,8
rb1805,20170815,20170814,210432500,3628.0,6190,172696,224745360.0,3628.0,21,3627.0,56
rb1805,20170815,20170814,210433000,3628.0,6226,172700,226051440.0,3628.0,3,3627.0,90
rb1805,20170815,20170814,210433500,3628.0,6234,172706,226341680.0,3629.0,32,3628.0,7
rb1805,20170815,20170814,210434000,3629.0,6238,172702,226486840.0,3629.0,30,3628.0,1
rb1805,20170815,20170814,210434500,3629.0,6248,172694,226849740.0,3629.0,25,3628.0,11
rb1805,20170815,20170814,210435000,3629.0,6248,172694,226849740.0,3629.0,25,3628.0,11
rb1805,20170815,20170814,210435500,3628.0,6250,172694,226922300.0,3629.0,25,3628.0,10
rb1805,20170815,20170814,210436000,3628.0,6250,172694,226922300.0,3629.0,25,3628.0,12
rb1805,20170815,20170814,210436500,3628.0,6254,172696,227067420.0,3629.0,25,3628.0,10
rb1805,20170815,20170814,210437000,3628.0,6260,172698,227285100.0,3629.0,25,3628.0,7
rb1805,20170815,20170814,210437500,3629.0,6270,172698,227648000.0,3629.0,20,3628.0,7
rb1805,20170815,20170814,210438000,3629.0,6294,172706,228518960.0,3629.0,8,3628.0,8
rb1805,20170815,20170814,210438500,3629.0,6300,172710,228736700.0,3629.0,5,3628.0,8
rb1805,20170815,20170814,210439000,3629.0,6300,172710,228736700.0,3629.0,6,3628.0,3
rb1805,20170815,20170814,210439500,3629.0,6312,172722,229172180.0,3630.0,21,3629.0,5
rb1805,20170815,20170814,210440000,3629.0,6314,172724,229244760.0,3630.0,21,3629.0,4
rb1805,20170815,20170814,210441000,3629.0,6314,172724,229244760.0,3630.0,21,3629.0,8
rb1805,20170815,20170814,210441500,3630.0,6326,172734,229680340.0,3630.0,16,3629.0,8
rb1805,20170815,20170814,210442000,3630.0,6328,172734,229752940.0,3630.0,22,3629.0,8
rb1805,20170815,20170814,210442500,3629.0,6366,172744,231132320.0,3630.0,4,3629.0,10
rb1805,20170815,20170814,210443000,3629.0,6366,172744,231132320.0,3630.0,4,3629.0,10
rb1805,20170815,20170814,210443500,3629.0,6366,172744,231132320.0,3630.0,4,3629.0,10
rb1805,20170815,20170814,210444000,3630.0,6368,172744,231204920.0,3630.0,4,3629.0,10
rb1805,20170815,20170814,210444500,3630.0,6374,172740,231422720.0,3630.0,1,3629.0,10
rb1805,20170815,20170814,210445000,3629.0,6376,172742,231495300.0,3630.0,15,3629.0,9
rb1805,20170815,20170814,210445500,3629.0,6376,172742,231495300.0,3630.0,12,3629.0,9
rb1805,20170815,20170814,210446000,3629.0,6376,172742,231495300.0,3630.0,12,3629.0,9
rb1805,20170815,20170814,210446500,3629.0,6378,172742,231567880.0,3630.0,12,3629.0,8
rb1805,20170815,20170814,210447000,3630.0,6380,172740,231640480.0,3630.0,11,3629.0,8
rb1805,20170815,20170814,210447500,3630.0,6380,172740,231640480.0,3630.0,11,3629.0,9
rb1805,20170815,20170814,210448000,3630.0,6380,172740,231640480.0,3630.0,11,3629.0,9
rb1805,20170815,20170814,210448500,3630.0,6386,172740,231858280.0,3630.0,8,3629.0,9
rb1805,20170815,20170814,210449000,3630.0,6390,172736,232003480.0,3630.0,7,3629.0,9
rb1805,20170815,20170814,210449500,3629.0,6392,172738,232076060.0,3630.0,12,3629.0,11
rb1805,20170815,20170814,210450000,3630.0,6398,172736,232293860.0,3630.0,9,3629.0,11
rb1805,20170815,20170814,210450500,3630.0,6398,172736,232293860.0,3630.0,8,3629.0,11
rb1805,20170815,20170814,210451000,3630.0,6398,172736,232293860.0,3630.0,8,3629.0,12
rb1805,20170815,20170814,210451500,3630.0,6414,172736,232874660.0,3631.0,12,3630.0,13
rb1805,20170815,20170814,210452000,3630.0,6414,172736,232874660.0,3631.0,13,3630.0,16
rb1805,20170815,20170814,210452500,3630.0,6424,172736,233237660.0,3631.0,14,3630.0,11
rb1805,20170815,20170814,210453000,3630.0,6424,172736,233237660.0,3631.0,14,3630.0,11
rb1805,20170815,20170814,210453500,3630.0,6424,172736,233237660.0,3631.0,15,3630.0,11
rb1805,20170815,20170814,210454000,3630.0,6438,172738,233745860.0,3631.0,17,3630.0,7
rb1805,20170815,20170814,210454500,3631.0,6440,172740,233818480.0,3631.0,17,3630.0,7
rb1805,20170815,20170814,210455000,3632.0,6496,172726,235852040.0,3632.0,13,3631.0,28
rb1805,20170815,20170814,210455500,3632.0,6552,172710,237885560.0,3632.0,6,3631.0,8
rb1805,20170815,20170814,210456000,3632.0,6556,172710,238030820.0,3632.0,5,3631.0,8
rb1805,20170815,20170814,210456500,3632.0,6562,172710,238248740.0,3632.0,1,3631.0,8
rb1805,20170815,20170814,210457000,3631.0,6578,172696,238829700.0,3632.0,1,3630.0,9
rb1805,20170815,20170814,210457500,3632.0,6580,172698,238902340.0,3632.0,2,3631.0,1
rb1805,20170815,20170814,210458000,3631.0,6582,172698,238974960.0,3631.0,4,3630.0,10
rb1805,20170815,20170814,210458500,3631.0,6584,172698,239047580.0,3631.0,3,3630.0,14
rb1805,20170815,20170814,210459000,3631.0,6590,172692,239265440.0,3632.0,2,3630.0,14
rb1805,20170815,20170814,210459500,3631.0,6590,172692,239265440.0,3632.0,14,3630.0,11
rb1805,20170815,20170814,210500000,3631.0,6590,172692,239265440.0,3632.0,15,3630.0,11
rb1805,20170815,20170814,210500500,3632.0,6594,172692,239410720.0,3632.0,13,3630.0,11
rb1805,20170815,20170814,210501000,3632.0,6594,172692,239410720.0,3631.0,4,3630.0,11
rb1805,20170815,20170814,210501500,3632.0,6596,172690,239483360.0,3631.0,5,3630.0,9
rb1805,20170815,20170814,210502000,3631.0,6598,172692,239555980.0,3631.0,5,3630.0,9
rb1805,20170815,20170814,210502500,3631.0,6598,172692,239555980.0,3631.0,5,3630.0,9
rb1805,20170815,20170814,210503000,3631.0,6602,172694,239701220.0,3631.0,3,3630.0,9
rb1805,20170815,20170814,210503500,3631.0,6604,172696,239773840.0,3631.0,2,3630.0,9
rb1805,20170815,20170814,210504000,3631.0,6608,172696,239919080.0,3632.0,12,3630.0,9
rb1805,20170815,20170814,210505000,3631.0,6608,172696,239919080.0,3632.0,12,3630.0,9
rb1805,20170815,20170814,210505500,3631.0,6608,172696,239919080.0,3632.0,13,3630.0,9
rb1805,20170815,20170814,210506000,3630.0,6610,172698,239991680.0,3632.0,14,3630.0,8
rb1805,20170815,20170814,210506500,3631.0,6614,172700,240136920.0,3631.0,3,3630.0,8
rb1805,20170815,20170814,210507000,3631.0,6624,172698,240500000.0,3632.0,15,3631.0,7
rb1805,20170815,20170814,210507500,3631.0,6638,172684,241008340.0,3631.0,13,3630.0,11
rb1805,20170815,20170814,210508000,3631.0,6638,172684,241008340.0,3631.0,10,3630.0,11
rb1805,20170815,20170814,210508500,3630.0,6640,172686,241080940.0,3631.0,8,3630.0,10
rb1805,20170815,20170814,210509000,3630.0,6640,172686,241080940.0,3631.0,9,3630.0,15
rb1805,20170815,20170814,210509500,3630.0,6640,172686,241080940.0,3631.0,10,3630.0,15
rb1805,20170815,20170814,210510000,3630.0,6640,172686,241080940.0,3631.0,10,3630.0,14
rb1805,20170815,20170814,210510500,3630.0,6640,172686,241080940.0,3631.0,3,3630.0,14
rb1805,20170815,20170814,210511000,3631.0,6646,172688,241298800.0,3631.0,7,3630.0,14
rb1805,20170815,20170814,210511500,3631.0,6646,172688,241298800.0,3631.0,7,3630.0,14
rb1805,20170815,20170814,210512000,3631.0,6646,172688,241298800.0,3631.0,7,3630.0,14
rb1805,20170815,20170814,210512500,3631.0,6646,172688,241298800.0,3631.0,8,3630.0,14
rb1805,20170815,20170814,210513000,3630.0,6648,172688,241371400.0,3631.0,8,3630.0,13
rb1805,20170815,20170814,210513500,3630.0,6680,172680,242533020.0,3630.0,14,3629.0,21
rb1805,20170815,20170814,210514000,3630.0,6680,172680,242533020.0,3631.0,14,3629.0,21
rb1805,20170815,20170814,210514500,3630.0,6680,172680,242533020.0,3631.0,16,3629.0,21
rb1805,20170815,20170814,210515000,3629.0,6682,172682,242605600.0,3631.0,26,3629.0,20
rb1805,20170815,20170814,210515500,3630.0,6684,172680,242678200.0,3630.0,10,3629.0,20
rb1805,20170815,20170814,210516000,3630.0,6690,172682,242895960.0,3630.0,9,3629.0,18
rb1805,20170815,20170814,210516500,3629.0,6692,172684,242968540.0,3630.0,10,3629.0,17
rb1805,20170815,20170814,210517000,3629.0,6712,172684,243694340.0,3630.0,10,3629.0,7
rb1805,20170815,20170814,210517500,3629.0,6726,172696,244202400.0,3629.0,19,3628.0,7
rb1805,20170815,20170814,210518000,3629.0,6726,172696,244202400.0,3629.0,8,3628.0,10
rb1805,20170815,20170814,210518500,3629.0,6726,172696,244202400.0,3629.0,1,3628.0,7
rb1805,20170815,20170814,210519000,3629.0,6726,172696,244202400.0,3629.0,4,3628.0,7
rb1805,20170815,20170814,210519500,3629.0,6726,172696,244202400.0,3629.0,4,3628.0,7
rb1805,20170815,20170814,210520000,3629.0,6734,172696,244492720.0,3630.0,22,3629.0,6
rb1805,20170815,20170814,210520500,3629.0,6734,172696,244492720.0,3630.0,22,3629.0,103
rb1805,20170815,20170814,210521000,3629.0,6734,172696,244492720.0,3630.0,12,3629.0,103
rb1805,20170815,20170814,210521500,3629.0,6738,172696,244637880.0,3630.0,13,3629.0,98
rb1805,20170815,20170814,210522000,3630.0,6774,172698,245944340.0,3630.0,19,3629.0,82
rb1805,20170815,20170814,210522500,3630.0,6812,172722,247323740.0,3631.0,27,3630.0,2
rb1805,20170815,20170814,210523000,3629.0,6820,172726,247614100.0,3631.0,18,3629.0,83
rb1805,20170815,20170814,210523500,3629.0,6820,172726,247614100.0,3631.0,18,3630.0,3
rb1805,20170815,20170814,210524000,3630.0,6822,172726,247686700.0,3631.0,21,3630.0,4
rb1805,20170815,20170814,210524500,3630.0,6822,172726,247686700.0,3631.0,21,3630.0,9
rb1805,20170815,20170814,210525000,3630.0,6822,172726,247686700.0,3631.0,19,3630.0,9
rb1805,20170815,20170814,210525500,3630.0,6828,172728,247904500.0,3631.0,20,3630.0,6
rb1805,20170815,20170814,210526000,3630.0,6828,172728,247904500.0,3631.0,12,3630.0,9
rb1805,20170815,20170814,210526500,3630.0,6830,172728,247977100.0,3631.0,12,3630.0,8
rb1805,20170815,20170814,210527000,3630.0,6832,172728,248049700.0,3631.0,12,3630.0,7
rb1805,20170815,20170814,210527500,3630.0,6832,172728,248049700.0,3631.0,17,3630.0,4
rb1805,20170815,20170814,210528000,3630.0,6832,172728,248049700.0,3631.0,17,3630.0,5
rb1805,20170815,20170814,210528500,3630.0,6832,172728,248049700.0,3631.0,17,3630.0,5
rb1805,20170815,20170814,210529000,3630.0,6842,172730,248412700.0,3630.0,1,3629.0,140
rb1805,20170815,20170814,210529500,3630.0,6844,172732,248485300.0,3631.0,17,3630.0,5
rb1805,20170815,20170814,210530000,3630.0,6854,172742,248848300.0,3631.0,18,3629.0,141
rb1805,20170815,20170814,210530500,3630.0,6854,172742,248848300.0,3631.0,18,3629.0,141
rb1805,20170815,20170814,210531000,3630.0,6854,172742,248848300.0,3631.0,18,3629.0,141
rb1805,20170815,20170814,210531500,3631.0,6880,172746,249792360.0,3631.0,5,3630.0,4
rb1805,20170815,20170814,210532000,3631.0,6880,172746,249792360.0,3631.0,6,3630.0,8
rb1805,20170815,20170814,210532500,3630.0,6884,172744,249937560.0,3631.0,6,3630.0,6
rb1805,20170815,20170814,210533000,3630.0,6886,172744,250010160.0,3631.0,6,3630.0,5
rb1805,20170815,20170814,210533500,3630.0,6888,172744,250082760.0,3631.0,6,3630.0,1
rb1805,20170815,20170814,210534000,3630.0,6898,172754,250445760.0,3631.0,6,3629.0,141
rb1805,20170815,20170814,210534500,3630.0,6898,172754,250445760.0,3631.0,6,3630.0,2
rb1805,20170815,20170814,210535000,3630.0,6904,172758,250663560.0,3631.0,7,3629.0,141
rb1805,20170815,20170814,210535500,3631.0,6914,172758,251026640.0,3631.0,4,3629.0,141
rb1805,20170815,20170814,210536000,3629.0,6916,172760,251099220.0,3630.0,2,3629.0,140
rb1805,20170815,20170814,210536500,3630.0,6920,172764,251244420.0,3631.0,7,3630.0,6
rb1805,20170815,20170814,210537000,3630.0,6922,172766,251317020.0,3631.0,7,3630.0,2
rb1805,20170815,20170814,210537500,3630.0,6922,172766,251317020.0,3631.0,7,3630.0,2
rb1805,20170815,20170814,210538000,3630.0,6926,172766,251462220.0,3631.0,7,3629.0,133
rb1805,20170815,20170814,210538500,3630.0,6926,172766,251462220.0,3631.0,7,3630.0,51
rb1805,20170815,20170814,210539000,3631.0,6928,172766,251534840.0,3631.0,7,3630.0,51
rb1805,20170815,20170814,210539500,3631.0,6928,172766,251534840.0,3631.0,12,3630.0,51
rb1805,20170815,20170814,210540000,3631.0,6928,172766,251534840.0,3631.0,13,3630.0,51
rb1805,20170815,20170814,210540500,3630.0,6934,172766,251752640.0,3631.0,13,3630.0,48
rb1805,20170815,20170814,210541000,3630.0,6934,172766,251752640.0,3631.0,13,3630.0,48
rb1805,20170815,20170814,210541500,3631.0,6938,172764,251897860.0,3631.0,12,3630.0,47
rb1805,20170815,20170814,210542000,3631.0,6938,172764,251897860.0,3631.0,12,3630.0,47
rb1805,20170815,20170814,210542500,3631.0,6946,172768,252188340.0,3631.0,13,3630.0,47
rb1805,20170815,20170814,210543000,3631.0,6954,172768,252478820.0,3631.0,9,3630.0,52
rb1805,20170815,20170814,210543500,3631.0,6954,172768,252478820.0,3631.0,9,3630.0,54
rb1805,20170815,20170814,210544000,3631.0,6954,172768,252478820.0,3631.0,9,3630.0,59
rb1805,20170815,20170814,210544500,3631.0,6954,172768,252478820.0,3631.0,9,3630.0,59
rb1805,20170815,20170814,210546000,3631.0,6954,172768,252478820.0,3631.0,9,3630.0,59
rb1805,20170815,20170814,210546500,3631.0,6954,172768,252478820.0,3631.0,9,3630.0,59
rb1805,20170815,20170814,210547000,3631.0,6954,172768,252478820.0,3631.0,9,3630.0,59
rb1805,20170815,20170814,210547500,3631.0,6954,172768,252478820.0,3631.0,9,3630.0,64
rb1805,20170815,20170814,210548000,3631.0,6976,172776,253277640.0,3632.0,26,3631.0,7
rb1805,20170815,20170814,210548500,3631.0,6990,172776,253785980.0,3632.0,19,3630.0,71
rb1805,20170815,20170814,210549000,3631.0,6990,172776,253785980.0,3632.0,19,3631.0,6
rb1805,20170815,20170814,210549500,3631.0,7030,172776,255238380.0,3632.0,19,3630.0,71
rb1805,20170815,20170814,210550000,3631.0,7030,172776,255238380.0,3632.0,19,3630.0,71
rb1805,20170815,20170814,210550500,3631.0,7030,172776,255238380.0,3632.0,19,3630.0,71
rb1805,20170815,20170814,210551000,3631.0,7030,172776,255238380.0,3632.0,19,3630.0,71
rb1805,20170815,20170814,210551500,3632.0,7044,172770,255746840.0,3632.0,13,3631.0,3
rb1805,20170815,20170814,210552000,3632.0,7044,172770,255746840.0,3632.0,13,3631.0,8
rb1805,20170815,20170814,210552500,3634.0,7092,172790,257490440.0,3634.0,17,3631.0,10
rb1805,20170815,20170814,210553000,3634.0,7112,172770,258217240.0,3634.0,20,3631.0,10
rb1805,20170815,20170814,210553500,3634.0,7112,172770,258217240.0,3634.0,20,3631.0,15
rb1805,20170815,20170814,210554000,3634.0,7112,172770,258217240.0,3634.0,17,3631.0,20
rb1805,20170815,20170814,210554500,3634.0,7112,172770,258217240.0,3634.0,17,3631.0,20
rb1805,20170815,20170814,210555000,3631.0,7114,172772,258289860.0,3634.0,17,3631.0,27
rb1805,20170815,20170814,210555500,3631.0,7114,172772,258289860.0,3634.0,19,3631.0,15
rb1805,20170815,20170814,210556000,3634.0,7124,172774,258653200.0,3634.0,15,3631.0,14
rb1805,20170815,20170814,210556500,3634.0,7124,172774,258653200.0,3634.0,15,3632.0,5
rb1805,20170815,20170814,210557000,3634.0,7124,172774,258653200.0,3633.0,1,3632.0,5
rb1805,20170815,20170814,210557500,3634.0,7124,172774,258653200.0,3633.0,1,3631.0,15
rb1805,20170815,20170814,210558000,3634.0,7124,172774,258653200.0,3633.0,1,3632.0,1
rb1805,20170815,20170814,210558500,3633.0,7126,172774,258725860.0,3634.0,12,3633.0,2
rb1805,20170815,20170814,210559000,3633.0,7130,172772,258871180.0,3633.0,6,3632.0,8
rb1805,20170815,20170814,210559500,3633.0,7130,172772,258871180.0,3633.0,1,3632.0,8
rb1805,20170815,20170814,210600000,3633.0,7132,172772,258943840.0,3633.0,1,3632.0,1
rb1805,20170815,20170814,210600500,3633.0,7134,172770,259016500.0,3633.0,1,3632.0,6
rb1805,20170815,20170814,210601000,3633.0,7134,172770,259016500.0,3633.0,1,3632.0,2
rb1805,20170815,20170814,210601500,3633.0,7136,172768,259089160.0,3634.0,7,3632.0,6
rb1805,20170815,20170814,210602000,3634.0,7146,172760,259452560.0,3634.0,2,3633.0,10
rb1805,20170815,20170814,210602500,3634.0,7170,172764,260324860.0,3635.0,15,3634.0,1
rb1805,20170815,20170814,210603000,3633.0,7184,172764,260833500.0,3633.0,6,3632.0,5
rb1805,20170815,20170814,210603500,3633.0,7184,172764,260833500.0,3634.0,18,3632.0,5
rb1805,20170815,20170814,210604000,3633.0,7186,172764,260906160.0,3634.0,16,3632.0,5
rb1805,20170815,20170814,210604500,3633.0,7186,172764,260906160.0,3634.0,16,3632.0,2
rb1805,20170815,20170814,210605000,3634.0,7194,172758,261196880.0,3634.0,17,3633.0,6
rb1805,20170815,20170814,210605500,3634.0,7194,172758,261196880.0,3634.0,14,3633.0,6
rb1805,20170815,20170814,210606000,3634.0,7194,172758,261196880.0,3634.0,14,3633.0,6
rb1805,20170815,20170814,210607000,3634.0,7194,172758,261196880.0,3634.0,16,3633.0,6
rb1805,20170815,20170814,210607500,3634.0,7194,172758,261196880.0,3634.0,16,3633.0,6
rb1805,20170815,20170814,210608000,3634.0,7194,172758,261196880.0,3634.0,14,3633.0,6
rb1805,20170815,20170814,210608500,3634.0,7196,172760,261269560.0,3634.0,10,3633.0,6
rb1805,20170815,20170814,210609000,3634.0,7196,172760,261269560.0,3634.0,10,3633.0,11
rb1805,20170815,20170814,210609500,3634.0,7200,172762,261414920.0,3634.0,8,3633.0,11
rb1805,20170815,20170814,210610000,3633.0,7202,172764,261487580.0,3634.0,8,3633.0,15
rb1805,20170815,20170814,210610500,3634.0,7270,172750,263959380.0,3637.0,22,3634.0,3
rb1805,20170815,20170814,210611000,3636.0,7278,172746,264250140.0,3634.0,1,3633.0,11
rb1805,20170815,20170814,210611500,3635.0,7310,172742,265412860.0,3635.0,10,3634.0,7
rb1805,20170815,20170814,210612000,3634.0,7324,172742,265921620.0,3634.0,10,3633.0,2
rb1805,20170815,20170814,210612500,3633.0,7328,172742,266066940.0,3634.0,2,3632.0,29
rb1805,20170815,20170814,210613000,3633.0,7328,172742,266066940.0,3634.0,4,3632.0,29
rb1805,20170815,20170814,210613500,3633.0,7328,172742,266066940.0,3634.0,4,3632.0,29
rb1805,20170815,20170814,210614000,3634.0,7336,172740,266357660.0,3635.0,12,3634.0,3
rb1805,20170815,20170814,210614500,3634.0,7342,172738,266575700.0,3634.0,4,3633.0,3
rb1805,20170815,20170814,210615000,3634.0,7348,172738,266793740.0,3635.0,12,3634.0,1
rb1805,20170815,20170814,210615500,3635.0,7370,172720,267593420.0,3636.0,12,3634.0,4
rb1805,20170815,20170814,210616000,3634.0,7374,172724,267738780.0,3635.0,1,3634.0,8
rb1805,20170815,20170814,210616500,3635.0,7376,172724,267811480.0,3636.0,20,3634.0,8
rb1805,20170815,20170814,210617000,3635.0,7376,172724,267811480.0,3635.0,1,3634.0,8
rb1805,20170815,20170814,210617500,3634.0,7378,172726,267884160.0,3636.0,29,3634.0,7
rb1805,20170815,20170814,210618000,3634.0,7378,172726,267884160.0,3635.0,3,3634.0,11
rb1805,20170815,20170814,210618500,3635.0,7382,172726,268029560.0,3636.0,23,3635.0,3
rb1805,20170815,20170814,210619000,3635.0,7400,172722,268683860.0,3635.0,4,3634.0,13
rb1805,20170815,20170814,210619500,3635.0,7404,172722,268829260.0,3635.0,1,3634.0,18
rb1805,20170815,20170814,210620000,3635.0,7406,172722,268901960.0,3635.0,6,3634.0,19
rb1805,20170815,20170814,210620500,3635.0,7426,172702,269628960.0,3635.0,3,3634.0,15
rb1805,20170815,20170814,210621000,3635.0,7438,172710,270065080.0,3635.0,15,3634.0,11
rb1805,20170815,20170814,210621500,3634.0,7440,172710,270137760.0,3635.0,16,3634.0,10
rb1805,20170815,20170814,210622000,3635.0,7444,172708,270283160.0,3635.0,14,3634.0,10
rb1805,20170815,20170814,210622500,3634.0,7448,172712,270428540.0,3635.0,14,3634.0,9
rb1805,20170815,20170814,210623000,3635.0,7450,172714,270501240.0,3635.0,13,3634.0,9
rb1805,20170815,20170814,210623500,3635.0,7450,172714,270501240.0,3635.0,17,3634.0,9
rb1805,20170815,20170814,210624000,3635.0,7450,172714,270501240.0,3635.0,17,3634.0,9
rb1805,20170815,20170814,210624500,3635.0,7450,172714,270501240.0,3635.0,17,3634.0,9
rb1805,20170815,20170814,210625000,3635.0,7452,172714,270573940.0,3635.0,16,3634.0,9
rb1805,20170815,20170814,210625500,3635.0,7456,172714,270719320.0,3635.0,15,3634.0,11
rb1805,20170815,20170814,210626000,3635.0,7456,172714,270719320.0,3635.0,15,3634.0,11
rb1805,20170815,20170814,210626500,3635.0,7486,172698,271809820.0,3636.0,28,3635.0,69
rb1805,20170815,20170814,210627000,3635.0,7486,172698,271809820.0,3636.0,27,3635.0,69
rb1805,20170815,20170814,210627500,3635.0,7488,172698,271882520.0,3636.0,25,3635.0,68
rb1805,20170815,20170814,210628000,3635.0,7488,172698,271882520.0,3636.0,25,3635.0,80
rb1805,20170815,20170814,210629000,3635.0,7488,172698,271882520.0,3636.0,25,3635.0,81
rb1805,20170815,20170814,210629500,3635.0,7502,172704,272391420.0,3636.0,26,3635.0,74
rb1805,20170815,20170814,210630000,3635.0,7502,172704,272391420.0,3636.0,26,3635.0,74
rb1805,20170815,20170814,210630500,3636.0,7548,172664,274063980.0,3636.0,4,3635.0,79
rb1805,20170815,20170814,210631000,3635.0,7552,172664,274209380.0,3636.0,4,3635.0,77
rb1805,20170815,20170814,210631500,3636.0,7554,172664,274282100.0,3636.0,6,3635.0,77
rb1805,20170815,20170814,210632000,3635.0,7556,172666,274354800.0,3636.0,6,3635.0,72
rb1805,20170815,20170814,210632500,3636.0,7560,172666,274500240.0,3636.0,4,3635.0,72
rb1805,20170815,20170814,210633000,3636.0,7560,172666,274500240.0,3636.0,4,3635.0,72
rb1805,20170815,20170814,210633500,3636.0,7560,172666,274500240.0,3636.0,4,3635.0,72
rb1805,20170815,20170814,210634000,3636.0,7560,172666,274500240.0,3636.0,9,3635.0,72
rb1805,20170815,20170814,210634500,3635.0,7562,172668,274572940.0,3636.0,10,3635.0,71
rb1805,20170815,20170814,210635000,3636.0,7564,172668,274645660.0,3636.0,9,3635.0,71
rb1805,20170815,20170814,210635500,3636.0,7564,172668,274645660.0,3636.0,9,3635.0,71
rb1805,20170815,20170814,210636500,3636.0,7568,172672,274791100.0,3636.0,7,3635.0,75
rb1805,20170815,20170814,210637000,3636.0,7582,172686,275300140.0,3637.0,28,3636.0,6
rb1805,20170815,20170814,210637500,3636.0,7582,172686,275300140.0,3636.0,6,3635.0,75
rb1805,20170815,20170814,210638000,3636.0,7600,172694,275954620.0,3637.0,21,3636.0,91
rb1805,20170815,20170814,210638500,3636.0,7608,172702,276245500.0,3637.0,19,3636.0,87
rb1805,20170815,20170814,210639000,3636.0,7684,172724,279008860.0,3637.0,27,3636.0,49
rb1805,20170815,20170814,210639500,3637.0,7734,172744,280826900.0,3637.0,26,3636.0,27
rb1805,20170815,20170814,210640000,3637.0,7742,172748,281117800.0,3637.0,25,3636.0,25
rb1805,20170815,20170814,210640500,3636.0,7748,172752,281335960.0,3637.0,24,3636.0,22
rb1805,20170815,20170814,210641000,3635.0,7798,172794,283153900.0,3636.0,15,3635.0,118
rb1805,20170815,20170814,210641500,3635.0,7798,172794,283153900.0,3636.0,9,3635.0,118
rb1805,20170815,20170814,210642000,3635.0,7798,172794,283153900.0,3636.0,9,3635.0,118
rb1805,20170815,20170814,210642500,3636.0,7832,172824,284389820.0,3636.0,8,3635.0,101
rb1805,20170815,20170814,210643000,3636.0,7886,172870,286352760.0,3636.0,7,3635.0,76
rb1805,20170815,20170814,210643500,3636.0,7940,172882,288315680.0,3636.0,6,3635.0,50
rb1805,20170815,20170814,210644000,3636.0,7954,172890,288824680.0,3636.0,3,3635.0,48
rb1805,20170815,20170814,210644500,3635.0,7988,172910,290060580.0,3636.0,37,3635.0,31
rb1805,20170815,20170814,210645000,3635.0,8026,172924,291441880.0,3636.0,43,3635.0,12
rb1805,20170815,20170814,210645500,3636.0,8030,172926,291587300.0,3636.0,42,3635.0,11
rb1805,20170815,20170814,210646000,3635.0,8054,172926,292459700.0,3635.0,38,3634.0,19
rb1805,20170815,20170814,210646500,3635.0,8054,172926,292459700.0,3635.0,60,3634.0,19
rb1805,20170815,20170814,210647000,3635.0,8062,172926,292750500.0,3635.0,34,3634.0,19
rb1805,20170815,20170814,210647500,3635.0,8102,172926,294204500.0,3635.0,33,3634.0,19
rb1805,20170815,20170814,210648000,3635.0,8104,172924,294277200.0,3635.0,34,3634.0,19
rb1805,20170815,20170814,210648500,3635.0,8114,172914,294640700.0,3635.0,29,3634.0,19
rb1805,20170815,20170814,210649500,3635.0,8114,172914,294640700.0,3635.0,29,3634.0,27
rb1805,20170815,20170814,210650000,3634.0,8116,172914,294713380.0,3635.0,12,3634.0,25
rb1805,20170815,20170814,210650500,3634.0,8116,172914,294713380.0,3635.0,26,3634.0,18
rb1805,20170815,20170814,210651000,3635.0,8128,172902,295149580.0,3635.0,20,3634.0,23
rb1805,20170815,20170814,210651500,3634.0,8130,172904,295222260.0,3635.0,21,3634.0,22
rb1805,20170815,20170814,210652000,3634.0,8130,172904,295222260.0,3635.0,21,3634.0,23
rb1805,20170815,20170814,210652500,3634.0,8134,172906,295367620.0,3635.0,21,3634.0,21
rb1805,20170815,20170814,210653000,3635.0,8136,172904,295440320.0,3635.0,25,3634.0,21
rb1805,20170815,20170814,210654000,3634.0,8138,172904,295513000.0,3635.0,25,3634.0,21
rb1805,20170815,20170814,210654500,3634.0,8148,172902,295876400.0,3635.0,25,3634.0,16
rb1805,20170815,20170814,210655000,3634.0,8148,172902,295876400.0,3635.0,25,3634.0,16
rb1805,20170815,20170814,210655500,3634.0,8148,172902,295876400.0,3635.0,27,3634.0,23
rb1805,20170815,20170814,210656000,3634.0,8148,172902,295876400.0,3635.0,31,3634.0,23
rb1805,20170815,20170814,210656500,3634.0,8154,172898,296094440.0,3635.0,32,3634.0,20
rb1805,20170815,20170814,210657000,3634.0,8154,172898,296094440.0,3635.0,28,3634.0,13
rb1805,20170815,20170814,210657500,3634.0,8156,172896,296167120.0,3635.0,28,3634.0,12
rb1805,20170815,20170814,210658000,3634.0,8164,172894,296457840.0,3635.0,28,3634.0,8
rb1805,20170815,20170814,210658500,3634.0,8164,172894,296457840.0,3635.0,33,3634.0,8
rb1805,20170815,20170814,210659000,3634.0,8164,172894,296457840.0,3635.0,34,3634.0,8
rb1805,20170815,20170814,210659500,3634.0,8164,172894,296457840.0,3635.0,33,3634.0,8
rb1805,20170815,20170814,210700000,3634.0,8164,172894,296457840.0,3635.0,33,3634.0,8
rb1805,20170815,20170814,210700500,3634.0,8168,172890,296603200.0,3635.0,31,3634.0,3
rb1805,20170815,20170814,210701000,3634.0,8174,172888,296821240.0,3634.0,4,3633.0,2
rb1805,20170815,20170814,210701500,3634.0,8174,172888,296821240.0,3634.0,6,3633.0,3
rb1805,20170815,20170814,210702000,3634.0,8174,172888,296821240.0,3634.0,19,3633.0,3
rb1805,20170815,20170814,210702500,3634.0,8174,172888,296821240.0,3634.0,20,3633.0,3
rb1805,20170815,20170814,210703000,3634.0,8174,172888,296821240.0,3634.0,21,3633.0,3
rb1805,20170815,20170814,210703500,3634.0,8174,172888,296821240.0,3634.0,21,3633.0,3
rb1805,20170815,20170814,210704000,3634.0,8174,172888,296821240.0,3634.0,22,3633.0,3
rb1805,20170815,20170814,210704500,3634.0,8174,172888,296821240.0,3634.0,23,3633.0,3
rb1805,20170815,20170814,210705000,3633.0,8180,172894,297039220.0,3633.0,18,3632.0,9
rb1805,20170815,20170814,210705500,3633.0,8200,172902,297765820.0,3633.0,8,3632.0,13
rb1805,20170815,20170814,210706000,3632.0,8218,172904,298419740.0,3634.0,23,3632.0,8
rb1805,20170815,20170814,210706500,3634.0,8244,172896,299364520.0,3634.0,13,3632.0,7
rb1805,20170815,20170814,210707000,3633.0,8246,172898,299437180.0,3634.0,5,3632.0,3
rb1805,20170815,20170814,210707500,3633.0,8246,172898,299437180.0,3634.0,18,3632.0,6
rb1805,20170815,20170814,210708000,3633.0,8246,172898,299437180.0,3633.0,2,3632.0,16
rb1805,20170815,20170814,210708500,3633.0,8252,172894,299655160.0,3634.0,6,3633.0,1
rb1805,20170815,20170814,210709000,3632.0,8292,172878,301107980.0,3632.0,30,3631.0,11
rb1805,20170815,20170814,210709500,3632.0,8352,172850,303287180.0,3634.0,10,3632.0,20
rb1805,20170815,20170814,210710000,3634.0,8354,172852,303359860.0,3634.0,5,3633.0,1
rb1805,20170815,20170814,210710500,3634.0,8354,172852,303359860.0,3634.0,5,3633.0,2
rb1805,20170815,20170814,210711000,3633.0,8356,172854,303432520.0,3634.0,5,3633.0,1
rb1805,20170815,20170814,210711500,3633.0,8356,172854,303432520.0,3634.0,5,3633.0,1
rb1805,20170815,20170814,210712000,3633.0,8356,172854,303432520.0,3634.0,18,3633.0,1
rb1805,20170815,20170814,210712500,3633.0,8358,172854,303505180.0,3633.0,2,3632.0,24
rb1805,20170815,20170814,210713000,3633.0,8358,172854,303505180.0,3633.0,3,3632.0,24
rb1805,20170815,20170814,210713500,3633.0,8358,172854,303505180.0,3633.0,3,3632.0,24
rb1805,20170815,20170814,210714000,3633.0,8360,172856,303577840.0,3633.0,3,3632.0,24
rb1805,20170815,20170814,210714500,3632.0,8362,172856,303650480.0,3633.0,3,3632.0,14
rb1805,20170815,20170814,210715000,3632.0,8362,172856,303650480.0,3633.0,13,3632.0,14
rb1805,20170815,20170814,210715500,3633.0,8388,172856,304595060.0,3634.0,25,3633.0,7
rb1805,20170815,20170814,210716000,3633.0,8400,172846,305031020.0,3634.0,25,3633.0,1
rb1805,20170815,20170814,210716500,3633.0,8402,172846,305103680.0,3634.0,25,3632.0,15
rb1805,20170815,20170814,210717000,3633.0,8402,172846,305103680.0,3633.0,2,3632.0,15
rb1805,20170815,20170814,210717500,3633.0,8402,172846,305103680.0,3633.0,3,3632.0,15
rb1805,20170815,20170814,210718000,3633.0,8408,172844,305321660.0,3634.0,26,3632.0,15
rb1805,20170815,20170814,210718500,3633.0,8408,172844,305321660.0,3634.0,26,3632.0,15
rb1805,20170815,20170814,210719000,3633.0,8408,172844,305321660.0,3633.0,1,3632.0,18
rb1805,20170815,20170814,210719500,3633.0,8410,172844,305394320.0,3634.0,26,3632.0,18
rb1805,20170815,20170814,210720000,3633.0,8410,172844,305394320.0,3634.0,28,3632.0,18
rb1805,20170815,20170814,210720500,3633.0,8410,172844,305394320.0,3634.0,30,3632.0,18
rb1805,20170815,20170814,210721000,3633.0,8410,172844,305394320.0,3634.0,29,3633.0,1
rb1805,20170815,20170814,210721500,3633.0,8412,172844,305466980.0,3633.0,1,3632.0,1
rb1805,20170815,20170814,210722000,3633.0,8414,172842,305539640.0,3634.0,29,3632.0,4
rb1805,20170815,20170814,210722500,3633.0,8414,172842,305539640.0,3634.0,29,3633.0,1
rb1805,20170815,20170814,210723000,3633.0,8414,172842,305539640.0,3634.0,22,3632.0,11
rb1805,20170815,20170814,210723500,3633.0,8414,172842,305539640.0,3633.0,1,3632.0,18
rb1805,20170815,20170814,210724000,3633.0,8416,172842,305612300.0,3634.0,23,3633.0,2
rb1805,20170815,20170814,210724500,3633.0,8416,172842,305612300.0,3634.0,23,3633.0,3
rb1805,20170815,20170814,210725000,3633.0,8418,172842,305684960.0,3634.0,24,3633.0,2
rb1805,20170815,20170814,210725500,3633.0,8420,172844,305757620.0,3634.0,24,3633.0,1
rb1805,20170815,20170814,210726000,3633.0,8422,172844,305830280.0,3634.0,24,3633.0,3
rb1805,20170815,20170814,210726500,3633.0,8428,172844,306048260.0,3634.0,24,3632.0,23
rb1805,20170815,20170814,210727000,3633.0,8428,172844,306048260.0,3634.0,26,3632.0,20
rb1805,20170815,20170814,210727500,3633.0,8428,172844,306048260.0,3634.0,26,3632.0,20
rb1805,20170815,20170814,210728000,3633.0,8428,172844,306048260.0,3634.0,26,3632.0,20
rb1805,20170815,20170814,210728500,3633.0,8428,172844,306048260.0,3634.0,26,3633.0,1
rb1805,20170815,20170814,210729000,3633.0,8428,172844,306048260.0,3634.0,27,3633.0,1
rb1805,20170815,20170814,210730500,3633.0,8430,172846,306120920.0,3634.0,37,3632.0,21
rb1805,20170815,20170814,210731000,3633.0,8430,172846,306120920.0,3633.0,1,3632.0,21
rb1805,20170815,20170814,210731500,3633.0,8432,172846,306193580.0,3634.0,38,3632.0,14
rb1805,20170815,20170814,210732000,3634.0,8434,172848,306266260.0,3634.0,37,3632.0,14
rb1805,20170815,20170814,210732500,3634.0,8434,172848,306266260.0,3634.0,37,3632.0,14
rb1805,20170815,20170814,210733000,3634.0,8448,172836,306775020.0,3634.0,27,3633.0,7
rb1805,20170815,20170814,210733500,3634.0,8450,172834,306847700.0,3634.0,26,3633.0,7
rb1805,20170815,20170814,210734000,3634.0,8462,172822,307283780.0,3634.0,20,3633.0,12
rb1805,20170815,20170814,210734500,3634.0,8480,172830,307937900.0,3634.0,11,3633.0,7
rb1805,20170815,20170814,210735000,3634.0,8482,172830,308010580.0,3634.0,10,3633.0,7
rb1805,20170815,20170814,210736000,3634.0,8482,172830,308010580.0,3634.0,10,3633.0,7
rb1805,20170815,20170814,210736500,3634.0,8482,172830,308010580.0,3634.0,10,3633.0,7
rb1805,20170815,20170814,210737000,3634.0,8482,172830,308010580.0,3634.0,10,3633.0,7
rb1805,20170815,20170814,210737500,3634.0,8484,172832,308083260.0,3634.0,9,3633.0,7
rb1805,20170815,20170814,210738000,3633.0,8486,172832,308155920.0,3634.0,9,3633.0,6
rb1805,20170815,20170814,210738500,3633.0,8486,172832,308155920.0,3634.0,9,3633.0,6
rb1805,20170815,20170814,210739000,3633.0,8486,172832,308155920.0,3634.0,9,3633.0,6
rb1805,20170815,20170814,210739500,3633.0,8486,172832,308155920.0,3634.0,9,3633.0,6
rb1805,20170815,20170814,210740000,3633.0,8486,172832,308155920.0,3634.0,9,3633.0,15
rb1805,20170815,20170814,210740500,3634.0,8490,172836,308301280.0,3634.0,7,3633.0,16
rb1805,20170815,20170814,210741000,3634.0,8494,172838,308446640.0,3634.0,5,3633.0,16
rb1805,20170815,20170814,210741500,3634.0,8496,172838,308519320.0,3634.0,4,3633.0,16
rb1805,20170815,20170814,210742000,3634.0,8502,172838,308737360.0,3634.0,1,3633.0,16
rb1805,20170815,20170814,210742500,3634.0,8504,172838,308810040.0,3635.0,10,3634.0,4
rb1805,20170815,20170814,210743000,3634.0,8508,172840,308955400.0,3634.0,10,3633.0,17
rb1805,20170815,20170814,210743500,3634.0,8528,172860,309682200.0,3635.0,10,3634.0,25
rb1805,20170815,20170814,210744000,3634.0,8550,172872,310481880.0,3636.0,22,3634.0,15
rb1805,20170815,20170814,210744500,3636.0,8552,172870,310554600.0,3636.0,21,3634.0,13
rb1805,20170815,20170814,210745000,3634.0,8576,172874,311426760.0,3636.0,21,3634.0,6
rb1805,20170815,20170814,210745500,3634.0,8576,172874,311426760.0,3636.0,21,3634.0,6
rb1805,20170815,20170814,210746000,3634.0,8578,172876,311499440.0,3636.0,21,3634.0,5
rb1805,20170815,20170814,210746500,3636.0,8618,172904,312953840.0,3636.0,1,3634.0,5
rb1805,20170815,20170814,210747000,3636.0,8618,172904,312953840.0,3636.0,1,3634.0,12
rb1805,20170815,20170814,210747500,3636.0,8620,172904,313026560.0,3637.0,22,3636.0,19
rb1805,20170815,20170814,210748000,3636.0,8620,172904,313026560.0,3637.0,18,3636.0,19
rb1805,20170815,20170814,210748500,3637.0,8660,172906,314480980.0,3637.0,18,3635.0,2
rb1805,20170815,20170814,210749000,3637.0,8660,172906,314480980.0,3637.0,17,3635.0,1
rb1805,20170815,20170814,210749500,3637.0,8660,172906,314480980.0,3636.0,3,3635.0,1
rb1805,20170815,20170814,210750000,3637.0,8660,172906,314480980.0,3636.0,4,3635.0,1
rb1805,20170815,20170814,210750500,3635.0,8664,172906,314626380.0,3636.0,4,3634.0,26
rb1805,20170815,20170814,210751000,3635.0,8664,172906,314626380.0,3636.0,4,3635.0,1
rb1805,20170815,20170814,210751500,3635.0,8664,172906,314626380.0,3636.0,4,3634.0,26
rb1805,20170815,20170814,210752000,3635.0,8664,172906,314626380.0,3636.0,4,3635.0,1
rb1805,20170815,20170814,210752500,3636.0,8668,172910,314771820.0,3636.0,2,3634.0,26
rb1805,20170815,20170814,210753000,3636.0,8672,172908,314917260.0,3637.0,18,3636.0,4
rb1805,20170815,20170814,210753500,3636.0,8674,172906,314989980.0,3637.0,18,3636.0,1
rb1805,20170815,20170814,210754000,3636.0,8676,172908,315062700.0,3637.0,18,3635.0,7
rb1805,20170815,20170814,210754500,3635.0,8680,172912,315208100.0,3636.0,2,3635.0,5
rb1805,20170815,20170814,210755000,3635.0,8680,172912,315208100.0,3636.0,2,3635.0,5
rb1805,20170815,20170814,210755500,3635.0,8680,172912,315208100.0,3636.0,2,3635.0,5
rb1805,20170815,20170814,210756000,3635.0,8680,172912,315208100.0,3636.0,2,3635.0,5
rb1805,20170815,20170814,210756500,3635.0,8680,172912,315208100.0,3636.0,2,3635.0,5
rb1805,20170815,20170814,210757000,3635.0,8680,172912,315208100.0,3636.0,3,3635.0,5
rb1805,20170815,20170814,210757500,3635.0,8684,172916,315353500.0,3636.0,13,3635.0,3
rb1805,20170815,20170814,210758000,3636.0,8696,172916,315789820.0,3636.0,7,3635.0,4
rb1805,20170815,20170814,210758500,3635.0,8698,172918,315862520.0,3636.0,7,3635.0,3
rb1805,20170815,20170814,210759000,3635.0,8700,172920,315935220.0,3636.0,7,3635.0,2
rb1805,20170815,20170814,210759500,3635.0,8700,172920,315935220.0,3636.0,7,3635.0,2
rb1805,20170815,20170814,210800000,3635.0,8700,172920,315935220.0,3636.0,7,3635.0,2
rb1805,20170815,20170814,210800500,3635.0,8700,172920,315935220.0,3636.0,7,3635.0,5
rb1805,20170815,20170814,210801000,3635.0,8700,172920,315935220.0,3636.0,8,3635.0,5
rb1805,20170815,20170814,210801500,3635.0,8702,172920,316007920.0,3636.0,8,3635.0,5
rb1805,20170815,20170814,210802000,3635.0,8702,172920,316007920.0,3636.0,8,3635.0,6
rb1805,20170815,20170814,210802500,3635.0,8704,172922,316080620.0,3636.0,8,3635.0,6
rb1805,20170815,20170814,210803000,3635.0,8704,172922,316080620.0,3636.0,8,3635.0,17
rb1805,20170815,20170814,210803500,3635.0,8704,172922,316080620.0,3636.0,9,3635.0,6
rb1805,20170815,20170814,210804000,3635.0,8704,172922,316080620.0,3636.0,9,3635.0,6
rb1805,20170815,20170814,210804500,3635.0,8704,172922,316080620.0,3636.0,9,3635.0,6
rb1805,20170815,20170814,210805000,3635.0,8704,172922,316080620.0,3636.0,9,3635.0,6
rb1805,20170815,20170814,210805500,3636.0,8708,172922,316226040.0,3636.0,11,3635.0,5
rb1805,20170815,20170814,210806000,3635.0,8722,172916,316734940.0,3635.0,14,3634.0,30
rb1805,20170815,20170814,210806500,3635.0,8722,172916,316734940.0,3635.0,14,3634.0,23
rb1805,20170815,20170814,210807000,3635.0,8726,172916,316880340.0,3635.0,12,3634.0,23
rb1805,20170815,20170814,210807500,3635.0,8726,172916,316880340.0,3635.0,14,3634.0,23
rb1805,20170815,20170814,210808000,3634.0,8728,172916,316953020.0,3635.0,14,3634.0,22
rb1805,20170815,20170814,210808500,3634.0,8728,172916,316953020.0,3635.0,14,3634.0,22
rb1805,20170815,20170814,210809000,3635.0,8758,172894,318043500.0,3636.0,18,3635.0,26
rb1805,20170815,20170814,210809500,3635.0,8778,172876,318770500.0,3636.0,18,3635.0,17
rb1805,20170815,20170814,210810500,3635.0,8778,172876,318770500.0,3636.0,18,3635.0,17
rb1805,20170815,20170814,210811000,3635.0,8778,172876,318770500.0,3636.0,19,3635.0,17
rb1805,20170815,20170814,210811500,3636.0,8780,172876,318843220.0,3636.0,23,3635.0,28
rb1805,20170815,20170814,210812000,3635.0,8782,172876,318915920.0,3636.0,24,3635.0,21
rb1805,20170815,20170814,210812500,3635.0,8786,172878,319061340.0,3636.0,23,3635.0,20
rb1805,20170815,20170814,210813000,3635.0,8786,172878,319061340.0,3636.0,23,3635.0,31
rb1805,20170815,20170814,210813500,3635.0,8786,172878,319061340.0,3636.0,23,3635.0,31
rb1805,20170815,20170814,210814000,3635.0,8786,172878,319061340.0,3636.0,23,3635.0,21
rb1805,20170815,20170814,210814500,3635.0,8786,172878,319061340.0,3636.0,23,3635.0,21
rb1805,20170815,20170814,210815000,3635.0,8788,172876,319134040.0,3636.0,23,3635.0,42
rb1805,20170815,20170814,210815500,3635.0,8790,172876,319206740.0,3636.0,23,3635.0,41
rb1805,20170815,20170814,210816000,3635.0,8790,172876,319206740.0,3636.0,23,3635.0,41
rb1805,20170815,20170814,210817000,3635.0,8790,172876,319206740.0,3636.0,23,3635.0,41
rb1805,20170815,20170814,210817500,3636.0,8836,172846,320879300.0,3637.0,31,3636.0,17
rb1805,20170815,20170814,210818000,3636.0,8870,172834,322115540.0,3636.0,2,3635.0,41
rb1805,20170815,20170814,210818500,3636.0,8870,172834,322115540.0,3636.0,3,3635.0,41
rb1805,20170815,20170814,210819000,3636.0,8870,172834,322115540.0,3636.0,3,3635.0,41
rb1805,20170815,20170814,210819500,3636.0,8872,172834,322188260.0,3636.0,1,3635.0,49
rb1805,20170815,20170814,210820000,3636.0,8876,172832,322333700.0,3637.0,31,3636.0,3
rb1805,20170815,20170814,210820500,3636.0,8876,172832,322333700.0,3637.0,31,3636.0,9
rb1805,20170815,20170814,210821000,3636.0,8894,172828,322988180.0,3636.0,2,3635.0,49
rb1805,20170815,20170814,210821500,3635.0,8912,172810,323642480.0,3636.0,11,3635.0,32
rb1805,20170815,20170814,210822000,3635.0,8914,172808,323715180.0,3636.0,22,3635.0,31
rb1805,20170815,20170814,210822500,3635.0,8914,172808,323715180.0,3636.0,23,3635.0,31
rb1805,20170815,20170814,210823000,3636.0,8918,172812,323860620.0,3636.0,23,3635.0,31
rb1805,20170815,20170814,210823500,3636.0,8918,172812,323860620.0,3636.0,23,3635.0,32
rb1805,20170815,20170814,210824000,3636.0,8918,172812,323860620.0,3636.0,23,3635.0,32
rb1805,20170815,20170814,210824500,3636.0,8918,172812,323860620.0,3636.0,23,3635.0,32
rb1805,20170815,20170814,210825000,3635.0,8920,172812,323933320.0,3636.0,23,3635.0,31
rb1805,20170815,20170814,210825500,3635.0,8998,172824,326768620.0,3635.0,61,3634.0,10
rb1805,20170815,20170814,210826000,3635.0,9002,172828,326914020.0,3635.0,59,3634.0,10
rb1805,20170815,20170814,210826500,3635.0,9042,172828,328368020.0,3635.0,39,3634.0,10
rb1805,20170815,20170814,210827000,3635.0,9050,172828,328658780.0,3635.0,37,3634.0,8
rb1805,20170815,20170814,210827500,3635.0,9054,172832,328804180.0,3635.0,35,3634.0,8
rb1805,20170815,20170814,210828000,3635.0,9062,172836,329094980.0,3635.0,31,3634.0,8
rb1805,20170815,20170814,210828500,3635.0,9062,172836,329094980.0,3635.0,31,3634.0,8
rb1805,20170815,20170814,210829000,3635.0,9062,172836,329094980.0,3635.0,31,3634.0,9
rb1805,20170815,20170814,210829500,3634.0,9068,172838,329313020.0,3635.0,32,3634.0,6
rb1805,20170815,20170814,210830000,3635.0,9154,172824,332439040.0,3636.0,30,3635.0,2
rb1805,20170815,20170814,210830500,3634.0,9160,172820,332657120.0,3635.0,1,3634.0,1
rb1805,20170815,20170814,210831000,3635.0,9162,172822,332729820.0,3635.0,1,3634.0,1
rb1805,20170815,20170814,210831500,3635.0,9178,172806,333311420.0,3636.0,22,3635.0,12
rb1805,20170815,20170814,210832000,3635.0,9178,172806,333311420.0,3636.0,22,3635.0,12
rb1805,20170815,20170814,210832500,3635.0,9178,172806,333311420.0,3636.0,24,3635.0,12
rb1805,20170815,20170814,210833000,3635.0,9178,172806,333311420.0,3636.0,24,3635.0,13
rb1805,20170815,20170814,210833500,3635.0,9178,172806,333311420.0,3636.0,24,3635.0,13
rb1805,20170815,20170814,210834000,3635.0,9178,172806,333311420.0,3636.0,25,3635.0,13
rb1805,20170815,20170814,210834500,3635.0,9178,172806,333311420.0,3636.0,28,3635.0,13
rb1805,20170815,20170814,210835000,3635.0,9180,172806,333384120.0,3636.0,29,3635.0,12
rb1805,20170815,20170814,210835500,3635.0,9180,172806,333384120.0,3636.0,29,3635.0,12
rb1805,20170815,20170814,210836000,3635.0,9184,172804,333529520.0,3636.0,29,3635.0,11
rb1805,20170815,20170814,210836500,3635.0,9184,172804,333529520.0,3636.0,29,3635.0,11
rb1805,20170815,20170814,210837000,3636.0,9264,172788,336438100.0,3637.0,51,3636.0,11
rb1805,20170815,20170814,210837500,3636.0,9286,172776,337238020.0,3636.0,6,3634.0,4
rb1805,20170815,20170814,210838000,3636.0,9286,172776,337238020.0,3636.0,14,3634.0,4
rb1805,20170815,20170814,210838500,3634.0,9288,172778,337310700.0,3636.0,17,3634.0,3
rb1805,20170815,20170814,210839000,3634.0,9288,172778,337310700.0,3635.0,4,3634.0,13
rb1805,20170815,20170814,210839500,3635.0,9290,172778,337383400.0,3635.0,3,3634.0,13
rb1805,20170815,20170814,210840000,3635.0,9290,172778,337383400.0,3635.0,2,3634.0,13
rb1805,20170815,20170814,210840500,3635.0,9290,172778,337383400.0,3635.0,2,3634.0,13
rb1805,20170815,20170814,210841000,3635.0,9290,172778,337383400.0,3635.0,5,3634.0,13
rb1805,20170815,20170814,210842000,3635.0,9290,172778,337383400.0,3635.0,5,3634.0,13
rb1805,20170815,20170814,210842500,3635.0,9292,172778,337456100.0,3635.0,14,3634.0,13
rb1805,20170815,20170814,210843000,3635.0,9296,172776,337601500.0,3635.0,12,3634.0,13
rb1805,20170815,20170814,210843500,3635.0,9296,172776,337601500.0,3635.0,12,3634.0,13
rb1805,20170815,20170814,210844000,3634.0,9316,172762,338328300.0,3635.0,12,3634.0,3
rb1805,20170815,20170814,210844500,3635.0,9320,172766,338473700.0,3635.0,11,3634.0,3
rb1805,20170815,20170814,210845000,3634.0,9322,172766,338546380.0,3635.0,11,3634.0,2
rb1805,20170815,20170814,210845500,3634.0,9326,172766,338691740.0,3635.0,12,3633.0,9
rb1805,20170815,20170814,210846000,3633.0,9342,172778,339273080.0,3634.0,2,3633.0,4
rb1805,20170815,20170814,210847500,3634.0,9346,172782,339418440.0,3635.0,20,3633.0,4
rb1805,20170815,20170814,210848000,3633.0,9354,172788,339709080.0,3633.0,6,3632.0,46
rb1805,20170815,20170814,210848500,3633.0,9354,172788,339709080.0,3633.0,6,3632.0,40
rb1805,20170815,20170814,210849000,3633.0,9356,172788,339781740.0,3633.0,5,3632.0,20
rb1805,20170815,20170814,210850000,3633.0,9356,172788,339781740.0,3633.0,6,3632.0,20
rb1805,20170815,20170814,210850500,3633.0,9368,172788,340217700.0,3634.0,5,3633.0,16
rb1805,20170815,20170814,210851000,3633.0,9392,172786,341089620.0,3634.0,5,3633.0,4
rb1805,20170815,20170814,210851500,3632.0,9412,172768,341816100.0,3634.0,7,3632.0,14
rb1805,20170815,20170814,210852000,3632.0,9418,172766,342034020.0,3634.0,7,3632.0,11
rb1805,20170815,20170814,210852500,3632.0,9420,172766,342106660.0,3633.0,1,3632.0,10
rb1805,20170815,20170814,210853000,3635.0,9460,172744,343560520.0,3635.0,8,3632.0,10
rb1805,20170815,20170814,210853500,3635.0,9460,172744,343560520.0,3634.0,2,3632.0,17
rb1805,20170815,20170814,210854000,3635.0,9460,172744,343560520.0,3634.0,11,3633.0,3
rb1805,20170815,20170814,210854500,3633.0,9466,172750,343778500.0,3634.0,11,3632.0,17
rb1805,20170815,20170814,210855000,3633.0,9466,172750,343778500.0,3634.0,13,3632.0,17
rb1805,20170815,20170814,210855500,3633.0,9468,172748,343851160.0,3634.0,13,3633.0,4
rb1805,20170815,20170814,210856000,3633.0,9470,172746,343923820.0,3634.0,23,3633.0,3
rb1805,20170815,20170814,210856500,3633.0,9476,172740,344141800.0,3633.0,1,3632.0,17
rb1805,20170815,20170814,210857000,3633.0,9476,172740,344141800.0,3633.0,1,3632.0,10
rb1805,20170815,20170814,210857500,3633.0,9478,172740,344214460.0,3634.0,13,3632.0,10
rb1805,20170815,20170814,210858000,3632.0,9480,172740,344287100.0,3634.0,16,3632.0,9
rb1805,20170815,20170814,210858500,3632.0,9480,172740,344287100.0,3634.0,18,3632.0,9
rb1805,20170815,20170814,210859000,3632.0,9480,172740,344287100.0,3634.0,19,3632.0,9
rb1805,20170815,20170814,210859500,3632.0,9480,172740,344287100.0,3634.0,19,3632.0,9
rb1805,20170815,20170814,210900000,3632.0,9490,172730,344650300.0,3634.0,19,3632.0,4
rb1805,20170815,20170814,210900500,3632.0,9490,172730,344650300.0,3634.0,19,3632.0,5
rb1805,20170815,20170814,210901000,3632.0,9492,172730,344722940.0,3634.0,21,3632.0,4
rb1805,20170815,20170814,210901500,3632.0,9500,172730,345013500.0,3634.0,27,3631.0,14
rb1805,20170815,20170814,210902000,3632.0,9502,172732,345086140.0,3634.0,26,3632.0,13
rb1805,20170815,20170814,210902500,3632.0,9504,172734,345158780.0,3634.0,24,3632.0,11
rb1805,20170815,20170814,210903000,3632.0,9504,172734,345158780.0,3633.0,1,3632.0,11
rb1805,20170815,20170814,210903500,3633.0,9506,172732,345231440.0,3634.0,24,3632.0,13
rb1805,20170815,20170814,210904000,3632.0,9508,172734,345304080.0,3633.0,1,3632.0,12
rb1805,20170815,20170814,210904500,3633.0,9512,172736,345449400.0,3634.0,20,3633.0,1
rb1805,20170815,20170814,210905000,3633.0,9512,172736,345449400.0,3634.0,21,3633.0,1
rb1805,20170815,20170814,210905500,3632.0,9516,172738,345594700.0,3634.0,21,3632.0,4
rb1805,20170815,20170814,210906000,3632.0,9520,172738,345739980.0,3633.0,6,3632.0,2
rb1805,20170815,20170814,210906500,3632.0,9520,172738,345739980.0,3633.0,6,3632.0,4
rb1805,20170815,20170814,210907000,3632.0,9520,172738,345739980.0,3633.0,6,3632.0,4
rb1805,20170815,20170814,210907500,3632.0,9530,172738,346103200.0,3632.0,6,3631.0,36
rb1805,20170815,20170814,210908000,3632.0,9542,172738,346539040.0,3633.0,4,3632.0,6
rb1805,20170815,20170814,210908500,3632.0,9542,172738,346539040.0,3633.0,5,3632.0,6
rb1805,20170815,20170814,210909000,3632.0,9542,172738,346539040.0,3633.0,6,3632.0,6
rb1805,20170815,20170814,210909500,3632.0,9542,172738,346539040.0,3633.0,6,3632.0,6
rb1805,20170815,20170814,210910000,3632.0,9556,172740,347047520.0,3632.0,11,3631.0,21
rb1805,20170815,20170814,210910500,3632.0,9556,172740,347047520.0,3632.0,14,3631.0,32
rb1805,20170815,20170814,210911000,3631.0,9578,172740,347846540.0,3632.0,4,3631.0,32
rb1805,20170815,20170814,210911500,3631.0,9592,172740,348354900.0,3632.0,3,3631.0,24
rb1805,20170815,20170814,210912000,3631.0,9592,172740,348354900.0,3632.0,3,3631.0,16
rb1805,20170815,20170814,210912500,3631.0,9594,172742,348427520.0,3632.0,3,3631.0,15
rb1805,20170815,20170814,210913000,3632.0,9600,172742,348645440.0,3633.0,6,3632.0,4
rb1805,20170815,20170814,210913500,3632.0,9600,172742,348645440.0,3633.0,7,3632.0,4
rb1805,20170815,20170814,210914000,3632.0,9600,172742,348645440.0,3633.0,7,3632.0,1
rb1805,20170815,20170814,210914500,3632.0,9600,172742,348645440.0,3633.0,7,3632.0,2
rb1805,20170815,20170814,210915000,3633.0,9616,172738,349226720.0,3634.0,15,3633.0,2
rb1805,20170815,20170814,210915500,3633.0,9616,172738,349226720.0,3634.0,15,3633.0,2
rb1805,20170815,20170814,210916000,3634.0,9632,172736,349808160.0,3634.0,7,3633.0,3
rb1805,20170815,20170814,210916500,3634.0,9632,172736,349808160.0,3634.0,7,3633.0,5
rb1805,20170815,20170814,210917000,3634.0,9632,172736,349808160.0,3634.0,7,3633.0,5
rb1805,20170815,20170814,210917500,3634.0,9632,172736,349808160.0,3634.0,7,3633.0,5
rb1805,20170815,20170814,210918000,3634.0,9632,172736,349808160.0,3634.0,6,3633.0,4
rb1805,20170815,20170814,210918500,3634.0,9632,172736,349808160.0,3634.0,7,3633.0,4
rb1805,20170815,20170814,210919000,3634.0,9644,172726,350244240.0,3635.0,8,3634.0,4
rb1805,20170815,20170814,210919500,3634.0,9652,172726,350534960.0,3634.0,2,3633.0,4
rb1805,20170815,20170814,210920000,3634.0,9652,172726,350534960.0,3634.0,2,3633.0,4
rb1805,20170815,20170814,210920500,3634.0,9652,172726,350534960.0,3634.0,2,3633.0,4
rb1805,20170815,20170814,210921000,3634.0,9652,172726,350534960.0,3634.0,2,3633.0,4
rb1805,20170815,20170814,210921500,3634.0,9652,172726,350534960.0,3634.0,2,3633.0,4
rb1805,20170815,20170814,210922000,3634.0,9652,172726,350534960.0,3634.0,6,3633.0,5
rb1805,20170815,20170814,210922500,3634.0,9652,172726,350534960.0,3634.0,6,3633.0,5
rb1805,20170815,20170814,210923000,3634.0,9652,172726,350534960.0,3634.0,7,3633.0,5
rb1805,20170815,20170814,210923500,3633.0,9654,172726,350607620.0,3634.0,7,3633.0,5
rb1805,20170815,20170814,210924000,3633.0,9664,172720,350970920.0,3633.0,5,3632.0,61
rb1805,20170815,20170814,210924500,3633.0,9674,172710,351334220.0,3634.0,6,3633.0,7
rb1805,20170815,20170814,210925000,3633.0,9674,172710,351334220.0,3634.0,8,3632.0,60
rb1805,20170815,20170814,210925500,3633.0,9674,172710,351334220.0,3634.0,8,3632.0,60
rb1805,20170815,20170814,210926000,3633.0,9674,172710,351334220.0,3634.0,9,3632.0,60
rb1805,20170815,20170814,210926500,3633.0,9674,172710,351334220.0,3634.0,9,3632.0,61
rb1805,20170815,20170814,210927000,3633.0,9674,172710,351334220.0,3634.0,7,3632.0,62
rb1805,20170815,20170814,210927500,3633.0,9674,172710,351334220.0,3634.0,8,3632.0,62
rb1805,20170815,20170814,210928500,3633.0,9674,172710,351334220.0,3634.0,8,3633.0,1
rb1805,20170815,20170814,210929000,3633.0,9674,172710,351334220.0,3634.0,8,3633.0,2
rb1805,20170815,20170814,210929500,3633.0,9676,172710,351406880.0,3634.0,8,3633.0,1
rb1805,20170815,20170814,210930000,3633.0,9676,172710,351406880.0,3634.0,8,3633.0,1
rb1805,20170815,20170814,210930500,3633.0,9676,172710,351406880.0,3634.0,8,3633.0,1
rb1805,20170815,20170814,210931000,3633.0,9676,172710,351406880.0,3634.0,8,3633.0,1
rb1805,20170815,20170814,210931500,3633.0,9676,172710,351406880.0,3634.0,9,3633.0,1
rb1805,20170815,20170814,210932000,3634.0,9694,172700,352061000.0,3635.0,11,3634.0,2
rb1805,20170815,20170814,210932500,3634.0,9698,172700,352206360.0,3634.0,4,3633.0,1
rb1805,20170815,20170814,210933000,3634.0,9698,172700,352206360.0,3634.0,3,3633.0,1
rb1805,20170815,20170814,210933500,3634.0,9698,172700,352206360.0,3634.0,3,3633.0,1
rb1805,20170815,20170814,210934000,3634.0,9698,172700,352206360.0,3634.0,2,3633.0,1
rb1805,20170815,20170814,210935000,3634.0,9698,172700,352206360.0,3634.0,2,3633.0,1
rb1805,20170815,20170814,210935500,3634.0,9702,172696,352351720.0,3635.0,11,3633.0,2
rb1805,20170815,20170814,210936000,3634.0,9702,172696,352351720.0,3634.0,2,3633.0,1
rb1805,20170815,20170814,210936500,3634.0,9706,172696,352497080.0,3635.0,11,3633.0,1
rb1805,20170815,20170814,210937000,3634.0,9706,172696,352497080.0,3635.0,11,3633.0,12
rb1805,20170815,20170814,210937500,3634.0,9706,172696,352497080.0,3635.0,11,3633.0,12
rb1805,20170815,20170814,210938500,3634.0,9706,172696,352497080.0,3635.0,11,3633.0,13
rb1805,20170815,20170814,210939000,3634.0,9706,172696,352497080.0,3635.0,11,3633.0,13
rb1805,20170815,20170814,210939500,3634.0,9706,172696,352497080.0,3635.0,14,3633.0,13
rb1805,20170815,20170814,210940000,3634.0,9706,172696,352497080.0,3635.0,14,3633.0,13
rb1805,20170815,20170814,210940500,3634.0,9706,172696,352497080.0,3634.0,2,3633.0,19
rb1805,20170815,20170814,210941000,3634.0,9710,172700,352642440.0,3635.0,16,3633.0,19
rb1805,20170815,20170814,210941500,3634.0,9710,172700,352642440.0,3635.0,16,3634.0,1
rb1805,20170815,20170814,210942000,3634.0,9710,172700,352642440.0,3635.0,16,3634.0,5
rb1805,20170815,20170814,210943000,3634.0,9710,172700,352642440.0,3635.0,16,3634.0,6
rb1805,20170815,20170814,210943500,3634.0,9722,172700,353078520.0,3634.0,44,3633.0,18
rb1805,20170815,20170814,210944000,3634.0,9748,172676,354023360.0,3634.0,32,3633.0,18
rb1805,20170815,20170814,210944500,3634.0,9748,172676,354023360.0,3634.0,33,3633.0,18
rb1805,20170815,20170814,210945000,3634.0,9764,172662,354604780.0,3634.0,26,3633.0,27
rb1805,20170815,20170814,210945500,3634.0,9816,172666,356494460.0,3635.0,16,3634.0,12
rb1805,20170815,20170814,210946000,3634.0,9816,172666,356494460.0,3635.0,16,3634.0,12
rb1805,20170815,20170814,210946500,3634.0,9816,172666,356494460.0,3635.0,16,3633.0,29
rb1805,20170815,20170814,210947000,3633.0,9818,172666,356567120.0,3634.0,1,3633.0,28
rb1805,20170815,20170814,210947500,3634.0,9820,172666,356639800.0,3635.0,16,3634.0,4
rb1805,20170815,20170814,210948000,3634.0,9820,172666,356639800.0,3635.0,16,3634.0,1
rb1805,20170815,20170814,210948500,3634.0,9820,172666,356639800.0,3635.0,16,3633.0,21
rb1805,20170815,20170814,210949500,3634.0,9820,172666,356639800.0,3635.0,16,3634.0,1
rb1805,20170815,20170814,210950000,3634.0,9820,172666,356639800.0,3635.0,16,3634.0,1
rb1805,20170815,20170814,210950500,3634.0,9820,172666,356639800.0,3635.0,16,3634.0,21
rb1805,20170815,20170814,210951000,3634.0,9822,172666,356712480.0,3635.0,16,3634.0,20
rb1805,20170815,20170814,210952000,3634.0,9822,172666,356712480.0,3635.0,16,3634.0,20
rb1805,20170815,20170814,210952500,3634.0,9822,172666,356712480.0,3635.0,16,3634.0,20
rb1805,20170815,20170814,210953000,3634.0,9822,172666,356712480.0,3635.0,16,3634.0,20
rb1805,20170815,20170814,210953500,3634.0,9824,172666,356785160.0,3635.0,21,3634.0,19
rb1805,20170815,20170814,210954000,3634.0,9862,172628,358166080.0,3635.0,30,3633.0,20
rb1805,20170815,20170814,210954500,3634.0,9862,172628,358166080.0,3635.0,21,3633.0,22
rb1805,20170815,20170814,210955000,3634.0,9862,172628,358166080.0,3635.0,23,3633.0,19
rb1805,20170815,20170814,210955500,3634.0,9862,172628,358166080.0,3634.0,5,3633.0,19
rb1805,20170815,20170814,210956000,3634.0,9862,172628,358166080.0,3634.0,4,3633.0,10
rb1805,20170815,20170814,210956500,3634.0,9862,172628,358166080.0,3634.0,9,3633.0,10
rb1805,20170815,20170814,210957000,3634.0,9880,172642,358820040.0,3634.0,8,3633.0,2
rb1805,20170815,20170814,210957500,3633.0,9884,172646,358965360.0,3634.0,16,3632.0,81
rb1805,20170815,20170814,210958000,3633.0,9884,172646,358965360.0,3634.0,16,3632.0,81
rb1805,20170815,20170814,210958500,3634.0,9886,172646,359038040.0,3633.0,65,3632.0,81
rb1805,20170815,20170814,210959000,3634.0,9886,172646,359038040.0,3633.0,65,3632.0,81
rb1805,20170815,20170814,210959500,3634.0,9890,172650,359183400.0,3633.0,73,3632.0,81
rb1805,20170815,20170814,211000000,3634.0,9890,172650,359183400.0,3633.0,78,3632.0,81
rb1805,20170815,20170814,211001000,3634.0,9890,172650,359183400.0,3633.0,78,3632.0,83
rb1805,20170815,20170814,211001500,3634.0,9890,172650,359183400.0,3633.0,78,3632.0,83
rb1805,20170815,20170814,211002500,3633.0,9894,172654,359328720.0,3633.0,76,3632.0,84
rb1805,20170815,20170814,211003000,3632.0,9896,172654,359401360.0,3633.0,76,3632.0,74
rb1805,20170815,20170814,211004000,3632.0,9896,172654,359401360.0,3633.0,76,3632.0,74
rb1805,20170815,20170814,211004500,3632.0,9896,172654,359401360.0,3633.0,76,3632.0,74
rb1805,20170815,20170814,211005500,3632.0,9896,172654,359401360.0,3633.0,84,3632.0,74
