instrument,tradingday,calendarday,time,lastp,volume,openinterest,turnover,ask1,asksz1,bid1,bidsz1
rb1805,20170518,20170517,183111500,2780.0,0,9286,0.0,0.0,0,0.0,0
rb1805,20170518,20170517,205900500,2781.0,4,9282,111240.0,2797.0,1,2780.0,3
rb1805,20170518,20170517,210000500,2781.0,4,9282,111240.0,2795.0,5,2780.0,7
rb1805,20170518,20170517,210001000,2781.0,4,9282,111240.0,2795.0,6,2780.0,8
rb1805,20170518,20170517,210001500,2781.0,4,9282,111240.0,2794.0,2,2780.0,8
rb1805,20170518,20170517,210002000,2781.0,4,9282,111240.0,2794.0,3,2780.0,8
rb1805,20170518,20170517,210002500,2781.0,4,9282,111240.0,2793.0,1,2780.0,8
rb1805,20170518,20170517,210003000,2781.0,4,9282,111240.0,2793.0,1,2780.0,8
rb1805,20170518,20170517,210003500,2781.0,4,9282,111240.0,2792.0,2,2780.0,8
rb1805,20170518,20170517,210004000,2781.0,4,9282,111240.0,2792.0,2,2780.0,8
rb1805,20170518,20170517,210004500,2781.0,4,9282,111240.0,2791.0,3,2780.0,8
rb1805,20170518,20170517,210005500,2781.0,4,9282,111240.0,2790.0,2,2780.0,8
rb1805,20170518,20170517,210006000,2781.0,4,9282,111240.0,2790.0,2,2780.0,8
rb1805,20170518,20170517,210006500,2781.0,4,9282,111240.0,2790.0,2,2780.0,8
rb1805,20170518,20170517,210007000,2781.0,4,9282,111240.0,2790.0,2,2780.0,8
rb1805,20170518,20170517,210008000,2781.0,4,9282,111240.0,2789.0,2,2780.0,8
rb1805,20170518,20170517,210008500,2781.0,4,9282,111240.0,2789.0,2,2780.0,8
rb1805,20170518,20170517,210009000,2781.0,4,9282,111240.0,2788.0,2,2780.0,8
rb1805,20170518,20170517,210009500,2781.0,4,9282,111240.0,2788.0,2,2780.0,8
rb1805,20170518,20170517,210010000,2781.0,4,9282,111240.0,2787.0,2,2780.0,8
rb1805,20170518,20170517,210010500,2781.0,4,9282,111240.0,2786.0,1,2780.0,8
rb1805,20170518,20170517,210011000,2781.0,4,9282,111240.0,2785.0,2,2780.0,8
rb1805,20170518,20170517,210011500,2781.0,4,9282,111240.0,2787.0,1,2780.0,8
rb1805,20170518,20170517,210012000,2781.0,4,9282,111240.0,2786.0,1,2780.0,8
rb1805,20170518,20170517,210012500,2781.0,4,9282,111240.0,2786.0,3,2780.0,8
rb1805,20170518,20170517,210013000,2781.0,4,9282,111240.0,2786.0,1,2780.0,8
rb1805,20170518,20170517,210013500,2781.0,4,9282,111240.0,2786.0,1,2780.0,8
rb1805,20170518,20170517,210015000,2781.0,4,9282,111240.0,2786.0,1,2780.0,13
rb1805,20170518,20170517,210016000,2781.0,4,9282,111240.0,2786.0,1,2780.0,13
rb1805,20170518,20170517,210017000,2781.0,4,9282,111240.0,2786.0,1,2780.0,14
rb1805,20170518,20170517,210018500,2781.0,4,9282,111240.0,2786.0,3,2780.0,14
rb1805,20170518,20170517,210020000,2781.0,4,9282,111240.0,2786.0,3,2780.0,14
rb1805,20170518,20170517,210020500,2781.0,4,9282,111240.0,2786.0,3,2781.0,2
rb1805,20170518,20170517,210024500,2781.0,4,9282,111240.0,2786.0,3,2781.0,2
rb1805,20170518,20170517,210026000,2781.0,4,9282,111240.0,2785.0,10,2781.0,2
rb1805,20170518,20170517,210026500,2781.0,4,9282,111240.0,2785.0,10,2781.0,2
rb1805,20170518,20170517,210027000,2781.0,4,9282,111240.0,2784.0,1,2781.0,2
rb1805,20170518,20170517,210027500,2784.0,6,9282,166920.0,2785.0,10,2781.0,2
rb1805,20170518,20170517,210028000,2784.0,6,9282,166920.0,2785.0,10,2781.0,2
rb1805,20170518,20170517,210028500,2784.0,6,9282,166920.0,2785.0,10,2782.0,2
rb1805,20170518,20170517,210031500,2782.0,10,9282,278200.0,2785.0,10,2784.0,10
rb1805,20170518,20170517,210032000,2785.0,12,9284,333900.0,2785.0,9,2784.0,10
rb1805,20170518,20170517,210032500,2784.0,18,9284,500940.0,2785.0,9,2784.0,7
rb1805,20170518,20170517,210033000,2784.0,32,9284,890700.0,2785.0,9,2781.0,2
rb1805,20170518,20170517,210034000,2784.0,32,9284,890700.0,2785.0,9,2781.0,2
rb1805,20170518,20170517,210034500,2784.0,32,9284,890700.0,2785.0,9,2781.0,2
rb1805,20170518,20170517,210038500,2784.0,32,9284,890700.0,2785.0,9,2782.0,1
rb1805,20170518,20170517,210039000,2784.0,32,9284,890700.0,2785.0,11,2782.0,1
rb1805,20170518,20170517,210040000,2785.0,36,9288,1002100.0,2785.0,9,2782.0,1
rb1805,20170518,20170517,210046000,2782.0,38,9286,1057740.0,2782.0,3,2781.0,2
rb1805,20170518,20170517,210050000,2782.0,38,9286,1057740.0,2782.0,3,2781.0,2
rb1805,20170518,20170517,210050500,2782.0,38,9286,1057740.0,2782.0,3,2781.0,2
rb1805,20170518,20170517,210051000,2782.0,38,9286,1057740.0,2782.0,3,2781.0,2
rb1805,20170518,20170517,210052000,2782.0,38,9286,1057740.0,2782.0,3,2781.0,4
rb1805,20170518,20170517,210055000,2782.0,38,9286,1057740.0,2782.0,3,2781.0,4
rb1805,20170518,20170517,210056500,2781.0,42,9286,1168980.0,2782.0,3,2781.0,2
rb1805,20170518,20170517,210057500,2781.0,42,9286,1168980.0,2782.0,3,2781.0,2
rb1805,20170518,20170517,210059000,2781.0,42,9286,1168980.0,2782.0,3,2781.0,7
rb1805,20170518,20170517,210102500,2781.0,42,9286,1168980.0,2782.0,3,2781.0,7
rb1805,20170518,20170517,210104500,2781.0,42,9286,1168980.0,2782.0,3,2781.0,7
rb1805,20170518,20170517,210105500,2782.0,48,9286,1335900.0,2784.0,5,2782.0,47
rb1805,20170518,20170517,210106000,2782.0,54,9286,1502820.0,2784.0,5,2782.0,44
rb1805,20170518,20170517,210106500,2782.0,56,9286,1558460.0,2784.0,5,2782.0,43
rb1805,20170518,20170517,210112000,2782.0,70,9300,1947940.0,2784.0,5,2782.0,36
rb1805,20170518,20170517,210116500,2782.0,70,9300,1947940.0,2784.0,5,2782.0,36
rb1805,20170518,20170517,210118500,2784.0,72,9300,2003620.0,2784.0,4,2782.0,36
rb1805,20170518,20170517,210119000,2784.0,72,9300,2003620.0,2784.0,5,2782.0,36
rb1805,20170518,20170517,210120000,2784.0,72,9300,2003620.0,2784.0,5,2782.0,38
rb1805,20170518,20170517,210121500,2784.0,72,9300,2003620.0,2784.0,5,2782.0,38
rb1805,20170518,20170517,210122000,2784.0,72,9300,2003620.0,2784.0,5,2782.0,38
rb1805,20170518,20170517,210123000,2784.0,72,9300,2003620.0,2784.0,6,2782.0,38
rb1805,20170518,20170517,210126500,2782.0,74,9302,2059260.0,2784.0,6,2782.0,37
rb1805,20170518,20170517,210131500,2784.0,76,9302,2114940.0,2784.0,5,2782.0,37
rb1805,20170518,20170517,210133500,2782.0,78,9304,2170580.0,2784.0,5,2782.0,36
rb1805,20170518,20170517,210134500,2782.0,78,9304,2170580.0,2783.0,1,2782.0,36
rb1805,20170518,20170517,210135500,2782.0,78,9304,2170580.0,2783.0,1,2782.0,36
rb1805,20170518,20170517,210136500,2783.0,80,9304,2226240.0,2784.0,5,2782.0,36
rb1805,20170518,20170517,210137000,2783.0,80,9304,2226240.0,2784.0,5,2782.0,36
rb1805,20170518,20170517,210138500,2784.0,82,9304,2281920.0,2784.0,4,2782.0,36
rb1805,20170518,20170517,210140500,2784.0,82,9304,2281920.0,2784.0,4,2782.0,36
rb1805,20170518,20170517,210142000,2784.0,84,9304,2337600.0,2784.0,3,2782.0,36
rb1805,20170518,20170517,210143500,2784.0,84,9304,2337600.0,2784.0,3,2783.0,1
rb1805,20170518,20170517,210145000,2784.0,90,9306,2504640.0,2785.0,9,2783.0,1
rb1805,20170518,20170517,210145500,2784.0,90,9306,2504640.0,2785.0,9,2784.0,2
rb1805,20170518,20170517,210146500,2782.0,120,9336,3339340.0,2785.0,9,2782.0,24
rb1805,20170518,20170517,210150000,2782.0,120,9336,3339340.0,2785.0,9,2783.0,1
rb1805,20170518,20170517,210151000,2782.0,120,9336,3339340.0,2785.0,10,2783.0,2
rb1805,20170518,20170517,210151500,2782.0,120,9336,3339340.0,2785.0,10,2784.0,2
rb1805,20170518,20170517,210152000,2782.0,120,9336,3339340.0,2785.0,10,2783.0,2
rb1805,20170518,20170517,210153500,2782.0,120,9336,3339340.0,2785.0,10,2783.0,2
rb1805,20170518,20170517,210154500,2782.0,120,9336,3339340.0,2785.0,15,2783.0,2
rb1805,20170518,20170517,210155000,2782.0,120,9336,3339340.0,2785.0,15,2783.0,2
rb1805,20170518,20170517,210156000,2782.0,120,9336,3339340.0,2785.0,35,2783.0,2
rb1805,20170518,20170517,210158000,2782.0,120,9336,3339340.0,2784.0,1,2783.0,2
rb1805,20170518,20170517,210158500,2784.0,122,9336,3395020.0,2785.0,35,2783.0,2
rb1805,20170518,20170517,210200000,2784.0,122,9336,3395020.0,2785.0,35,2784.0,1
rb1805,20170518,20170517,210201000,2784.0,122,9336,3395020.0,2785.0,35,2784.0,2
rb1805,20170518,20170517,210202000,2785.0,124,9338,3450720.0,2785.0,34,2784.0,2
rb1805,20170518,20170517,210205000,2785.0,124,9338,3450720.0,2785.0,34,2784.0,2
rb1805,20170518,20170517,210206500,2785.0,124,9338,3450720.0,2785.0,34,2784.0,3
rb1805,20170518,20170517,210207500,2784.0,130,9338,3617760.0,2785.0,34,2783.0,2
rb1805,20170518,20170517,210210000,2784.0,130,9338,3617760.0,2784.0,1,2783.0,2
rb1805,20170518,20170517,210210500,2783.0,132,9338,3673420.0,2784.0,2,2783.0,1
rb1805,20170518,20170517,210211500,2783.0,132,9338,3673420.0,2784.0,2,2783.0,1
rb1805,20170518,20170517,210213500,2783.0,132,9338,3673420.0,2784.0,2,2783.0,1
rb1805,20170518,20170517,210214500,2783.0,134,9340,3729080.0,2784.0,2,2782.0,24
rb1805,20170518,20170517,210215000,2782.0,138,9340,3840360.0,2783.0,1,2782.0,22
rb1805,20170518,20170517,210215500,2783.0,140,9342,3896020.0,2784.0,2,2782.0,22
rb1805,20170518,20170517,210216000,2783.0,140,9342,3896020.0,2784.0,3,2782.0,22
rb1805,20170518,20170517,210218500,2783.0,140,9342,3896020.0,2784.0,2,2782.0,22
rb1805,20170518,20170517,210221500,2783.0,140,9342,3896020.0,2783.0,3,2782.0,22
rb1805,20170518,20170517,210222500,2783.0,140,9342,3896020.0,2783.0,3,2782.0,22
rb1805,20170518,20170517,210224000,2783.0,140,9342,3896020.0,2783.0,3,2782.0,22
rb1805,20170518,20170517,210225500,2783.0,142,9342,3951680.0,2783.0,2,2782.0,22
rb1805,20170518,20170517,210227500,2783.0,142,9342,3951680.0,2783.0,3,2782.0,22
rb1805,20170518,20170517,210231500,2783.0,142,9342,3951680.0,2783.0,3,2782.0,22
rb1805,20170518,20170517,210232000,2783.0,144,9342,4007340.0,2783.0,2,2782.0,22
rb1805,20170518,20170517,210233500,2783.0,144,9342,4007340.0,2783.0,2,2782.0,22
rb1805,20170518,20170517,210235000,2783.0,144,9342,4007340.0,2783.0,2,2782.0,22
rb1805,20170518,20170517,210237000,2783.0,148,9342,4118660.0,2784.0,3,2782.0,22
rb1805,20170518,20170517,210237500,2783.0,148,9342,4118660.0,2784.0,3,2782.0,22
rb1805,20170518,20170517,210240500,2782.0,178,9372,4953260.0,2784.0,3,2782.0,7
rb1805,20170518,20170517,210241000,2782.0,178,9372,4953260.0,2784.0,3,2782.0,7
rb1805,20170518,20170517,210244000,2782.0,178,9372,4953260.0,2784.0,5,2782.0,7
rb1805,20170518,20170517,210245500,2782.0,180,9374,5008900.0,2784.0,5,2782.0,6
rb1805,20170518,20170517,210247000,2782.0,182,9376,5064540.0,2784.0,5,2782.0,5
rb1805,20170518,20170517,210247500,2782.0,184,9378,5120180.0,2784.0,5,2782.0,4
rb1805,20170518,20170517,210249000,2782.0,184,9378,5120180.0,2784.0,5,2782.0,4
rb1805,20170518,20170517,210249500,2782.0,184,9378,5120180.0,2783.0,1,2782.0,4
rb1805,20170518,20170517,210250000,2782.0,184,9378,5120180.0,2783.0,1,2782.0,4
rb1805,20170518,20170517,210251000,2782.0,184,9378,5120180.0,2783.0,1,2782.0,4
rb1805,20170518,20170517,210252000,2782.0,192,9386,5342740.0,2783.0,1,2781.0,2
rb1805,20170518,20170517,210253000,2781.0,196,9386,5453980.0,2783.0,2,2780.0,10
rb1805,20170518,20170517,210254000,2781.0,196,9386,5453980.0,2783.0,2,2780.0,10
rb1805,20170518,20170517,210255000,2781.0,196,9386,5453980.0,2781.0,1,2780.0,10
rb1805,20170518,20170517,210256000,2780.0,198,9388,5509580.0,2781.0,1,2780.0,9
rb1805,20170518,20170517,210257500,2780.0,198,9388,5509580.0,2781.0,1,2780.0,14
rb1805,20170518,20170517,210258500,2780.0,198,9388,5509580.0,2781.0,1,2780.0,14
rb1805,20170518,20170517,210300000,2780.0,200,9390,5565180.0,2781.0,1,2780.0,13
rb1805,20170518,20170517,210300500,2780.0,204,9394,5676380.0,2781.0,1,2780.0,11
rb1805,20170518,20170517,210301500,2780.0,208,9398,5787580.0,2781.0,1,2780.0,9
rb1805,20170518,20170517,210302500,2780.0,208,9398,5787580.0,2781.0,1,2780.0,9
rb1805,20170518,20170517,210304000,2780.0,208,9398,5787580.0,2781.0,1,2780.0,9
rb1805,20170518,20170517,210304500,2780.0,210,9398,5843180.0,2781.0,1,2780.0,8
rb1805,20170518,20170517,210305000,2780.0,210,9398,5843180.0,2781.0,2,2780.0,8
rb1805,20170518,20170517,210308000,2780.0,226,9414,6287980.0,2780.0,2,2775.0,1
rb1805,20170518,20170517,210309000,2780.0,226,9414,6287980.0,2780.0,2,2779.0,1
rb1805,20170518,20170517,210310500,2780.0,226,9414,6287980.0,2780.0,2,2775.0,1
rb1805,20170518,20170517,210311000,2780.0,226,9414,6287980.0,2780.0,2,2778.0,1
rb1805,20170518,20170517,210312000,2780.0,226,9414,6287980.0,2780.0,2,2779.0,1
rb1805,20170518,20170517,210313000,2780.0,226,9414,6287980.0,2780.0,2,2779.0,1
rb1805,20170518,20170517,210313500,2780.0,228,9416,6343580.0,2780.0,1,2778.0,1
rb1805,20170518,20170517,210314000,2780.0,228,9416,6343580.0,2780.0,1,2778.0,1
rb1805,20170518,20170517,210316500,2780.0,228,9416,6343580.0,2780.0,1,2779.0,1
rb1805,20170518,20170517,210317000,2780.0,230,9418,6399180.0,2781.0,2,2779.0,1
rb1805,20170518,20170517,210317500,2780.0,230,9418,6399180.0,2781.0,2,2780.0,1
rb1805,20170518,20170517,210318500,2780.0,230,9418,6399180.0,2781.0,2,2780.0,1
rb1805,20170518,20170517,210320000,2780.0,230,9418,6399180.0,2781.0,2,2780.0,1
rb1805,20170518,20170517,210320500,2780.0,230,9418,6399180.0,2781.0,2,2780.0,1
rb1805,20170518,20170517,210321500,2780.0,230,9418,6399180.0,2781.0,2,2780.0,1
rb1805,20170518,20170517,210322000,2780.0,230,9418,6399180.0,2781.0,2,2780.0,6
rb1805,20170518,20170517,210322500,2780.0,230,9418,6399180.0,2781.0,2,2780.0,6
rb1805,20170518,20170517,210323500,2780.0,230,9418,6399180.0,2781.0,2,2780.0,7
rb1805,20170518,20170517,210325000,2781.0,232,9420,6454800.0,2781.0,1,2780.0,9
rb1805,20170518,20170517,210331000,2781.0,232,9420,6454800.0,2781.0,1,2780.0,9
rb1805,20170518,20170517,210331500,2781.0,232,9420,6454800.0,2781.0,1,2780.0,8
rb1805,20170518,20170517,210334000,2781.0,234,9420,6510420.0,2783.0,1,2780.0,8
rb1805,20170518,20170517,210337500,2781.0,234,9420,6510420.0,2783.0,1,2780.0,9
rb1805,20170518,20170517,210338000,2781.0,234,9420,6510420.0,2781.0,1,2780.0,9
rb1805,20170518,20170517,210338500,2781.0,236,9420,6566040.0,2783.0,1,2780.0,9
rb1805,20170518,20170517,210339000,2781.0,236,9420,6566040.0,2783.0,1,2780.0,9
rb1805,20170518,20170517,210344500,2781.0,236,9420,6566040.0,2783.0,1,2780.0,9
rb1805,20170518,20170517,210345000,2781.0,236,9420,6566040.0,2783.0,1,2780.0,9
rb1805,20170518,20170517,210345500,2781.0,236,9420,6566040.0,2783.0,3,2780.0,9
rb1805,20170518,20170517,210346500,2781.0,236,9420,6566040.0,2783.0,4,2780.0,9
rb1805,20170518,20170517,210347000,2781.0,236,9420,6566040.0,2783.0,4,2781.0,1
rb1805,20170518,20170517,210348000,2781.0,236,9420,6566040.0,2782.0,1,2781.0,1
rb1805,20170518,20170517,210350500,2781.0,238,9420,6621660.0,2782.0,1,2780.0,8
rb1805,20170518,20170517,210351000,2781.0,238,9420,6621660.0,2783.0,4,2780.0,8
rb1805,20170518,20170517,210353000,2781.0,238,9420,6621660.0,2783.0,3,2780.0,8
rb1805,20170518,20170517,210356000,2781.0,238,9420,6621660.0,2783.0,3,2781.0,1
rb1805,20170518,20170517,210356500,2783.0,244,9424,6788640.0,2784.0,3,2783.0,5
rb1805,20170518,20170517,210400500,2783.0,244,9424,6788640.0,2784.0,3,2783.0,5
rb1805,20170518,20170517,210401500,2783.0,244,9424,6788640.0,2784.0,3,2783.0,5
rb1805,20170518,20170517,210402500,2783.0,244,9424,6788640.0,2784.0,3,2783.0,5
rb1805,20170518,20170517,210406500,2783.0,254,9434,7066940.0,2783.0,5,2780.0,1
rb1805,20170518,20170517,210407500,2783.0,254,9434,7066940.0,2783.0,20,2780.0,1
rb1805,20170518,20170517,210408500,2783.0,254,9434,7066940.0,2783.0,21,2780.0,1
rb1805,20170518,20170517,210411000,2783.0,268,9434,7456560.0,2783.0,14,2780.0,1
rb1805,20170518,20170517,210412000,2783.0,268,9434,7456560.0,2783.0,14,2780.0,1
rb1805,20170518,20170517,210414500,2783.0,268,9434,7456560.0,2783.0,14,2781.0,2
rb1805,20170518,20170517,210415000,2783.0,268,9434,7456560.0,2782.0,1,2781.0,1
rb1805,20170518,20170517,210417500,2783.0,268,9434,7456560.0,2782.0,1,2781.0,1
rb1805,20170518,20170517,210423500,2781.0,270,9434,7512180.0,2781.0,19,2780.0,1
rb1805,20170518,20170517,210424000,2781.0,272,9436,7567800.0,2781.0,18,2780.0,1
rb1805,20170518,20170517,210425000,2781.0,272,9436,7567800.0,2781.0,18,2780.0,1
rb1805,20170518,20170517,210427000,2781.0,272,9436,7567800.0,2781.0,18,2780.0,1
rb1805,20170518,20170517,210427500,2781.0,272,9436,7567800.0,2781.0,18,2780.0,1
rb1805,20170518,20170517,210428000,2781.0,272,9436,7567800.0,2781.0,18,2780.0,2
rb1805,20170518,20170517,210428500,2781.0,272,9436,7567800.0,2781.0,18,2780.0,2
rb1805,20170518,20170517,210431500,2781.0,272,9436,7567800.0,2781.0,18,2780.0,2
rb1805,20170518,20170517,210433000,2781.0,272,9436,7567800.0,2781.0,18,2780.0,2
rb1805,20170518,20170517,210437000,2781.0,272,9436,7567800.0,2781.0,18,2780.0,3
rb1805,20170518,20170517,210438000,2781.0,272,9436,7567800.0,2781.0,18,2780.0,3
rb1805,20170518,20170517,210440000,2781.0,272,9436,7567800.0,2781.0,18,2780.0,4
rb1805,20170518,20170517,210440500,2781.0,272,9436,7567800.0,2781.0,18,2780.0,4
rb1805,20170518,20170517,210441000,2781.0,272,9436,7567800.0,2781.0,18,2780.0,4
rb1805,20170518,20170517,210444500,2781.0,272,9436,7567800.0,2781.0,18,2780.0,4
rb1805,20170518,20170517,210453000,2781.0,272,9436,7567800.0,2781.0,18,2780.0,3
rb1805,20170518,20170517,210456000,2781.0,272,9436,7567800.0,2781.0,18,2780.0,4
rb1805,20170518,20170517,210501000,2781.0,272,9436,7567800.0,2781.0,18,2780.0,4
rb1805,20170518,20170517,210508000,2780.0,274,9436,7623400.0,2781.0,18,2780.0,3
rb1805,20170518,20170517,210511500,2780.0,274,9436,7623400.0,2781.0,18,2780.0,2
rb1805,20170518,20170517,210515500,2780.0,274,9436,7623400.0,2781.0,18,2780.0,2
rb1805,20170518,20170517,210516500,2780.0,276,9438,7679000.0,2781.0,18,2780.0,1
rb1805,20170518,20170517,210517000,2780.0,276,9438,7679000.0,2781.0,18,2780.0,2
rb1805,20170518,20170517,210517500,2780.0,280,9442,7790200.0,2780.0,16,2778.0,1
rb1805,20170518,20170517,210519500,2780.0,280,9442,7790200.0,2780.0,16,2778.0,1
rb1805,20170518,20170517,210520000,2780.0,280,9442,7790200.0,2780.0,16,2778.0,1
rb1805,20170518,20170517,210522000,2780.0,280,9442,7790200.0,2780.0,16,2778.0,1
rb1805,20170518,20170517,210523000,2780.0,280,9442,7790200.0,2780.0,16,2778.0,1
rb1805,20170518,20170517,210523500,2780.0,280,9442,7790200.0,2780.0,16,2778.0,2
rb1805,20170518,20170517,210525000,2780.0,280,9442,7790200.0,2780.0,16,2778.0,2
rb1805,20170518,20170517,210528500,2780.0,280,9442,7790200.0,2779.0,1,2778.0,2
rb1805,20170518,20170517,210529500,2780.0,280,9442,7790200.0,2779.0,1,2778.0,3
rb1805,20170518,20170517,210530500,2780.0,280,9442,7790200.0,2779.0,1,2778.0,3
rb1805,20170518,20170517,210532000,2780.0,280,9442,7790200.0,2779.0,1,2778.0,3
rb1805,20170518,20170517,210532500,2780.0,280,9442,7790200.0,2779.0,2,2778.0,3
rb1805,20170518,20170517,210533000,2778.0,286,9446,7956880.0,2778.0,7,2777.0,1
rb1805,20170518,20170517,210533500,2778.0,288,9446,8012440.0,2778.0,6,2777.0,1
rb1805,20170518,20170517,210534000,2778.0,300,9458,8345800.0,2779.0,2,2777.0,1
rb1805,20170518,20170517,210537000,2778.0,300,9458,8345800.0,2779.0,2,2777.0,1
rb1805,20170518,20170517,210537500,2778.0,300,9458,8345800.0,2779.0,2,2777.0,1
rb1805,20170518,20170517,210538500,2777.0,302,9458,8401340.0,2779.0,2,2775.0,2
rb1805,20170518,20170517,210542000,2777.0,302,9458,8401340.0,2779.0,2,2775.0,2
rb1805,20170518,20170517,210542500,2777.0,302,9458,8401340.0,2779.0,2,2775.0,2
rb1805,20170518,20170517,210543000,2777.0,302,9458,8401340.0,2779.0,2,2776.0,1
rb1805,20170518,20170517,210544000,2777.0,302,9458,8401340.0,2779.0,2,2777.0,1
rb1805,20170518,20170517,210547000,2777.0,302,9458,8401340.0,2779.0,2,2777.0,3
rb1805,20170518,20170517,210548000,2777.0,302,9458,8401340.0,2779.0,2,2777.0,1
rb1805,20170518,20170517,210548500,2777.0,302,9458,8401340.0,2779.0,2,2777.0,2
rb1805,20170518,20170517,210551000,2777.0,302,9458,8401340.0,2779.0,2,2777.0,1
rb1805,20170518,20170517,210551500,2779.0,306,9460,8512500.0,2780.0,18,2777.0,1
rb1805,20170518,20170517,210554500,2780.0,312,9466,8679300.0,2780.0,15,2777.0,1
rb1805,20170518,20170517,210555500,2780.0,312,9466,8679300.0,2780.0,15,2777.0,1
rb1805,20170518,20170517,210556000,2780.0,312,9466,8679300.0,2780.0,15,2778.0,1
rb1805,20170518,20170517,210559000,2780.0,312,9466,8679300.0,2780.0,15,2779.0,1
rb1805,20170518,20170517,210600000,2779.0,314,9468,8734880.0,2779.0,9,2778.0,1
rb1805,20170518,20170517,210601500,2779.0,324,9478,9012780.0,2779.0,4,2778.0,1
rb1805,20170518,20170517,210602500,2780.0,334,9486,9290700.0,2780.0,14,2778.0,1
rb1805,20170518,20170517,210603500,2780.0,334,9486,9290700.0,2780.0,14,2778.0,2
rb1805,20170518,20170517,210605500,2780.0,334,9486,9290700.0,2780.0,14,2779.0,1
rb1805,20170518,20170517,210608000,2779.0,336,9488,9346280.0,2779.0,9,2778.0,2
rb1805,20170518,20170517,210608500,2779.0,354,9488,9846500.0,2780.0,14,2778.0,2
rb1805,20170518,20170517,210611000,2779.0,354,9488,9846500.0,2780.0,14,2778.0,4
rb1805,20170518,20170517,210612500,2779.0,354,9488,9846500.0,2780.0,14,2778.0,4
rb1805,20170518,20170517,210613500,2778.0,356,9490,9902060.0,2780.0,15,2779.0,10
rb1805,20170518,20170517,210618000,2778.0,356,9490,9902060.0,2780.0,15,2778.0,2
rb1805,20170518,20170517,210619500,2778.0,356,9490,9902060.0,2780.0,15,2778.0,3
rb1805,20170518,20170517,210621000,2778.0,356,9490,9902060.0,2780.0,15,2779.0,1
rb1805,20170518,20170517,210621500,2780.0,358,9492,9957660.0,2780.0,14,2779.0,1
rb1805,20170518,20170517,210623000,2779.0,360,9490,10013240.0,2780.0,14,2778.0,3
rb1805,20170518,20170517,210625500,2779.0,360,9490,10013240.0,2780.0,14,2778.0,4
rb1805,20170518,20170517,210626500,2779.0,360,9490,10013240.0,2780.0,14,2778.0,4
rb1805,20170518,20170517,210630500,2779.0,360,9490,10013240.0,2780.0,14,2778.0,4
rb1805,20170518,20170517,210631000,2779.0,360,9490,10013240.0,2780.0,14,2778.0,4
rb1805,20170518,20170517,210637500,2780.0,362,9492,10068840.0,2780.0,13,2779.0,1
rb1805,20170518,20170517,210638000,2780.0,362,9492,10068840.0,2780.0,13,2779.0,1
rb1805,20170518,20170517,210638500,2780.0,362,9492,10068840.0,2780.0,13,2779.0,2
rb1805,20170518,20170517,210643500,2780.0,362,9492,10068840.0,2780.0,15,2779.0,2
rb1805,20170518,20170517,210645000,2780.0,366,9496,10180040.0,2780.0,13,2779.0,2
rb1805,20170518,20170517,210654000,2780.0,366,9496,10180040.0,2780.0,13,2779.0,2
rb1805,20170518,20170517,210654500,2780.0,366,9496,10180040.0,2780.0,13,2779.0,2
rb1805,20170518,20170517,210655500,2780.0,366,9496,10180040.0,2780.0,13,2779.0,2
rb1805,20170518,20170517,210657000,2779.0,368,9494,10235620.0,2780.0,13,2779.0,1
rb1805,20170518,20170517,210659500,2779.0,368,9494,10235620.0,2780.0,13,2779.0,2
rb1805,20170518,20170517,210701000,2779.0,368,9494,10235620.0,2780.0,13,2779.0,2
rb1805,20170518,20170517,210701500,2779.0,368,9494,10235620.0,2780.0,13,2779.0,2
rb1805,20170518,20170517,210703500,2779.0,368,9494,10235620.0,2780.0,13,2779.0,2
rb1805,20170518,20170517,210715500,2779.0,368,9494,10235620.0,2780.0,13,2779.0,2
rb1805,20170518,20170517,210716500,2780.0,370,9496,10291220.0,2780.0,12,2779.0,2
rb1805,20170518,20170517,210718000,2780.0,370,9496,10291220.0,2780.0,12,2779.0,4
rb1805,20170518,20170517,210719500,2780.0,370,9496,10291220.0,2780.0,12,2779.0,5
rb1805,20170518,20170517,210723000,2780.0,370,9496,10291220.0,2780.0,12,2779.0,5
rb1805,20170518,20170517,210724500,2780.0,370,9496,10291220.0,2780.0,12,2779.0,6
rb1805,20170518,20170517,210726000,2779.0,376,9494,10457960.0,2780.0,12,2779.0,3
rb1805,20170518,20170517,210726500,2779.0,376,9494,10457960.0,2780.0,12,2779.0,3
rb1805,20170518,20170517,210730000,2779.0,376,9494,10457960.0,2780.0,12,2779.0,3
rb1805,20170518,20170517,210733000,2779.0,376,9494,10457960.0,2780.0,12,2779.0,3
rb1805,20170518,20170517,210734500,2779.0,376,9494,10457960.0,2780.0,12,2779.0,4
rb1805,20170518,20170517,210735000,2779.0,376,9494,10457960.0,2780.0,10,2779.0,4
rb1805,20170518,20170517,210738500,2779.0,380,9492,10569120.0,2780.0,10,2779.0,2
rb1805,20170518,20170517,210741000,2779.0,380,9492,10569120.0,2780.0,10,2779.0,2
rb1805,20170518,20170517,210742000,2779.0,382,9492,10624700.0,2780.0,10,2779.0,1
rb1805,20170518,20170517,210742500,2779.0,382,9492,10624700.0,2780.0,10,2779.0,1
rb1805,20170518,20170517,210747000,2779.0,384,9492,10680280.0,2779.0,1,2778.0,3
rb1805,20170518,20170517,210748000,2779.0,384,9492,10680280.0,2780.0,10,2778.0,3
rb1805,20170518,20170517,210748500,2779.0,384,9492,10680280.0,2779.0,1,2778.0,3
rb1805,20170518,20170517,210749000,2779.0,384,9492,10680280.0,2779.0,1,2778.0,3
rb1805,20170518,20170517,210752000,2779.0,384,9492,10680280.0,2780.0,10,2778.0,3
rb1805,20170518,20170517,210752500,2779.0,384,9492,10680280.0,2780.0,10,2779.0,1
rb1805,20170518,20170517,210759500,2779.0,384,9492,10680280.0,2780.0,10,2779.0,1
rb1805,20170518,20170517,210800000,2779.0,386,9492,10735860.0,2780.0,10,2778.0,3
rb1805,20170518,20170517,210813000,2780.0,388,9494,10791460.0,2780.0,9,2778.0,3
rb1805,20170518,20170517,210814000,2780.0,388,9494,10791460.0,2780.0,9,2778.0,3
rb1805,20170518,20170517,210816000,2780.0,388,9494,10791460.0,2780.0,9,2779.0,1
rb1805,20170518,20170517,210819500,2780.0,388,9494,10791460.0,2780.0,9,2779.0,1
rb1805,20170518,20170517,210822500,2780.0,388,9494,10791460.0,2780.0,9,2779.0,1
rb1805,20170518,20170517,210826500,2780.0,388,9494,10791460.0,2780.0,9,2779.0,1
rb1805,20170518,20170517,210829500,2779.0,390,9494,10847040.0,2780.0,9,2778.0,3
rb1805,20170518,20170517,210834000,2778.0,396,9494,11013720.0,2780.0,9,2777.0,8
rb1805,20170518,20170517,210834500,2778.0,396,9494,11013720.0,2779.0,5,2777.0,8
rb1805,20170518,20170517,210837000,2778.0,396,9494,11013720.0,2779.0,5,2777.0,8
rb1805,20170518,20170517,210841000,2778.0,396,9494,11013720.0,2779.0,5,2777.0,8
rb1805,20170518,20170517,210843000,2779.0,398,9496,11069300.0,2779.0,4,2777.0,8
rb1805,20170518,20170517,210844000,2777.0,400,9496,11124840.0,2779.0,4,2777.0,7
rb1805,20170518,20170517,210844500,2777.0,400,9496,11124840.0,2779.0,4,2777.0,2
rb1805,20170518,20170517,210848500,2777.0,400,9496,11124840.0,2779.0,4,2777.0,3
rb1805,20170518,20170517,210849000,2777.0,402,9496,11180380.0,2779.0,4,2777.0,2
rb1805,20170518,20170517,210850500,2777.0,402,9496,11180380.0,2779.0,4,2777.0,2
rb1805,20170518,20170517,210853000,2777.0,402,9496,11180380.0,2778.0,10,2777.0,2
rb1805,20170518,20170517,210855000,2777.0,402,9496,11180380.0,2778.0,10,2777.0,2
rb1805,20170518,20170517,210901000,2777.0,404,9496,11235920.0,2778.0,10,2776.0,6
rb1805,20170518,20170517,210904500,2776.0,406,9496,11291440.0,2778.0,10,2776.0,5
rb1805,20170518,20170517,210907500,2776.0,406,9496,11291440.0,2778.0,10,2776.0,6
rb1805,20170518,20170517,210915000,2776.0,406,9496,11291440.0,2778.0,10,2776.0,6
rb1805,20170518,20170517,210916000,2776.0,406,9496,11291440.0,2778.0,10,2776.0,7
rb1805,20170518,20170517,210917500,2776.0,406,9496,11291440.0,2778.0,10,2776.0,7
rb1805,20170518,20170517,210919000,2776.0,406,9496,11291440.0,2777.0,5,2776.0,7
rb1805,20170518,20170517,210923000,2776.0,406,9496,11291440.0,2777.0,5,2776.0,7
rb1805,20170518,20170517,210924500,2776.0,406,9496,11291440.0,2777.0,5,2776.0,6
rb1805,20170518,20170517,210926500,2776.0,418,9506,11624560.0,2777.0,5,2775.0,8
rb1805,20170518,20170517,210927500,2776.0,418,9506,11624560.0,2776.0,4,2775.0,8
rb1805,20170518,20170517,210931500,2776.0,418,9506,11624560.0,2776.0,4,2775.0,8
rb1805,20170518,20170517,210934000,2776.0,418,9506,11624560.0,2776.0,4,2775.0,8
rb1805,20170518,20170517,210936500,2776.0,418,9506,11624560.0,2776.0,4,2775.0,3
rb1805,20170518,20170517,210938500,2776.0,418,9506,11624560.0,2776.0,4,2775.0,1
rb1805,20170518,20170517,210941500,2776.0,420,9508,11680080.0,2776.0,3,2775.0,1
rb1805,20170518,20170517,210944500,2776.0,420,9508,11680080.0,2776.0,3,2775.0,1
rb1805,20170518,20170517,210945000,2776.0,422,9510,11735600.0,2776.0,2,2775.0,1
rb1805,20170518,20170517,210947000,2776.0,422,9510,11735600.0,2776.0,2,2775.0,1
rb1805,20170518,20170517,210947500,2775.0,424,9512,11791100.0,2776.0,2,2774.0,1
rb1805,20170518,20170517,210948000,2776.0,426,9514,11846620.0,2776.0,1,2774.0,1
rb1805,20170518,20170517,210949000,2776.0,426,9514,11846620.0,2776.0,1,2775.0,1
rb1805,20170518,20170517,210949500,2776.0,426,9514,11846620.0,2776.0,1,2775.0,1
rb1805,20170518,20170517,210950000,2776.0,428,9516,11902140.0,2777.0,5,2776.0,1
rb1805,20170518,20170517,210951000,2776.0,428,9516,11902140.0,2777.0,5,2776.0,1
rb1805,20170518,20170517,210957000,2776.0,430,9518,11957660.0,2776.0,9,2775.0,1
rb1805,20170518,20170517,210958000,2776.0,430,9518,11957660.0,2776.0,9,2775.0,1
rb1805,20170518,20170517,210959500,2776.0,430,9518,11957660.0,2776.0,9,2775.0,1
rb1805,20170518,20170517,211000500,2776.0,430,9518,11957660.0,2776.0,9,2775.0,2
rb1805,20170518,20170517,211004000,2775.0,434,9516,12068660.0,2775.0,8,2774.0,1
rb1805,20170518,20170517,211005000,2776.0,454,9500,12623700.0,2776.0,7,2774.0,1
rb1805,20170518,20170517,211009500,2776.0,454,9500,12623700.0,2776.0,7,2774.0,1
rb1805,20170518,20170517,211010000,2776.0,460,9500,12790260.0,2776.0,4,2774.0,1
rb1805,20170518,20170517,211027000,2774.0,462,9502,12845740.0,2776.0,4,2772.0,1
rb1805,20170518,20170517,211027500,2774.0,462,9502,12845740.0,2776.0,4,2772.0,2
rb1805,20170518,20170517,211030000,2774.0,462,9502,12845740.0,2776.0,4,2773.0,5
rb1805,20170518,20170517,211030500,2774.0,462,9502,12845740.0,2776.0,4,2772.0,2
rb1805,20170518,20170517,211031500,2774.0,462,9502,12845740.0,2776.0,4,2772.0,3
rb1805,20170518,20170517,211033000,2774.0,462,9502,12845740.0,2776.0,4,2773.0,5
rb1805,20170518,20170517,211034000,2774.0,462,9502,12845740.0,2776.0,4,2773.0,5
rb1805,20170518,20170517,211037000,2774.0,462,9502,12845740.0,2776.0,4,2773.0,1
rb1805,20170518,20170517,211041000,2774.0,462,9502,12845740.0,2776.0,4,2773.0,1
rb1805,20170518,20170517,211043000,2773.0,464,9502,12901200.0,2776.0,4,2772.0,5
rb1805,20170518,20170517,211043500,2773.0,464,9502,12901200.0,2776.0,4,2773.0,5
rb1805,20170518,20170517,211047500,2773.0,464,9502,12901200.0,2776.0,4,2772.0,5
rb1805,20170518,20170517,211049500,2773.0,464,9502,12901200.0,2776.0,4,2773.0,5
rb1805,20170518,20170517,211050000,2773.0,464,9502,12901200.0,2775.0,4,2773.0,5
rb1805,20170518,20170517,211051500,2773.0,464,9502,12901200.0,2775.0,4,2773.0,5
rb1805,20170518,20170517,211053000,2773.0,464,9502,12901200.0,2775.0,4,2772.0,5
rb1805,20170518,20170517,211055000,2773.0,464,9502,12901200.0,2775.0,4,2772.0,5
rb1805,20170518,20170517,211055500,2773.0,464,9502,12901200.0,2775.0,4,2773.0,5
rb1805,20170518,20170517,211056000,2773.0,464,9502,12901200.0,2775.0,4,2772.0,5
rb1805,20170518,20170517,211057000,2773.0,464,9502,12901200.0,2775.0,4,2772.0,6
rb1805,20170518,20170517,211058000,2773.0,464,9502,12901200.0,2775.0,4,2772.0,7
rb1805,20170518,20170517,211100000,2773.0,464,9502,12901200.0,2775.0,4,2772.0,8
rb1805,20170518,20170517,211100500,2773.0,464,9502,12901200.0,2775.0,4,2773.0,5
rb1805,20170518,20170517,211101000,2773.0,464,9502,12901200.0,2775.0,4,2773.0,5
rb1805,20170518,20170517,211102500,2773.0,464,9502,12901200.0,2775.0,4,2773.0,5
rb1805,20170518,20170517,211103000,2773.0,464,9502,12901200.0,2775.0,14,2773.0,5
rb1805,20170518,20170517,211105000,2773.0,466,9504,12956660.0,2775.0,14,2773.0,4
rb1805,20170518,20170517,211106500,2773.0,466,9504,12956660.0,2775.0,14,2773.0,4
rb1805,20170518,20170517,211108500,2773.0,466,9504,12956660.0,2775.0,14,2773.0,4
rb1805,20170518,20170517,211110500,2773.0,466,9504,12956660.0,2775.0,14,2773.0,5
rb1805,20170518,20170517,211111500,2773.0,472,9510,13123040.0,2775.0,14,2773.0,2
rb1805,20170518,20170517,211113000,2773.0,472,9510,13123040.0,2775.0,14,2773.0,2
rb1805,20170518,20170517,211113500,2773.0,474,9510,13178500.0,2775.0,14,2773.0,1
rb1805,20170518,20170517,211117500,2773.0,474,9510,13178500.0,2775.0,14,2773.0,1
rb1805,20170518,20170517,211118000,2773.0,474,9510,13178500.0,2775.0,14,2773.0,1
rb1805,20170518,20170517,211118500,2773.0,474,9510,13178500.0,2775.0,14,2773.0,1
rb1805,20170518,20170517,211120500,2773.0,474,9510,13178500.0,2775.0,14,2773.0,1
rb1805,20170518,20170517,211121500,2773.0,474,9510,13178500.0,2775.0,14,2773.0,2
rb1805,20170518,20170517,211124500,2775.0,476,9512,13234000.0,2775.0,13,2773.0,2
rb1805,20170518,20170517,211126500,2775.0,476,9512,13234000.0,2775.0,13,2773.0,2
rb1805,20170518,20170517,211127000,2775.0,476,9512,13234000.0,2775.0,13,2773.0,3
rb1805,20170518,20170517,211127500,2775.0,476,9512,13234000.0,2775.0,13,2773.0,4
rb1805,20170518,20170517,211129000,2775.0,478,9514,13289500.0,2775.0,12,2773.0,4
rb1805,20170518,20170517,211129500,2775.0,478,9514,13289500.0,2775.0,12,2773.0,4
rb1805,20170518,20170517,211132000,2775.0,478,9514,13289500.0,2775.0,12,2773.0,4
rb1805,20170518,20170517,211133000,2775.0,478,9514,13289500.0,2775.0,12,2773.0,4
rb1805,20170518,20170517,211136000,2773.0,482,9514,13400420.0,2775.0,12,2773.0,2
rb1805,20170518,20170517,211137000,2773.0,482,9514,13400420.0,2775.0,12,2773.0,2
rb1805,20170518,20170517,211137500,2773.0,486,9518,13511340.0,2773.0,2,2772.0,5
rb1805,20170518,20170517,211138000,2773.0,490,9522,13622260.0,2775.0,12,2772.0,5
rb1805,20170518,20170517,211140500,2773.0,490,9522,13622260.0,2775.0,12,2774.0,1
rb1805,20170518,20170517,211142500,2774.0,492,9522,13677740.0,2775.0,12,2772.0,5
rb1805,20170518,20170517,211144000,2774.0,492,9522,13677740.0,2775.0,12,2773.0,1
rb1805,20170518,20170517,211145000,2774.0,492,9522,13677740.0,2775.0,12,2773.0,1
rb1805,20170518,20170517,211148500,2774.0,492,9522,13677740.0,2775.0,12,2772.0,6
rb1805,20170518,20170517,211202000,2775.0,508,9538,14121740.0,2775.0,4,2772.0,6
rb1805,20170518,20170517,211203000,2775.0,510,9538,14177240.0,2775.0,3,2772.0,6
rb1805,20170518,20170517,211203500,2775.0,510,9538,14177240.0,2774.0,8,2772.0,6
rb1805,20170518,20170517,211204000,2775.0,510,9538,14177240.0,2774.0,8,2773.0,1
rb1805,20170518,20170517,211204500,2775.0,510,9538,14177240.0,2774.0,8,2773.0,1
rb1805,20170518,20170517,211205000,2775.0,510,9538,14177240.0,2774.0,8,2772.0,5
rb1805,20170518,20170517,211208500,2774.0,516,9538,14343680.0,2774.0,5,2772.0,5
rb1805,20170518,20170517,211211000,2774.0,516,9538,14343680.0,2774.0,5,2772.0,5
rb1805,20170518,20170517,211215000,2774.0,516,9538,14343680.0,2774.0,5,2773.0,3
rb1805,20170518,20170517,211217000,2774.0,520,9538,14454640.0,2774.0,3,2773.0,3
rb1805,20170518,20170517,211220500,2774.0,520,9538,14454640.0,2774.0,3,2773.0,3
rb1805,20170518,20170517,211222500,2774.0,522,9536,14510120.0,2774.0,2,2773.0,3
rb1805,20170518,20170517,211226000,2774.0,522,9536,14510120.0,2774.0,2,2772.0,5
rb1805,20170518,20170517,211227500,2774.0,522,9536,14510120.0,2774.0,2,2773.0,1
rb1805,20170518,20170517,211228000,2774.0,522,9536,14510120.0,2774.0,2,2773.0,1
rb1805,20170518,20170517,211228500,2774.0,522,9536,14510120.0,2774.0,2,2773.0,1
rb1805,20170518,20170517,211229000,2774.0,522,9536,14510120.0,2774.0,2,2773.0,1
rb1805,20170518,20170517,211231000,2774.0,526,9536,14621080.0,2775.0,3,2773.0,1
rb1805,20170518,20170517,211232500,2774.0,526,9536,14621080.0,2775.0,3,2773.0,1
rb1805,20170518,20170517,211235500,2774.0,526,9536,14621080.0,2775.0,3,2773.0,2
rb1805,20170518,20170517,211241500,2774.0,526,9536,14621080.0,2775.0,3,2773.0,3
rb1805,20170518,20170517,211243000,2775.0,528,9538,14676580.0,2775.0,2,2773.0,3
rb1805,20170518,20170517,211245000,2773.0,534,9544,14842960.0,2773.0,17,2772.0,5
rb1805,20170518,20170517,211245500,2773.0,544,9550,15120260.0,2773.0,12,2772.0,5
rb1805,20170518,20170517,211247000,2773.0,544,9550,15120260.0,2773.0,12,2772.0,5
rb1805,20170518,20170517,211249000,2773.0,546,9552,15175720.0,2773.0,11,2772.0,5
rb1805,20170518,20170517,211249500,2773.0,546,9552,15175720.0,2773.0,11,2772.0,5
rb1805,20170518,20170517,211250500,2773.0,550,9556,15286640.0,2773.0,9,2772.0,5
rb1805,20170518,20170517,211251500,2773.0,560,9556,15563940.0,2773.0,4,2772.0,5
rb1805,20170518,20170517,211253500,2773.0,564,9556,15674860.0,2773.0,2,2772.0,4
rb1805,20170518,20170517,211254000,2773.0,568,9560,15785780.0,2775.0,2,2772.0,4
rb1805,20170518,20170517,211256000,2772.0,570,9558,15841220.0,2775.0,2,2772.0,3
rb1805,20170518,20170517,211256500,2772.0,570,9558,15841220.0,2775.0,2,2772.0,2
rb1805,20170518,20170517,211257500,2772.0,574,9558,15952100.0,2772.0,1,2771.0,5
rb1805,20170518,20170517,211258000,2772.0,576,9558,16007540.0,2775.0,2,2772.0,1
rb1805,20170518,20170517,211300500,2772.0,576,9558,16007540.0,2775.0,2,2772.0,1
rb1805,20170518,20170517,211301000,2772.0,576,9558,16007540.0,2775.0,2,2772.0,6
rb1805,20170518,20170517,211302000,2772.0,576,9558,16007540.0,2775.0,2,2772.0,6
rb1805,20170518,20170517,211305000,2772.0,576,9558,16007540.0,2775.0,2,2772.0,6
rb1805,20170518,20170517,211308500,2772.0,576,9558,16007540.0,2775.0,2,2772.0,7
rb1805,20170518,20170517,211310000,2772.0,576,9558,16007540.0,2775.0,2,2773.0,1
rb1805,20170518,20170517,211310500,2772.0,576,9558,16007540.0,2775.0,2,2774.0,1
rb1805,20170518,20170517,211311000,2772.0,576,9558,16007540.0,2775.0,2,2774.0,1
rb1805,20170518,20170517,211311500,2772.0,576,9558,16007540.0,2775.0,2,2774.0,1
rb1805,20170518,20170517,211312500,2772.0,576,9558,16007540.0,2775.0,2,2774.0,1
rb1805,20170518,20170517,211313000,2772.0,576,9558,16007540.0,2775.0,2,2774.0,1
rb1805,20170518,20170517,211313500,2772.0,576,9558,16007540.0,2775.0,2,2774.0,1
rb1805,20170518,20170517,211315500,2775.0,580,9562,16118540.0,2776.0,14,2775.0,20
rb1805,20170518,20170517,211316000,2775.0,580,9562,16118540.0,2776.0,14,2775.0,20
rb1805,20170518,20170517,211317000,2776.0,582,9564,16174060.0,2776.0,13,2775.0,25
rb1805,20170518,20170517,211318500,2776.0,602,9570,16729260.0,2776.0,3,2775.0,25
rb1805,20170518,20170517,211319000,2776.0,604,9570,16784780.0,2776.0,2,2775.0,25
rb1805,20170518,20170517,211320500,2776.0,608,9570,16895820.0,2777.0,11,2775.0,20
rb1805,20170518,20170517,211328000,2776.0,608,9570,16895820.0,2777.0,11,2775.0,20
rb1805,20170518,20170517,211330000,2776.0,608,9570,16895820.0,2777.0,11,2776.0,2
rb1805,20170518,20170517,211335500,2776.0,610,9570,16951340.0,2777.0,11,2776.0,1
rb1805,20170518,20170517,211336000,2776.0,612,9572,17006860.0,2777.0,11,2775.0,20
rb1805,20170518,20170517,211341000,2776.0,612,9572,17006860.0,2777.0,11,2775.0,20
rb1805,20170518,20170517,211342000,2776.0,612,9572,17006860.0,2777.0,11,2775.0,20
rb1805,20170518,20170517,211342500,2776.0,612,9572,17006860.0,2777.0,11,2776.0,2
rb1805,20170518,20170517,211343500,2776.0,612,9572,17006860.0,2777.0,11,2776.0,2
rb1805,20170518,20170517,211344500,2776.0,612,9572,17006860.0,2777.0,11,2776.0,3
rb1805,20170518,20170517,211345000,2776.0,612,9572,17006860.0,2777.0,11,2776.0,3
rb1805,20170518,20170517,211348000,2776.0,612,9572,17006860.0,2777.0,11,2776.0,4
rb1805,20170518,20170517,211349500,2776.0,612,9572,17006860.0,2777.0,11,2776.0,5
rb1805,20170518,20170517,211354500,2776.0,612,9572,17006860.0,2777.0,11,2776.0,5
rb1805,20170518,20170517,211358000,2776.0,612,9572,17006860.0,2777.0,11,2776.0,5
rb1805,20170518,20170517,211359500,2776.0,622,9582,17284460.0,2777.0,11,2775.0,21
rb1805,20170518,20170517,211401500,2776.0,622,9582,17284460.0,2777.0,11,2775.0,21
rb1805,20170518,20170517,211402500,2777.0,634,9582,17617700.0,2777.0,5,2776.0,1
rb1805,20170518,20170517,211404000,2777.0,634,9582,17617700.0,2777.0,5,2776.0,1
rb1805,20170518,20170517,211406000,2777.0,638,9582,17728780.0,2777.0,3,2776.0,1
rb1805,20170518,20170517,211406500,2777.0,638,9582,17728780.0,2777.0,3,2776.0,1
rb1805,20170518,20170517,211409000,2777.0,640,9580,17784320.0,2777.0,2,2776.0,1
rb1805,20170518,20170517,211409500,2777.0,642,9580,17839860.0,2777.0,1,2776.0,1
rb1805,20170518,20170517,211410000,2777.0,642,9580,17839860.0,2777.0,1,2776.0,1
rb1805,20170518,20170517,211412000,2777.0,642,9580,17839860.0,2777.0,1,2776.0,1
rb1805,20170518,20170517,211412500,2777.0,644,9580,17895400.0,2780.0,9,2776.0,1
rb1805,20170518,20170517,211419500,2777.0,644,9580,17895400.0,2779.0,1,2776.0,1
rb1805,20170518,20170517,211423500,2777.0,644,9580,17895400.0,2779.0,1,2775.0,21
rb1805,20170518,20170517,211424000,2777.0,644,9580,17895400.0,2779.0,11,2775.0,21
rb1805,20170518,20170517,211424500,2779.0,646,9582,17950980.0,2779.0,10,2775.0,21
rb1805,20170518,20170517,211425000,2779.0,646,9582,17950980.0,2779.0,10,2776.0,1
rb1805,20170518,20170517,211425500,2779.0,646,9582,17950980.0,2779.0,10,2777.0,1
rb1805,20170518,20170517,211426000,2779.0,646,9582,17950980.0,2779.0,10,2777.0,1
rb1805,20170518,20170517,211427000,2779.0,646,9582,17950980.0,2779.0,10,2777.0,2
rb1805,20170518,20170517,211427500,2779.0,646,9582,17950980.0,2779.0,10,2777.0,1
rb1805,20170518,20170517,211428000,2779.0,648,9584,18006560.0,2779.0,9,2777.0,1
rb1805,20170518,20170517,211431500,2779.0,648,9584,18006560.0,2779.0,9,2777.0,1
rb1805,20170518,20170517,211433000,2779.0,654,9590,18173300.0,2779.0,6,2777.0,1
rb1805,20170518,20170517,211434500,2779.0,656,9592,18228880.0,2779.0,5,2777.0,1
rb1805,20170518,20170517,211435500,2779.0,658,9594,18284460.0,2779.0,4,2777.0,1
rb1805,20170518,20170517,211438000,2779.0,666,9594,18506780.0,2780.0,9,2779.0,1
rb1805,20170518,20170517,211438500,2779.0,666,9594,18506780.0,2780.0,9,2779.0,1
rb1805,20170518,20170517,211440000,2779.0,668,9592,18562360.0,2780.0,9,2777.0,2
rb1805,20170518,20170517,211448500,2779.0,668,9592,18562360.0,2780.0,9,2777.0,2
rb1805,20170518,20170517,211449000,2779.0,668,9592,18562360.0,2780.0,9,2777.0,2
rb1805,20170518,20170517,211449500,2779.0,668,9592,18562360.0,2779.0,1,2778.0,1
rb1805,20170518,20170517,211451500,2779.0,668,9592,18562360.0,2779.0,1,2778.0,1
rb1805,20170518,20170517,211454000,2779.0,668,9592,18562360.0,2779.0,6,2778.0,1
rb1805,20170518,20170517,211457000,2779.0,668,9592,18562360.0,2778.0,1,2777.0,3
rb1805,20170518,20170517,211457500,2778.0,670,9592,18617920.0,2779.0,6,2777.0,3
rb1805,20170518,20170517,211459000,2778.0,670,9592,18617920.0,2779.0,6,2777.0,4
rb1805,20170518,20170517,211500000,2778.0,670,9592,18617920.0,2779.0,6,2778.0,4
rb1805,20170518,20170517,211500500,2779.0,678,9598,18840240.0,2779.0,2,2778.0,1
rb1805,20170518,20170517,211501500,2779.0,682,9602,18951400.0,2780.0,18,2778.0,1
rb1805,20170518,20170517,211502000,2779.0,682,9602,18951400.0,2780.0,18,2777.0,4
rb1805,20170518,20170517,211502500,2779.0,682,9602,18951400.0,2780.0,18,2779.0,5
rb1805,20170518,20170517,211504000,2779.0,682,9602,18951400.0,2780.0,18,2779.0,13
rb1805,20170518,20170517,211504500,2779.0,682,9602,18951400.0,2780.0,18,2779.0,13
rb1805,20170518,20170517,211505500,2779.0,682,9602,18951400.0,2780.0,18,2779.0,8
rb1805,20170518,20170517,211507500,2779.0,690,9602,19173720.0,2780.0,18,2779.0,4
rb1805,20170518,20170517,211508000,2779.0,692,9602,19229300.0,2780.0,18,2779.0,3
rb1805,20170518,20170517,211509000,2779.0,692,9602,19229300.0,2780.0,18,2779.0,3
rb1805,20170518,20170517,211512000,2779.0,694,9602,19284880.0,2780.0,18,2779.0,2
rb1805,20170518,20170517,211512500,2779.0,698,9606,19396040.0,2779.0,7,2778.0,1
rb1805,20170518,20170517,211520000,2779.0,698,9606,19396040.0,2779.0,7,2778.0,1
rb1805,20170518,20170517,211522000,2779.0,698,9606,19396040.0,2779.0,7,2778.0,1
rb1805,20170518,20170517,211525500,2779.0,712,9620,19785100.0,2780.0,10,2778.0,1
rb1805,20170518,20170517,211527500,2779.0,712,9620,19785100.0,2780.0,10,2778.0,1
rb1805,20170518,20170517,211530000,2779.0,712,9620,19785100.0,2780.0,10,2778.0,2
rb1805,20170518,20170517,211534000,2779.0,712,9620,19785100.0,2780.0,10,2778.0,3
rb1805,20170518,20170517,211538000,2779.0,712,9620,19785100.0,2780.0,10,2778.0,3
rb1805,20170518,20170517,211541000,2779.0,712,9620,19785100.0,2780.0,10,2778.0,4
rb1805,20170518,20170517,211544500,2779.0,712,9620,19785100.0,2780.0,11,2778.0,4
rb1805,20170518,20170517,211545000,2779.0,712,9620,19785100.0,2780.0,12,2778.0,4
rb1805,20170518,20170517,211545500,2779.0,712,9620,19785100.0,2780.0,12,2778.0,4
rb1805,20170518,20170517,211547000,2779.0,712,9620,19785100.0,2780.0,12,2778.0,3
rb1805,20170518,20170517,211550000,2779.0,712,9620,19785100.0,2779.0,1,2778.0,3
rb1805,20170518,20170517,211552500,2779.0,712,9620,19785100.0,2780.0,12,2778.0,3
rb1805,20170518,20170517,211555500,2779.0,712,9620,19785100.0,2780.0,12,2779.0,1
rb1805,20170518,20170517,211556000,2779.0,712,9620,19785100.0,2780.0,17,2779.0,1
rb1805,20170518,20170517,211603000,2779.0,712,9620,19785100.0,2780.0,17,2779.0,1
rb1805,20170518,20170517,211604000,2779.0,714,9620,19840680.0,2780.0,17,2778.0,2
rb1805,20170518,20170517,211604500,2779.0,714,9620,19840680.0,2779.0,1,2778.0,2
rb1805,20170518,20170517,211609000,2779.0,716,9622,19896260.0,2780.0,17,2779.0,1
rb1805,20170518,20170517,211611000,2779.0,718,9624,19951840.0,2779.0,4,2778.0,1
rb1805,20170518,20170517,211619500,2779.0,718,9624,19951840.0,2779.0,4,2778.0,1
rb1805,20170518,20170517,211622000,2778.0,720,9626,20007400.0,2778.0,19,2777.0,4
rb1805,20170518,20170517,211624500,2778.0,720,9626,20007400.0,2778.0,20,2777.0,4
rb1805,20170518,20170517,211625000,2778.0,720,9626,20007400.0,2778.0,20,2777.0,4
rb1805,20170518,20170517,211629000,2778.0,722,9628,20062960.0,2778.0,19,2777.0,4
rb1805,20170518,20170517,211630500,2778.0,722,9628,20062960.0,2778.0,19,2777.0,4
rb1805,20170518,20170517,211636000,2778.0,722,9628,20062960.0,2778.0,20,2777.0,4
rb1805,20170518,20170517,211636500,2778.0,722,9628,20062960.0,2778.0,19,2777.0,4
rb1805,20170518,20170517,211637000,2778.0,722,9628,20062960.0,2778.0,19,2777.0,4
rb1805,20170518,20170517,211639500,2777.0,724,9628,20118500.0,2778.0,19,2777.0,3
rb1805,20170518,20170517,211644000,2777.0,724,9628,20118500.0,2778.0,19,2777.0,3
rb1805,20170518,20170517,211650500,2777.0,724,9628,20118500.0,2778.0,19,2777.0,3
rb1805,20170518,20170517,211653500,2778.0,734,9638,20396300.0,2778.0,14,2777.0,3
rb1805,20170518,20170517,211657500,2777.0,740,9638,20562920.0,2777.0,5,2775.0,21
rb1805,20170518,20170517,211658000,2777.0,750,9638,20840620.0,2778.0,14,2775.0,21
rb1805,20170518,20170517,211658500,2777.0,750,9638,20840620.0,2778.0,14,2775.0,21
rb1805,20170518,20170517,211702500,2777.0,750,9638,20840620.0,2778.0,14,2775.0,21
rb1805,20170518,20170517,211709000,2778.0,778,9666,21618460.0,2780.0,16,2778.0,21
rb1805,20170518,20170517,211713000,2778.0,780,9666,21674020.0,2780.0,16,2778.0,20
rb1805,20170518,20170517,211722500,2778.0,780,9666,21674020.0,2780.0,16,2778.0,20
rb1805,20170518,20170517,211726500,2778.0,800,9686,22229620.0,2780.0,16,2778.0,10
rb1805,20170518,20170517,211729000,2778.0,800,9686,22229620.0,2780.0,16,2778.0,10
rb1805,20170518,20170517,211729500,2778.0,820,9698,22785220.0,2778.0,4,2777.0,1
rb1805,20170518,20170517,211731500,2778.0,820,9698,22785220.0,2778.0,4,2777.0,1
rb1805,20170518,20170517,211742500,2777.0,822,9698,22840760.0,2778.0,4,2775.0,21
rb1805,20170518,20170517,211743500,2777.0,822,9698,22840760.0,2778.0,4,2775.0,21
rb1805,20170518,20170517,211747500,2777.0,822,9698,22840760.0,2779.0,1,2775.0,21
rb1805,20170518,20170517,211749500,2777.0,822,9698,22840760.0,2779.0,1,2776.0,1
rb1805,20170518,20170517,211753000,2777.0,822,9698,22840760.0,2779.0,1,2776.0,1
rb1805,20170518,20170517,211753500,2777.0,822,9698,22840760.0,2779.0,6,2776.0,1
rb1805,20170518,20170517,211754000,2777.0,822,9698,22840760.0,2779.0,6,2776.0,11
rb1805,20170518,20170517,211755000,2777.0,822,9698,22840760.0,2779.0,6,2776.0,11
rb1805,20170518,20170517,211755500,2777.0,822,9698,22840760.0,2779.0,7,2776.0,11
rb1805,20170518,20170517,211756500,2777.0,822,9698,22840760.0,2779.0,7,2776.0,11
rb1805,20170518,20170517,211758500,2777.0,822,9698,22840760.0,2778.0,10,2776.0,11
rb1805,20170518,20170517,211802500,2777.0,822,9698,22840760.0,2778.0,10,2776.0,11
rb1805,20170518,20170517,211803500,2777.0,822,9698,22840760.0,2778.0,10,2776.0,11
rb1805,20170518,20170517,211807000,2778.0,824,9700,22896320.0,2778.0,9,2776.0,11
rb1805,20170518,20170517,211807500,2778.0,824,9700,22896320.0,2778.0,29,2776.0,11
rb1805,20170518,20170517,211813500,2778.0,824,9700,22896320.0,2778.0,29,2776.0,12
rb1805,20170518,20170517,211814000,2778.0,824,9700,22896320.0,2778.0,29,2776.0,12
rb1805,20170518,20170517,211826500,2778.0,824,9700,22896320.0,2778.0,29,2776.0,12
rb1805,20170518,20170517,211828000,2778.0,826,9702,22951880.0,2778.0,28,2776.0,12
rb1805,20170518,20170517,211833500,2776.0,846,9704,23507080.0,2778.0,28,2776.0,2
rb1805,20170518,20170517,211841500,2776.0,846,9704,23507080.0,2778.0,28,2776.0,2
rb1805,20170518,20170517,211842000,2778.0,852,9710,23673760.0,2778.0,25,2776.0,2
rb1805,20170518,20170517,211842500,2778.0,852,9710,23673760.0,2778.0,25,2777.0,1
rb1805,20170518,20170517,211843000,2778.0,854,9712,23729320.0,2778.0,24,2777.0,1
rb1805,20170518,20170517,211844000,2778.0,856,9714,23784880.0,2778.0,23,2777.0,1
rb1805,20170518,20170517,211844500,2778.0,864,9722,24007120.0,2778.0,19,2777.0,1
rb1805,20170518,20170517,211845000,2778.0,866,9724,24062680.0,2778.0,18,2777.0,1
rb1805,20170518,20170517,211849000,2778.0,868,9726,24118240.0,2778.0,17,2777.0,1
rb1805,20170518,20170517,211849500,2778.0,868,9726,24118240.0,2778.0,17,2776.0,2
rb1805,20170518,20170517,211850500,2778.0,868,9726,24118240.0,2777.0,6,2776.0,2
rb1805,20170518,20170517,211852000,2777.0,870,9726,24173780.0,2777.0,5,2776.0,2
rb1805,20170518,20170517,211852500,2777.0,872,9728,24229320.0,2777.0,4,2776.0,2
rb1805,20170518,20170517,211853000,2777.0,880,9736,24451480.0,2778.0,17,2776.0,2
rb1805,20170518,20170517,211853500,2778.0,886,9742,24618160.0,2778.0,14,2776.0,2
rb1805,20170518,20170517,211854000,2778.0,896,9752,24895960.0,2778.0,9,2776.0,2
rb1805,20170518,20170517,211855000,2778.0,896,9752,24895960.0,2778.0,9,2776.0,2
rb1805,20170518,20170517,211856500,2778.0,896,9752,24895960.0,2778.0,9,2777.0,1
rb1805,20170518,20170517,211902500,2778.0,896,9752,24895960.0,2778.0,9,2777.0,1
rb1805,20170518,20170517,211905500,2778.0,896,9752,24895960.0,2778.0,9,2777.0,2
rb1805,20170518,20170517,211914000,2778.0,896,9752,24895960.0,2778.0,9,2777.0,2
rb1805,20170518,20170517,211914500,2778.0,898,9752,24951520.0,2778.0,8,2777.0,2
rb1805,20170518,20170517,211915000,2778.0,908,9752,25229320.0,2778.0,3,2777.0,2
rb1805,20170518,20170517,211918500,2778.0,910,9754,25284880.0,2778.0,2,2777.0,2
rb1805,20170518,20170517,211921000,2778.0,910,9754,25284880.0,2778.0,3,2777.0,2
rb1805,20170518,20170517,211926000,2778.0,910,9754,25284880.0,2778.0,3,2777.0,3
rb1805,20170518,20170517,211928000,2777.0,914,9752,25395960.0,2778.0,3,2777.0,1
rb1805,20170518,20170517,211931500,2777.0,914,9752,25395960.0,2778.0,2,2777.0,1
rb1805,20170518,20170517,211936500,2777.0,916,9752,25451500.0,2778.0,2,2776.0,1
rb1805,20170518,20170517,211939000,2777.0,916,9752,25451500.0,2778.0,2,2776.0,2
rb1805,20170518,20170517,211941500,2776.0,918,9752,25507020.0,2778.0,2,2776.0,1
rb1805,20170518,20170517,211942500,2778.0,922,9756,25618140.0,2779.0,1,2776.0,1
rb1805,20170518,20170517,211943000,2778.0,922,9756,25618140.0,2779.0,1,2778.0,5
rb1805,20170518,20170517,211947500,2778.0,924,9754,25673700.0,2780.0,15,2776.0,1
rb1805,20170518,20170517,211949000,2778.0,924,9754,25673700.0,2780.0,15,2776.0,2
rb1805,20170518,20170517,211953500,2778.0,924,9754,25673700.0,2780.0,10,2776.0,2
rb1805,20170518,20170517,211954500,2778.0,924,9754,25673700.0,2780.0,10,2778.0,1
rb1805,20170518,20170517,211955000,2778.0,924,9754,25673700.0,2780.0,10,2778.0,1
rb1805,20170518,20170517,211958500,2778.0,924,9754,25673700.0,2779.0,7,2778.0,1
rb1805,20170518,20170517,211959000,2778.0,924,9754,25673700.0,2779.0,7,2778.0,1
rb1805,20170518,20170517,212004000,2778.0,924,9754,25673700.0,2779.0,9,2778.0,1
rb1805,20170518,20170517,212014000,2778.0,926,9756,25729260.0,2779.0,9,2776.0,2
rb1805,20170518,20170517,212018000,2779.0,936,9766,26007160.0,2779.0,4,2776.0,2
rb1805,20170518,20170517,212024000,2779.0,944,9770,26229480.0,2780.0,10,2779.0,1
rb1805,20170518,20170517,212026500,2779.0,946,9772,26285060.0,2780.0,10,2776.0,2
rb1805,20170518,20170517,212027500,2779.0,946,9772,26285060.0,2780.0,10,2776.0,7
rb1805,20170518,20170517,212030000,2779.0,946,9772,26285060.0,2780.0,10,2776.0,7
rb1805,20170518,20170517,212040000,2780.0,948,9774,26340660.0,2780.0,9,2776.0,8
rb1805,20170518,20170517,212044000,2780.0,948,9774,26340660.0,2779.0,20,2776.0,8
rb1805,20170518,20170517,212044500,2780.0,948,9774,26340660.0,2779.0,20,2777.0,1
rb1805,20170518,20170517,212045000,2780.0,948,9774,26340660.0,2779.0,20,2777.0,2
rb1805,20170518,20170517,212048000,2780.0,948,9774,26340660.0,2779.0,20,2777.0,2
rb1805,20170518,20170517,212052500,2780.0,948,9774,26340660.0,2779.0,20,2777.0,2
rb1805,20170518,20170517,212056000,2780.0,948,9774,26340660.0,2779.0,20,2777.0,2
rb1805,20170518,20170517,212110000,2780.0,948,9774,26340660.0,2778.0,10,2777.0,2
rb1805,20170518,20170517,212112500,2780.0,948,9774,26340660.0,2778.0,20,2777.0,2
rb1805,20170518,20170517,212128500,2778.0,958,9774,26618460.0,2778.0,15,2777.0,2
rb1805,20170518,20170517,212135500,2778.0,968,9774,26896260.0,2778.0,10,2777.0,2
rb1805,20170518,20170517,212138500,2777.0,972,9778,27007340.0,2777.0,8,2776.0,4
rb1805,20170518,20170517,212139000,2777.0,978,9784,27173960.0,2777.0,5,2776.0,4
rb1805,20170518,20170517,212139500,2777.0,978,9784,27173960.0,2777.0,5,2776.0,4
rb1805,20170518,20170517,212142000,2777.0,988,9794,27451660.0,2778.0,10,2776.0,4
rb1805,20170518,20170517,212142500,2777.0,988,9794,27451660.0,2778.0,10,2777.0,5
rb1805,20170518,20170517,212144500,2778.0,992,9798,27562780.0,2778.0,8,2777.0,5
rb1805,20170518,20170517,212145000,2778.0,994,9800,27618340.0,2778.0,7,2777.0,5
rb1805,20170518,20170517,212147500,2778.0,998,9804,27729460.0,2778.0,5,2777.0,5
rb1805,20170518,20170517,212148000,2778.0,998,9804,27729460.0,2778.0,5,2776.0,4
rb1805,20170518,20170517,212149500,2778.0,1000,9806,27785020.0,2778.0,4,2776.0,4
rb1805,20170518,20170517,212150000,2778.0,1000,9806,27785020.0,2778.0,4,2777.0,1
rb1805,20170518,20170517,212150500,2778.0,1000,9806,27785020.0,2778.0,4,2777.0,1
rb1805,20170518,20170517,212154000,2778.0,1000,9806,27785020.0,2778.0,4,2776.0,3
rb1805,20170518,20170517,212156000,2778.0,1000,9806,27785020.0,2778.0,4,2777.0,2
rb1805,20170518,20170517,212157000,2778.0,1000,9806,27785020.0,2778.0,4,2777.0,2
rb1805,20170518,20170517,212201000,2778.0,1008,9806,28007260.0,2779.0,20,2778.0,1
rb1805,20170518,20170517,212204500,2778.0,1010,9806,28062820.0,2778.0,9,2777.0,2
rb1805,20170518,20170517,212211500,2778.0,1010,9806,28062820.0,2778.0,9,2777.0,2
rb1805,20170518,20170517,212217000,2778.0,1010,9806,28062820.0,2778.0,9,2777.0,2
rb1805,20170518,20170517,212219000,2778.0,1020,9806,28340620.0,2778.0,4,2777.0,2
rb1805,20170518,20170517,212221500,2778.0,1020,9806,28340620.0,2778.0,4,2777.0,2
rb1805,20170518,20170517,212222000,2778.0,1020,9806,28340620.0,2778.0,4,2777.0,2
rb1805,20170518,20170517,212230000,2778.0,1028,9814,28562860.0,2779.0,20,2777.0,2
rb1805,20170518,20170517,212232000,2778.0,1028,9814,28562860.0,2779.0,20,2777.0,3
rb1805,20170518,20170517,212233500,2778.0,1028,9814,28562860.0,2779.0,20,2777.0,9
rb1805,20170518,20170517,212240500,2777.0,1030,9816,28618400.0,2779.0,20,2777.0,8
rb1805,20170518,20170517,212245500,2777.0,1030,9816,28618400.0,2779.0,20,2777.0,7
rb1805,20170518,20170517,212247000,2777.0,1030,9816,28618400.0,2778.0,10,2777.0,7
rb1805,20170518,20170517,212248500,2777.0,1030,9816,28618400.0,2778.0,10,2777.0,7
rb1805,20170518,20170517,212249000,2777.0,1030,9816,28618400.0,2778.0,10,2777.0,7
rb1805,20170518,20170517,212250000,2777.0,1030,9816,28618400.0,2778.0,10,2777.0,8
rb1805,20170518,20170517,212255000,2777.0,1030,9816,28618400.0,2778.0,10,2777.0,8
rb1805,20170518,20170517,212300000,2778.0,1034,9820,28729520.0,2778.0,8,2777.0,8
rb1805,20170518,20170517,212304000,2778.0,1034,9820,28729520.0,2778.0,18,2777.0,8
rb1805,20170518,20170517,212304500,2778.0,1044,9820,29007320.0,2778.0,13,2777.0,8
rb1805,20170518,20170517,212314000,2777.0,1046,9818,29062860.0,2778.0,13,2777.0,7
rb1805,20170518,20170517,212316000,2777.0,1046,9818,29062860.0,2778.0,13,2777.0,7
rb1805,20170518,20170517,212318000,2777.0,1046,9818,29062860.0,2778.0,13,2777.0,6
rb1805,20170518,20170517,212320000,2777.0,1046,9818,29062860.0,2778.0,13,2777.0,7
rb1805,20170518,20170517,212320500,2778.0,1062,9834,29507340.0,2778.0,5,2777.0,7
rb1805,20170518,20170517,212323000,2778.0,1064,9836,29562900.0,2778.0,4,2777.0,7
rb1805,20170518,20170517,212326000,2778.0,1072,9844,29785140.0,2780.0,9,2778.0,2
rb1805,20170518,20170517,212326500,2778.0,1072,9844,29785140.0,2780.0,9,2778.0,3
rb1805,20170518,20170517,212333500,2778.0,1072,9844,29785140.0,2780.0,9,2778.0,3
rb1805,20170518,20170517,212341500,2780.0,1074,9846,29840740.0,2780.0,8,2778.0,3
rb1805,20170518,20170517,212350000,2780.0,1074,9846,29840740.0,2779.0,10,2778.0,3
rb1805,20170518,20170517,212351000,2779.0,1086,9858,30174220.0,2779.0,4,2778.0,3
rb1805,20170518,20170517,212355500,2779.0,1086,9858,30174220.0,2779.0,4,2778.0,5
rb1805,20170518,20170517,212359500,2779.0,1088,9860,30229800.0,2779.0,3,2778.0,5
rb1805,20170518,20170517,212400000,2779.0,1088,9860,30229800.0,2779.0,3,2778.0,5
rb1805,20170518,20170517,212401000,2779.0,1088,9860,30229800.0,2779.0,3,2778.0,5
rb1805,20170518,20170517,212402000,2779.0,1088,9860,30229800.0,2779.0,3,2778.0,5
rb1805,20170518,20170517,212402500,2779.0,1092,9864,30340960.0,2779.0,1,2778.0,5
rb1805,20170518,20170517,212404000,2779.0,1092,9864,30340960.0,2779.0,1,2778.0,5
rb1805,20170518,20170517,212411500,2779.0,1094,9866,30396540.0,2780.0,8,2779.0,1
rb1805,20170518,20170517,212414500,2779.0,1094,9866,30396540.0,2780.0,8,2779.0,1
rb1805,20170518,20170517,212417500,2779.0,1094,9866,30396540.0,2780.0,8,2779.0,1
rb1805,20170518,20170517,212440000,2779.0,1096,9866,30452120.0,2780.0,8,2778.0,5
rb1805,20170518,20170517,212441000,2779.0,1096,9866,30452120.0,2779.0,8,2778.0,5
rb1805,20170518,20170517,212446000,2778.0,1106,9876,30729920.0,2779.0,8,2777.0,8
rb1805,20170518,20170517,212447000,2778.0,1106,9876,30729920.0,2779.0,9,2777.0,8
rb1805,20170518,20170517,212452000,2778.0,1106,9876,30729920.0,2779.0,10,2777.0,8
rb1805,20170518,20170517,212457500,2778.0,1106,9876,30729920.0,2779.0,2,2777.0,8
rb1805,20170518,20170517,212458000,2778.0,1108,9876,30785480.0,2779.0,2,2778.0,1
rb1805,20170518,20170517,212501000,2778.0,1108,9876,30785480.0,2779.0,2,2778.0,5
rb1805,20170518,20170517,212503000,2778.0,1108,9876,30785480.0,2779.0,1,2778.0,5
rb1805,20170518,20170517,212504500,2778.0,1118,9878,31063280.0,2778.0,4,2777.0,8
rb1805,20170518,20170517,212508000,2778.0,1118,9878,31063280.0,2778.0,4,2777.0,8
rb1805,20170518,20170517,212508500,2778.0,1118,9878,31063280.0,2778.0,4,2777.0,9
rb1805,20170518,20170517,212515000,2778.0,1118,9878,31063280.0,2779.0,2,2777.0,9
rb1805,20170518,20170517,212520500,2778.0,1118,9878,31063280.0,2778.0,1,2777.0,9
rb1805,20170518,20170517,212521000,2777.0,1126,9878,31285440.0,2778.0,1,2777.0,5
rb1805,20170518,20170517,212523000,2777.0,1126,9878,31285440.0,2779.0,2,2777.0,5
rb1805,20170518,20170517,212524500,2777.0,1126,9878,31285440.0,2778.0,1,2777.0,5
rb1805,20170518,20170517,212525500,2777.0,1136,9888,31563140.0,2777.0,5,2776.0,3
rb1805,20170518,20170517,212537500,2777.0,1136,9888,31563140.0,2777.0,5,2776.0,5
rb1805,20170518,20170517,212546000,2777.0,1140,9892,31674220.0,2777.0,3,2776.0,5
rb1805,20170518,20170517,212547500,2777.0,1146,9898,31840840.0,2779.0,2,2777.0,3
rb1805,20170518,20170517,212548500,2777.0,1146,9898,31840840.0,2779.0,2,2777.0,3
rb1805,20170518,20170517,212549500,2777.0,1146,9898,31840840.0,2779.0,2,2778.0,1
rb1805,20170518,20170517,212550500,2777.0,1146,9898,31840840.0,2779.0,1,2778.0,1
rb1805,20170518,20170517,212553000,2777.0,1146,9898,31840840.0,2779.0,1,2778.0,1
rb1805,20170518,20170517,212559000,2779.0,1148,9898,31896420.0,2780.0,8,2778.0,1
rb1805,20170518,20170517,212600000,2780.0,1150,9900,31952020.0,2780.0,7,2778.0,2
rb1805,20170518,20170517,212601000,2780.0,1150,9900,31952020.0,2780.0,7,2778.0,2
rb1805,20170518,20170517,212604500,2780.0,1150,9900,31952020.0,2780.0,7,2778.0,3
rb1805,20170518,20170517,212605000,2780.0,1150,9900,31952020.0,2780.0,7,2778.0,3
rb1805,20170518,20170517,212606000,2780.0,1152,9902,32007620.0,2780.0,6,2778.0,3
rb1805,20170518,20170517,212607000,2780.0,1152,9902,32007620.0,2780.0,6,2778.0,12
rb1805,20170518,20170517,212608500,2780.0,1152,9902,32007620.0,2780.0,6,2778.0,11
rb1805,20170518,20170517,212610500,2780.0,1154,9904,32063220.0,2780.0,6,2778.0,11
rb1805,20170518,20170517,212611500,2780.0,1156,9906,32118820.0,2780.0,5,2778.0,11
rb1805,20170518,20170517,212619000,2780.0,1156,9906,32118820.0,2780.0,5,2778.0,9
rb1805,20170518,20170517,212627000,2778.0,1158,9908,32174380.0,2780.0,5,2778.0,8
rb1805,20170518,20170517,212629000,2778.0,1158,9908,32174380.0,2780.0,5,2778.0,9
rb1805,20170518,20170517,212632500,2778.0,1158,9908,32174380.0,2779.0,1,2778.0,9
rb1805,20170518,20170517,212635000,2779.0,1160,9910,32229960.0,2780.0,5,2778.0,9
rb1805,20170518,20170517,212638000,2779.0,1160,9910,32229960.0,2779.0,5,2778.0,9
rb1805,20170518,20170517,212639000,2779.0,1160,9910,32229960.0,2780.0,5,2778.0,9
rb1805,20170518,20170517,212640500,2779.0,1160,9910,32229960.0,2779.0,5,2778.0,9
rb1805,20170518,20170517,212641000,2779.0,1160,9910,32229960.0,2780.0,5,2778.0,9
rb1805,20170518,20170517,212648000,2779.0,1160,9910,32229960.0,2780.0,5,2778.0,9
rb1805,20170518,20170517,212649500,2779.0,1160,9910,32229960.0,2780.0,5,2778.0,10
rb1805,20170518,20170517,212650000,2779.0,1160,9910,32229960.0,2780.0,5,2778.0,11
rb1805,20170518,20170517,212654500,2779.0,1160,9910,32229960.0,2780.0,14,2778.0,11
rb1805,20170518,20170517,212655500,2779.0,1160,9910,32229960.0,2780.0,14,2778.0,11
rb1805,20170518,20170517,212705500,2779.0,1160,9910,32229960.0,2780.0,14,2778.0,10
rb1805,20170518,20170517,212709000,2779.0,1160,9910,32229960.0,2780.0,14,2779.0,1
rb1805,20170518,20170517,212709500,2779.0,1160,9910,32229960.0,2780.0,14,2778.0,10
rb1805,20170518,20170517,212711500,2779.0,1160,9910,32229960.0,2780.0,14,2779.0,1
rb1805,20170518,20170517,212712500,2779.0,1160,9910,32229960.0,2780.0,14,2779.0,1
rb1805,20170518,20170517,212713000,2779.0,1160,9910,32229960.0,2780.0,14,2779.0,1
rb1805,20170518,20170517,212720500,2779.0,1160,9910,32229960.0,2780.0,14,2779.0,1
rb1805,20170518,20170517,212722000,2780.0,1164,9910,32341160.0,2780.0,12,2779.0,1
rb1805,20170518,20170517,212726000,2780.0,1168,9910,32452360.0,2780.0,10,2779.0,1
rb1805,20170518,20170517,212727000,2780.0,1172,9910,32563560.0,2780.0,8,2779.0,1
rb1805,20170518,20170517,212730500,2780.0,1172,9910,32563560.0,2780.0,8,2779.0,2
rb1805,20170518,20170517,212742500,2780.0,1174,9910,32619160.0,2780.0,7,2779.0,2
rb1805,20170518,20170517,212747500,2780.0,1178,9910,32730360.0,2780.0,5,2779.0,2
rb1805,20170518,20170517,212748000,2780.0,1182,9910,32841560.0,2780.0,3,2779.0,2
rb1805,20170518,20170517,212750000,2780.0,1186,9910,32952760.0,2780.0,1,2779.0,2
rb1805,20170518,20170517,212752500,2780.0,1188,9910,33008360.0,2782.0,1,2780.0,2
rb1805,20170518,20170517,212753000,2780.0,1188,9910,33008360.0,2782.0,1,2781.0,1
rb1805,20170518,20170517,212754500,2780.0,1192,9910,33119560.0,2782.0,1,2780.0,1
rb1805,20170518,20170517,212755000,2780.0,1192,9910,33119560.0,2782.0,1,2780.0,2
rb1805,20170518,20170517,212805500,2780.0,1192,9910,33119560.0,2781.0,1,2780.0,2
rb1805,20170518,20170517,212806500,2780.0,1194,9912,33175160.0,2781.0,1,2780.0,1
rb1805,20170518,20170517,212807000,2780.0,1196,9910,33230760.0,2781.0,1,2779.0,1
rb1805,20170518,20170517,212811000,2780.0,1196,9910,33230760.0,2780.0,1,2779.0,1
rb1805,20170518,20170517,212812000,2780.0,1196,9910,33230760.0,2781.0,1,2779.0,1
rb1805,20170518,20170517,212821000,2780.0,1196,9910,33230760.0,2782.0,1,2779.0,1
rb1805,20170518,20170517,212823000,2779.0,1198,9910,33286340.0,2782.0,1,2778.0,11
rb1805,20170518,20170517,212823500,2779.0,1198,9910,33286340.0,2782.0,1,2781.0,1
rb1805,20170518,20170517,212824500,2779.0,1198,9910,33286340.0,2782.0,1,2781.0,1
rb1805,20170518,20170517,212825000,2779.0,1198,9910,33286340.0,2782.0,1,2781.0,1
rb1805,20170518,20170517,212828000,2781.0,1200,9912,33341960.0,2782.0,1,2778.0,11
rb1805,20170518,20170517,212828500,2781.0,1200,9912,33341960.0,2782.0,1,2779.0,3
rb1805,20170518,20170517,212829000,2781.0,1200,9912,33341960.0,2781.0,10,2779.0,3
rb1805,20170518,20170517,212833000,2781.0,1200,9912,33341960.0,2781.0,10,2779.0,3
rb1805,20170518,20170517,212837500,2779.0,1202,9914,33397540.0,2781.0,10,2779.0,2
rb1805,20170518,20170517,212838000,2779.0,1206,9914,33508700.0,2781.0,10,2778.0,11
rb1805,20170518,20170517,212839500,2781.0,1208,9914,33564320.0,2781.0,9,2778.0,11
rb1805,20170518,20170517,212840000,2781.0,1208,9914,33564320.0,2781.0,9,2779.0,1
rb1805,20170518,20170517,212841000,2781.0,1208,9914,33564320.0,2781.0,9,2779.0,1
rb1805,20170518,20170517,212845500,2781.0,1208,9914,33564320.0,2780.0,4,2779.0,3
rb1805,20170518,20170517,212846000,2781.0,1208,9914,33564320.0,2780.0,4,2779.0,3
rb1805,20170518,20170517,212848500,2780.0,1216,9922,33786720.0,2782.0,1,2780.0,1
rb1805,20170518,20170517,212849000,2780.0,1218,9922,33842320.0,2782.0,1,2779.0,3
rb1805,20170518,20170517,212850500,2780.0,1218,9922,33842320.0,2781.0,8,2779.0,3
rb1805,20170518,20170517,212852500,2780.0,1218,9922,33842320.0,2781.0,8,2779.0,3
rb1805,20170518,20170517,212853000,2780.0,1218,9922,33842320.0,2781.0,8,2779.0,3
rb1805,20170518,20170517,212853500,2780.0,1218,9922,33842320.0,2781.0,9,2779.0,3
rb1805,20170518,20170517,212857500,2780.0,1218,9922,33842320.0,2781.0,1,2779.0,3
rb1805,20170518,20170517,212904000,2780.0,1218,9922,33842320.0,2781.0,1,2779.0,3
rb1805,20170518,20170517,212905000,2780.0,1218,9922,33842320.0,2781.0,1,2779.0,3
rb1805,20170518,20170517,212912000,2781.0,1220,9922,33897940.0,2782.0,1,2779.0,3
rb1805,20170518,20170517,212913000,2781.0,1220,9922,33897940.0,2782.0,1,2779.0,3
rb1805,20170518,20170517,212914000,2781.0,1220,9922,33897940.0,2782.0,1,2779.0,3
rb1805,20170518,20170517,212916000,2781.0,1220,9922,33897940.0,2781.0,8,2779.0,3
rb1805,20170518,20170517,212916500,2779.0,1222,9924,33953520.0,2781.0,8,2779.0,2
rb1805,20170518,20170517,212918000,2781.0,1226,9924,34064720.0,2781.0,7,2779.0,1
rb1805,20170518,20170517,212919000,2781.0,1226,9924,34064720.0,2781.0,7,2779.0,1
rb1805,20170518,20170517,212920000,2779.0,1228,9924,34120300.0,2782.0,1,2778.0,12
rb1805,20170518,20170517,212921500,2779.0,1228,9924,34120300.0,2782.0,2,2778.0,12
rb1805,20170518,20170517,212924000,2779.0,1228,9924,34120300.0,2782.0,3,2778.0,12
rb1805,20170518,20170517,212924500,2779.0,1228,9924,34120300.0,2781.0,6,2778.0,12
rb1805,20170518,20170517,212926500,2779.0,1228,9924,34120300.0,2781.0,6,2779.0,2
rb1805,20170518,20170517,212929000,2779.0,1228,9924,34120300.0,2781.0,6,2779.0,2
rb1805,20170518,20170517,212931000,2779.0,1228,9924,34120300.0,2781.0,8,2779.0,2
rb1805,20170518,20170517,212941000,2779.0,1228,9924,34120300.0,2781.0,2,2779.0,2
rb1805,20170518,20170517,212943500,2779.0,1228,9924,34120300.0,2780.0,1,2779.0,2
rb1805,20170518,20170517,212949500,2779.0,1228,9924,34120300.0,2780.0,1,2779.0,11
rb1805,20170518,20170517,212952500,2780.0,1230,9926,34175900.0,2781.0,2,2779.0,11
rb1805,20170518,20170517,212953000,2780.0,1230,9926,34175900.0,2781.0,2,2779.0,11
rb1805,20170518,20170517,212958500,2780.0,1230,9926,34175900.0,2781.0,2,2779.0,11
rb1805,20170518,20170517,212959000,2780.0,1232,9926,34231500.0,2781.0,2,2779.0,11
rb1805,20170518,20170517,213004500,2780.0,1232,9926,34231500.0,2781.0,2,2780.0,1
rb1805,20170518,20170517,213011500,2781.0,1234,9926,34287120.0,2781.0,1,2780.0,1
rb1805,20170518,20170517,213012000,2780.0,1236,9926,34342720.0,2780.0,14,2779.0,11
rb1805,20170518,20170517,213016500,2780.0,1238,9926,34398320.0,2780.0,13,2779.0,11
rb1805,20170518,20170517,213022000,2780.0,1240,9926,34453920.0,2780.0,12,2779.0,11
rb1805,20170518,20170517,213030500,2780.0,1242,9926,34509520.0,2780.0,11,2779.0,11
rb1805,20170518,20170517,213033000,2780.0,1242,9926,34509520.0,2780.0,11,2779.0,11
rb1805,20170518,20170517,213035000,2780.0,1242,9926,34509520.0,2780.0,12,2779.0,11
rb1805,20170518,20170517,213039500,2779.0,1244,9926,34565100.0,2780.0,12,2779.0,10
rb1805,20170518,20170517,213042500,2779.0,1244,9926,34565100.0,2780.0,12,2779.0,10
rb1805,20170518,20170517,213044500,2779.0,1246,9928,34620680.0,2780.0,12,2779.0,9
rb1805,20170518,20170517,213045000,2780.0,1248,9926,34676280.0,2780.0,11,2779.0,9
rb1805,20170518,20170517,213045500,2780.0,1248,9926,34676280.0,2780.0,11,2779.0,9
rb1805,20170518,20170517,213048500,2780.0,1250,9926,34731880.0,2780.0,10,2779.0,9
rb1805,20170518,20170517,213050000,2780.0,1250,9926,34731880.0,2780.0,10,2779.0,9
rb1805,20170518,20170517,213057000,2780.0,1266,9926,35176680.0,2780.0,2,2779.0,9
rb1805,20170518,20170517,213102500,2780.0,1266,9926,35176680.0,2780.0,2,2779.0,9
rb1805,20170518,20170517,213107000,2779.0,1268,9928,35232260.0,2780.0,3,2779.0,8
rb1805,20170518,20170517,213107500,2779.0,1268,9928,35232260.0,2780.0,3,2779.0,8
rb1805,20170518,20170517,213109000,2779.0,1268,9928,35232260.0,2780.0,3,2779.0,8
rb1805,20170518,20170517,213120000,2779.0,1270,9928,35287840.0,2780.0,3,2779.0,7
rb1805,20170518,20170517,213121500,2779.0,1272,9930,35343420.0,2780.0,3,2779.0,6
rb1805,20170518,20170517,213124000,2779.0,1272,9930,35343420.0,2780.0,3,2779.0,6
rb1805,20170518,20170517,213126500,2779.0,1274,9932,35399000.0,2780.0,3,2779.0,5
rb1805,20170518,20170517,213127500,2779.0,1274,9932,35399000.0,2780.0,3,2779.0,5
rb1805,20170518,20170517,213134500,2779.0,1274,9932,35399000.0,2780.0,3,2779.0,5
rb1805,20170518,20170517,213141000,2779.0,1276,9934,35454580.0,2780.0,3,2779.0,4
rb1805,20170518,20170517,213144000,2779.0,1276,9934,35454580.0,2780.0,3,2779.0,5
rb1805,20170518,20170517,213147000,2779.0,1278,9936,35510160.0,2780.0,3,2779.0,4
rb1805,20170518,20170517,213150500,2779.0,1280,9938,35565740.0,2780.0,3,2779.0,3
rb1805,20170518,20170517,213151000,2779.0,1282,9940,35621320.0,2780.0,3,2779.0,2
rb1805,20170518,20170517,213153000,2779.0,1284,9940,35676900.0,2780.0,3,2779.0,1
rb1805,20170518,20170517,213153500,2779.0,1288,9942,35788060.0,2780.0,3,2778.0,12
rb1805,20170518,20170517,213154500,2779.0,1288,9942,35788060.0,2780.0,4,2778.0,12
rb1805,20170518,20170517,213201500,2779.0,1288,9942,35788060.0,2779.0,1,2778.0,12
rb1805,20170518,20170517,213207000,2778.0,1290,9942,35843620.0,2779.0,1,2778.0,11
rb1805,20170518,20170517,213211500,2778.0,1290,9942,35843620.0,2779.0,1,2778.0,12
rb1805,20170518,20170517,213215500,2778.0,1290,9942,35843620.0,2779.0,1,2778.0,11
rb1805,20170518,20170517,213216000,2778.0,1290,9942,35843620.0,2780.0,4,2778.0,11
rb1805,20170518,20170517,213216500,2778.0,1290,9942,35843620.0,2780.0,4,2778.0,11
rb1805,20170518,20170517,213218500,2778.0,1292,9944,35899180.0,2780.0,4,2778.0,11
rb1805,20170518,20170517,213220000,2778.0,1294,9946,35954740.0,2780.0,4,2779.0,3
rb1805,20170518,20170517,213220500,2778.0,1294,9946,35954740.0,2780.0,4,2779.0,3
rb1805,20170518,20170517,213221500,2778.0,1294,9946,35954740.0,2780.0,4,2779.0,3
rb1805,20170518,20170517,213223000,2778.0,1294,9946,35954740.0,2780.0,3,2779.0,3
rb1805,20170518,20170517,213225500,2778.0,1294,9946,35954740.0,2780.0,3,2779.0,3
rb1805,20170518,20170517,213229500,2778.0,1294,9946,35954740.0,2780.0,3,2779.0,3
rb1805,20170518,20170517,213240500,2780.0,1300,9950,36121540.0,2781.0,1,2780.0,2
rb1805,20170518,20170517,213241000,2780.0,1304,9950,36232740.0,2781.0,1,2779.0,3
rb1805,20170518,20170517,213242000,2780.0,1304,9950,36232740.0,2781.0,1,2780.0,1
rb1805,20170518,20170517,213242500,2780.0,1306,9950,36288340.0,2781.0,1,2779.0,3
rb1805,20170518,20170517,213247000,2779.0,1308,9952,36343920.0,2781.0,1,2779.0,2
rb1805,20170518,20170517,213249000,2779.0,1310,9952,36399500.0,2781.0,2,2779.0,1
rb1805,20170518,20170517,213249500,2779.0,1310,9952,36399500.0,2780.0,1,2779.0,1
rb1805,20170518,20170517,213258000,2779.0,1310,9952,36399500.0,2780.0,21,2779.0,1
rb1805,20170518,20170517,213302500,2779.0,1310,9952,36399500.0,2780.0,21,2779.0,2
rb1805,20170518,20170517,213306500,2779.0,1312,9954,36455080.0,2780.0,21,2779.0,1
rb1805,20170518,20170517,213307000,2779.0,1314,9956,36510660.0,2780.0,21,2778.0,10
rb1805,20170518,20170517,213308000,2779.0,1314,9956,36510660.0,2780.0,21,2778.0,10
rb1805,20170518,20170517,213310500,2780.0,1316,9956,36566260.0,2779.0,1,2778.0,10
rb1805,20170518,20170517,213311500,2778.0,1318,9958,36621820.0,2779.0,1,2778.0,9
rb1805,20170518,20170517,213312000,2778.0,1318,9958,36621820.0,2779.0,1,2778.0,9
rb1805,20170518,20170517,213316000,2778.0,1318,9958,36621820.0,2779.0,1,2778.0,9
rb1805,20170518,20170517,213323000,2778.0,1318,9958,36621820.0,2780.0,20,2778.0,9
rb1805,20170518,20170517,213323500,2778.0,1318,9958,36621820.0,2779.0,2,2778.0,9
rb1805,20170518,20170517,213324000,2778.0,1320,9960,36677380.0,2779.0,2,2778.0,8
rb1805,20170518,20170517,213324500,2778.0,1332,9962,37010740.0,2779.0,2,2778.0,2
rb1805,20170518,20170517,213327500,2778.0,1332,9962,37010740.0,2779.0,3,2778.0,2
rb1805,20170518,20170517,213328000,2778.0,1332,9962,37010740.0,2779.0,3,2778.0,2
rb1805,20170518,20170517,213328500,2778.0,1334,9964,37066300.0,2779.0,3,2778.0,1
rb1805,20170518,20170517,213329000,2778.0,1336,9966,37121860.0,2779.0,3,2777.0,1
rb1805,20170518,20170517,213329500,2777.0,1338,9968,37177400.0,2779.0,3,2776.0,5
rb1805,20170518,20170517,213340000,2777.0,1338,9968,37177400.0,2779.0,3,2777.0,1
rb1805,20170518,20170517,213346500,2777.0,1338,9968,37177400.0,2779.0,3,2777.0,2
rb1805,20170518,20170517,213347000,2777.0,1340,9970,37232940.0,2779.0,3,2777.0,1
rb1805,20170518,20170517,213353000,2777.0,1342,9970,37288480.0,2779.0,3,2776.0,5
rb1805,20170518,20170517,213353500,2776.0,1344,9972,37344000.0,2777.0,1,2776.0,4
rb1805,20170518,20170517,213354000,2777.0,1346,9970,37399540.0,2779.0,3,2776.0,4
rb1805,20170518,20170517,213354500,2777.0,1346,9970,37399540.0,2778.0,1,2776.0,4
rb1805,20170518,20170517,213355000,2777.0,1346,9970,37399540.0,2778.0,1,2777.0,1
rb1805,20170518,20170517,213357500,2777.0,1348,9972,37455080.0,2778.0,1,2776.0,4
rb1805,20170518,20170517,213401000,2776.0,1350,9974,37510600.0,2778.0,1,2776.0,3
rb1805,20170518,20170517,213415500,2776.0,1354,9974,37621640.0,2778.0,1,2776.0,1
rb1805,20170518,20170517,213417000,2776.0,1354,9974,37621640.0,2778.0,1,2776.0,2
rb1805,20170518,20170517,213417500,2776.0,1356,9976,37677160.0,2778.0,1,2776.0,1
rb1805,20170518,20170517,213420500,2776.0,1358,9978,37732680.0,2778.0,1,2773.0,1
rb1805,20170518,20170517,213423000,2776.0,1358,9978,37732680.0,2778.0,1,2774.0,1
rb1805,20170518,20170517,213423500,2776.0,1358,9978,37732680.0,2778.0,1,2774.0,1
rb1805,20170518,20170517,213425000,2776.0,1358,9978,37732680.0,2778.0,1,2774.0,1
rb1805,20170518,20170517,213425500,2776.0,1358,9978,37732680.0,2778.0,1,2774.0,1
rb1805,20170518,20170517,213426500,2776.0,1358,9978,37732680.0,2778.0,1,2773.0,5
rb1805,20170518,20170517,213427500,2776.0,1358,9978,37732680.0,2778.0,1,2773.0,5
rb1805,20170518,20170517,213429000,2776.0,1358,9978,37732680.0,2778.0,1,2774.0,1
rb1805,20170518,20170517,213430000,2776.0,1358,9978,37732680.0,2778.0,1,2774.0,1
rb1805,20170518,20170517,213433000,2776.0,1358,9978,37732680.0,2778.0,1,2775.0,10
rb1805,20170518,20170517,213433500,2776.0,1358,9978,37732680.0,2778.0,1,2774.0,1
rb1805,20170518,20170517,213434000,2774.0,1360,9980,37788160.0,2778.0,1,2773.0,4
rb1805,20170518,20170517,213434500,2774.0,1360,9980,37788160.0,2778.0,1,2775.0,5
rb1805,20170518,20170517,213436000,2774.0,1360,9980,37788160.0,2778.0,1,2773.0,4
rb1805,20170518,20170517,213437000,2774.0,1360,9980,37788160.0,2778.0,1,2774.0,10
rb1805,20170518,20170517,213438500,2774.0,1360,9980,37788160.0,2778.0,1,2773.0,4
rb1805,20170518,20170517,213440000,2774.0,1360,9980,37788160.0,2778.0,1,2773.0,14
rb1805,20170518,20170517,213441000,2774.0,1360,9980,37788160.0,2778.0,1,2775.0,2
rb1805,20170518,20170517,213442500,2775.0,1362,9980,37843660.0,2778.0,1,2775.0,1
rb1805,20170518,20170517,213452000,2775.0,1362,9980,37843660.0,2778.0,1,2775.0,2
rb1805,20170518,20170517,213453500,2775.0,1362,9980,37843660.0,2778.0,1,2775.0,2
rb1805,20170518,20170517,213454000,2775.0,1362,9980,37843660.0,2778.0,1,2776.0,1
rb1805,20170518,20170517,213456500,2775.0,1362,9980,37843660.0,2777.0,1,2776.0,1
rb1805,20170518,20170517,213459500,2775.0,1362,9980,37843660.0,2777.0,1,2776.0,1
rb1805,20170518,20170517,213511000,2775.0,1362,9980,37843660.0,2777.0,11,2776.0,1
rb1805,20170518,20170517,213511500,2775.0,1362,9980,37843660.0,2777.0,11,2776.0,1
rb1805,20170518,20170517,213512500,2775.0,1362,9980,37843660.0,2777.0,11,2776.0,1
rb1805,20170518,20170517,213514500,2776.0,1364,9982,37899180.0,2777.0,11,2775.0,1
rb1805,20170518,20170517,213517000,2776.0,1364,9982,37899180.0,2777.0,11,2775.0,1
rb1805,20170518,20170517,213524000,2775.0,1366,9984,37954680.0,2777.0,11,2773.0,13
rb1805,20170518,20170517,213524500,2775.0,1366,9984,37954680.0,2777.0,11,2774.0,10
rb1805,20170518,20170517,213528500,2775.0,1366,9984,37954680.0,2777.0,11,2774.0,10
rb1805,20170518,20170517,213533500,2775.0,1366,9984,37954680.0,2777.0,11,2774.0,10
rb1805,20170518,20170517,213535500,2775.0,1366,9984,37954680.0,2777.0,11,2775.0,5
rb1805,20170518,20170517,213536000,2775.0,1366,9984,37954680.0,2776.0,1,2775.0,5
rb1805,20170518,20170517,213537000,2775.0,1368,9986,38010180.0,2776.0,1,2775.0,4
rb1805,20170518,20170517,213538000,2775.0,1368,9986,38010180.0,2777.0,11,2775.0,4
rb1805,20170518,20170517,213544000,2775.0,1368,9986,38010180.0,2777.0,11,2775.0,4
rb1805,20170518,20170517,213544500,2775.0,1376,9994,38232180.0,2777.0,11,2774.0,2
rb1805,20170518,20170517,213547000,2775.0,1376,9994,38232180.0,2776.0,1,2774.0,2
rb1805,20170518,20170517,213549000,2775.0,1376,9994,38232180.0,2776.0,3,2774.0,2
rb1805,20170518,20170517,213554000,2775.0,1376,9994,38232180.0,2776.0,3,2774.0,2
rb1805,20170518,20170517,213556500,2775.0,1376,9994,38232180.0,2776.0,3,2774.0,2
rb1805,20170518,20170517,213558000,2775.0,1376,9994,38232180.0,2776.0,3,2774.0,2
rb1805,20170518,20170517,213601000,2776.0,1378,9996,38287700.0,2776.0,2,2774.0,2
rb1805,20170518,20170517,213605000,2774.0,1380,9998,38343180.0,2776.0,2,2774.0,1
rb1805,20170518,20170517,213605500,2774.0,1382,10000,38398660.0,2774.0,1,2773.0,13
rb1805,20170518,20170517,213607000,2774.0,1384,10000,38454140.0,2776.0,2,2773.0,13
rb1805,20170518,20170517,213609500,2773.0,1404,10006,39008740.0,2776.0,2,2773.0,3
rb1805,20170518,20170517,213611000,2773.0,1404,10006,39008740.0,2775.0,1,2773.0,3
rb1805,20170518,20170517,213612500,2773.0,1406,10006,39064200.0,2775.0,1,2773.0,2
rb1805,20170518,20170517,213613000,2773.0,1406,10006,39064200.0,2775.0,1,2773.0,2
rb1805,20170518,20170517,213613500,2773.0,1406,10006,39064200.0,2775.0,1,2773.0,3
rb1805,20170518,20170517,213618000,2773.0,1408,10006,39119660.0,2775.0,1,2773.0,2
rb1805,20170518,20170517,213625000,2773.0,1408,10006,39119660.0,2775.0,1,2774.0,2
rb1805,20170518,20170517,213629000,2773.0,1408,10006,39119660.0,2775.0,1,2774.0,2
rb1805,20170518,20170517,213630000,2775.0,1410,10008,39175160.0,2776.0,2,2775.0,1
rb1805,20170518,20170517,213630500,2773.0,1420,10012,39452540.0,2773.0,1,2772.0,1
rb1805,20170518,20170517,213631000,2773.0,1422,10014,39508000.0,2776.0,2,2772.0,1
rb1805,20170518,20170517,213632500,2773.0,1422,10014,39508000.0,2776.0,3,2772.0,1
rb1805,20170518,20170517,213633500,2773.0,1422,10014,39508000.0,2776.0,3,2772.0,3
rb1805,20170518,20170517,213635000,2773.0,1422,10014,39508000.0,2776.0,3,2773.0,1
rb1805,20170518,20170517,213637500,2773.0,1422,10014,39508000.0,2776.0,3,2773.0,2
rb1805,20170518,20170517,213638000,2773.0,1422,10014,39508000.0,2776.0,3,2773.0,1
rb1805,20170518,20170517,213639500,2773.0,1422,10014,39508000.0,2776.0,3,2773.0,1
rb1805,20170518,20170517,213640000,2773.0,1422,10014,39508000.0,2776.0,3,2773.0,1
rb1805,20170518,20170517,213645500,2773.0,1422,10014,39508000.0,2776.0,3,2773.0,1
rb1805,20170518,20170517,213647000,2773.0,1424,10016,39563460.0,2776.0,4,2772.0,3
rb1805,20170518,20170517,213650500,2773.0,1424,10016,39563460.0,2776.0,4,2772.0,3
rb1805,20170518,20170517,213652000,2773.0,1424,10016,39563460.0,2776.0,4,2773.0,14
rb1805,20170518,20170517,213659000,2773.0,1424,10016,39563460.0,2776.0,3,2773.0,14
rb1805,20170518,20170517,213700500,2776.0,1430,10018,39730020.0,2777.0,12,2772.0,3
rb1805,20170518,20170517,213702500,2776.0,1430,10018,39730020.0,2777.0,12,2773.0,11
rb1805,20170518,20170517,213703500,2776.0,1430,10018,39730020.0,2777.0,12,2774.0,1
rb1805,20170518,20170517,213704000,2776.0,1430,10018,39730020.0,2777.0,12,2774.0,1
rb1805,20170518,20170517,213704500,2776.0,1430,10018,39730020.0,2777.0,12,2775.0,1
rb1805,20170518,20170517,213705000,2776.0,1430,10018,39730020.0,2776.0,1,2775.0,1
rb1805,20170518,20170517,213709500,2775.0,1432,10018,39785520.0,2775.0,9,2774.0,1
rb1805,20170518,20170517,213711000,2775.0,1432,10018,39785520.0,2775.0,9,2774.0,1
rb1805,20170518,20170517,213712000,2775.0,1432,10018,39785520.0,2775.0,9,2774.0,1
rb1805,20170518,20170517,213718500,2775.0,1432,10018,39785520.0,2775.0,9,2774.0,1
rb1805,20170518,20170517,213719000,2775.0,1434,10018,39841020.0,2775.0,8,2774.0,1
rb1805,20170518,20170517,213721000,2775.0,1436,10018,39896520.0,2775.0,7,2774.0,2
rb1805,20170518,20170517,213725500,2774.0,1440,10016,40007480.0,2775.0,7,2772.0,13
rb1805,20170518,20170517,213727000,2774.0,1440,10016,40007480.0,2775.0,2,2772.0,13
rb1805,20170518,20170517,213733500,2774.0,1440,10016,40007480.0,2775.0,2,2773.0,5
rb1805,20170518,20170517,213734500,2774.0,1440,10016,40007480.0,2775.0,2,2774.0,5
rb1805,20170518,20170517,213735500,2774.0,1440,10016,40007480.0,2775.0,2,2774.0,5
rb1805,20170518,20170517,213736000,2774.0,1450,10026,40284880.0,2775.0,2,2773.0,5
rb1805,20170518,20170517,213738000,2774.0,1450,10026,40284880.0,2774.0,1,2773.0,5
rb1805,20170518,20170517,213744000,2773.0,1452,10026,40340340.0,2774.0,1,2773.0,4
rb1805,20170518,20170517,213746500,2773.0,1452,10026,40340340.0,2774.0,1,2773.0,4
rb1805,20170518,20170517,213749000,2773.0,1456,10026,40451260.0,2774.0,1,2773.0,2
rb1805,20170518,20170517,213801500,2774.0,1458,10028,40506740.0,2776.0,2,2773.0,2
rb1805,20170518,20170517,213803000,2774.0,1458,10028,40506740.0,2776.0,2,2773.0,12
rb1805,20170518,20170517,213807000,2774.0,1458,10028,40506740.0,2776.0,1,2773.0,12
rb1805,20170518,20170517,213819000,2773.0,1478,10032,41061340.0,2776.0,1,2773.0,2
rb1805,20170518,20170517,213824500,2773.0,1478,10032,41061340.0,2776.0,1,2773.0,3
rb1805,20170518,20170517,213825500,2773.0,1478,10032,41061340.0,2776.0,1,2773.0,4
rb1805,20170518,20170517,213829500,2773.0,1486,10036,41283180.0,2773.0,3,2772.0,3
rb1805,20170518,20170517,213830000,2773.0,1488,10038,41338640.0,2773.0,2,2772.0,3
rb1805,20170518,20170517,213830500,2773.0,1492,10042,41449560.0,2776.0,1,2772.0,3
rb1805,20170518,20170517,213831000,2776.0,1494,10042,41505080.0,2777.0,11,2776.0,2
rb1805,20170518,20170517,213832500,2776.0,1496,10042,41560600.0,2777.0,11,2776.0,1
rb1805,20170518,20170517,213835000,2776.0,1496,10042,41560600.0,2777.0,11,2776.0,1
rb1805,20170518,20170517,213837500,2776.0,1496,10042,41560600.0,2777.0,11,2776.0,1
rb1805,20170518,20170517,213849000,2776.0,1496,10042,41560600.0,2777.0,11,2776.0,1
rb1805,20170518,20170517,213856000,2776.0,1498,10042,41616120.0,2776.0,4,2774.0,2
rb1805,20170518,20170517,213856500,2776.0,1498,10042,41616120.0,2776.0,4,2774.0,2
rb1805,20170518,20170517,213900000,2776.0,1498,10042,41616120.0,2776.0,4,2774.0,2
rb1805,20170518,20170517,213906000,2776.0,1498,10042,41616120.0,2776.0,4,2774.0,3
rb1805,20170518,20170517,213908500,2774.0,1500,10044,41671600.0,2776.0,4,2774.0,2
rb1805,20170518,20170517,213915500,2774.0,1500,10044,41671600.0,2776.0,4,2774.0,2
rb1805,20170518,20170517,213919500,2774.0,1500,10044,41671600.0,2776.0,4,2774.0,2
rb1805,20170518,20170517,213926000,2774.0,1500,10044,41671600.0,2776.0,4,2774.0,2
rb1805,20170518,20170517,213932500,2774.0,1500,10044,41671600.0,2776.0,4,2774.0,1
rb1805,20170518,20170517,213947500,2774.0,1500,10044,41671600.0,2776.0,4,2774.0,1
rb1805,20170518,20170517,213954500,2774.0,1500,10044,41671600.0,2776.0,4,2774.0,1
rb1805,20170518,20170517,213958000,2774.0,1500,10044,41671600.0,2776.0,4,2774.0,1
rb1805,20170518,20170517,214003500,2774.0,1500,10044,41671600.0,2777.0,11,2774.0,1
rb1805,20170518,20170517,214005500,2774.0,1500,10044,41671600.0,2777.0,11,2774.0,1
rb1805,20170518,20170517,214020000,2774.0,1500,10044,41671600.0,2777.0,11,2774.0,1
rb1805,20170518,20170517,214020500,2774.0,1500,10044,41671600.0,2776.0,3,2774.0,1
rb1805,20170518,20170517,214021000,2774.0,1500,10044,41671600.0,2777.0,11,2774.0,1
rb1805,20170518,20170517,214022000,2774.0,1500,10044,41671600.0,2776.0,3,2774.0,1
rb1805,20170518,20170517,214024500,2776.0,1502,10044,41727120.0,2776.0,2,2774.0,1
rb1805,20170518,20170517,214031500,2776.0,1502,10044,41727120.0,2777.0,11,2774.0,1
rb1805,20170518,20170517,214036000,2776.0,1502,10044,41727120.0,2776.0,2,2774.0,1
rb1805,20170518,20170517,214036500,2776.0,1502,10044,41727120.0,2777.0,11,2774.0,1
rb1805,20170518,20170517,214040000,2776.0,1502,10044,41727120.0,2777.0,11,2774.0,1
rb1805,20170518,20170517,214040500,2776.0,1502,10044,41727120.0,2776.0,2,2774.0,1
rb1805,20170518,20170517,214047000,2776.0,1504,10042,41782640.0,2776.0,1,2774.0,1
rb1805,20170518,20170517,214047500,2776.0,1504,10042,41782640.0,2777.0,11,2774.0,1
rb1805,20170518,20170517,214049000,2776.0,1504,10042,41782640.0,2777.0,11,2774.0,3
rb1805,20170518,20170517,214050000,2776.0,1504,10042,41782640.0,2775.0,1,2774.0,3
rb1805,20170518,20170517,214050500,2776.0,1504,10042,41782640.0,2777.0,11,2774.0,3
rb1805,20170518,20170517,214051000,2776.0,1504,10042,41782640.0,2776.0,1,2774.0,3
rb1805,20170518,20170517,214051500,2776.0,1504,10042,41782640.0,2776.0,1,2774.0,4
rb1805,20170518,20170517,214057000,2776.0,1504,10042,41782640.0,2775.0,1,2774.0,4
rb1805,20170518,20170517,214057500,2776.0,1504,10042,41782640.0,2776.0,1,2774.0,4
rb1805,20170518,20170517,214100500,2776.0,1504,10042,41782640.0,2776.0,1,2775.0,1
rb1805,20170518,20170517,214101000,2775.0,1506,10042,41838140.0,2776.0,1,2774.0,4
rb1805,20170518,20170517,214101500,2775.0,1506,10042,41838140.0,2777.0,11,2774.0,4
rb1805,20170518,20170517,214102500,2775.0,1506,10042,41838140.0,2777.0,11,2774.0,4
rb1805,20170518,20170517,214103000,2774.0,1508,10044,41893620.0,2777.0,11,2774.0,3
rb1805,20170518,20170517,214104500,2774.0,1508,10044,41893620.0,2776.0,1,2774.0,3
rb1805,20170518,20170517,214106000,2774.0,1508,10044,41893620.0,2776.0,1,2774.0,2
rb1805,20170518,20170517,214111000,2774.0,1510,10044,41949100.0,2776.0,1,2774.0,1
rb1805,20170518,20170517,214117000,2774.0,1512,10046,42004580.0,2776.0,1,2773.0,6
rb1805,20170518,20170517,214120000,2774.0,1512,10046,42004580.0,2774.0,1,2773.0,6
rb1805,20170518,20170517,214128000,2774.0,1514,10048,42060060.0,2776.0,1,2773.0,6
rb1805,20170518,20170517,214134000,2774.0,1514,10048,42060060.0,2774.0,1,2773.0,6
rb1805,20170518,20170517,214135000,2774.0,1514,10048,42060060.0,2774.0,1,2773.0,6
rb1805,20170518,20170517,214135500,2773.0,1526,10060,42392820.0,2774.0,1,2772.0,15
rb1805,20170518,20170517,214139000,2773.0,1526,10060,42392820.0,2773.0,1,2772.0,15
rb1805,20170518,20170517,214141500,2772.0,1528,10060,42448260.0,2773.0,1,2772.0,14
rb1805,20170518,20170517,214143000,2772.0,1528,10060,42448260.0,2776.0,1,2772.0,14
rb1805,20170518,20170517,214143500,2772.0,1528,10060,42448260.0,2773.0,1,2772.0,14
rb1805,20170518,20170517,214146000,2772.0,1528,10060,42448260.0,2776.0,1,2772.0,14
rb1805,20170518,20170517,214146500,2772.0,1528,10060,42448260.0,2774.0,1,2772.0,14
rb1805,20170518,20170517,214149000,2772.0,1528,10060,42448260.0,2773.0,1,2772.0,14
rb1805,20170518,20170517,214149500,2772.0,1528,10060,42448260.0,2774.0,1,2772.0,14
rb1805,20170518,20170517,214151000,2772.0,1528,10060,42448260.0,2773.0,1,2772.0,14
rb1805,20170518,20170517,214151500,2773.0,1530,10062,42503720.0,2774.0,1,2772.0,14
rb1805,20170518,20170517,214200500,2772.0,1558,10066,43279880.0,2772.0,1,2771.0,5
rb1805,20170518,20170517,214201000,2772.0,1560,10068,43335320.0,2774.0,1,2773.0,3
rb1805,20170518,20170517,214206500,2773.0,1562,10068,43390780.0,2774.0,1,2773.0,2
rb1805,20170518,20170517,214207000,2773.0,1564,10070,43446240.0,2774.0,1,2773.0,1
rb1805,20170518,20170517,214208000,2773.0,1566,10072,43501700.0,2774.0,1,2771.0,5
rb1805,20170518,20170517,214215000,2773.0,1566,10072,43501700.0,2776.0,1,2771.0,5
rb1805,20170518,20170517,214218000,2773.0,1566,10072,43501700.0,2776.0,1,2771.0,5
rb1805,20170518,20170517,214219000,2771.0,1568,10072,43557120.0,2776.0,1,2771.0,4
rb1805,20170518,20170517,214223000,2771.0,1568,10072,43557120.0,2776.0,1,2771.0,4
rb1805,20170518,20170517,214224000,2771.0,1568,10072,43557120.0,2773.0,1,2771.0,4
rb1805,20170518,20170517,214224500,2771.0,1568,10072,43557120.0,2773.0,1,2771.0,4
rb1805,20170518,20170517,214225000,2771.0,1570,10072,43612540.0,2773.0,1,2771.0,3
rb1805,20170518,20170517,214226500,2771.0,1570,10072,43612540.0,2773.0,1,2771.0,3
rb1805,20170518,20170517,214229000,2771.0,1570,10072,43612540.0,2773.0,1,2771.0,3
rb1805,20170518,20170517,214230000,2771.0,1570,10072,43612540.0,2773.0,1,2771.0,3
rb1805,20170518,20170517,214236000,2771.0,1570,10072,43612540.0,2773.0,1,2771.0,3
rb1805,20170518,20170517,214239500,2773.0,1572,10072,43668000.0,2776.0,3,2771.0,3
rb1805,20170518,20170517,214242000,2773.0,1572,10072,43668000.0,2776.0,3,2771.0,4
rb1805,20170518,20170517,214242500,2773.0,1572,10072,43668000.0,2776.0,3,2771.0,3
rb1805,20170518,20170517,214248500,2773.0,1572,10072,43668000.0,2776.0,4,2771.0,3
rb1805,20170518,20170517,214252000,2773.0,1572,10072,43668000.0,2776.0,4,2771.0,13
rb1805,20170518,20170517,214308000,2773.0,1572,10072,43668000.0,2775.0,1,2771.0,13
rb1805,20170518,20170517,214310500,2771.0,1598,10078,44388460.0,2771.0,2,2770.0,15
rb1805,20170518,20170517,214314500,2771.0,1602,10082,44499300.0,2775.0,1,2770.0,15
rb1805,20170518,20170517,214315500,2771.0,1602,10082,44499300.0,2775.0,1,2771.0,3
rb1805,20170518,20170517,214316000,2771.0,1602,10082,44499300.0,2775.0,1,2770.0,15
rb1805,20170518,20170517,214317000,2775.0,1604,10082,44554800.0,2776.0,4,2770.0,15
rb1805,20170518,20170517,214317500,2770.0,1606,10084,44610200.0,2776.0,4,2770.0,14
rb1805,20170518,20170517,214320500,2770.0,1606,10084,44610200.0,2776.0,4,2771.0,1
rb1805,20170518,20170517,214323000,2770.0,1606,10084,44610200.0,2776.0,4,2771.0,1
rb1805,20170518,20170517,214324500,2771.0,1608,10084,44665620.0,2776.0,4,2770.0,24
rb1805,20170518,20170517,214326000,2771.0,1608,10084,44665620.0,2776.0,4,2771.0,1
rb1805,20170518,20170517,214327000,2771.0,1608,10084,44665620.0,2776.0,4,2771.0,2
rb1805,20170518,20170517,214328000,2771.0,1608,10084,44665620.0,2776.0,4,2771.0,2
rb1805,20170518,20170517,214330000,2771.0,1608,10084,44665620.0,2773.0,1,2771.0,2
rb1805,20170518,20170517,214335500,2771.0,1608,10084,44665620.0,2773.0,1,2771.0,2
rb1805,20170518,20170517,214338000,2771.0,1608,10084,44665620.0,2773.0,1,2771.0,12
rb1805,20170518,20170517,214339000,2771.0,1608,10084,44665620.0,2773.0,1,2771.0,12
rb1805,20170518,20170517,214340000,2771.0,1608,10084,44665620.0,2773.0,1,2771.0,15
rb1805,20170518,20170517,214341000,2771.0,1618,10078,44942720.0,2773.0,1,2771.0,10
rb1805,20170518,20170517,214342000,2771.0,1618,10078,44942720.0,2773.0,1,2771.0,10
rb1805,20170518,20170517,214344500,2771.0,1620,10076,44998140.0,2773.0,1,2771.0,9
rb1805,20170518,20170517,214349000,2771.0,1620,10076,44998140.0,2773.0,1,2771.0,9
rb1805,20170518,20170517,214349500,2771.0,1638,10082,45496920.0,2771.0,1,2770.0,20
rb1805,20170518,20170517,214350000,2771.0,1640,10082,45552340.0,2771.0,1,2770.0,20
rb1805,20170518,20170517,214350500,2771.0,1642,10084,45607760.0,2773.0,1,2770.0,20
rb1805,20170518,20170517,214354500,2771.0,1642,10084,45607760.0,2773.0,1,2770.0,20
rb1805,20170518,20170517,214355000,2771.0,1642,10084,45607760.0,2775.0,6,2770.0,20
rb1805,20170518,20170517,214355500,2771.0,1642,10084,45607760.0,2775.0,6,2770.0,20
rb1805,20170518,20170517,214356000,2771.0,1642,10084,45607760.0,2775.0,6,2771.0,2
rb1805,20170518,20170517,214356500,2771.0,1642,10084,45607760.0,2775.0,6,2771.0,2
rb1805,20170518,20170517,214359000,2771.0,1642,10084,45607760.0,2773.0,1,2771.0,2
rb1805,20170518,20170517,214403500,2771.0,1642,10084,45607760.0,2773.0,1,2771.0,2
rb1805,20170518,20170517,214408500,2771.0,1642,10084,45607760.0,2773.0,1,2771.0,3
rb1805,20170518,20170517,214410500,2771.0,1642,10084,45607760.0,2775.0,6,2771.0,3
rb1805,20170518,20170517,214411000,2771.0,1642,10084,45607760.0,2774.0,1,2771.0,3
rb1805,20170518,20170517,214411500,2771.0,1644,10084,45663180.0,2774.0,1,2771.0,2
rb1805,20170518,20170517,214412000,2771.0,1644,10084,45663180.0,2774.0,1,2771.0,5
rb1805,20170518,20170517,214424000,2771.0,1644,10084,45663180.0,2774.0,1,2772.0,1
rb1805,20170518,20170517,214425000,2771.0,1644,10084,45663180.0,2774.0,2,2772.0,1
rb1805,20170518,20170517,214426000,2771.0,1644,10084,45663180.0,2773.0,1,2772.0,1
rb1805,20170518,20170517,214427500,2771.0,1644,10084,45663180.0,2773.0,1,2772.0,1
rb1805,20170518,20170517,214430000,2772.0,1646,10084,45718620.0,2773.0,1,2771.0,5
rb1805,20170518,20170517,214433000,2772.0,1646,10084,45718620.0,2772.0,1,2771.0,5
rb1805,20170518,20170517,214433500,2772.0,1646,10084,45718620.0,2772.0,1,2771.0,2
rb1805,20170518,20170517,214435000,2772.0,1646,10084,45718620.0,2773.0,1,2771.0,2
rb1805,20170518,20170517,214437500,2772.0,1646,10084,45718620.0,2774.0,1,2771.0,3
rb1805,20170518,20170517,214444500,2771.0,1652,10090,45884880.0,2771.0,12,2770.0,20
rb1805,20170518,20170517,214445000,2771.0,1658,10096,46051140.0,2771.0,9,2770.0,20
rb1805,20170518,20170517,214447000,2771.0,1658,10096,46051140.0,2771.0,9,2770.0,20
rb1805,20170518,20170517,214450000,2771.0,1660,10096,46106560.0,2771.0,8,2770.0,20
rb1805,20170518,20170517,214455500,2771.0,1676,10112,46549920.0,2774.0,1,2770.0,20
rb1805,20170518,20170517,214459500,2771.0,1676,10112,46549920.0,2774.0,1,2770.0,20
rb1805,20170518,20170517,214505500,2771.0,1676,10112,46549920.0,2774.0,1,2771.0,3
rb1805,20170518,20170517,214506000,2771.0,1676,10112,46549920.0,2774.0,1,2771.0,4
rb1805,20170518,20170517,214506500,2771.0,1676,10112,46549920.0,2774.0,1,2771.0,3
rb1805,20170518,20170517,214507500,2771.0,1676,10112,46549920.0,2774.0,1,2771.0,3
rb1805,20170518,20170517,214509500,2771.0,1678,10110,46605340.0,2774.0,1,2771.0,2
rb1805,20170518,20170517,214521000,2771.0,1678,10110,46605340.0,2774.0,1,2771.0,2
rb1805,20170518,20170517,214528500,2771.0,1678,10110,46605340.0,2772.0,1,2771.0,2
rb1805,20170518,20170517,214529000,2771.0,1680,10108,46660760.0,2772.0,1,2771.0,1
rb1805,20170518,20170517,214529500,2771.0,1680,10108,46660760.0,2772.0,1,2771.0,1
rb1805,20170518,20170517,214532500,2771.0,1682,10106,46716180.0,2772.0,1,2770.0,20
rb1805,20170518,20170517,214533000,2771.0,1682,10106,46716180.0,2771.0,1,2770.0,20
rb1805,20170518,20170517,214534000,2771.0,1682,10106,46716180.0,2772.0,1,2770.0,20
rb1805,20170518,20170517,214534500,2771.0,1682,10106,46716180.0,2771.0,1,2770.0,20
rb1805,20170518,20170517,214536500,2771.0,1684,10108,46771600.0,2772.0,1,2771.0,2
rb1805,20170518,20170517,214537500,2771.0,1688,10112,46882440.0,2771.0,13,2770.0,20
rb1805,20170518,20170517,214547000,2771.0,1688,10112,46882440.0,2771.0,13,2770.0,20
rb1805,20170518,20170517,214556500,2771.0,1690,10112,46937860.0,2771.0,12,2770.0,20
rb1805,20170518,20170517,214625000,2770.0,1712,10112,47547260.0,2771.0,12,2770.0,9
rb1805,20170518,20170517,214631500,2770.0,1712,10112,47547260.0,2771.0,12,2770.0,7
rb1805,20170518,20170517,214645000,2770.0,1712,10112,47547260.0,2771.0,12,2770.0,12
rb1805,20170518,20170517,214646500,2771.0,1714,10114,47602680.0,2771.0,11,2770.0,12
rb1805,20170518,20170517,214648000,2771.0,1714,10114,47602680.0,2771.0,11,2770.0,12
rb1805,20170518,20170517,214648500,2771.0,1714,10114,47602680.0,2771.0,11,2770.0,7
rb1805,20170518,20170517,214651500,2771.0,1714,10114,47602680.0,2771.0,11,2770.0,9
rb1805,20170518,20170517,214656500,2771.0,1714,10114,47602680.0,2771.0,11,2770.0,14
rb1805,20170518,20170517,214700000,2771.0,1716,10116,47658100.0,2771.0,10,2770.0,9
rb1805,20170518,20170517,214701500,2771.0,1716,10116,47658100.0,2771.0,10,2770.0,9
rb1805,20170518,20170517,214702500,2771.0,1716,10116,47658100.0,2771.0,10,2770.0,14
rb1805,20170518,20170517,214703500,2771.0,1736,10136,48212300.0,2774.0,2,2770.0,14
rb1805,20170518,20170517,214704000,2771.0,1736,10136,48212300.0,2774.0,7,2770.0,14
rb1805,20170518,20170517,214704500,2774.0,1740,10136,48323260.0,2774.0,5,2770.0,14
rb1805,20170518,20170517,214707500,2774.0,1740,10136,48323260.0,2774.0,5,2771.0,3
rb1805,20170518,20170517,214708000,2774.0,1740,10136,48323260.0,2774.0,5,2771.0,8
rb1805,20170518,20170517,214708500,2774.0,1740,10136,48323260.0,2774.0,5,2771.0,8
rb1805,20170518,20170517,214709000,2774.0,1740,10136,48323260.0,2774.0,5,2771.0,8
rb1805,20170518,20170517,214710000,2774.0,1740,10136,48323260.0,2774.0,5,2771.0,9
rb1805,20170518,20170517,214713000,2774.0,1740,10136,48323260.0,2774.0,5,2771.0,9
rb1805,20170518,20170517,214716000,2774.0,1740,10136,48323260.0,2774.0,5,2771.0,9
rb1805,20170518,20170517,214717500,2774.0,1740,10136,48323260.0,2773.0,1,2771.0,9
rb1805,20170518,20170517,214718000,2774.0,1740,10136,48323260.0,2773.0,2,2772.0,1
rb1805,20170518,20170517,214718500,2774.0,1740,10136,48323260.0,2773.0,2,2772.0,1
rb1805,20170518,20170517,214723500,2774.0,1740,10136,48323260.0,2773.0,2,2772.0,1
rb1805,20170518,20170517,214725000,2773.0,1744,10138,48434180.0,2774.0,6,2772.0,1
rb1805,20170518,20170517,214728000,2773.0,1744,10138,48434180.0,2774.0,6,2772.0,1
rb1805,20170518,20170517,214729000,2773.0,1744,10138,48434180.0,2774.0,1,2773.0,1
rb1805,20170518,20170517,214730000,2773.0,1744,10138,48434180.0,2774.0,1,2772.0,6
rb1805,20170518,20170517,214731000,2773.0,1744,10138,48434180.0,2774.0,6,2772.0,6
rb1805,20170518,20170517,214731500,2773.0,1744,10138,48434180.0,2774.0,6,2773.0,1
rb1805,20170518,20170517,214732000,2773.0,1744,10138,48434180.0,2774.0,1,2772.0,6
rb1805,20170518,20170517,214733500,2773.0,1744,10138,48434180.0,2774.0,1,2772.0,6
rb1805,20170518,20170517,214736000,2773.0,1744,10138,48434180.0,2774.0,1,2772.0,6
rb1805,20170518,20170517,214738500,2773.0,1744,10138,48434180.0,2774.0,1,2773.0,1
rb1805,20170518,20170517,214739000,2774.0,1746,10138,48489660.0,2775.0,6,2773.0,6
rb1805,20170518,20170517,214740000,2774.0,1746,10138,48489660.0,2775.0,6,2773.0,6
rb1805,20170518,20170517,214743000,2773.0,1748,10138,48545120.0,2775.0,6,2773.0,5
rb1805,20170518,20170517,214748000,2773.0,1748,10138,48545120.0,2775.0,6,2773.0,5
rb1805,20170518,20170517,214748500,2773.0,1748,10138,48545120.0,2775.0,6,2773.0,5
rb1805,20170518,20170517,214754500,2773.0,1750,10138,48600580.0,2775.0,6,2773.0,4
rb1805,20170518,20170517,214755000,2775.0,1762,10150,48933580.0,2776.0,2,2775.0,4
rb1805,20170518,20170517,214755500,2775.0,1770,10150,49155580.0,2776.0,2,2773.0,4
rb1805,20170518,20170517,214756000,2775.0,1770,10150,49155580.0,2775.0,1,2773.0,4
rb1805,20170518,20170517,214757000,2775.0,1770,10150,49155580.0,2776.0,7,2773.0,4
rb1805,20170518,20170517,214757500,2775.0,1770,10150,49155580.0,2775.0,1,2773.0,4
rb1805,20170518,20170517,214800500,2775.0,1770,10150,49155580.0,2775.0,1,2773.0,5
rb1805,20170518,20170517,214805000,2775.0,1770,10150,49155580.0,2775.0,1,2773.0,5
rb1805,20170518,20170517,214809500,2775.0,1772,10148,49211080.0,2776.0,7,2773.0,5
rb1805,20170518,20170517,214810000,2775.0,1772,10148,49211080.0,2776.0,7,2773.0,5
rb1805,20170518,20170517,214810500,2776.0,1778,10152,49377640.0,2776.0,4,2773.0,5
rb1805,20170518,20170517,214820000,2776.0,1778,10152,49377640.0,2776.0,4,2773.0,5
rb1805,20170518,20170517,214835000,2773.0,1788,10162,49654940.0,2773.0,10,2772.0,6
rb1805,20170518,20170517,214835500,2773.0,1788,10162,49654940.0,2773.0,10,2772.0,1
rb1805,20170518,20170517,214843000,2773.0,1808,10182,50209540.0,2776.0,4,2772.0,1
rb1805,20170518,20170517,214843500,2773.0,1808,10182,50209540.0,2776.0,4,2772.0,2
rb1805,20170518,20170517,214846000,2773.0,1808,10182,50209540.0,2776.0,4,2772.0,3
rb1805,20170518,20170517,214849500,2773.0,1808,10182,50209540.0,2776.0,4,2772.0,3
rb1805,20170518,20170517,214853500,2773.0,1808,10182,50209540.0,2776.0,4,2772.0,3
rb1805,20170518,20170517,214856000,2773.0,1808,10182,50209540.0,2776.0,4,2772.0,2
rb1805,20170518,20170517,214856500,2773.0,1808,10182,50209540.0,2776.0,4,2772.0,1
rb1805,20170518,20170517,214857000,2773.0,1808,10182,50209540.0,2775.0,5,2772.0,1
rb1805,20170518,20170517,214857500,2773.0,1808,10182,50209540.0,2775.0,6,2772.0,1
rb1805,20170518,20170517,214858000,2773.0,1808,10182,50209540.0,2775.0,7,2772.0,2
rb1805,20170518,20170517,214900000,2773.0,1808,10182,50209540.0,2775.0,2,2772.0,2
rb1805,20170518,20170517,214903000,2773.0,1808,10182,50209540.0,2775.0,2,2772.0,2
rb1805,20170518,20170517,214905000,2773.0,1808,10182,50209540.0,2775.0,2,2772.0,2
rb1805,20170518,20170517,214906000,2773.0,1808,10182,50209540.0,2775.0,2,2772.0,7
rb1805,20170518,20170517,214909000,2773.0,1808,10182,50209540.0,2775.0,2,2772.0,7
rb1805,20170518,20170517,214910000,2773.0,1808,10182,50209540.0,2775.0,2,2772.0,7
rb1805,20170518,20170517,214911500,2773.0,1808,10182,50209540.0,2775.0,1,2772.0,7
rb1805,20170518,20170517,214914500,2773.0,1808,10182,50209540.0,2773.0,7,2772.0,7
rb1805,20170518,20170517,214915000,2773.0,1810,10182,50265000.0,2773.0,6,2772.0,7
