instrument,tradingday,calendarday,time,lastp,volume,openinterest,turnover,ask1,asksz1,bid1,bidsz1
rb1805,20170823,20170822,183500500,3803.0,0,235706,0.0,0.0,0,0.0,0
rb1805,20170823,20170822,205900500,3791.0,166,235708,6293060.0,3791.0,2,3790.0,20
rb1805,20170823,20170822,210000500,3791.0,390,235738,14783040.0,3792.0,2,3791.0,4
rb1805,20170823,20170822,210001000,3786.0,768,235662,29087880.0,3786.0,1,3779.0,1
rb1805,20170823,20170822,210001500,3779.0,1184,235518,44785280.0,3779.0,27,3778.0,1
rb1805,20170823,20170822,210002000,3778.0,1438,235538,54379360.0,3780.0,4,3775.0,1
rb1805,20170823,20170822,210002500,3757.0,2036,235598,76882720.0,3774.0,1,3760.0,1
rb1805,20170823,20170822,210003000,3768.0,2962,235592,111798240.0,3771.0,3,3770.0,2
rb1805,20170823,20170822,210003500,3770.0,4222,235438,159219700.0,3770.0,3,3753.0,6
rb1805,20170823,20170822,210004000,3767.0,4820,235614,181751100.0,3767.0,1,3762.0,69
rb1805,20170823,20170822,210004500,3762.0,5302,235728,199876440.0,3763.0,4,3762.0,44
rb1805,20170823,20170822,210005000,3765.0,5482,235796,206650560.0,3765.0,6,3763.0,3
rb1805,20170823,20170822,210005500,3765.0,5626,235854,212071620.0,3771.0,3,3765.0,15
rb1805,20170823,20170822,210006000,3768.0,5690,235816,214482520.0,3768.0,1,3766.0,3
rb1805,20170823,20170822,210006500,3764.0,5834,235766,219905000.0,3765.0,94,3763.0,5
rb1805,20170823,20170822,210007000,3765.0,6034,235718,227434740.0,3765.0,10,3763.0,3
rb1805,20170823,20170822,210007500,3765.0,6116,235704,230522300.0,3770.0,5,3765.0,13
rb1805,20170823,20170822,210008000,3770.0,6146,235692,231653160.0,3770.0,8,3767.0,1
rb1805,20170823,20170822,210008500,3771.0,6180,235696,232934920.0,3771.0,14,3770.0,17
rb1805,20170823,20170822,210009000,3770.0,6224,235704,234594000.0,3773.0,2,3771.0,7
rb1805,20170823,20170822,210009500,3771.0,6306,235674,237686200.0,3772.0,5,3770.0,31
rb1805,20170823,20170822,210010000,3767.0,6458,235652,243415520.0,3774.0,7,3767.0,4
rb1805,20170823,20170822,210010500,3772.0,6474,235654,244018800.0,3772.0,4,3770.0,2
rb1805,20170823,20170822,210011000,3772.0,6480,235656,244245140.0,3773.0,1,3772.0,23
rb1805,20170823,20170822,210011500,3773.0,6524,235642,245905480.0,3777.0,76,3773.0,3
rb1805,20170823,20170822,210012000,3773.0,6564,235622,247414880.0,3773.0,1,3772.0,15
rb1805,20170823,20170822,210012500,3776.0,6572,235618,247716780.0,3776.0,9,3773.0,22
rb1805,20170823,20170822,210013000,3776.0,6588,235616,248320940.0,3776.0,19,3775.0,5
rb1805,20170823,20170822,210013500,3776.0,6640,235590,250284300.0,3776.0,15,3774.0,36
rb1805,20170823,20170822,210014000,3776.0,6696,235552,252398800.0,3777.0,2,3775.0,2
rb1805,20170823,20170822,210014500,3775.0,6706,235552,252776420.0,3776.0,21,3775.0,5
rb1805,20170823,20170822,210015000,3776.0,6752,235508,254513420.0,3778.0,24,3776.0,4
rb1805,20170823,20170822,210015500,3776.0,6778,235518,255495180.0,3778.0,27,3776.0,1
rb1805,20170823,20170822,210016000,3776.0,6796,235514,256174940.0,3776.0,5,3775.0,3
rb1805,20170823,20170822,210016500,3777.0,6816,235514,256930140.0,3777.0,3,3776.0,4
rb1805,20170823,20170822,210017000,3777.0,6830,235516,257458980.0,3778.0,23,3777.0,4
rb1805,20170823,20170822,210017500,3777.0,6856,235508,258440840.0,3777.0,10,3776.0,60
rb1805,20170823,20170822,210018000,3777.0,6880,235510,259347120.0,3777.0,5,3776.0,52
rb1805,20170823,20170822,210018500,3776.0,6932,235554,261310780.0,3778.0,23,3776.0,38
rb1805,20170823,20170822,210019000,3777.0,6938,235550,261537400.0,3777.0,5,3776.0,78
rb1805,20170823,20170822,210019500,3777.0,6948,235548,261915080.0,3777.0,1,3776.0,77
rb1805,20170823,20170822,210020000,3777.0,6958,235554,262292720.0,3777.0,1,3776.0,75
rb1805,20170823,20170822,210020500,3777.0,6990,235558,263501080.0,3777.0,5,3776.0,61
rb1805,20170823,20170822,210021000,3777.0,7046,235574,265616420.0,3778.0,8,3777.0,2
rb1805,20170823,20170822,210021500,3777.0,7154,235578,269694640.0,3777.0,13,3776.0,10
rb1805,20170823,20170822,210022000,3777.0,7198,235584,271356140.0,3777.0,25,3776.0,1
rb1805,20170823,20170822,210022500,3777.0,7214,235588,271960400.0,3777.0,13,3776.0,5
rb1805,20170823,20170822,210023000,3777.0,7242,235590,273017860.0,3777.0,14,3775.0,10
rb1805,20170823,20170822,210023500,3777.0,7248,235588,273244480.0,3776.0,3,3775.0,10
rb1805,20170823,20170822,210024000,3776.0,7314,235544,275737020.0,3777.0,8,3776.0,2
rb1805,20170823,20170822,210024500,3777.0,7348,235558,277020720.0,3777.0,8,3775.0,39
rb1805,20170823,20170822,210025000,3777.0,7370,235562,277851600.0,3777.0,2,3776.0,1
rb1805,20170823,20170822,210025500,3776.0,7374,235564,278002640.0,3777.0,4,3775.0,1
rb1805,20170823,20170822,210026000,3776.0,7398,235566,278909000.0,3777.0,7,3774.0,22
rb1805,20170823,20170822,210026500,3775.0,7408,235572,279286580.0,3776.0,3,3774.0,22
rb1805,20170823,20170822,210027000,3776.0,7412,235576,279437620.0,3776.0,1,3775.0,2
rb1805,20170823,20170822,210027500,3776.0,7416,235576,279588640.0,3776.0,14,3775.0,1
rb1805,20170823,20170822,210028000,3775.0,7430,235576,280117140.0,3775.0,1,3774.0,22
rb1805,20170823,20170822,210028500,3774.0,7438,235580,280419100.0,3775.0,12,3774.0,20
rb1805,20170823,20170822,210029000,3774.0,7476,235586,281853360.0,3775.0,16,3774.0,8
rb1805,20170823,20170822,210029500,3775.0,7524,235600,283665380.0,3776.0,8,3775.0,33
rb1805,20170823,20170822,210030000,3775.0,7572,235604,285477380.0,3776.0,18,3775.0,11
rb1805,20170823,20170822,210030500,3775.0,7598,235622,286458880.0,3775.0,13,3774.0,8
rb1805,20170823,20170822,210031000,3774.0,7622,235634,287364680.0,3774.0,2,3773.0,19
rb1805,20170823,20170822,210031500,3776.0,7634,235636,287817680.0,3775.0,1,3774.0,41
rb1805,20170823,20170822,210032000,3775.0,7642,235638,288119700.0,3776.0,8,3774.0,41
rb1805,20170823,20170822,210032500,3774.0,7648,235634,288346180.0,3776.0,9,3774.0,40
rb1805,20170823,20170822,210033000,3775.0,7676,235630,289403380.0,3776.0,11,3775.0,13
rb1805,20170823,20170822,210033500,3775.0,7824,235656,294991600.0,3775.0,41,3774.0,42
rb1805,20170823,20170822,210034000,3775.0,7908,235738,298162600.0,3777.0,14,3776.0,4
rb1805,20170823,20170822,210034500,3777.0,7942,235722,299446720.0,3778.0,14,3777.0,2
rb1805,20170823,20170822,210035000,3777.0,7974,235730,300655620.0,3778.0,2,3777.0,6
rb1805,20170823,20170822,210035500,3779.0,8004,235710,301789200.0,3779.0,1,3778.0,1
rb1805,20170823,20170822,210036000,3778.0,8166,235656,307909640.0,3780.0,23,3778.0,2
rb1805,20170823,20170822,210036500,3778.0,8280,235552,312216340.0,3779.0,21,3778.0,3
rb1805,20170823,20170822,210037000,3777.0,8288,235554,312518560.0,3779.0,34,3777.0,25
rb1805,20170823,20170822,210037500,3779.0,8298,235554,312896460.0,3779.0,20,3777.0,25
rb1805,20170823,20170822,210038000,3779.0,8322,235540,313803420.0,3779.0,27,3778.0,1
rb1805,20170823,20170822,210038500,3779.0,8334,235544,314256800.0,3779.0,18,3777.0,25
rb1805,20170823,20170822,210039000,3777.0,8346,235540,314710240.0,3779.0,13,3777.0,26
rb1805,20170823,20170822,210039500,3779.0,8368,235536,315541460.0,3779.0,16,3777.0,22
rb1805,20170823,20170822,210040000,3779.0,8386,235534,316221600.0,3779.0,9,3777.0,21
rb1805,20170823,20170822,210040500,3779.0,8392,235534,316448340.0,3779.0,7,3777.0,20
rb1805,20170823,20170822,210041000,3777.0,8394,235534,316523880.0,3779.0,7,3777.0,24
rb1805,20170823,20170822,210041500,3777.0,8394,235534,316523880.0,3779.0,19,3777.0,24
rb1805,20170823,20170822,210042000,3779.0,8398,235530,316675040.0,3779.0,18,3777.0,25
rb1805,20170823,20170822,210042500,3779.0,8400,235530,316750620.0,3779.0,13,3778.0,2
rb1805,20170823,20170822,210043000,3778.0,8406,235536,316977300.0,3778.0,5,3777.0,26
rb1805,20170823,20170822,210043500,3778.0,8418,235538,317430660.0,3778.0,1,3777.0,26
rb1805,20170823,20170822,210044000,3779.0,8430,235550,317884120.0,3779.0,8,3777.0,26
rb1805,20170823,20170822,210044500,3779.0,8442,235548,318337500.0,3779.0,14,3778.0,2
rb1805,20170823,20170822,210045000,3778.0,8452,235554,318715300.0,3778.0,22,3777.0,27
rb1805,20170823,20170822,210045500,3777.0,8474,235574,319546320.0,3778.0,7,3777.0,23
rb1805,20170823,20170822,210046000,3778.0,8492,235582,320226360.0,3779.0,18,3778.0,6
rb1805,20170823,20170822,210046500,3778.0,8508,235594,320830840.0,3778.0,1,3777.0,61
rb1805,20170823,20170822,210047000,3777.0,8514,235600,321057460.0,3779.0,9,3777.0,58
rb1805,20170823,20170822,210047500,3779.0,8530,235602,321662060.0,3779.0,6,3778.0,4
rb1805,20170823,20170822,210048000,3778.0,8560,235584,322795460.0,3778.0,14,3777.0,59
rb1805,20170823,20170822,210048500,3778.0,8614,235590,324835420.0,3778.0,1,3777.0,52
rb1805,20170823,20170822,210049000,3780.0,8624,235584,325213340.0,3779.0,1,3778.0,1
rb1805,20170823,20170822,210049500,3778.0,8646,235584,326044680.0,3780.0,27,3778.0,1
rb1805,20170823,20170822,210050000,3778.0,8668,235586,326875840.0,3778.0,7,3777.0,55
rb1805,20170823,20170822,210050500,3778.0,8686,235596,327555880.0,3779.0,2,3778.0,21
rb1805,20170823,20170822,210051000,3779.0,8688,235594,327631460.0,3779.0,8,3778.0,26
rb1805,20170823,20170822,210051500,3779.0,8702,235604,328160420.0,3779.0,23,3778.0,23
rb1805,20170823,20170822,210052000,3778.0,8712,235610,328538220.0,3779.0,23,3778.0,19
rb1805,20170823,20170822,210052500,3778.0,8776,235604,330956180.0,3778.0,3,3777.0,63
rb1805,20170823,20170822,210053000,3778.0,8786,235604,331334000.0,3779.0,19,3778.0,3
rb1805,20170823,20170822,210053500,3778.0,8808,235624,332165160.0,3778.0,12,3777.0,64
rb1805,20170823,20170822,210054000,3777.0,8812,235624,332316260.0,3778.0,27,3777.0,68
rb1805,20170823,20170822,210054500,3779.0,8914,235672,336170100.0,3780.0,29,3779.0,7
rb1805,20170823,20170822,210055000,3779.0,8934,235682,336925900.0,3779.0,26,3778.0,2
rb1805,20170823,20170822,210055500,3778.0,8948,235682,337454820.0,3778.0,15,3777.0,40
rb1805,20170823,20170822,210056000,3777.0,8950,235680,337530360.0,3778.0,18,3777.0,40
rb1805,20170823,20170822,210056500,3777.0,8950,235680,337530360.0,3778.0,18,3777.0,40
rb1805,20170823,20170822,210057000,3778.0,8954,235684,337681480.0,3778.0,17,3777.0,43
rb1805,20170823,20170822,210057500,3778.0,8984,235694,338814720.0,3778.0,10,3777.0,41
rb1805,20170823,20170822,210058000,3777.0,9000,235702,339419080.0,3778.0,8,3777.0,36
rb1805,20170823,20170822,210058500,3778.0,9012,235704,339872420.0,3778.0,3,3777.0,39
rb1805,20170823,20170822,210059000,3778.0,9012,235704,339872420.0,3778.0,5,3777.0,39
rb1805,20170823,20170822,210059500,3777.0,9018,235706,340099060.0,3778.0,4,3777.0,38
rb1805,20170823,20170822,210100000,3777.0,9058,235698,341610060.0,3778.0,1,3777.0,28
rb1805,20170823,20170822,210100500,3776.0,9134,235676,344480720.0,3779.0,15,3778.0,2
rb1805,20170823,20170822,210101000,3778.0,9154,235682,345236040.0,3778.0,19,3777.0,1
rb1805,20170823,20170822,210101500,3777.0,9160,235684,345462680.0,3777.0,2,3776.0,53
rb1805,20170823,20170822,210102000,3777.0,9190,235686,346596000.0,3777.0,12,3776.0,53
rb1805,20170823,20170822,210102500,3776.0,9214,235710,347502240.0,3777.0,18,3776.0,43
rb1805,20170823,20170822,210103000,3776.0,9230,235722,348106440.0,3777.0,28,3776.0,37
rb1805,20170823,20170822,210103500,3777.0,9232,235722,348181980.0,3777.0,27,3776.0,37
rb1805,20170823,20170822,210104000,3776.0,9318,235774,351429240.0,3776.0,8,3775.0,68
rb1805,20170823,20170822,210104500,3776.0,9376,235812,353618780.0,3776.0,6,3775.0,42
rb1805,20170823,20170822,210105000,3776.0,9384,235810,353920860.0,3776.0,9,3775.0,89
rb1805,20170823,20170822,210105500,3776.0,9390,235810,354147400.0,3776.0,2,3775.0,88
rb1805,20170823,20170822,210106000,3776.0,9394,235814,354298440.0,3777.0,23,3775.0,44
rb1805,20170823,20170822,210106500,3776.0,9470,235890,357167480.0,3776.0,12,3775.0,20
rb1805,20170823,20170822,210107000,3776.0,9470,235890,357167480.0,3776.0,19,3775.0,8
rb1805,20170823,20170822,210107500,3775.0,9490,235900,357922480.0,3775.0,13,3774.0,22
rb1805,20170823,20170822,210108000,3775.0,9520,235898,359054820.0,3776.0,27,3775.0,1
rb1805,20170823,20170822,210108500,3775.0,9524,235898,359205820.0,3775.0,14,3774.0,12
rb1805,20170823,20170822,210109000,3774.0,9558,235908,360489060.0,3774.0,43,3773.0,21
rb1805,20170823,20170822,210109500,3774.0,9560,235910,360564540.0,3774.0,51,3773.0,21
rb1805,20170823,20170822,210110000,3774.0,9564,235912,360715500.0,3774.0,59,3773.0,33
rb1805,20170823,20170822,210110500,3773.0,9570,235914,360941900.0,3774.0,60,3773.0,31
rb1805,20170823,20170822,210111000,3774.0,9672,235930,364791320.0,3774.0,12,3773.0,37
rb1805,20170823,20170822,210111500,3773.0,9716,235910,366451440.0,3773.0,59,3772.0,37
rb1805,20170823,20170822,210112000,3773.0,9736,235904,367206020.0,3773.0,59,3772.0,36
rb1805,20170823,20170822,210112500,3773.0,9784,235884,369016900.0,3773.0,43,3772.0,40
rb1805,20170823,20170822,210113000,3773.0,9880,235894,372638900.0,3774.0,13,3773.0,8
rb1805,20170823,20170822,210113500,3773.0,9910,235920,373770700.0,3774.0,13,3773.0,1
rb1805,20170823,20170822,210114000,3774.0,9936,235918,374751680.0,3773.0,1,3772.0,24
rb1805,20170823,20170822,210114500,3772.0,9948,235930,375204360.0,3773.0,6,3772.0,20
rb1805,20170823,20170822,210115000,3772.0,9966,235940,375883440.0,3774.0,18,3772.0,17
rb1805,20170823,20170822,210115500,3772.0,10004,235930,377316820.0,3772.0,13,3771.0,28
rb1805,20170823,20170822,210116000,3772.0,10022,235922,377995720.0,3772.0,7,3771.0,25
rb1805,20170823,20170822,210116500,3772.0,10036,235920,378523800.0,3773.0,6,3772.0,44
rb1805,20170823,20170822,210117000,3772.0,10076,235960,380032600.0,3773.0,12,3772.0,24
rb1805,20170823,20170822,210117500,3773.0,10084,235964,380334400.0,3773.0,17,3772.0,23
rb1805,20170823,20170822,210118000,3771.0,10208,236074,385010760.0,3771.0,8,3770.0,39
rb1805,20170823,20170822,210118500,3771.0,10302,236094,388554640.0,3771.0,13,3769.0,10
rb1805,20170823,20170822,210119000,3771.0,10310,236098,388856280.0,3771.0,17,3769.0,15
rb1805,20170823,20170822,210119500,3771.0,10350,236108,390364380.0,3771.0,12,3770.0,2
rb1805,20170823,20170822,210120000,3770.0,10352,236110,390439780.0,3771.0,12,3770.0,2
rb1805,20170823,20170822,210120500,3771.0,10384,236098,391646340.0,3771.0,2,3769.0,10
rb1805,20170823,20170822,210121000,3771.0,10388,236096,391797180.0,3771.0,2,3770.0,1
rb1805,20170823,20170822,210121500,3770.0,10394,236098,392023380.0,3769.0,32,3768.0,37
rb1805,20170823,20170822,210122000,3769.0,10458,236142,394434960.0,3769.0,30,3768.0,8
rb1805,20170823,20170822,210122500,3769.0,10480,236128,395263940.0,3769.0,28,3768.0,15
rb1805,20170823,20170822,210123000,3768.0,10494,236126,395791540.0,3769.0,24,3768.0,2
rb1805,20170823,20170822,210123500,3768.0,10510,236138,396394400.0,3768.0,6,3767.0,6
rb1805,20170823,20170822,210124000,3768.0,10544,236136,397675640.0,3769.0,18,3768.0,16
rb1805,20170823,20170822,210124500,3768.0,10550,236130,397901720.0,3769.0,19,3768.0,7
rb1805,20170823,20170822,210125000,3768.0,10570,236132,398655320.0,3768.0,15,3767.0,11
rb1805,20170823,20170822,210125500,3767.0,10602,236128,399860760.0,3768.0,17,3766.0,29
rb1805,20170823,20170822,210126000,3768.0,10642,236126,401367940.0,3768.0,8,3766.0,21
rb1805,20170823,20170822,210126500,3768.0,10658,236114,401970820.0,3768.0,1,3766.0,23
rb1805,20170823,20170822,210127000,3767.0,10660,236112,402046160.0,3768.0,3,3767.0,7
rb1805,20170823,20170822,210127500,3766.0,10716,236092,404155540.0,3769.0,29,3768.0,2
rb1805,20170823,20170822,210128000,3766.0,10734,236102,404833580.0,3767.0,3,3766.0,10
rb1805,20170823,20170822,210128500,3768.0,10752,236108,405511760.0,3769.0,33,3768.0,3
rb1805,20170823,20170822,210129000,3768.0,10838,236060,408751480.0,3768.0,4,3767.0,8
rb1805,20170823,20170822,210129500,3768.0,10884,236056,410484580.0,3768.0,16,3767.0,5
rb1805,20170823,20170822,210130000,3768.0,10924,236058,411991800.0,3769.0,14,3768.0,14
rb1805,20170823,20170822,210130500,3768.0,10972,236034,413800580.0,3768.0,13,3767.0,39
rb1805,20170823,20170822,210131000,3768.0,11020,236046,415609220.0,3769.0,10,3768.0,62
rb1805,20170823,20170822,210131500,3770.0,11038,236030,416287600.0,3770.0,14,3768.0,60
rb1805,20170823,20170822,210132000,3770.0,11128,236044,419680720.0,3771.0,1,3770.0,24
rb1805,20170823,20170822,210132500,3771.0,11164,236020,421038280.0,3772.0,12,3771.0,25
rb1805,20170823,20170822,210133000,3770.0,11238,236058,423828780.0,3772.0,7,3771.0,4
rb1805,20170823,20170822,210133500,3772.0,11250,236056,424281360.0,3772.0,4,3771.0,38
rb1805,20170823,20170822,210134000,3770.0,11358,236132,428353720.0,3771.0,1,3770.0,10
rb1805,20170823,20170822,210134500,3772.0,11364,236132,428580020.0,3772.0,13,3771.0,18
rb1805,20170823,20170822,210135000,3772.0,11372,236132,428881780.0,3773.0,19,3772.0,13
rb1805,20170823,20170822,210135500,3771.0,11382,236122,429258920.0,3773.0,11,3771.0,36
rb1805,20170823,20170822,210136000,3771.0,11396,236124,429786920.0,3772.0,3,3771.0,31
rb1805,20170823,20170822,210136500,3772.0,11406,236122,430164120.0,3773.0,16,3772.0,3
rb1805,20170823,20170822,210137000,3771.0,11428,236114,430993920.0,3772.0,1,3771.0,3
rb1805,20170823,20170822,210137500,3771.0,11432,236114,431144780.0,3772.0,7,3770.0,36
rb1805,20170823,20170822,210138000,3771.0,11440,236114,431446520.0,3772.0,11,3770.0,36
rb1805,20170823,20170822,210138500,3771.0,11446,236114,431672780.0,3771.0,6,3770.0,33
rb1805,20170823,20170822,210139000,3772.0,11460,236104,432200740.0,3772.0,21,3770.0,33
rb1805,20170823,20170822,210139500,3771.0,11466,236100,432426960.0,3772.0,37,3770.0,33
rb1805,20170823,20170822,210140000,3771.0,11472,236098,432653220.0,3772.0,16,3771.0,3
rb1805,20170823,20170822,210140500,3772.0,11506,236100,433935380.0,3771.0,1,3770.0,24
rb1805,20170823,20170822,210141000,3770.0,11534,236094,434991020.0,3771.0,11,3770.0,6
rb1805,20170823,20170822,210141500,3770.0,11568,236090,436272700.0,3770.0,1,3769.0,24
rb1805,20170823,20170822,210142000,3770.0,11572,236092,436423520.0,3771.0,25,3770.0,1
rb1805,20170823,20170822,210142500,3770.0,11576,236092,436574320.0,3770.0,4,3769.0,23
rb1805,20170823,20170822,210143000,3770.0,11608,236094,437781020.0,3771.0,16,3769.0,23
rb1805,20170823,20170822,210143500,3770.0,11612,236094,437931840.0,3771.0,6,3769.0,25
rb1805,20170823,20170822,210144000,3771.0,11616,236092,438082680.0,3771.0,10,3769.0,30
rb1805,20170823,20170822,210144500,3771.0,11616,236092,438082680.0,3771.0,10,3770.0,3
rb1805,20170823,20170822,210145000,3770.0,11630,236092,438610580.0,3771.0,5,3770.0,1
rb1805,20170823,20170822,210145500,3770.0,11632,236092,438685980.0,3772.0,35,3770.0,6
rb1805,20170823,20170822,210146000,3770.0,11632,236092,438685980.0,3772.0,41,3770.0,30
rb1805,20170823,20170822,210146500,3770.0,11638,236096,438912180.0,3772.0,41,3770.0,15
rb1805,20170823,20170822,210147000,3770.0,11650,236102,439364580.0,3772.0,35,3770.0,9
rb1805,20170823,20170822,210147500,3770.0,11662,236096,439816980.0,3772.0,35,3770.0,9
rb1805,20170823,20170822,210148000,3770.0,11662,236096,439816980.0,3771.0,3,3770.0,14
rb1805,20170823,20170822,210148500,3771.0,11666,236096,439967820.0,3771.0,6,3770.0,54
rb1805,20170823,20170822,210149000,3771.0,11674,236096,440269500.0,3771.0,3,3770.0,58
rb1805,20170823,20170822,210149500,3771.0,11680,236092,440495760.0,3772.0,39,3771.0,4
rb1805,20170823,20170822,210150000,3771.0,11696,236094,441099120.0,3771.0,88,3770.0,63
rb1805,20170823,20170822,210150500,3770.0,11700,236090,441249920.0,3771.0,75,3770.0,62
rb1805,20170823,20170822,210151000,3771.0,11738,236072,442682580.0,3771.0,77,3770.0,48
rb1805,20170823,20170822,210151500,3770.0,11836,236132,446377200.0,3770.0,3,3769.0,37
rb1805,20170823,20170822,210152000,3771.0,11854,236142,447055920.0,3771.0,56,3770.0,6
rb1805,20170823,20170822,210152500,3771.0,11886,236130,448262420.0,3771.0,54,3769.0,36
rb1805,20170823,20170822,210153000,3771.0,11908,236132,449092040.0,3771.0,46,3769.0,36
rb1805,20170823,20170822,210153500,3771.0,11908,236132,449092040.0,3771.0,47,3769.0,30
rb1805,20170823,20170822,210154000,3769.0,11920,236136,449544340.0,3770.0,7,3769.0,19
rb1805,20170823,20170822,210154500,3770.0,11968,236148,451353500.0,3770.0,25,3768.0,76
rb1805,20170823,20170822,210155000,3769.0,11976,236156,451654980.0,3769.0,12,3768.0,72
rb1805,20170823,20170822,210155500,3770.0,12042,236106,454142820.0,3770.0,21,3768.0,82
rb1805,20170823,20170822,210156000,3770.0,12044,236108,454218220.0,3769.0,2,3768.0,82
rb1805,20170823,20170822,210156500,3768.0,12048,236112,454368940.0,3769.0,7,3768.0,80
rb1805,20170823,20170822,210157000,3768.0,12208,236046,460397740.0,3768.0,4,3767.0,48
rb1805,20170823,20170822,210157500,3768.0,12220,236048,460849800.0,3768.0,6,3767.0,30
rb1805,20170823,20170822,210158000,3768.0,12230,236044,461226600.0,3768.0,32,3767.0,41
rb1805,20170823,20170822,210158500,3768.0,12230,236044,461226600.0,3768.0,37,3767.0,41
rb1805,20170823,20170822,210159000,3768.0,12308,236098,464164920.0,3768.0,47,3766.0,38
rb1805,20170823,20170822,210159500,3768.0,12318,236108,464541640.0,3768.0,46,3767.0,1
rb1805,20170823,20170822,210200000,3768.0,12326,236114,464843020.0,3768.0,58,3767.0,22
rb1805,20170823,20170822,210200500,3766.0,12376,236112,466726480.0,3768.0,59,3766.0,25
rb1805,20170823,20170822,210201000,3767.0,12384,236116,467027820.0,3767.0,18,3766.0,24
rb1805,20170823,20170822,210201500,3767.0,12396,236124,467479760.0,3767.0,19,3766.0,19
rb1805,20170823,20170822,210202000,3767.0,12410,236124,468007020.0,3767.0,18,3766.0,13
rb1805,20170823,20170822,210202500,3765.0,12444,236148,469287440.0,3766.0,42,3765.0,81
rb1805,20170823,20170822,210203000,3765.0,12640,236208,476666900.0,3766.0,38,3765.0,43
rb1805,20170823,20170822,210203500,3762.0,12866,236288,485171980.0,3762.0,12,3761.0,46
rb1805,20170823,20170822,210204000,3760.0,13002,236342,490287160.0,3761.0,75,3760.0,49
rb1805,20170823,20170822,210204500,3760.0,13148,236374,495776600.0,3760.0,105,3759.0,3
rb1805,20170823,20170822,210205000,3758.0,13196,236406,497580480.0,3758.0,30,3757.0,3
rb1805,20170823,20170822,210205500,3752.0,13404,236428,505388980.0,3754.0,5,3752.0,99
rb1805,20170823,20170822,210206000,3750.0,13882,236530,523327280.0,3752.0,1,3750.0,139
rb1805,20170823,20170822,210206500,3752.0,14100,236462,531506620.0,3753.0,7,3752.0,42
rb1805,20170823,20170822,210207000,3756.0,14330,236476,540138140.0,3756.0,13,3754.0,266
rb1805,20170823,20170822,210207500,3754.0,14460,236520,545020680.0,3757.0,9,3754.0,270
rb1805,20170823,20170822,210208000,3757.0,14476,236524,545621680.0,3757.0,51,3756.0,1
rb1805,20170823,20170822,210208500,3757.0,14518,236532,547199500.0,3757.0,6,3756.0,12
rb1805,20170823,20170822,210209000,3757.0,14570,236520,549152900.0,3758.0,24,3757.0,28
rb1805,20170823,20170822,210209500,3756.0,14676,236584,553135180.0,3757.0,105,3755.0,37
rb1805,20170823,20170822,210210000,3756.0,14686,236582,553510820.0,3757.0,87,3756.0,12
rb1805,20170823,20170822,210210500,3757.0,14870,236700,560423700.0,3758.0,6,3757.0,6
rb1805,20170823,20170822,210211000,3757.0,14904,236718,561701200.0,3758.0,30,3757.0,9
rb1805,20170823,20170822,210211500,3757.0,14944,236744,563204280.0,3759.0,13,3758.0,5
rb1805,20170823,20170822,210212000,3757.0,15002,236732,565383420.0,3758.0,2,3757.0,5
rb1805,20170823,20170822,210212500,3758.0,15038,236734,566736340.0,3759.0,32,3758.0,7
rb1805,20170823,20170822,210213000,3758.0,15086,236718,568539920.0,3759.0,54,3758.0,45
rb1805,20170823,20170822,210213500,3759.0,15120,236692,569817760.0,3759.0,23,3758.0,46
rb1805,20170823,20170822,210214000,3758.0,15146,236686,570794860.0,3759.0,16,3758.0,35
rb1805,20170823,20170822,210214500,3759.0,15192,236714,572524080.0,3760.0,16,3759.0,30
rb1805,20170823,20170822,210215000,3760.0,15222,236698,573651940.0,3760.0,7,3759.0,33
rb1805,20170823,20170822,210215500,3760.0,15230,236702,573952720.0,3760.0,14,3759.0,41
rb1805,20170823,20170822,210216000,3759.0,15240,236700,574328660.0,3760.0,12,3759.0,45
rb1805,20170823,20170822,210216500,3759.0,15258,236692,575005340.0,3760.0,16,3759.0,40
rb1805,20170823,20170822,210217000,3760.0,15304,236676,576734720.0,3760.0,4,3759.0,23
rb1805,20170823,20170822,210217500,3758.0,15380,236638,579591360.0,3759.0,41,3758.0,38
rb1805,20170823,20170822,210218000,3760.0,15502,236674,584177520.0,3760.0,14,3758.0,33
rb1805,20170823,20170822,210218500,3758.0,15526,236686,585079600.0,3760.0,14,3758.0,39
rb1805,20170823,20170822,210219000,3760.0,15532,236688,585305180.0,3760.0,4,3759.0,5
rb1805,20170823,20170822,210219500,3759.0,15566,236676,586583440.0,3761.0,27,3759.0,2
rb1805,20170823,20170822,210220000,3759.0,15578,236680,587034540.0,3761.0,43,3759.0,4
rb1805,20170823,20170822,210220500,3760.0,15586,236682,587335280.0,3760.0,15,3759.0,4
rb1805,20170823,20170822,210221000,3759.0,15738,236580,593049560.0,3759.0,50,3758.0,55
rb1805,20170823,20170822,210221500,3759.0,15788,236548,594928840.0,3759.0,37,3758.0,32
rb1805,20170823,20170822,210222000,3758.0,15924,236502,600040480.0,3759.0,4,3758.0,8
rb1805,20170823,20170822,210222500,3760.0,15936,236494,600491600.0,3760.0,14,3759.0,4
rb1805,20170823,20170822,210223000,3760.0,15962,236482,601469200.0,3760.0,2,3759.0,26
rb1805,20170823,20170822,210223500,3759.0,15990,236484,602521920.0,3760.0,1,3759.0,24
rb1805,20170823,20170822,210224000,3759.0,15998,236484,602822640.0,3760.0,6,3759.0,25
rb1805,20170823,20170822,210224500,3760.0,16012,236482,603349040.0,3761.0,25,3760.0,7
rb1805,20170823,20170822,210225000,3759.0,16032,236464,604101000.0,3760.0,38,3759.0,27
rb1805,20170823,20170822,210225500,3760.0,16050,236464,604777780.0,3760.0,25,3759.0,26
rb1805,20170823,20170822,210226000,3760.0,16078,236464,605830460.0,3760.0,19,3759.0,20
rb1805,20170823,20170822,210226500,3759.0,16098,236462,606582420.0,3760.0,3,3759.0,28
rb1805,20170823,20170822,210227000,3761.0,16148,236428,608462680.0,3761.0,19,3760.0,59
rb1805,20170823,20170822,210227500,3761.0,16170,236426,609289900.0,3761.0,36,3760.0,47
rb1805,20170823,20170822,210228000,3760.0,16174,236422,609440300.0,3761.0,33,3760.0,44
rb1805,20170823,20170822,210228500,3760.0,16194,236422,610192440.0,3761.0,6,3760.0,42
rb1805,20170823,20170822,210229000,3761.0,16226,236414,611395940.0,3761.0,7,3760.0,41
rb1805,20170823,20170822,210229500,3761.0,16292,236432,613877800.0,3761.0,5,3760.0,29
rb1805,20170823,20170822,210230000,3760.0,16354,236378,616209000.0,3760.0,69,3759.0,35
rb1805,20170823,20170822,210230500,3760.0,16378,236378,617111400.0,3760.0,57,3759.0,25
rb1805,20170823,20170822,210231000,3759.0,16388,236368,617487380.0,3760.0,53,3759.0,23
rb1805,20170823,20170822,210231500,3760.0,16408,236366,618239380.0,3760.0,44,3759.0,24
rb1805,20170823,20170822,210232000,3759.0,16452,236322,619893740.0,3760.0,124,3759.0,24
rb1805,20170823,20170822,210232500,3760.0,16490,236288,621322540.0,3760.0,107,3759.0,31
rb1805,20170823,20170822,210233000,3759.0,16580,236266,624706500.0,3760.0,64,3759.0,29
rb1805,20170823,20170822,210233500,3759.0,16602,236256,625533640.0,3760.0,56,3759.0,26
rb1805,20170823,20170822,210234000,3759.0,16628,236256,626511220.0,3760.0,44,3759.0,25
rb1805,20170823,20170822,210234500,3759.0,16634,236252,626736800.0,3760.0,46,3759.0,24
rb1805,20170823,20170822,210235000,3759.0,16696,236254,629067980.0,3760.0,16,3759.0,28
rb1805,20170823,20170822,210235500,3760.0,16708,236252,629519180.0,3760.0,10,3759.0,28
rb1805,20170823,20170822,210236000,3759.0,16720,236248,629970300.0,3760.0,9,3759.0,26
rb1805,20170823,20170822,210236500,3759.0,16726,236244,630195880.0,3760.0,8,3759.0,29
rb1805,20170823,20170822,210237000,3760.0,16762,236256,631549440.0,3760.0,2,3759.0,28
rb1805,20170823,20170822,210237500,3760.0,16766,236260,631699840.0,3761.0,5,3760.0,3
rb1805,20170823,20170822,210238000,3760.0,16772,236266,631925460.0,3761.0,8,3760.0,25
rb1805,20170823,20170822,210238500,3760.0,16774,236266,632000660.0,3761.0,14,3760.0,19
rb1805,20170823,20170822,210239000,3760.0,16774,236266,632000660.0,3761.0,8,3760.0,26
rb1805,20170823,20170822,210239500,3760.0,16774,236266,632000660.0,3761.0,8,3760.0,27
rb1805,20170823,20170822,210240000,3761.0,16876,236238,635835600.0,3761.0,40,3760.0,1
rb1805,20170823,20170822,210240500,3760.0,16950,236186,638616860.0,3760.0,5,3758.0,43
rb1805,20170823,20170822,210241000,3760.0,16970,236184,639368860.0,3760.0,48,3758.0,46
rb1805,20170823,20170822,210241500,3760.0,16992,236186,640196060.0,3760.0,37,3758.0,50
rb1805,20170823,20170822,210242000,3760.0,17002,236186,640572060.0,3759.0,29,3758.0,47
rb1805,20170823,20170822,210242500,3760.0,17004,236188,640647260.0,3760.0,141,3759.0,5
rb1805,20170823,20170822,210243000,3759.0,17026,236188,641474240.0,3759.0,34,3758.0,48
rb1805,20170823,20170822,210243500,3759.0,17060,236188,642752300.0,3759.0,18,3758.0,48
rb1805,20170823,20170822,210244000,3759.0,17080,236192,643504040.0,3759.0,1,3758.0,41
rb1805,20170823,20170822,210244500,3760.0,17084,236190,643654420.0,3760.0,146,3759.0,2
rb1805,20170823,20170822,210245000,3759.0,17088,236188,643804780.0,3759.0,44,3758.0,41
rb1805,20170823,20170822,210245500,3760.0,17126,236196,645233080.0,3760.0,147,3759.0,141
rb1805,20170823,20170822,210246000,3759.0,17420,236250,656284460.0,3759.0,38,3758.0,50
rb1805,20170823,20170822,210246500,3759.0,17464,236278,657938040.0,3759.0,37,3758.0,31
rb1805,20170823,20170822,210247000,3759.0,17550,236284,661170240.0,3759.0,26,3758.0,10
rb1805,20170823,20170822,210247500,3758.0,17574,236306,662072180.0,3758.0,3,3757.0,114
rb1805,20170823,20170822,210248000,3759.0,17586,236308,662523160.0,3759.0,82,3758.0,3
rb1805,20170823,20170822,210248500,3759.0,17590,236308,662673500.0,3759.0,66,3758.0,3
rb1805,20170823,20170822,210249000,3759.0,17598,236312,662974160.0,3759.0,105,3758.0,1
rb1805,20170823,20170822,210249500,3759.0,17608,236306,663350040.0,3759.0,101,3757.0,118
rb1805,20170823,20170822,210250000,3759.0,17612,236304,663500400.0,3759.0,63,3758.0,12
rb1805,20170823,20170822,210250500,3758.0,17620,236304,663801100.0,3759.0,60,3758.0,17
rb1805,20170823,20170822,210251000,3759.0,17622,236304,663876280.0,3759.0,59,3758.0,17
rb1805,20170823,20170822,210251500,3758.0,17688,236296,666356560.0,3758.0,69,3757.0,120
rb1805,20170823,20170822,210252000,3758.0,17700,236294,666807520.0,3758.0,65,3757.0,124
rb1805,20170823,20170822,210252500,3758.0,17728,236266,667859760.0,3758.0,52,3757.0,125
rb1805,20170823,20170822,210253000,3758.0,17762,236236,669137480.0,3758.0,35,3757.0,125
rb1805,20170823,20170822,210253500,3758.0,17776,236226,669663600.0,3758.0,28,3757.0,134
rb1805,20170823,20170822,210254000,3758.0,17782,236226,669889060.0,3758.0,26,3757.0,144
rb1805,20170823,20170822,210254500,3759.0,17836,236176,671918400.0,3759.0,62,3758.0,34
rb1805,20170823,20170822,210255000,3759.0,17858,236158,672745360.0,3759.0,52,3758.0,36
rb1805,20170823,20170822,210255500,3759.0,17858,236158,672745360.0,3759.0,52,3758.0,41
rb1805,20170823,20170822,210256000,3758.0,17862,236162,672895680.0,3759.0,52,3758.0,46
rb1805,20170823,20170822,210256500,3758.0,17876,236158,673421880.0,3759.0,48,3758.0,44
rb1805,20170823,20170822,210257000,3759.0,17922,236132,675150620.0,3759.0,45,3758.0,25
rb1805,20170823,20170822,210257500,3758.0,17944,236144,675977380.0,3759.0,45,3758.0,25
rb1805,20170823,20170822,210258000,3759.0,17946,236142,676052560.0,3759.0,45,3758.0,25
rb1805,20170823,20170822,210258500,3758.0,18002,236184,678157040.0,3758.0,26,3757.0,154
rb1805,20170823,20170822,210259000,3758.0,18026,236206,679058960.0,3758.0,24,3757.0,154
rb1805,20170823,20170822,210259500,3758.0,18034,236212,679359600.0,3758.0,20,3757.0,154
rb1805,20170823,20170822,210300000,3757.0,18058,236212,680261320.0,3758.0,18,3757.0,146
rb1805,20170823,20170822,210300500,3757.0,18074,236206,680862460.0,3758.0,18,3757.0,139
rb1805,20170823,20170822,210301000,3757.0,18108,236186,682139900.0,3758.0,16,3757.0,125
rb1805,20170823,20170822,210301500,3758.0,18360,236234,691607560.0,3757.0,7,3756.0,101
rb1805,20170823,20170822,210302000,3758.0,18380,236232,692359120.0,3757.0,3,3756.0,92
rb1805,20170823,20170822,210302500,3757.0,18472,236272,695815240.0,3757.0,21,3756.0,66
rb1805,20170823,20170822,210303000,3757.0,18558,236230,699045420.0,3757.0,31,3756.0,25
rb1805,20170823,20170822,210303500,3756.0,18628,236220,701674620.0,3756.0,28,3755.0,86
rb1805,20170823,20170822,210304000,3755.0,18698,236244,704303320.0,3756.0,23,3755.0,54
rb1805,20170823,20170822,210304500,3754.0,18830,236278,709259900.0,3755.0,15,3754.0,274
rb1805,20170823,20170822,210305000,3755.0,18842,236288,709710480.0,3755.0,24,3754.0,270
rb1805,20170823,20170822,210305500,3755.0,18978,236350,714816300.0,3755.0,30,3754.0,221
rb1805,20170823,20170822,210306000,3755.0,19000,236364,715642280.0,3755.0,37,3754.0,215
rb1805,20170823,20170822,210306500,3755.0,19012,236372,716092780.0,3755.0,9,3754.0,210
rb1805,20170823,20170822,210307000,3754.0,19284,236522,726303660.0,3755.0,72,3754.0,74
rb1805,20170823,20170822,210307500,3755.0,19356,236580,729006600.0,3755.0,69,3754.0,51
rb1805,20170823,20170822,210308000,3755.0,19456,236624,732761600.0,3755.0,34,3754.0,35
rb1805,20170823,20170822,210308500,3756.0,19538,236622,735840720.0,3756.0,41,3755.0,54
rb1805,20170823,20170822,210309000,3756.0,19700,236652,741923920.0,3756.0,9,3755.0,8
rb1805,20170823,20170822,210309500,3755.0,19708,236652,742224380.0,3756.0,6,3755.0,26
rb1805,20170823,20170822,210310000,3757.0,19774,236644,744703320.0,3757.0,124,3755.0,25
rb1805,20170823,20170822,210310500,3755.0,19776,236644,744778420.0,3757.0,121,3756.0,6
rb1805,20170823,20170822,210311000,3757.0,19778,236644,744853560.0,3757.0,113,3756.0,13
rb1805,20170823,20170822,210311500,3755.0,19820,236618,746430840.0,3757.0,115,3755.0,67
rb1805,20170823,20170822,210312000,3757.0,19822,236618,746505980.0,3757.0,114,3755.0,46
rb1805,20170823,20170822,210312500,3757.0,19828,236612,746731400.0,3757.0,130,3755.0,98
rb1805,20170823,20170822,210313000,3757.0,19828,236612,746731400.0,3757.0,131,3756.0,1
rb1805,20170823,20170822,210313500,3755.0,19846,236604,747407360.0,3756.0,28,3755.0,102
rb1805,20170823,20170822,210314000,3756.0,19902,236600,749510720.0,3757.0,107,3755.0,116
rb1805,20170823,20170822,210314500,3757.0,19906,236600,749660980.0,3757.0,106,3756.0,3
rb1805,20170823,20170822,210315000,3755.0,20012,236554,753642340.0,3757.0,81,3755.0,111
rb1805,20170823,20170822,210315500,3755.0,20020,236554,753942740.0,3757.0,88,3755.0,109
rb1805,20170823,20170822,210316000,3757.0,20024,236552,754093020.0,3757.0,86,3755.0,102
rb1805,20170823,20170822,210316500,3756.0,20030,236554,754318420.0,3756.0,7,3755.0,111
rb1805,20170823,20170822,210317000,3756.0,20116,236470,757549260.0,3757.0,52,3756.0,30
rb1805,20170823,20170822,210317500,3757.0,20124,236468,757849780.0,3757.0,50,3756.0,18
rb1805,20170823,20170822,210318000,3757.0,20126,236468,757924920.0,3757.0,49,3756.0,41
rb1805,20170823,20170822,210318500,3756.0,20216,236484,761305320.0,3756.0,50,3755.0,100
rb1805,20170823,20170822,210319000,3756.0,20220,236482,761455560.0,3756.0,14,3755.0,100
rb1805,20170823,20170822,210319500,3756.0,20244,236474,762356800.0,3756.0,13,3755.0,90
rb1805,20170823,20170822,210320000,3756.0,20278,236498,763633840.0,3757.0,49,3756.0,1
rb1805,20170823,20170822,210320500,3756.0,20312,236498,764911200.0,3756.0,2,3755.0,93
rb1805,20170823,20170822,210321000,3757.0,20330,236504,765587340.0,3757.0,30,3756.0,15
rb1805,20170823,20170822,210321500,3755.0,20370,236488,767089740.0,3756.0,1,3755.0,113
rb1805,20170823,20170822,210322000,3757.0,20386,236474,767690600.0,3757.0,28,3756.0,16
rb1805,20170823,20170822,210322500,3757.0,20386,236474,767690600.0,3757.0,28,3756.0,18
rb1805,20170823,20170822,210323000,3756.0,20426,236472,769193000.0,3757.0,32,3755.0,109
rb1805,20170823,20170822,210323500,3755.0,20442,236468,769793820.0,3756.0,17,3755.0,103
rb1805,20170823,20170822,210324000,3757.0,20502,236462,772047440.0,3757.0,25,3756.0,1
rb1805,20170823,20170822,210324500,3756.0,20504,236462,772122560.0,3757.0,25,3756.0,3
rb1805,20170823,20170822,210325000,3757.0,20510,236458,772347980.0,3757.0,38,3756.0,13
rb1805,20170823,20170822,210325500,3756.0,20518,236464,772648480.0,3757.0,39,3756.0,10
rb1805,20170823,20170822,210326000,3756.0,20552,236490,773925520.0,3756.0,32,3755.0,122
rb1805,20170823,20170822,210326500,3756.0,20572,236502,774676720.0,3756.0,1,3755.0,122
rb1805,20170823,20170822,210327000,3756.0,20574,236500,774751840.0,3757.0,46,3756.0,23
rb1805,20170823,20170822,210327500,3756.0,20604,236518,775878660.0,3756.0,1,3755.0,123
rb1805,20170823,20170822,210328000,3757.0,20612,236520,776179180.0,3757.0,21,3756.0,4
rb1805,20170823,20170822,210328500,3756.0,20616,236524,776329420.0,3756.0,1,3755.0,118
rb1805,20170823,20170822,210329000,3756.0,20642,236522,777305980.0,3756.0,245,3755.0,118
rb1805,20170823,20170822,210329500,3756.0,20654,236516,777756700.0,3756.0,254,3755.0,119
rb1805,20170823,20170822,210330000,3756.0,20678,236516,778658140.0,3756.0,230,3755.0,125
rb1805,20170823,20170822,210330500,3755.0,20966,236410,789472760.0,3755.0,76,3754.0,31
rb1805,20170823,20170822,210331000,3754.0,21094,236324,794278980.0,3755.0,27,3754.0,29
rb1805,20170823,20170822,210331500,3755.0,21118,236320,795180160.0,3755.0,16,3754.0,39
rb1805,20170823,20170822,210332000,3755.0,21136,236320,795855920.0,3755.0,47,3754.0,29
rb1805,20170823,20170822,210332500,3754.0,21194,236294,798033240.0,3755.0,47,3754.0,1
rb1805,20170823,20170822,210333000,3755.0,21202,236292,798333600.0,3755.0,33,3753.0,35
rb1805,20170823,20170822,210333500,3755.0,21252,236298,800211100.0,3755.0,35,3753.0,35
rb1805,20170823,20170822,210334000,3754.0,21270,236306,800886660.0,3755.0,36,3753.0,28
rb1805,20170823,20170822,210334500,3754.0,21272,236308,800961740.0,3754.0,4,3753.0,28
rb1805,20170823,20170822,210335000,3754.0,21288,236314,801562380.0,3754.0,19,3753.0,27
rb1805,20170823,20170822,210335500,3754.0,21306,236316,802238000.0,3754.0,16,3753.0,34
rb1805,20170823,20170822,210336000,3753.0,21312,236320,802463200.0,3754.0,23,3753.0,36
rb1805,20170823,20170822,210336500,3753.0,21342,236330,803589120.0,3754.0,24,3753.0,9
rb1805,20170823,20170822,210337000,3753.0,21462,236412,808094560.0,3756.0,203,3753.0,11
rb1805,20170823,20170822,210337500,3754.0,21484,236390,808920440.0,3755.0,28,3754.0,4
rb1805,20170823,20170822,210338000,3754.0,21496,236388,809370920.0,3754.0,14,3753.0,28
rb1805,20170823,20170822,210338500,3753.0,21522,236390,810346820.0,3754.0,3,3753.0,20
rb1805,20170823,20170822,210339000,3754.0,21526,236392,810496980.0,3754.0,7,3753.0,8
rb1805,20170823,20170822,210339500,3754.0,21530,236396,810647120.0,3754.0,23,3753.0,10
rb1805,20170823,20170822,210340000,3754.0,21548,236394,811322820.0,3754.0,6,3753.0,20
rb1805,20170823,20170822,210340500,3754.0,21580,236414,812524100.0,3755.0,28,3754.0,2
rb1805,20170823,20170822,210341000,3753.0,21594,236420,813049600.0,3755.0,47,3753.0,25
rb1805,20170823,20170822,210341500,3753.0,21594,236420,813049600.0,3755.0,28,3754.0,21
rb1805,20170823,20170822,210342000,3754.0,21646,236456,815001660.0,3755.0,31,3754.0,49
rb1805,20170823,20170822,210342500,3754.0,21694,236456,816803580.0,3755.0,22,3754.0,26
rb1805,20170823,20170822,210343000,3754.0,21694,236456,816803580.0,3755.0,25,3754.0,250
rb1805,20170823,20170822,210343500,3755.0,21716,236464,817629600.0,3755.0,15,3754.0,232
rb1805,20170823,20170822,210344000,3755.0,21754,236492,819056420.0,3755.0,6,3754.0,229
rb1805,20170823,20170822,210344500,3755.0,21804,236500,820933920.0,3756.0,78,3755.0,15
rb1805,20170823,20170822,210345000,3755.0,21826,236522,821760020.0,3756.0,78,3755.0,5
rb1805,20170823,20170822,210345500,3755.0,21836,236526,822135520.0,3756.0,91,3755.0,6
rb1805,20170823,20170822,210346000,3755.0,21838,236528,822210620.0,3756.0,88,3755.0,6
rb1805,20170823,20170822,210346500,3755.0,21856,236542,822886520.0,3755.0,6,3754.0,226
rb1805,20170823,20170822,210347000,3756.0,21880,236554,823787820.0,3756.0,73,3754.0,231
rb1805,20170823,20170822,210347500,3756.0,21884,236554,823938040.0,3756.0,85,3754.0,232
rb1805,20170823,20170822,210348000,3756.0,21884,236554,823938040.0,3755.0,10,3754.0,232
rb1805,20170823,20170822,210348500,3755.0,21904,236562,824689040.0,3756.0,72,3754.0,243
rb1805,20170823,20170822,210349000,3755.0,21914,236572,825064540.0,3756.0,82,3755.0,5
rb1805,20170823,20170822,210349500,3755.0,21934,236588,825815540.0,3755.0,14,3754.0,254
rb1805,20170823,20170822,210350000,3755.0,21958,236588,826716540.0,3755.0,14,3754.0,247
rb1805,20170823,20170822,210350500,3755.0,21960,236590,826791640.0,3755.0,54,3754.0,247
rb1805,20170823,20170822,210351000,3755.0,22060,236514,830546640.0,3755.0,4,3754.0,247
rb1805,20170823,20170822,210351500,3755.0,22092,236514,831748260.0,3756.0,69,3755.0,197
rb1805,20170823,20170822,210352000,3755.0,22212,236570,836255120.0,3756.0,30,3755.0,186
rb1805,20170823,20170822,210352500,3756.0,22306,236574,839785880.0,3757.0,15,3756.0,64
rb1805,20170823,20170822,210353000,3757.0,22364,236546,841964740.0,3758.0,16,3757.0,30
rb1805,20170823,20170822,210353500,3757.0,22432,236504,844519520.0,3758.0,11,3757.0,3
rb1805,20170823,20170822,210354000,3757.0,22434,236504,844594660.0,3757.0,7,3756.0,9
rb1805,20170823,20170822,210354500,3757.0,22440,236500,844820080.0,3757.0,4,3756.0,17
rb1805,20170823,20170822,210355000,3756.0,22452,236510,845270820.0,3757.0,4,3756.0,20
rb1805,20170823,20170822,210355500,3757.0,22454,236510,845345960.0,3757.0,4,3756.0,20
rb1805,20170823,20170822,210356000,3757.0,22498,236534,846999060.0,3758.0,16,3757.0,27
rb1805,20170823,20170822,210356500,3757.0,22498,236534,846999060.0,3758.0,16,3757.0,27
rb1805,20170823,20170822,210357000,3758.0,22504,236536,847224520.0,3758.0,15,3757.0,30
rb1805,20170823,20170822,210357500,3757.0,22516,236546,847675360.0,3758.0,15,3757.0,24
rb1805,20170823,20170822,210358000,3757.0,22540,236568,848577040.0,3758.0,17,3757.0,20
rb1805,20170823,20170822,210358500,3757.0,22568,236584,849629000.0,3757.0,14,3756.0,15
rb1805,20170823,20170822,210359000,3757.0,22594,236576,850605680.0,3757.0,6,3756.0,1
rb1805,20170823,20170822,210359500,3757.0,22616,236590,851432160.0,3757.0,1,3756.0,1
rb1805,20170823,20170822,210400000,3756.0,22630,236582,851958020.0,3757.0,11,3756.0,2
rb1805,20170823,20170822,210400500,3757.0,22640,236588,852333680.0,3757.0,9,3755.0,280
rb1805,20170823,20170822,210401000,3756.0,22652,236596,852784400.0,3756.0,8,3755.0,278
rb1805,20170823,20170822,210401500,3756.0,22658,236600,853009760.0,3756.0,6,3755.0,271
rb1805,20170823,20170822,210402000,3757.0,22676,236602,853685860.0,3757.0,5,3756.0,10
rb1805,20170823,20170822,210402500,3757.0,22692,236600,854286960.0,3758.0,45,3757.0,4
rb1805,20170823,20170822,210403000,3758.0,22696,236600,854437260.0,3758.0,41,3757.0,35
rb1805,20170823,20170822,210403500,3757.0,22698,236602,854512400.0,3758.0,39,3757.0,22
rb1805,20170823,20170822,210404000,3757.0,22750,236620,856466040.0,3757.0,26,3756.0,15
rb1805,20170823,20170822,210404500,3757.0,22754,236624,856616320.0,3757.0,4,3756.0,8
rb1805,20170823,20170822,210405000,3757.0,22758,236626,856766600.0,3757.0,5,3756.0,8
rb1805,20170823,20170822,210405500,3757.0,22782,236624,857668160.0,3757.0,33,3756.0,8
rb1805,20170823,20170822,210406000,3757.0,22816,236630,858945540.0,3757.0,9,3756.0,20
rb1805,20170823,20170822,210406500,3757.0,22834,236646,859621800.0,3758.0,39,3757.0,6
rb1805,20170823,20170822,210407000,3757.0,22838,236646,859772080.0,3758.0,39,3757.0,24
rb1805,20170823,20170822,210407500,3757.0,22838,236646,859772080.0,3758.0,42,3757.0,26
rb1805,20170823,20170822,210408000,3758.0,22840,236646,859847240.0,3758.0,41,3757.0,27
rb1805,20170823,20170822,210408500,3758.0,22924,236674,863003960.0,3759.0,20,3758.0,3
rb1805,20170823,20170822,210409000,3759.0,22928,236674,863154320.0,3759.0,17,3758.0,5
rb1805,20170823,20170822,210409500,3758.0,22932,236674,863304660.0,3759.0,31,3758.0,5
rb1805,20170823,20170822,210410000,3759.0,22934,236674,863379840.0,3759.0,32,3758.0,7
rb1805,20170823,20170822,210410500,3759.0,22942,236672,863680560.0,3759.0,28,3758.0,8
rb1805,20170823,20170822,210411000,3759.0,22994,236628,865635220.0,3759.0,1,3758.0,8
rb1805,20170823,20170822,210411500,3759.0,23016,236638,866462200.0,3759.0,5,3758.0,11
rb1805,20170823,20170822,210412000,3758.0,23032,236646,867063520.0,3759.0,3,3758.0,5
rb1805,20170823,20170822,210412500,3759.0,23038,236650,867289060.0,3760.0,29,3759.0,1
rb1805,20170823,20170822,210413000,3759.0,23042,236648,867439420.0,3760.0,29,3759.0,6
rb1805,20170823,20170822,210413500,3760.0,23068,236642,868416780.0,3760.0,26,3759.0,1
rb1805,20170823,20170822,210414000,3759.0,23074,236644,868642340.0,3760.0,32,3759.0,3
rb1805,20170823,20170822,210414500,3760.0,23078,236642,868792740.0,3760.0,33,3759.0,4
rb1805,20170823,20170822,210415000,3759.0,23082,236640,868943120.0,3760.0,32,3759.0,20
rb1805,20170823,20170822,210415500,3760.0,23104,236646,869770320.0,3760.0,21,3759.0,25
rb1805,20170823,20170822,210416000,3760.0,23146,236662,871349520.0,3761.0,7,3760.0,39
rb1805,20170823,20170822,210416500,3761.0,23160,236664,871876060.0,3762.0,9,3761.0,2
rb1805,20170823,20170822,210417000,3761.0,23174,236660,872402680.0,3761.0,11,3760.0,36
rb1805,20170823,20170822,210417500,3761.0,23180,236654,872628340.0,3761.0,48,3760.0,46
rb1805,20170823,20170822,210418000,3760.0,23276,236658,876237940.0,3760.0,58,3759.0,58
rb1805,20170823,20170822,210418500,3760.0,23336,236686,878493700.0,3760.0,9,3759.0,15
rb1805,20170823,20170822,210419000,3761.0,23398,236650,880825360.0,3761.0,2,3760.0,9
rb1805,20170823,20170822,210419500,3762.0,23474,236582,883684440.0,3763.0,24,3762.0,4
rb1805,20170823,20170822,210420000,3761.0,23496,236580,884511940.0,3761.0,27,3760.0,18
rb1805,20170823,20170822,210420500,3761.0,23524,236566,885565180.0,3762.0,3,3761.0,34
rb1805,20170823,20170822,210421000,3761.0,23532,236566,885866120.0,3762.0,16,3761.0,44
rb1805,20170823,20170822,210421500,3761.0,23548,236562,886467980.0,3762.0,56,3761.0,51
rb1805,20170823,20170822,210422000,3761.0,23632,236604,889627220.0,3762.0,43,3761.0,10
rb1805,20170823,20170822,210422500,3761.0,23666,236592,890905960.0,3761.0,31,3760.0,93
rb1805,20170823,20170822,210423000,3761.0,23796,236670,895794080.0,3761.0,24,3760.0,31
rb1805,20170823,20170822,210423500,3761.0,23850,236702,897824600.0,3761.0,28,3760.0,12
rb1805,20170823,20170822,210424000,3760.0,23858,236702,898125400.0,3761.0,63,3760.0,8
rb1805,20170823,20170822,210424500,3760.0,23884,236704,899103000.0,3760.0,3,3759.0,34
rb1805,20170823,20170822,210425000,3760.0,23884,236704,899103000.0,3760.0,1,3759.0,37
rb1805,20170823,20170822,210425500,3761.0,23900,236692,899704680.0,3761.0,46,3760.0,3
rb1805,20170823,20170822,210426000,3761.0,23900,236692,899704680.0,3761.0,33,3760.0,3
rb1805,20170823,20170822,210426500,3761.0,23908,236690,900005560.0,3761.0,34,3760.0,3
rb1805,20170823,20170822,210427000,3760.0,23916,236692,900306380.0,3760.0,7,3759.0,37
rb1805,20170823,20170822,210427500,3761.0,23934,236696,900983220.0,3761.0,26,3760.0,11
rb1805,20170823,20170822,210428000,3761.0,23978,236708,902638020.0,3761.0,6,3760.0,11
rb1805,20170823,20170822,210428500,3761.0,23988,236718,903014120.0,3761.0,13,3760.0,20
rb1805,20170823,20170822,210429000,3761.0,24000,236726,903465400.0,3761.0,9,3760.0,81
rb1805,20170823,20170822,210429500,3761.0,24010,236728,903841500.0,3762.0,40,3761.0,17
rb1805,20170823,20170822,210430000,3761.0,24022,236732,904292820.0,3762.0,41,3761.0,4
rb1805,20170823,20170822,210430500,3761.0,24038,236734,904894580.0,3761.0,34,3760.0,20
rb1805,20170823,20170822,210431000,3761.0,24038,236734,904894580.0,3761.0,8,3760.0,20
rb1805,20170823,20170822,210431500,3761.0,24038,236734,904894580.0,3761.0,8,3760.0,20
rb1805,20170823,20170822,210432000,3761.0,24038,236734,904894580.0,3761.0,40,3760.0,13
rb1805,20170823,20170822,210432500,3760.0,24072,236726,906172980.0,3760.0,1,3759.0,43
rb1805,20170823,20170822,210433000,3760.0,24076,236728,906323380.0,3760.0,14,3759.0,36
rb1805,20170823,20170822,210433500,3760.0,24086,236738,906699380.0,3760.0,13,3759.0,37
rb1805,20170823,20170822,210434000,3760.0,24088,236740,906774580.0,3760.0,12,3759.0,37
rb1805,20170823,20170822,210434500,3760.0,24110,236754,907601780.0,3760.0,4,3759.0,38
rb1805,20170823,20170822,210435000,3760.0,24114,236756,907752160.0,3760.0,4,3759.0,37
rb1805,20170823,20170822,210435500,3759.0,24118,236758,907902520.0,3760.0,4,3759.0,35
rb1805,20170823,20170822,210436000,3760.0,24124,236764,908128120.0,3760.0,1,3759.0,47
rb1805,20170823,20170822,210436500,3760.0,24124,236764,908128120.0,3760.0,2,3759.0,47
rb1805,20170823,20170822,210437000,3760.0,24138,236772,908654440.0,3760.0,12,3759.0,33
rb1805,20170823,20170822,210437500,3759.0,24154,236770,909255880.0,3760.0,5,3759.0,25
rb1805,20170823,20170822,210438000,3760.0,24174,236774,910007880.0,3760.0,10,3759.0,26
rb1805,20170823,20170822,210438500,3760.0,24186,236774,910459000.0,3760.0,10,3759.0,21
rb1805,20170823,20170822,210439000,3759.0,24194,236774,910759780.0,3760.0,5,3759.0,21
rb1805,20170823,20170822,210439500,3760.0,24196,236774,910834980.0,3760.0,4,3759.0,22
rb1805,20170823,20170822,210440000,3759.0,24210,236776,911361240.0,3760.0,18,3759.0,16
rb1805,20170823,20170822,210440500,3760.0,24242,236786,912564320.0,3760.0,8,3759.0,10
rb1805,20170823,20170822,210441000,3759.0,24252,236786,912940300.0,3760.0,7,3759.0,9
rb1805,20170823,20170822,210441500,3760.0,24266,236774,913466700.0,3760.0,5,3759.0,9
rb1805,20170823,20170822,210442000,3760.0,24270,236778,913617080.0,3760.0,4,3759.0,8
rb1805,20170823,20170822,210442500,3759.0,24272,236780,913692260.0,3760.0,9,3759.0,7
rb1805,20170823,20170822,210443000,3759.0,24306,236794,914970160.0,3759.0,9,3758.0,60
rb1805,20170823,20170822,210443500,3759.0,24306,236794,914970160.0,3759.0,14,3758.0,58
rb1805,20170823,20170822,210444000,3759.0,24324,236812,915646780.0,3759.0,13,3758.0,64
rb1805,20170823,20170822,210444500,3758.0,24370,236812,917375460.0,3759.0,15,3758.0,42
rb1805,20170823,20170822,210445000,3758.0,24392,236790,918202220.0,3759.0,16,3758.0,31
rb1805,20170823,20170822,210445500,3758.0,24426,236780,919479960.0,3759.0,15,3758.0,15
rb1805,20170823,20170822,210446000,3758.0,24500,236752,922261400.0,3758.0,3,3757.0,53
rb1805,20170823,20170822,210446500,3758.0,24506,236746,922486880.0,3759.0,7,3758.0,10
rb1805,20170823,20170822,210447000,3758.0,24510,236746,922637200.0,3759.0,7,3758.0,10
rb1805,20170823,20170822,210447500,3758.0,24516,236744,922862680.0,3759.0,73,3758.0,6
rb1805,20170823,20170822,210448000,3758.0,24544,236726,923914920.0,3759.0,34,3758.0,1
rb1805,20170823,20170822,210448500,3758.0,24554,236722,924290720.0,3758.0,13,3757.0,61
rb1805,20170823,20170822,210449000,3758.0,24584,236706,925418100.0,3758.0,2,3757.0,60
rb1805,20170823,20170822,210449500,3758.0,24612,236718,926470340.0,3759.0,60,3758.0,10
rb1805,20170823,20170822,210450000,3759.0,24616,236720,926620680.0,3759.0,59,3758.0,4
rb1805,20170823,20170822,210450500,3757.0,24630,236726,927146740.0,3758.0,2,3757.0,57
rb1805,20170823,20170822,210451000,3758.0,24632,236726,927221900.0,3758.0,12,3757.0,37
rb1805,20170823,20170822,210451500,3758.0,24644,236726,927672760.0,3758.0,34,3757.0,32
rb1805,20170823,20170822,210452000,3758.0,24648,236730,927823080.0,3758.0,33,3757.0,32
rb1805,20170823,20170822,210452500,3757.0,24706,236756,930002140.0,3757.0,8,3756.0,138
rb1805,20170823,20170822,210453000,3757.0,24710,236760,930152420.0,3757.0,16,3756.0,131
rb1805,20170823,20170822,210453500,3757.0,24718,236758,930452940.0,3757.0,19,3756.0,129
rb1805,20170823,20170822,210454000,3757.0,24720,236760,930528080.0,3757.0,20,3756.0,129
rb1805,20170823,20170822,210454500,3757.0,24726,236766,930753500.0,3757.0,27,3756.0,129
rb1805,20170823,20170822,210455000,3757.0,24770,236760,932406580.0,3757.0,25,3756.0,129
rb1805,20170823,20170822,210455500,3756.0,24786,236754,933007600.0,3757.0,22,3756.0,125
rb1805,20170823,20170822,210456000,3756.0,24798,236756,933458340.0,3757.0,21,3756.0,120
rb1805,20170823,20170822,210456500,3756.0,24820,236746,934284660.0,3757.0,47,3756.0,109
rb1805,20170823,20170822,210457000,3756.0,24828,236750,934585180.0,3757.0,59,3756.0,109
rb1805,20170823,20170822,210457500,3757.0,24856,236748,935637140.0,3757.0,6,3756.0,109
rb1805,20170823,20170822,210458000,3757.0,24870,236746,936163120.0,3758.0,65,3757.0,3
rb1805,20170823,20170822,210458500,3757.0,24882,236754,936613980.0,3758.0,75,3757.0,54
rb1805,20170823,20170822,210459000,3758.0,24890,236756,936914620.0,3758.0,72,3757.0,71
rb1805,20170823,20170822,210459500,3759.0,25042,236784,942626860.0,3759.0,24,3758.0,13
rb1805,20170823,20170822,210500000,3759.0,25060,236770,943303480.0,3759.0,15,3758.0,113
rb1805,20170823,20170822,210500500,3758.0,25096,236782,944656620.0,3759.0,8,3758.0,97
rb1805,20170823,20170822,210501000,3758.0,25122,236794,945633700.0,3759.0,13,3758.0,85
rb1805,20170823,20170822,210501500,3759.0,25136,236792,946159920.0,3759.0,8,3758.0,83
rb1805,20170823,20170822,210502000,3759.0,25148,236786,946611000.0,3759.0,2,3758.0,83
rb1805,20170823,20170822,210502500,3758.0,25150,236786,946686160.0,3759.0,21,3758.0,82
rb1805,20170823,20170822,210503000,3759.0,25324,236914,953225160.0,3759.0,55,3757.0,67
rb1805,20170823,20170822,210503500,3759.0,25326,236916,953300340.0,3758.0,8,3757.0,63
rb1805,20170823,20170822,210504000,3759.0,25334,236916,953601060.0,3758.0,4,3757.0,64
rb1805,20170823,20170822,210504500,3757.0,25342,236912,953901660.0,3758.0,9,3757.0,63
rb1805,20170823,20170822,210505000,3757.0,25346,236910,954051940.0,3758.0,9,3757.0,67
rb1805,20170823,20170822,210505500,3757.0,25368,236910,954878500.0,3758.0,8,3757.0,51
rb1805,20170823,20170822,210506000,3758.0,25370,236910,954953660.0,3758.0,7,3757.0,51
rb1805,20170823,20170822,210506500,3758.0,25370,236910,954953660.0,3758.0,7,3757.0,51
rb1805,20170823,20170822,210507000,3757.0,25372,236910,955028800.0,3758.0,9,3757.0,50
rb1805,20170823,20170822,210507500,3757.0,25374,236910,955103940.0,3758.0,9,3757.0,49
rb1805,20170823,20170822,210508000,3757.0,25390,236898,955705080.0,3758.0,8,3757.0,43
rb1805,20170823,20170822,210508500,3758.0,25400,236900,956080820.0,3758.0,26,3757.0,46
rb1805,20170823,20170822,210509000,3758.0,25400,236900,956080820.0,3758.0,28,3757.0,37
rb1805,20170823,20170822,210509500,3758.0,25446,236918,957809440.0,3758.0,8,3757.0,34
rb1805,20170823,20170822,210510000,3758.0,25446,236918,957809440.0,3758.0,9,3757.0,35
rb1805,20170823,20170822,210510500,3758.0,25446,236918,957809440.0,3758.0,9,3757.0,35
rb1805,20170823,20170822,210511000,3758.0,25446,236918,957809440.0,3758.0,9,3757.0,35
rb1805,20170823,20170822,210511500,3758.0,25450,236914,957959760.0,3758.0,9,3757.0,35
rb1805,20170823,20170822,210512000,3757.0,25466,236908,958560960.0,3758.0,15,3757.0,33
rb1805,20170823,20170822,210512500,3758.0,25468,236908,958636120.0,3758.0,17,3757.0,34
rb1805,20170823,20170822,210513000,3757.0,25474,236904,958861560.0,3758.0,22,3757.0,32
rb1805,20170823,20170822,210513500,3758.0,25490,236912,959462700.0,3758.0,23,3757.0,25
rb1805,20170823,20170822,210514000,3757.0,25500,236912,959838400.0,3758.0,23,3757.0,20
rb1805,20170823,20170822,210514500,3757.0,25520,236920,960589800.0,3758.0,27,3757.0,11
rb1805,20170823,20170822,210515000,3757.0,25524,236918,960740080.0,3758.0,27,3757.0,12
rb1805,20170823,20170822,210515500,3757.0,25526,236916,960815220.0,3758.0,16,3757.0,11
rb1805,20170823,20170822,210516000,3757.0,25540,236910,961341300.0,3758.0,11,3757.0,9
rb1805,20170823,20170822,210516500,3757.0,25552,236902,961792140.0,3758.0,9,3757.0,16
rb1805,20170823,20170822,210517000,3757.0,25562,236900,962167840.0,3758.0,38,3757.0,17
rb1805,20170823,20170822,210517500,3757.0,25568,236902,962393280.0,3758.0,13,3757.0,15
rb1805,20170823,20170822,210518000,3757.0,25568,236902,962393280.0,3758.0,13,3757.0,19
rb1805,20170823,20170822,210518500,3758.0,25580,236914,962844240.0,3758.0,7,3757.0,53
rb1805,20170823,20170822,210519000,3758.0,25598,236910,963520680.0,3759.0,17,3758.0,12
rb1805,20170823,20170822,210519500,3758.0,25608,236910,963896480.0,3759.0,15,3758.0,14
rb1805,20170823,20170822,210520000,3758.0,25608,236910,963896480.0,3759.0,29,3758.0,15
rb1805,20170823,20170822,210520500,3758.0,25610,236910,963971640.0,3759.0,29,3758.0,19
rb1805,20170823,20170822,210521000,3758.0,25614,236914,964121960.0,3759.0,15,3758.0,18
rb1805,20170823,20170822,210521500,3758.0,25626,236926,964572920.0,3759.0,16,3758.0,17
rb1805,20170823,20170822,210522000,3759.0,25628,236926,964648100.0,3759.0,15,3758.0,17
rb1805,20170823,20170822,210522500,3758.0,25676,236932,966452240.0,3760.0,34,3758.0,32
rb1805,20170823,20170822,210523000,3758.0,25678,236932,966527400.0,3760.0,35,3758.0,46
rb1805,20170823,20170822,210523500,3758.0,25678,236932,966527400.0,3760.0,49,3758.0,46
rb1805,20170823,20170822,210524000,3758.0,25678,236932,966527400.0,3760.0,49,3758.0,46
rb1805,20170823,20170822,210524500,3758.0,25678,236932,966527400.0,3760.0,49,3758.0,46
rb1805,20170823,20170822,210525000,3758.0,25680,236934,966602560.0,3760.0,54,3758.0,47
rb1805,20170823,20170822,210525500,3758.0,25680,236934,966602560.0,3760.0,54,3758.0,47
rb1805,20170823,20170822,210526000,3758.0,25680,236934,966602560.0,3760.0,33,3759.0,8
rb1805,20170823,20170822,210526500,3760.0,25682,236934,966677760.0,3760.0,32,3759.0,8
rb1805,20170823,20170822,210527000,3760.0,25682,236934,966677760.0,3760.0,26,3759.0,8
rb1805,20170823,20170822,210527500,3758.0,25806,236892,971337840.0,3758.0,38,3757.0,137
rb1805,20170823,20170822,210528000,3760.0,25962,236840,977201920.0,3760.0,6,3758.0,59
rb1805,20170823,20170822,210528500,3759.0,25978,236848,977803480.0,3761.0,18,3759.0,14
rb1805,20170823,20170822,210529000,3759.0,25978,236848,977803480.0,3761.0,18,3760.0,19
rb1805,20170823,20170822,210529500,3759.0,25978,236848,977803480.0,3761.0,8,3760.0,20
rb1805,20170823,20170822,210530000,3760.0,26022,236818,979457880.0,3760.0,2,3759.0,26
rb1805,20170823,20170822,210530500,3760.0,26046,236822,980360180.0,3760.0,5,3759.0,21
rb1805,20170823,20170822,210531000,3760.0,26062,236838,980961740.0,3761.0,64,3760.0,40
rb1805,20170823,20170822,210531500,3760.0,26068,236838,981187340.0,3761.0,64,3760.0,38
rb1805,20170823,20170822,210532000,3760.0,26092,236860,982089760.0,3761.0,63,3760.0,27
rb1805,20170823,20170822,210532500,3760.0,26100,236868,982390560.0,3761.0,63,3760.0,38
rb1805,20170823,20170822,210533000,3760.0,26126,236894,983368160.0,3761.0,63,3760.0,27
rb1805,20170823,20170822,210533500,3760.0,26186,236858,985624160.0,3760.0,3,3759.0,98
rb1805,20170823,20170822,210534000,3761.0,26198,236864,986075380.0,3761.0,63,3760.0,11
rb1805,20170823,20170822,210534500,3761.0,26198,236864,986075380.0,3761.0,57,3760.0,11
rb1805,20170823,20170822,210535000,3760.0,26202,236866,986225780.0,3761.0,57,3760.0,9
rb1805,20170823,20170822,210535500,3761.0,26216,236872,986752320.0,3761.0,52,3760.0,9
rb1805,20170823,20170822,210536000,3761.0,26218,236870,986827540.0,3761.0,2,3760.0,9
rb1805,20170823,20170822,210536500,3761.0,26222,236870,986977980.0,3762.0,114,3761.0,3
rb1805,20170823,20170822,210537000,3761.0,26242,236856,987730180.0,3762.0,111,3760.0,12
rb1805,20170823,20170822,210537500,3762.0,26244,236856,987805420.0,3762.0,110,3760.0,13
rb1805,20170823,20170822,210538000,3762.0,26248,236854,987955900.0,3762.0,109,3760.0,13
rb1805,20170823,20170822,210538500,3760.0,26262,236864,988482340.0,3761.0,5,3760.0,12
rb1805,20170823,20170822,210539000,3761.0,26274,236864,988933660.0,3762.0,108,3760.0,14
rb1805,20170823,20170822,210539500,3762.0,26278,236864,989084140.0,3762.0,106,3760.0,15
rb1805,20170823,20170822,210540000,3762.0,26280,236864,989159380.0,3761.0,19,3760.0,15
rb1805,20170823,20170822,210540500,3762.0,26284,236866,989309860.0,3761.0,34,3760.0,17
rb1805,20170823,20170822,210541000,3761.0,26314,236892,990438160.0,3761.0,19,3760.0,20
rb1805,20170823,20170822,210541500,3761.0,26320,236896,990663820.0,3761.0,16,3760.0,84
rb1805,20170823,20170822,210542000,3760.0,26330,236906,991039840.0,3761.0,15,3760.0,18
rb1805,20170823,20170822,210542500,3761.0,26348,236920,991716740.0,3761.0,10,3760.0,15
rb1805,20170823,20170822,210543000,3761.0,26360,236926,992168060.0,3761.0,8,3760.0,15
rb1805,20170823,20170822,210543500,3761.0,26376,236942,992769820.0,3762.0,107,3761.0,93
rb1805,20170823,20170822,210544000,3761.0,26398,236942,993597240.0,3762.0,134,3761.0,82
rb1805,20170823,20170822,210544500,3761.0,26398,236942,993597240.0,3762.0,134,3761.0,83
rb1805,20170823,20170822,210545000,3761.0,26402,236942,993747700.0,3762.0,133,3761.0,82
rb1805,20170823,20170822,210545500,3761.0,26410,236950,994048580.0,3762.0,135,3761.0,79
rb1805,20170823,20170822,210546000,3761.0,26410,236950,994048580.0,3762.0,108,3761.0,80
rb1805,20170823,20170822,210546500,3762.0,26416,236946,994274300.0,3762.0,132,3761.0,80
rb1805,20170823,20170822,210547000,3762.0,26428,236954,994725740.0,3762.0,99,3761.0,80
rb1805,20170823,20170822,210547500,3762.0,26440,236960,995177180.0,3762.0,93,3761.0,80
rb1805,20170823,20170822,210548000,3761.0,26444,236964,995327620.0,3762.0,93,3761.0,78
rb1805,20170823,20170822,210548500,3762.0,26454,236968,995703820.0,3762.0,115,3761.0,86
rb1805,20170823,20170822,210549000,3762.0,26484,236968,996832340.0,3762.0,76,3761.0,83
rb1805,20170823,20170822,210549500,3762.0,26498,236954,997359020.0,3762.0,71,3761.0,83
rb1805,20170823,20170822,210550000,3762.0,26510,236954,997810460.0,3762.0,66,3761.0,84
rb1805,20170823,20170822,210550500,3761.0,26512,236956,997885680.0,3762.0,66,3761.0,76
rb1805,20170823,20170822,210551000,3761.0,26546,236976,999164420.0,3762.0,66,3761.0,59
rb1805,20170823,20170822,210551500,3761.0,26646,237076,1002925420.0,3762.0,66,3761.0,9
rb1805,20170823,20170822,210552000,3761.0,26666,237084,1003677620.0,3761.0,5,3760.0,23
rb1805,20170823,20170822,210552500,3761.0,26666,237084,1003677620.0,3761.0,6,3760.0,24
rb1805,20170823,20170822,210553000,3761.0,26666,237084,1003677620.0,3761.0,6,3760.0,93
rb1805,20170823,20170822,210553500,3761.0,26676,237084,1004053720.0,3761.0,1,3760.0,93
rb1805,20170823,20170822,210554000,3762.0,26718,237112,1005633740.0,3761.0,9,3760.0,94
rb1805,20170823,20170822,210554500,3761.0,26736,237120,1006310720.0,3762.0,58,3760.0,94
rb1805,20170823,20170822,210555000,3762.0,26746,237130,1006686920.0,3762.0,54,3760.0,94
rb1805,20170823,20170822,210555500,3762.0,26746,237130,1006686920.0,3762.0,54,3761.0,82
rb1805,20170823,20170822,210556000,3761.0,26762,237124,1007288700.0,3762.0,54,3761.0,133
rb1805,20170823,20170822,210556500,3762.0,26790,237152,1008342060.0,3762.0,72,3761.0,144
rb1805,20170823,20170822,210557000,3762.0,26794,237156,1008492540.0,3762.0,70,3761.0,144
rb1805,20170823,20170822,210557500,3762.0,26826,237150,1009696080.0,3762.0,71,3761.0,124
rb1805,20170823,20170822,210558000,3762.0,26848,237168,1010523700.0,3762.0,61,3761.0,129
rb1805,20170823,20170822,210558500,3762.0,26894,237182,1012254220.0,3762.0,39,3761.0,137
rb1805,20170823,20170822,210559000,3762.0,26972,237250,1015188580.0,3763.0,65,3762.0,60
rb1805,20170823,20170822,210559500,3762.0,26976,237250,1015339060.0,3763.0,60,3762.0,58
rb1805,20170823,20170822,210600000,3762.0,26996,237250,1016091460.0,3763.0,60,3762.0,48
rb1805,20170823,20170822,210600500,3763.0,27104,237156,1020154420.0,3763.0,59,3762.0,28
rb1805,20170823,20170822,210601000,3763.0,27222,237118,1024594700.0,3763.0,3,3762.0,25
rb1805,20170823,20170822,210601500,3762.0,27242,237138,1025347100.0,3763.0,3,3762.0,15
rb1805,20170823,20170822,210602000,3763.0,27248,237136,1025572880.0,3764.0,25,3762.0,15
rb1805,20170823,20170822,210602500,3763.0,27258,237136,1025949180.0,3763.0,5,3762.0,15
rb1805,20170823,20170822,210603000,3764.0,27276,237136,1026626580.0,3764.0,22,3762.0,10
rb1805,20170823,20170822,210603500,3763.0,27288,237132,1027078140.0,3763.0,10,3762.0,22
rb1805,20170823,20170822,210604000,3762.0,27334,237104,1028808660.0,3762.0,103,3761.0,130
rb1805,20170823,20170822,210604500,3762.0,27540,237100,1036558380.0,3763.0,11,3762.0,18
rb1805,20170823,20170822,210605000,3763.0,27552,237112,1037009940.0,3763.0,6,3762.0,18
rb1805,20170823,20170822,210605500,3763.0,27578,237138,1037988120.0,3763.0,19,3762.0,18
rb1805,20170823,20170822,210606000,3763.0,27580,237138,1038063380.0,3763.0,18,3762.0,18
rb1805,20170823,20170822,210606500,3763.0,27584,237136,1038213900.0,3763.0,22,3762.0,21
rb1805,20170823,20170822,210607000,3763.0,27590,237140,1038439680.0,3763.0,22,3762.0,22
rb1805,20170823,20170822,210607500,3763.0,27638,237110,1040245880.0,3763.0,2,3762.0,27
rb1805,20170823,20170822,210608000,3763.0,27642,237112,1040396400.0,3763.0,4,3762.0,27
rb1805,20170823,20170822,210608500,3763.0,27644,237114,1040471660.0,3763.0,3,3762.0,28
rb1805,20170823,20170822,210609000,3763.0,27650,237120,1040697440.0,3764.0,34,3763.0,1
rb1805,20170823,20170822,210609500,3763.0,27652,237122,1040772700.0,3764.0,50,3763.0,6
rb1805,20170823,20170822,210610000,3764.0,27656,237124,1040923240.0,3764.0,51,3763.0,6
rb1805,20170823,20170822,210610500,3764.0,27656,237124,1040923240.0,3764.0,51,3763.0,7
rb1805,20170823,20170822,210611000,3764.0,27656,237124,1040923240.0,3764.0,51,3763.0,7
rb1805,20170823,20170822,210611500,3763.0,27662,237124,1041149020.0,3764.0,61,3763.0,6
rb1805,20170823,20170822,210612000,3763.0,27664,237126,1041224280.0,3764.0,71,3763.0,6
rb1805,20170823,20170822,210612500,3764.0,27666,237126,1041299560.0,3764.0,70,3763.0,6
rb1805,20170823,20170822,210613000,3763.0,27670,237130,1041450100.0,3764.0,79,3763.0,5
rb1805,20170823,20170822,210613500,3763.0,27670,237130,1041450100.0,3764.0,79,3763.0,6
rb1805,20170823,20170822,210614000,3763.0,27670,237130,1041450100.0,3764.0,79,3763.0,6
rb1805,20170823,20170822,210614500,3764.0,27672,237130,1041525380.0,3764.0,79,3763.0,6
rb1805,20170823,20170822,210615000,3764.0,27674,237132,1041600660.0,3764.0,78,3763.0,14
rb1805,20170823,20170822,210615500,3764.0,27676,237132,1041675940.0,3764.0,78,3763.0,24
rb1805,20170823,20170822,210616000,3763.0,27684,237138,1041977020.0,3764.0,77,3763.0,23
rb1805,20170823,20170822,210616500,3763.0,27690,237144,1042202840.0,3764.0,80,3763.0,22
rb1805,20170823,20170822,210617000,3764.0,27714,237146,1043105980.0,3764.0,79,3763.0,12
rb1805,20170823,20170822,210617500,3764.0,27722,237146,1043407100.0,3764.0,71,3763.0,14
rb1805,20170823,20170822,210618000,3764.0,27722,237146,1043407100.0,3764.0,71,3763.0,14
rb1805,20170823,20170822,210618500,3763.0,27756,237132,1044686840.0,3764.0,55,3763.0,14
rb1805,20170823,20170822,210619000,3763.0,27760,237136,1044837360.0,3764.0,55,3763.0,12
rb1805,20170823,20170822,210619500,3763.0,27760,237136,1044837360.0,3764.0,55,3763.0,13
rb1805,20170823,20170822,210620000,3764.0,27762,237138,1044912640.0,3764.0,54,3763.0,14
rb1805,20170823,20170822,210620500,3763.0,27786,237136,1045815760.0,3764.0,56,3763.0,2
rb1805,20170823,20170822,210621000,3763.0,27796,237138,1046192060.0,3764.0,56,3763.0,1
rb1805,20170823,20170822,210621500,3764.0,27824,237132,1047245940.0,3764.0,54,3763.0,3
rb1805,20170823,20170822,210622000,3762.0,27842,237136,1047923300.0,3764.0,53,3762.0,55
rb1805,20170823,20170822,210622500,3764.0,27952,237172,1052063700.0,3765.0,69,3764.0,46
rb1805,20170823,20170822,210623000,3764.0,28044,237172,1055526580.0,3764.0,76,3763.0,59
rb1805,20170823,20170822,210623500,3763.0,28070,237172,1056504960.0,3764.0,40,3763.0,10
rb1805,20170823,20170822,210624000,3764.0,28088,237156,1057182320.0,3764.0,30,3763.0,11
rb1805,20170823,20170822,210624500,3763.0,28102,237156,1057709160.0,3764.0,31,3763.0,5
rb1805,20170823,20170822,210625000,3763.0,28104,237156,1057784420.0,3764.0,42,3763.0,14
rb1805,20170823,20170822,210625500,3763.0,28174,237124,1060418520.0,3763.0,31,3762.0,52
rb1805,20170823,20170822,210626000,3763.0,28174,237124,1060418520.0,3763.0,92,3762.0,44
rb1805,20170823,20170822,210626500,3762.0,28264,237196,1063804320.0,3762.0,7,3761.0,95
rb1805,20170823,20170822,210627000,3762.0,28266,237198,1063879560.0,3762.0,37,3761.0,88
rb1805,20170823,20170822,210627500,3761.0,28442,237210,1070498920.0,3761.0,11,3760.0,76
rb1805,20170823,20170822,210628000,3760.0,28458,237220,1071100580.0,3761.0,22,3760.0,65
rb1805,20170823,20170822,210628500,3761.0,28506,237230,1072905420.0,3762.0,24,3761.0,4
rb1805,20170823,20170822,210629000,3761.0,28516,237230,1073281520.0,3761.0,10,3760.0,41
rb1805,20170823,20170822,210629500,3761.0,28520,237230,1073431960.0,3761.0,6,3760.0,41
rb1805,20170823,20170822,210630000,3761.0,28542,237226,1074259300.0,3762.0,37,3760.0,37
rb1805,20170823,20170822,210630500,3761.0,28542,237226,1074259300.0,3762.0,39,3760.0,37
rb1805,20170823,20170822,210631000,3761.0,28542,237226,1074259300.0,3762.0,40,3761.0,1
rb1805,20170823,20170822,210631500,3762.0,28548,237228,1074485000.0,3762.0,44,3761.0,1
rb1805,20170823,20170822,210632000,3761.0,28552,237230,1074635440.0,3762.0,42,3761.0,1
rb1805,20170823,20170822,210632500,3762.0,28562,237228,1075011640.0,3762.0,35,3761.0,1
rb1805,20170823,20170822,210633000,3760.0,28572,237230,1075387660.0,3761.0,20,3760.0,36
rb1805,20170823,20170822,210633500,3761.0,28574,237228,1075462880.0,3761.0,20,3760.0,35
rb1805,20170823,20170822,210634000,3761.0,28620,237210,1077192640.0,3761.0,37,3760.0,20
rb1805,20170823,20170822,210634500,3761.0,28660,237228,1078697040.0,3762.0,40,3761.0,93
rb1805,20170823,20170822,210635000,3761.0,28670,237228,1079073140.0,3762.0,17,3761.0,68
rb1805,20170823,20170822,210635500,3761.0,28672,237228,1079148360.0,3762.0,17,3761.0,67
rb1805,20170823,20170822,210636000,3761.0,28676,237228,1079298800.0,3762.0,18,3761.0,65
rb1805,20170823,20170822,210636500,3761.0,28678,237228,1079374020.0,3762.0,28,3761.0,64
rb1805,20170823,20170822,210637000,3762.0,28684,237226,1079599700.0,3762.0,19,3761.0,63
rb1805,20170823,20170822,210637500,3761.0,28686,237226,1079674920.0,3762.0,29,3761.0,62
rb1805,20170823,20170822,210638000,3761.0,28698,237226,1080126240.0,3762.0,23,3761.0,56
rb1805,20170823,20170822,210638500,3761.0,28726,237222,1081179340.0,3762.0,32,3761.0,43
rb1805,20170823,20170822,210639000,3761.0,28726,237222,1081179340.0,3762.0,22,3761.0,43
rb1805,20170823,20170822,210639500,3761.0,28726,237222,1081179340.0,3762.0,20,3761.0,53
rb1805,20170823,20170822,210640000,3761.0,28746,237222,1081931540.0,3762.0,22,3761.0,43
rb1805,20170823,20170822,210640500,3761.0,28842,237150,1085542100.0,3761.0,40,3760.0,25
rb1805,20170823,20170822,210641000,3761.0,28844,237150,1085617320.0,3761.0,46,3760.0,24
rb1805,20170823,20170822,210641500,3760.0,28848,237150,1085767720.0,3761.0,47,3760.0,22
rb1805,20170823,20170822,210642000,3760.0,28894,237168,1087497340.0,3760.0,33,3759.0,26
rb1805,20170823,20170822,210642500,3760.0,28962,237168,1090054140.0,3761.0,56,3760.0,10
rb1805,20170823,20170822,210643000,3760.0,28964,237168,1090129340.0,3761.0,60,3760.0,11
rb1805,20170823,20170822,210643500,3760.0,28964,237168,1090129340.0,3761.0,60,3760.0,12
rb1805,20170823,20170822,210644000,3760.0,28964,237168,1090129340.0,3761.0,61,3760.0,12
rb1805,20170823,20170822,210644500,3760.0,28986,237150,1090956740.0,3761.0,51,3760.0,13
rb1805,20170823,20170822,210645000,3760.0,28986,237150,1090956740.0,3761.0,51,3760.0,14
rb1805,20170823,20170822,210645500,3760.0,28996,237158,1091332760.0,3761.0,51,3760.0,20
rb1805,20170823,20170822,210646000,3760.0,28996,237158,1091332760.0,3761.0,51,3760.0,20
rb1805,20170823,20170822,210646500,3761.0,29000,237158,1091483200.0,3761.0,49,3760.0,21
rb1805,20170823,20170822,210647000,3760.0,29060,237134,1093739760.0,3761.0,21,3760.0,29
rb1805,20170823,20170822,210647500,3761.0,29102,237166,1095319380.0,3762.0,23,3761.0,59
rb1805,20170823,20170822,210648000,3761.0,29130,237182,1096372720.0,3762.0,8,3761.0,33
rb1805,20170823,20170822,210648500,3762.0,29150,237188,1097125120.0,3762.0,10,3761.0,21
rb1805,20170823,20170822,210649000,3762.0,29178,237182,1098178520.0,3763.0,22,3762.0,22
rb1805,20170823,20170822,210649500,3762.0,29218,237210,1099683320.0,3762.0,40,3761.0,18
rb1805,20170823,20170822,210650000,3762.0,29218,237210,1099683320.0,3762.0,40,3761.0,10
rb1805,20170823,20170822,210650500,3762.0,29238,237230,1100435720.0,3762.0,30,3761.0,10
rb1805,20170823,20170822,210651000,3762.0,29238,237230,1100435720.0,3762.0,30,3761.0,11
rb1805,20170823,20170822,210651500,3762.0,29238,237230,1100435720.0,3762.0,36,3761.0,12
rb1805,20170823,20170822,210652000,3762.0,29248,237230,1100811920.0,3762.0,31,3761.0,13
rb1805,20170823,20170822,210653000,3762.0,29254,237230,1101037640.0,3762.0,22,3761.0,25
rb1805,20170823,20170822,210653500,3762.0,29262,237232,1101338600.0,3762.0,7,3761.0,30
rb1805,20170823,20170822,210654000,3762.0,29278,237228,1101940520.0,3763.0,25,3762.0,13
rb1805,20170823,20170822,210654500,3762.0,29282,237224,1102091000.0,3763.0,25,3762.0,9
rb1805,20170823,20170822,210655000,3762.0,29282,237224,1102091000.0,3763.0,25,3762.0,10
rb1805,20170823,20170822,210655500,3762.0,29284,237224,1102166240.0,3763.0,24,3762.0,9
rb1805,20170823,20170822,210656000,3762.0,29286,237222,1102241480.0,3763.0,24,3762.0,8
rb1805,20170823,20170822,210656500,3762.0,29312,237202,1103219540.0,3762.0,31,3761.0,28
rb1805,20170823,20170822,210657000,3762.0,29312,237202,1103219540.0,3762.0,31,3761.0,21
rb1805,20170823,20170822,210657500,3761.0,29324,237202,1103670880.0,3762.0,23,3761.0,16
rb1805,20170823,20170822,210658000,3761.0,29324,237202,1103670880.0,3762.0,23,3761.0,17
rb1805,20170823,20170822,210658500,3761.0,29324,237202,1103670880.0,3762.0,23,3761.0,17
rb1805,20170823,20170822,210659000,3761.0,29324,237202,1103670880.0,3762.0,23,3761.0,17
rb1805,20170823,20170822,210659500,3762.0,29364,237202,1105175680.0,3762.0,23,3761.0,17
rb1805,20170823,20170822,210700000,3762.0,29378,237190,1105702360.0,3762.0,16,3761.0,17
rb1805,20170823,20170822,210700500,3762.0,29402,237172,1106605140.0,3762.0,20,3761.0,12
rb1805,20170823,20170822,210701000,3762.0,29404,237172,1106680380.0,3762.0,19,3761.0,12
rb1805,20170823,20170822,210701500,3762.0,29406,237172,1106755620.0,3762.0,18,3761.0,8
rb1805,20170823,20170822,210702000,3761.0,29422,237176,1107357380.0,3762.0,18,3761.0,1
rb1805,20170823,20170822,210702500,3761.0,29426,237178,1107507820.0,3762.0,19,3760.0,44
rb1805,20170823,20170822,210703000,3761.0,29428,237178,1107583040.0,3761.0,2,3760.0,45
rb1805,20170823,20170822,210703500,3761.0,29428,237178,1107583040.0,3761.0,2,3760.0,38
rb1805,20170823,20170822,210704000,3762.0,29442,237182,1108109620.0,3762.0,48,3761.0,15
rb1805,20170823,20170822,210704500,3761.0,29452,237182,1108485720.0,3762.0,43,3761.0,11
rb1805,20170823,20170822,210705000,3761.0,29452,237182,1108485720.0,3762.0,48,3761.0,33
rb1805,20170823,20170822,210705500,3761.0,29452,237182,1108485720.0,3762.0,48,3761.0,33
rb1805,20170823,20170822,210706000,3761.0,29452,237182,1108485720.0,3762.0,47,3761.0,33
rb1805,20170823,20170822,210706500,3762.0,29454,237182,1108560960.0,3762.0,47,3761.0,34
rb1805,20170823,20170822,210707000,3762.0,29484,237200,1109689520.0,3762.0,34,3761.0,32
rb1805,20170823,20170822,210707500,3762.0,29484,237200,1109689520.0,3762.0,35,3761.0,38
rb1805,20170823,20170822,210708000,3762.0,29504,237220,1110441920.0,3762.0,26,3761.0,38
rb1805,20170823,20170822,210708500,3761.0,29522,237238,1111118920.0,3762.0,20,3761.0,30
rb1805,20170823,20170822,210709000,3761.0,29522,237238,1111118920.0,3762.0,20,3761.0,34
rb1805,20170823,20170822,210709500,3761.0,29522,237238,1111118920.0,3762.0,20,3761.0,40
rb1805,20170823,20170822,210710000,3762.0,29524,237240,1111194160.0,3762.0,19,3761.0,40
rb1805,20170823,20170822,210710500,3762.0,29544,237260,1111946560.0,3762.0,10,3761.0,40
rb1805,20170823,20170822,210711000,3762.0,29558,237260,1112473240.0,3762.0,3,3761.0,42
rb1805,20170823,20170822,210711500,3762.0,29566,237258,1112774200.0,3763.0,70,3762.0,5
rb1805,20170823,20170822,210712000,3762.0,29568,237260,1112849440.0,3763.0,58,3762.0,3
rb1805,20170823,20170822,210712500,3762.0,29572,237262,1112999920.0,3763.0,56,3762.0,24
rb1805,20170823,20170822,210713000,3762.0,29572,237262,1112999920.0,3763.0,56,3762.0,60
rb1805,20170823,20170822,210713500,3763.0,29576,237266,1113150420.0,3763.0,55,3762.0,59
rb1805,20170823,20170822,210714000,3763.0,29576,237266,1113150420.0,3763.0,55,3762.0,59
rb1805,20170823,20170822,210714500,3763.0,29576,237266,1113150420.0,3763.0,55,3762.0,59
rb1805,20170823,20170822,210715000,3763.0,29576,237266,1113150420.0,3763.0,55,3762.0,59
rb1805,20170823,20170822,210715500,3763.0,29580,237270,1113300940.0,3763.0,53,3762.0,60
rb1805,20170823,20170822,210716000,3762.0,29584,237272,1113451440.0,3763.0,52,3762.0,59
rb1805,20170823,20170822,210716500,3763.0,29588,237272,1113601960.0,3763.0,48,3762.0,59
rb1805,20170823,20170822,210717000,3762.0,29592,237270,1113752460.0,3763.0,49,3762.0,59
rb1805,20170823,20170822,210717500,3762.0,29596,237272,1113902960.0,3763.0,49,3762.0,58
rb1805,20170823,20170822,210718000,3763.0,29598,237272,1113978220.0,3763.0,18,3762.0,58
rb1805,20170823,20170822,210718500,3763.0,29598,237272,1113978220.0,3763.0,18,3762.0,58
rb1805,20170823,20170822,210719000,3763.0,29634,237246,1115332900.0,3764.0,60,3762.0,60
rb1805,20170823,20170822,210719500,3763.0,29634,237246,1115332900.0,3764.0,55,3763.0,1
rb1805,20170823,20170822,210720000,3763.0,29634,237246,1115332900.0,3764.0,55,3763.0,3
rb1805,20170823,20170822,210720500,3763.0,29642,237246,1115633940.0,3763.0,1,3762.0,58
rb1805,20170823,20170822,210721000,3763.0,29644,237244,1115709200.0,3764.0,56,3763.0,3
rb1805,20170823,20170822,210721500,3764.0,29650,237248,1115935020.0,3764.0,47,3762.0,64
rb1805,20170823,20170822,210722000,3764.0,29652,237250,1116010300.0,3764.0,46,3763.0,7
rb1805,20170823,20170822,210722500,3764.0,29652,237250,1116010300.0,3764.0,46,3763.0,27
rb1805,20170823,20170822,210723000,3764.0,29654,237250,1116085580.0,3764.0,45,3763.0,27
rb1805,20170823,20170822,210723500,3764.0,29656,237250,1116160860.0,3764.0,44,3763.0,28
rb1805,20170823,20170822,210724000,3764.0,29658,237248,1116236140.0,3764.0,44,3763.0,22
rb1805,20170823,20170822,210724500,3764.0,29658,237248,1116236140.0,3764.0,42,3763.0,22
rb1805,20170823,20170822,210725000,3763.0,29668,237248,1116612440.0,3764.0,42,3763.0,17
rb1805,20170823,20170822,210725500,3763.0,29668,237248,1116612440.0,3764.0,42,3763.0,17
rb1805,20170823,20170822,210726000,3764.0,29670,237250,1116687720.0,3764.0,41,3763.0,21
rb1805,20170823,20170822,210726500,3764.0,29672,237250,1116763000.0,3764.0,40,3763.0,28
rb1805,20170823,20170822,210727000,3763.0,29676,237246,1116913520.0,3764.0,40,3763.0,33
rb1805,20170823,20170822,210727500,3764.0,29678,237246,1116988800.0,3764.0,39,3763.0,35
rb1805,20170823,20170822,210728000,3764.0,29680,237244,1117064080.0,3764.0,37,3763.0,42
rb1805,20170823,20170822,210728500,3764.0,29740,237222,1119322480.0,3764.0,7,3763.0,43
rb1805,20170823,20170822,210729000,3764.0,29760,237232,1120075280.0,3765.0,81,3764.0,12
rb1805,20170823,20170822,210729500,3765.0,29854,237186,1123613460.0,3765.0,80,3764.0,17
rb1805,20170823,20170822,210730000,3765.0,29864,237178,1123989880.0,3765.0,80,3764.0,13
rb1805,20170823,20170822,210730500,3765.0,29866,237178,1124065180.0,3765.0,79,3764.0,24
rb1805,20170823,20170822,210731000,3765.0,29872,237174,1124291060.0,3765.0,76,3764.0,24
rb1805,20170823,20170822,210731500,3765.0,29888,237158,1124893460.0,3765.0,68,3764.0,26
rb1805,20170823,20170822,210732000,3764.0,29942,237108,1126926020.0,3764.0,9,3763.0,39
rb1805,20170823,20170822,210732500,3763.0,29944,237108,1127001280.0,3764.0,19,3763.0,25
rb1805,20170823,20170822,210733000,3763.0,30012,237140,1129560120.0,3764.0,21,3763.0,34
rb1805,20170823,20170822,210733500,3764.0,30026,237138,1130086980.0,3764.0,22,3762.0,35
rb1805,20170823,20170822,210734000,3763.0,30030,237136,1130237500.0,3763.0,6,3762.0,35
rb1805,20170823,20170822,210734500,3762.0,30046,237136,1130839420.0,3763.0,22,3762.0,27
rb1805,20170823,20170822,210735000,3762.0,30100,237154,1132870900.0,3762.0,52,3761.0,40
rb1805,20170823,20170822,210735500,3761.0,30108,237154,1133171780.0,3762.0,20,3761.0,36
rb1805,20170823,20170822,210736000,3761.0,30108,237154,1133171780.0,3762.0,10,3761.0,37
rb1805,20170823,20170822,210736500,3761.0,30114,237160,1133397440.0,3762.0,46,3761.0,34
rb1805,20170823,20170822,210737000,3761.0,30218,237230,1137308880.0,3761.0,2,3760.0,100
rb1805,20170823,20170822,210737500,3761.0,30224,237232,1137534540.0,3761.0,5,3760.0,100
rb1805,20170823,20170822,210738000,3760.0,30234,237240,1137910540.0,3761.0,38,3760.0,95
rb1805,20170823,20170822,210738500,3760.0,30238,237244,1138060940.0,3761.0,52,3760.0,93
rb1805,20170823,20170822,210739000,3761.0,30240,237246,1138136160.0,3761.0,51,3760.0,94
rb1805,20170823,20170822,210739500,3760.0,30262,237262,1138963380.0,3761.0,39,3760.0,84
rb1805,20170823,20170822,210740000,3761.0,30310,237298,1140768240.0,3761.0,36,3760.0,63
rb1805,20170823,20170822,210740500,3760.0,30312,237300,1140843440.0,3761.0,36,3760.0,63
rb1805,20170823,20170822,210741000,3761.0,30584,237340,1151071640.0,3762.0,37,3761.0,7
rb1805,20170823,20170822,210741500,3761.0,30630,237324,1152801480.0,3761.0,35,3760.0,2
rb1805,20170823,20170822,210742000,3760.0,30640,237328,1153177480.0,3761.0,31,3759.0,27
rb1805,20170823,20170822,210742500,3760.0,30640,237328,1153177480.0,3761.0,31,3759.0,24
rb1805,20170823,20170822,210743000,3759.0,30652,237326,1153628640.0,3761.0,29,3759.0,27
rb1805,20170823,20170822,210743500,3760.0,30654,237328,1153703840.0,3761.0,29,3759.0,27
rb1805,20170823,20170822,210744000,3760.0,30654,237328,1153703840.0,3761.0,28,3759.0,27
rb1805,20170823,20170822,210744500,3761.0,30656,237328,1153779060.0,3761.0,24,3759.0,30
rb1805,20170823,20170822,210745000,3761.0,30668,237326,1154230340.0,3761.0,22,3759.0,29
rb1805,20170823,20170822,210745500,3761.0,30668,237326,1154230340.0,3761.0,31,3760.0,1
rb1805,20170823,20170822,210746000,3759.0,30678,237330,1154606340.0,3760.0,1,3759.0,42
rb1805,20170823,20170822,210746500,3760.0,30800,237248,1159193540.0,3761.0,29,3759.0,42
rb1805,20170823,20170822,210747000,3760.0,30800,237248,1159193540.0,3761.0,29,3760.0,9
rb1805,20170823,20170822,210747500,3760.0,30802,237248,1159268740.0,3761.0,22,3760.0,8
rb1805,20170823,20170822,210748000,3760.0,30824,237248,1160096060.0,3761.0,17,3760.0,18
rb1805,20170823,20170822,210748500,3760.0,30824,237248,1160096060.0,3761.0,14,3760.0,3
rb1805,20170823,20170822,210749000,3761.0,30828,237248,1160246500.0,3761.0,11,3760.0,25
rb1805,20170823,20170822,210749500,3761.0,30856,237234,1161299580.0,3762.0,22,3761.0,41
rb1805,20170823,20170822,210750000,3761.0,30866,237228,1161675680.0,3762.0,14,3761.0,36
rb1805,20170823,20170822,210750500,3761.0,30886,237228,1162427880.0,3762.0,18,3761.0,26
rb1805,20170823,20170822,210751000,3761.0,30886,237228,1162427880.0,3762.0,18,3761.0,27
rb1805,20170823,20170822,210751500,3761.0,30886,237228,1162427880.0,3762.0,9,3761.0,27
rb1805,20170823,20170822,210752000,3761.0,30940,237218,1164458820.0,3761.0,2,3760.0,58
rb1805,20170823,20170822,210752500,3761.0,30940,237218,1164458820.0,3761.0,2,3760.0,43
rb1805,20170823,20170822,210753000,3761.0,30940,237218,1164458820.0,3761.0,2,3760.0,43
rb1805,20170823,20170822,210753500,3761.0,30952,237220,1164910040.0,3761.0,1,3760.0,36
rb1805,20170823,20170822,210754000,3760.0,30972,237214,1165662060.0,3762.0,66,3760.0,28
rb1805,20170823,20170822,210754500,3760.0,30982,237222,1166038140.0,3761.0,2,3760.0,28
rb1805,20170823,20170822,210755000,3761.0,30996,237224,1166564560.0,3761.0,1,3760.0,23
rb1805,20170823,20170822,210755500,3760.0,31000,237228,1166714960.0,3761.0,16,3760.0,28
rb1805,20170823,20170822,210756000,3760.0,31000,237228,1166714960.0,3761.0,16,3760.0,29
rb1805,20170823,20170822,210756500,3760.0,31028,237226,1167767900.0,3761.0,24,3760.0,16
rb1805,20170823,20170822,210757000,3760.0,31052,237250,1168670300.0,3761.0,44,3760.0,4
rb1805,20170823,20170822,210757500,3760.0,31060,237256,1168971100.0,3760.0,8,3759.0,24
rb1805,20170823,20170822,210758000,3760.0,31092,237236,1170174300.0,3761.0,80,3760.0,6
rb1805,20170823,20170822,210758500,3760.0,31104,237236,1170625500.0,3760.0,25,3759.0,24
rb1805,20170823,20170822,210759000,3760.0,31104,237236,1170625500.0,3760.0,21,3759.0,24
rb1805,20170823,20170822,210759500,3759.0,31156,237230,1172580220.0,3760.0,40,3758.0,398
rb1805,20170823,20170822,210800000,3759.0,31156,237230,1172580220.0,3760.0,68,3758.0,398
rb1805,20170823,20170822,210800500,3758.0,31174,237216,1173256660.0,3760.0,72,3759.0,1
rb1805,20170823,20170822,210801000,3759.0,31192,237224,1173933200.0,3759.0,8,3758.0,370
rb1805,20170823,20170822,210801500,3758.0,31228,237254,1175286300.0,3759.0,1,3758.0,364
rb1805,20170823,20170822,210802000,3758.0,31276,237300,1177090200.0,3760.0,59,3758.0,342
rb1805,20170823,20170822,210802500,3759.0,31282,237298,1177315740.0,3759.0,1,3758.0,342
rb1805,20170823,20170822,210803000,3758.0,31298,237314,1177917020.0,3759.0,13,3758.0,334
rb1805,20170823,20170822,210803500,3759.0,31300,237314,1177992200.0,3759.0,12,3758.0,334
rb1805,20170823,20170822,210804000,3759.0,31312,237326,1178443260.0,3759.0,7,3758.0,333
rb1805,20170823,20170822,210804500,3758.0,31518,237330,1186184740.0,3759.0,19,3758.0,231
rb1805,20170823,20170822,210805000,3759.0,31820,237584,1197533920.0,3759.0,42,3758.0,81
rb1805,20170823,20170822,210805500,3758.0,31838,237590,1198210400.0,3759.0,43,3758.0,75
rb1805,20170823,20170822,210806000,3758.0,31930,237652,1201667760.0,3759.0,65,3758.0,30
rb1805,20170823,20170822,210806500,3759.0,32092,237646,1207756660.0,3758.0,1,3757.0,79
rb1805,20170823,20170822,210807000,3757.0,32122,237656,1208883780.0,3758.0,11,3757.0,65
rb1805,20170823,20170822,210807500,3757.0,32166,237672,1210536880.0,3758.0,36,3757.0,45
rb1805,20170823,20170822,210808000,3757.0,32224,237678,1212715960.0,3758.0,26,3757.0,17
rb1805,20170823,20170822,210808500,3757.0,32238,237682,1213241940.0,3758.0,26,3757.0,10
rb1805,20170823,20170822,210809000,3757.0,32262,237680,1214143620.0,3757.0,12,3756.0,110
rb1805,20170823,20170822,210809500,3757.0,32274,237684,1214594460.0,3757.0,13,3756.0,110
rb1805,20170823,20170822,210810000,3757.0,32274,237684,1214594460.0,3757.0,20,3756.0,110
rb1805,20170823,20170822,210810500,3756.0,32276,237684,1214669580.0,3757.0,26,3756.0,109
rb1805,20170823,20170822,210811000,3757.0,32370,237652,1218201160.0,3758.0,26,3757.0,32
rb1805,20170823,20170822,210811500,3757.0,32468,237580,1221883060.0,3757.0,31,3756.0,114
rb1805,20170823,20170822,210812000,3757.0,32492,237580,1222784720.0,3757.0,7,3756.0,109
rb1805,20170823,20170822,210812500,3756.0,32512,237580,1223536000.0,3757.0,3,3756.0,109
rb1805,20170823,20170822,210813000,3757.0,32528,237574,1224137120.0,3758.0,42,3757.0,20
rb1805,20170823,20170822,210813500,3757.0,32572,237548,1225790160.0,3757.0,27,3756.0,117
rb1805,20170823,20170822,210814000,3757.0,32578,237550,1226015580.0,3757.0,5,3756.0,118
rb1805,20170823,20170822,210814500,3757.0,32584,237552,1226240980.0,3757.0,6,3756.0,118
rb1805,20170823,20170822,210815000,3756.0,32602,237568,1226917080.0,3757.0,24,3756.0,110
rb1805,20170823,20170822,210815500,3757.0,32610,237568,1227217600.0,3757.0,10,3756.0,98
rb1805,20170823,20170822,210816000,3757.0,32634,237570,1228119080.0,3757.0,23,3756.0,87
rb1805,20170823,20170822,210816500,3757.0,32636,237568,1228194220.0,3757.0,33,3756.0,88
rb1805,20170823,20170822,210817000,3757.0,32664,237594,1229245920.0,3757.0,42,3756.0,75
rb1805,20170823,20170822,210817500,3756.0,32688,237606,1230147460.0,3757.0,35,3756.0,77
rb1805,20170823,20170822,210818000,3756.0,32740,237626,1232100580.0,3757.0,42,3756.0,51
rb1805,20170823,20170822,210818500,3756.0,32842,237700,1235931700.0,3757.0,43,3755.0,135
rb1805,20170823,20170822,210819000,3756.0,32842,237700,1235931700.0,3756.0,4,3755.0,135
rb1805,20170823,20170822,210819500,3756.0,32848,237702,1236157040.0,3756.0,3,3755.0,135
rb1805,20170823,20170822,210820000,3755.0,32856,237700,1236457500.0,3756.0,4,3755.0,134
rb1805,20170823,20170822,210820500,3755.0,32882,237716,1237433840.0,3756.0,33,3755.0,123
rb1805,20170823,20170822,210821000,3755.0,33094,237872,1245394480.0,3756.0,37,3755.0,21
rb1805,20170823,20170822,210821500,3755.0,33140,237850,1247121780.0,3755.0,9,3754.0,49
rb1805,20170823,20170822,210822000,3754.0,33144,237854,1247271940.0,3755.0,38,3754.0,47
rb1805,20170823,20170822,210822500,3754.0,33198,237880,1249299360.0,3755.0,26,3754.0,33
rb1805,20170823,20170822,210823000,3755.0,33226,237888,1250350540.0,3755.0,42,3754.0,22
rb1805,20170823,20170822,210823500,3755.0,33372,237890,1255831720.0,3754.0,22,3753.0,29
rb1805,20170823,20170822,210824000,3754.0,33450,237914,1258759240.0,3754.0,42,3752.0,20
rb1805,20170823,20170822,210824500,3752.0,33490,237940,1260260040.0,3752.0,1,3751.0,39
rb1805,20170823,20170822,210825000,3751.0,33738,237998,1269560860.0,3751.0,103,3750.0,236
rb1805,20170823,20170822,210825500,3750.0,33748,238000,1269935900.0,3751.0,106,3750.0,233
rb1805,20170823,20170822,210826000,3750.0,34094,237918,1282913840.0,3752.0,87,3750.0,206
rb1805,20170823,20170822,210826500,3750.0,34204,237926,1287040040.0,3751.0,4,3750.0,189
rb1805,20170823,20170822,210827000,3750.0,34270,237954,1289515120.0,3752.0,47,3751.0,10
rb1805,20170823,20170822,210827500,3751.0,34342,237944,1292215540.0,3752.0,48,3751.0,1
rb1805,20170823,20170822,210828000,3752.0,34374,237948,1293415840.0,3752.0,42,3750.0,141
rb1805,20170823,20170822,210828500,3751.0,34388,237950,1293940900.0,3751.0,2,3750.0,141
rb1805,20170823,20170822,210829000,3750.0,34730,237876,1306766460.0,3750.0,137,3749.0,16
rb1805,20170823,20170822,210829500,3750.0,34768,237842,1308191460.0,3750.0,119,3749.0,20
rb1805,20170823,20170822,210830000,3749.0,35054,237634,1318915560.0,3749.0,19,3748.0,77
rb1805,20170823,20170822,210830500,3749.0,35252,237564,1326338620.0,3750.0,20,3748.0,80
rb1805,20170823,20170822,210831000,3751.0,35334,237560,1329413280.0,3751.0,8,3749.0,6
rb1805,20170823,20170822,210831500,3752.0,35454,237646,1333915100.0,3753.0,3,3752.0,10
rb1805,20170823,20170822,210832000,3750.0,35576,237640,1338491260.0,3753.0,6,3750.0,11
rb1805,20170823,20170822,210832500,3752.0,35772,237756,1345839340.0,3752.0,5,3751.0,3
rb1805,20170823,20170822,210833000,3752.0,35782,237748,1346214540.0,3753.0,16,3752.0,9
rb1805,20170823,20170822,210833500,3751.0,35794,237750,1346664760.0,3752.0,1,3751.0,10
rb1805,20170823,20170822,210834000,3752.0,35800,237748,1346889860.0,3753.0,20,3752.0,4
rb1805,20170823,20170822,210834500,3752.0,35810,237756,1347265060.0,3753.0,20,3752.0,6
rb1805,20170823,20170822,210835000,3752.0,35818,237748,1347565220.0,3752.0,17,3751.0,11
rb1805,20170823,20170822,210835500,3752.0,35844,237746,1348540740.0,3752.0,7,3751.0,11
rb1805,20170823,20170822,210836000,3751.0,35852,237744,1348840860.0,3752.0,506,3751.0,10
rb1805,20170823,20170822,210836500,3751.0,35888,237726,1350191220.0,3751.0,21,3750.0,14
rb1805,20170823,20170822,210837000,3751.0,35892,237728,1350341240.0,3751.0,16,3750.0,13
rb1805,20170823,20170822,210837500,3751.0,35924,237716,1351541560.0,3751.0,7,3750.0,16
rb1805,20170823,20170822,210838000,3752.0,35938,237716,1352066700.0,3752.0,526,3750.0,12
rb1805,20170823,20170822,210838500,3750.0,35968,237736,1353191820.0,3752.0,525,3750.0,4
rb1805,20170823,20170822,210839000,3750.0,35988,237742,1353941820.0,3752.0,517,3750.0,1
rb1805,20170823,20170822,210839500,3750.0,35996,237742,1354241820.0,3750.0,8,3749.0,14
rb1805,20170823,20170822,210840000,3750.0,36074,237712,1357166700.0,3750.0,4,3749.0,2
rb1805,20170823,20170822,210840500,3750.0,36084,237718,1357541700.0,3751.0,19,3750.0,24
rb1805,20170823,20170822,210841000,3750.0,36158,237756,1360316480.0,3750.0,48,3749.0,2
rb1805,20170823,20170822,210841500,3749.0,36170,237764,1360766380.0,3750.0,61,3748.0,68
rb1805,20170823,20170822,210842000,3750.0,36194,237780,1361666200.0,3750.0,60,3749.0,1
rb1805,20170823,20170822,210842500,3749.0,36210,237790,1362266040.0,3749.0,8,3748.0,68
rb1805,20170823,20170822,210843000,3748.0,36262,237772,1364215660.0,3750.0,50,3748.0,63
rb1805,20170823,20170822,210843500,3750.0,36308,237782,1365939820.0,3750.0,1133,3748.0,42
rb1805,20170823,20170822,210844000,3749.0,36398,237862,1369313080.0,3748.0,11,3747.0,56
rb1805,20170823,20170822,210844500,3747.0,36430,237878,1370512120.0,3748.0,28,3747.0,39
rb1805,20170823,20170822,210845000,3748.0,36466,237860,1371861220.0,3748.0,17,3747.0,30
rb1805,20170823,20170822,210845500,3747.0,36544,237914,1374783740.0,3747.0,13,3746.0,13
rb1805,20170823,20170822,210846000,3746.0,36614,237914,1377406160.0,3746.0,56,3745.0,83
rb1805,20170823,20170822,210846500,3745.0,36626,237916,1377855600.0,3746.0,57,3745.0,78
rb1805,20170823,20170822,210847000,3745.0,36786,238026,1383847740.0,3746.0,6,3745.0,28
rb1805,20170823,20170822,210847500,3746.0,36808,238026,1384671840.0,3746.0,17,3745.0,29
rb1805,20170823,20170822,210848000,3746.0,36820,238036,1385121340.0,3746.0,19,3745.0,33
rb1805,20170823,20170822,210848500,3746.0,36842,238048,1385945340.0,3746.0,17,3745.0,8
rb1805,20170823,20170822,210849000,3745.0,36880,238062,1387368560.0,3745.0,1088,3744.0,14
rb1805,20170823,20170822,210849500,3745.0,36912,238060,1388566760.0,3745.0,1093,3744.0,9
rb1805,20170823,20170822,210850000,3745.0,37126,238044,1396580860.0,3745.0,1001,3744.0,33
rb1805,20170823,20170822,210850500,3745.0,37436,237818,1408190200.0,3745.0,872,3744.0,33
rb1805,20170823,20170822,210851000,3744.0,37446,237814,1408564680.0,3745.0,868,3744.0,28
rb1805,20170823,20170822,210851500,3745.0,37620,237728,1415079040.0,3744.0,7,3743.0,18
rb1805,20170823,20170822,210852000,3744.0,37660,237740,1416576620.0,3744.0,21,3743.0,17
rb1805,20170823,20170822,210852500,3743.0,37724,237764,1418972420.0,3744.0,33,3742.0,34
rb1805,20170823,20170822,210853000,3744.0,37760,237752,1420320180.0,3744.0,30,3742.0,41
rb1805,20170823,20170822,210853500,3744.0,37798,237762,1421742800.0,3744.0,16,3743.0,4
rb1805,20170823,20170822,210854000,3742.0,37876,237746,1424661900.0,3743.0,3,3742.0,21
rb1805,20170823,20170822,210854500,3743.0,37936,237708,1426908080.0,3745.0,885,3743.0,11
rb1805,20170823,20170822,210855000,3743.0,37958,237708,1427731600.0,3744.0,8,3743.0,1
rb1805,20170823,20170822,210855500,3744.0,37984,237722,1428704760.0,3743.0,1,3742.0,37
rb1805,20170823,20170822,210856000,3742.0,38004,237716,1429453340.0,3744.0,16,3743.0,2
rb1805,20170823,20170822,210856500,3743.0,38016,237718,1429902480.0,3743.0,12,3742.0,39
rb1805,20170823,20170822,210857000,3743.0,38056,237714,1431399800.0,3744.0,1,3743.0,39
rb1805,20170823,20170822,210857500,3744.0,38064,237718,1431699300.0,3745.0,1084,3744.0,49
rb1805,20170823,20170822,210858000,3743.0,38210,237818,1437165540.0,3745.0,1087,3743.0,38
rb1805,20170823,20170822,210858500,3744.0,38216,237814,1437390200.0,3745.0,1090,3744.0,1
rb1805,20170823,20170822,210859000,3744.0,38232,237812,1437989240.0,3745.0,1089,3744.0,27
rb1805,20170823,20170822,210859500,3744.0,38302,237856,1440609960.0,3744.0,3,3743.0,50
rb1805,20170823,20170822,210900000,3744.0,38320,237856,1441283880.0,3745.0,1087,3744.0,2
rb1805,20170823,20170822,210900500,3743.0,38338,237860,1441957680.0,3744.0,96,3743.0,41
rb1805,20170823,20170822,210901000,3743.0,38394,237898,1444053900.0,3744.0,151,3743.0,21
rb1805,20170823,20170822,210901500,3744.0,38448,237918,1446075220.0,3743.0,20,3742.0,55
rb1805,20170823,20170822,210902000,3744.0,38502,237918,1448096440.0,3743.0,6,3742.0,50
rb1805,20170823,20170822,210902500,3743.0,38562,237948,1450342140.0,3743.0,4,3742.0,46
rb1805,20170823,20170822,210903000,3743.0,38568,237944,1450566720.0,3743.0,4,3742.0,47
rb1805,20170823,20170822,210903500,3743.0,38578,237950,1450941020.0,3744.0,380,3743.0,1
rb1805,20170823,20170822,210904000,3744.0,38666,237912,1454235320.0,3744.0,355,3743.0,9
rb1805,20170823,20170822,210904500,3744.0,38710,237868,1455882680.0,3744.0,340,3743.0,42
rb1805,20170823,20170822,210905000,3742.0,39090,237820,1470106780.0,3742.0,711,3741.0,57
rb1805,20170823,20170822,210905500,3742.0,39284,237706,1477366260.0,3742.0,614,3741.0,74
rb1805,20170823,20170822,210906000,3742.0,39602,237496,1489265720.0,3742.0,464,3741.0,79
rb1805,20170823,20170822,210906500,3742.0,39820,237468,1497423180.0,3742.0,360,3741.0,74
rb1805,20170823,20170822,210907000,3742.0,39840,237452,1498171540.0,3742.0,352,3741.0,73
rb1805,20170823,20170822,210907500,3741.0,39854,237442,1498695340.0,3742.0,349,3741.0,56
rb1805,20170823,20170822,210908000,3741.0,39876,237434,1499518560.0,3742.0,339,3741.0,66
rb1805,20170823,20170822,210908500,3742.0,39934,237408,1501688920.0,3742.0,311,3741.0,85
rb1805,20170823,20170822,210909000,3742.0,40164,237268,1510295320.0,3742.0,206,3741.0,83
rb1805,20170823,20170822,210909500,3742.0,40302,237200,1515459280.0,3742.0,137,3741.0,84
rb1805,20170823,20170822,210910000,3741.0,40718,237222,1531022980.0,3741.0,16,3740.0,117
rb1805,20170823,20170822,210910500,3742.0,40806,237250,1534315400.0,3742.0,260,3741.0,47
rb1805,20170823,20170822,210911000,3742.0,40878,237194,1537009560.0,3742.0,228,3741.0,22
rb1805,20170823,20170822,210911500,3741.0,40936,237172,1539179580.0,3742.0,216,3741.0,1
rb1805,20170823,20170822,210912000,3742.0,41016,237096,1542173180.0,3742.0,176,3741.0,42
rb1805,20170823,20170822,210912500,3742.0,41100,237028,1545316420.0,3742.0,137,3741.0,117
rb1805,20170823,20170822,210913000,3742.0,41268,237030,1551602460.0,3742.0,82,3741.0,139
rb1805,20170823,20170822,210913500,3742.0,41446,236978,1558262940.0,3742.0,14,3741.0,162
rb1805,20170823,20170822,210914000,3742.0,41478,237004,1559460400.0,3743.0,63,3742.0,48
rb1805,20170823,20170822,210914500,3742.0,41482,237000,1559610080.0,3743.0,62,3742.0,62
rb1805,20170823,20170822,210915000,3743.0,41484,236998,1559684940.0,3743.0,46,3742.0,107
rb1805,20170823,20170822,210915500,3743.0,41496,236992,1560134080.0,3743.0,40,3742.0,108
rb1805,20170823,20170822,210916000,3743.0,41498,236990,1560208940.0,3743.0,39,3742.0,109
rb1805,20170823,20170822,210916500,3743.0,41576,236988,1563128480.0,3744.0,28,3743.0,25
rb1805,20170823,20170822,210917000,3744.0,41594,236990,1563802400.0,3744.0,19,3743.0,27
rb1805,20170823,20170822,210917500,3743.0,41626,237018,1565000180.0,3744.0,18,3743.0,33
rb1805,20170823,20170822,210918000,3743.0,41638,237010,1565449440.0,3744.0,13,3743.0,71
rb1805,20170823,20170822,210918500,3744.0,41648,237012,1565823820.0,3744.0,9,3743.0,73
rb1805,20170823,20170822,210919000,3743.0,41674,237020,1566797000.0,3744.0,28,3743.0,57
rb1805,20170823,20170822,210919500,3744.0,41686,237024,1567246220.0,3744.0,17,3743.0,54
rb1805,20170823,20170822,210920000,3743.0,41700,237030,1567770340.0,3744.0,8,3743.0,43
rb1805,20170823,20170822,210920500,3743.0,41818,236968,1572187100.0,3743.0,65,3742.0,89
rb1805,20170823,20170822,210921000,3743.0,41856,236960,1573609440.0,3743.0,46,3742.0,123
rb1805,20170823,20170822,210921500,3743.0,41900,236960,1575256360.0,3743.0,24,3742.0,123
rb1805,20170823,20170822,210922000,3744.0,41962,236962,1577577140.0,3744.0,5,3743.0,4
rb1805,20170823,20170822,210922500,3744.0,41996,236974,1578849620.0,3744.0,3,3742.0,117
rb1805,20170823,20170822,210923000,3744.0,42018,236988,1579673300.0,3744.0,5,3743.0,11
rb1805,20170823,20170822,210923500,3743.0,42056,236980,1581095640.0,3743.0,1,3742.0,83
rb1805,20170823,20170822,210924000,3743.0,42196,236858,1586335760.0,3744.0,30,3743.0,53
rb1805,20170823,20170822,210924500,3744.0,42232,236838,1587683300.0,3744.0,25,3743.0,39
rb1805,20170823,20170822,210925000,3744.0,42236,236836,1587833060.0,3744.0,27,3743.0,39
rb1805,20170823,20170822,210925500,3744.0,42248,236824,1588282340.0,3744.0,16,3743.0,71
rb1805,20170823,20170822,210926000,3744.0,42254,236820,1588506980.0,3744.0,3,3743.0,76
rb1805,20170823,20170822,210926500,3744.0,42258,236820,1588656740.0,3744.0,1,3743.0,76
rb1805,20170823,20170822,210927000,3744.0,42262,236822,1588806500.0,3745.0,41,3744.0,1
rb1805,20170823,20170822,210927500,3745.0,42276,236836,1589330700.0,3745.0,39,3744.0,4
rb1805,20170823,20170822,210928000,3744.0,42302,236830,1590304140.0,3744.0,13,3743.0,88
rb1805,20170823,20170822,210928500,3745.0,42336,236852,1591577120.0,3745.0,45,3744.0,38
rb1805,20170823,20170822,210929000,3744.0,42414,236918,1594497440.0,3744.0,13,3743.0,98
rb1805,20170823,20170822,210929500,3744.0,42444,236936,1595620660.0,3745.0,79,3744.0,10
rb1805,20170823,20170822,210930000,3745.0,42446,236938,1595695560.0,3745.0,33,3744.0,3
rb1805,20170823,20170822,210930500,3745.0,42458,236944,1596144900.0,3745.0,32,3744.0,1
rb1805,20170823,20170822,210931000,3745.0,42514,236930,1598242060.0,3745.0,6,3744.0,8
rb1805,20170823,20170822,210931500,3745.0,42526,236926,1598691460.0,3746.0,39,3745.0,1
rb1805,20170823,20170822,210932000,3745.0,42540,236934,1599215740.0,3745.0,35,3744.0,11
rb1805,20170823,20170822,210932500,3745.0,42546,236934,1599440440.0,3745.0,42,3744.0,12
rb1805,20170823,20170822,210933000,3745.0,42556,236932,1599814940.0,3745.0,43,3744.0,14
rb1805,20170823,20170822,210933500,3745.0,42558,236930,1599889840.0,3745.0,45,3744.0,14
rb1805,20170823,20170822,210934000,3745.0,42592,236938,1601162980.0,3745.0,50,3744.0,6
