instrument,tradingday,calendarday,time,lastp,volume,openinterest,turnover,ask1,asksz1,bid1,bidsz1
rb1805,20170519,20170518,183301500,2766.0,0,15220,0.0,0.0,0,0.0,0
rb1805,20170519,20170518,205900500,2760.0,10,15226,276000.0,2765.0,1,2760.0,18
rb1805,20170519,20170518,210000500,2760.0,46,15262,1269600.0,2759.0,38,2758.0,3
rb1805,20170519,20170518,210001000,2750.0,60,15276,1655380.0,2749.0,4,2733.0,1
rb1805,20170519,20170518,210001500,2750.0,64,15280,1765380.0,2749.0,2,2733.0,1
rb1805,20170519,20170518,210002000,2750.0,70,15286,1930380.0,2749.0,1,2733.0,1
rb1805,20170519,20170518,210002500,2733.0,72,15286,1985040.0,2748.0,1,2731.0,1
rb1805,20170519,20170518,210003000,2733.0,72,15286,1985040.0,2732.0,40,2731.0,1
rb1805,20170519,20170518,210003500,2730.0,76,15284,2094260.0,2732.0,40,2721.0,1
rb1805,20170519,20170518,210004000,2732.0,98,15280,2695300.0,2732.0,29,2722.0,5
rb1805,20170519,20170518,210004500,2732.0,98,15280,2695300.0,2731.0,10,2722.0,7
rb1805,20170519,20170518,210005000,2732.0,98,15280,2695300.0,2731.0,10,2722.0,2
rb1805,20170519,20170518,210005500,2732.0,98,15280,2695300.0,2732.0,29,2722.0,2
rb1805,20170519,20170518,210006000,2732.0,98,15280,2695300.0,2731.0,5,2721.0,1
rb1805,20170519,20170518,210006500,2732.0,120,15272,3292460.0,2732.0,28,2704.0,100
rb1805,20170519,20170518,210007000,2732.0,120,15272,3292460.0,2730.0,5,2709.0,26
rb1805,20170519,20170518,210007500,2732.0,122,15272,3347100.0,2732.0,27,2709.0,26
rb1805,20170519,20170518,210008000,2710.0,126,15276,3455500.0,2731.0,10,2710.0,60
rb1805,20170519,20170518,210008500,2710.0,130,15276,3563900.0,2732.0,27,2731.0,1
rb1805,20170519,20170518,210009000,2710.0,130,15276,3563900.0,2732.0,27,2731.0,1
rb1805,20170519,20170518,210010000,2731.0,132,15276,3618520.0,2731.0,1,2710.0,2
rb1805,20170519,20170518,210010500,2731.0,132,15276,3618520.0,2731.0,1,2711.0,77
rb1805,20170519,20170518,210011000,2731.0,134,15276,3673140.0,2732.0,27,2711.0,26
rb1805,20170519,20170518,210011500,2731.0,134,15276,3673140.0,2732.0,27,2712.0,22
rb1805,20170519,20170518,210012000,2731.0,134,15276,3673140.0,2732.0,27,2712.0,23
rb1805,20170519,20170518,210012500,2731.0,134,15276,3673140.0,2732.0,27,2712.0,3
rb1805,20170519,20170518,210013000,2731.0,134,15276,3673140.0,2732.0,27,2714.0,1
rb1805,20170519,20170518,210013500,2732.0,136,15276,3727780.0,2732.0,26,2715.0,1
rb1805,20170519,20170518,210014000,2732.0,136,15276,3727780.0,2732.0,26,2716.0,2
rb1805,20170519,20170518,210014500,2732.0,136,15276,3727780.0,2732.0,26,2720.0,1
rb1805,20170519,20170518,210015000,2732.0,142,15276,3891700.0,2732.0,23,2720.0,1
rb1805,20170519,20170518,210015500,2732.0,146,15276,4000980.0,2732.0,21,2720.0,1
rb1805,20170519,20170518,210016000,2732.0,148,15276,4055620.0,2731.0,8,2721.0,14
rb1805,20170519,20170518,210016500,2731.0,152,15276,4164880.0,2731.0,6,2721.0,1
rb1805,20170519,20170518,210017000,2731.0,152,15276,4164880.0,2731.0,6,2722.0,4
rb1805,20170519,20170518,210018000,2731.0,152,15276,4164880.0,2732.0,21,2731.0,1
rb1805,20170519,20170518,210018500,2731.0,154,15276,4219500.0,2732.0,21,2721.0,1
rb1805,20170519,20170518,210019000,2731.0,154,15276,4219500.0,2732.0,21,2721.0,1
rb1805,20170519,20170518,210019500,2721.0,156,15276,4273920.0,2722.0,2,2720.0,1
rb1805,20170519,20170518,210020000,2722.0,160,15280,4382800.0,2732.0,21,2722.0,7
rb1805,20170519,20170518,210020500,2722.0,160,15280,4382800.0,2731.0,7,2722.0,7
rb1805,20170519,20170518,210021000,2722.0,160,15280,4382800.0,2731.0,7,2723.0,3
rb1805,20170519,20170518,210021500,2722.0,160,15280,4382800.0,2731.0,7,2723.0,3
rb1805,20170519,20170518,210022000,2722.0,160,15280,4382800.0,2731.0,7,2723.0,3
rb1805,20170519,20170518,210022500,2722.0,160,15280,4382800.0,2731.0,7,2723.0,3
rb1805,20170519,20170518,210023000,2731.0,162,15280,4437420.0,2731.0,6,2723.0,3
rb1805,20170519,20170518,210023500,2731.0,162,15280,4437420.0,2732.0,21,2722.0,7
rb1805,20170519,20170518,210024000,2731.0,162,15280,4437420.0,2732.0,21,2722.0,7
rb1805,20170519,20170518,210024500,2731.0,162,15280,4437420.0,2732.0,21,2722.0,7
rb1805,20170519,20170518,210025000,2731.0,162,15280,4437420.0,2731.0,6,2724.0,1
rb1805,20170519,20170518,210025500,2732.0,176,15266,4819900.0,2732.0,14,2724.0,1
rb1805,20170519,20170518,210026000,2732.0,176,15266,4819900.0,2730.0,12,2724.0,1
rb1805,20170519,20170518,210026500,2732.0,176,15266,4819900.0,2732.0,14,2723.0,1
rb1805,20170519,20170518,210028000,2732.0,176,15266,4819900.0,2732.0,14,2723.0,3
rb1805,20170519,20170518,210028500,2732.0,176,15266,4819900.0,2731.0,11,2724.0,9
rb1805,20170519,20170518,210029000,2732.0,176,15266,4819900.0,2731.0,11,2723.0,4
rb1805,20170519,20170518,210030000,2723.0,180,15264,4928820.0,2731.0,11,2723.0,2
rb1805,20170519,20170518,210031000,2723.0,180,15264,4928820.0,2731.0,11,2724.0,9
rb1805,20170519,20170518,210031500,2723.0,180,15264,4928820.0,2731.0,11,2723.0,2
rb1805,20170519,20170518,210032000,2731.0,182,15264,4983440.0,2731.0,10,2723.0,2
rb1805,20170519,20170518,210032500,2731.0,182,15264,4983440.0,2731.0,10,2724.0,10
rb1805,20170519,20170518,210033000,2731.0,182,15264,4983440.0,2731.0,10,2723.0,2
rb1805,20170519,20170518,210034000,2731.0,182,15264,4983440.0,2732.0,14,2723.0,2
rb1805,20170519,20170518,210034500,2731.0,182,15264,4983440.0,2724.0,1,2723.0,3
rb1805,20170519,20170518,210035000,2724.0,184,15264,5037920.0,2732.0,14,2723.0,3
rb1805,20170519,20170518,210035500,2724.0,184,15264,5037920.0,2731.0,11,2723.0,3
rb1805,20170519,20170518,210036000,2724.0,184,15264,5037920.0,2732.0,14,2723.0,3
rb1805,20170519,20170518,210036500,2724.0,184,15264,5037920.0,2730.0,6,2723.0,3
rb1805,20170519,20170518,210037000,2724.0,184,15264,5037920.0,2732.0,14,2723.0,3
rb1805,20170519,20170518,210038500,2724.0,184,15264,5037920.0,2726.0,2,2723.0,3
rb1805,20170519,20170518,210041000,2724.0,184,15264,5037920.0,2726.0,2,2724.0,4
rb1805,20170519,20170518,210042500,2724.0,184,15264,5037920.0,2726.0,2,2723.0,3
rb1805,20170519,20170518,210043000,2724.0,184,15264,5037920.0,2726.0,2,2725.0,2
rb1805,20170519,20170518,210043500,2724.0,184,15264,5037920.0,2726.0,2,2725.0,2
rb1805,20170519,20170518,210044000,2726.0,186,15264,5092440.0,2726.0,1,2725.0,2
rb1805,20170519,20170518,210044500,2726.0,186,15264,5092440.0,2726.0,1,2725.0,2
rb1805,20170519,20170518,210045000,2726.0,186,15264,5092440.0,2726.0,1,2725.0,2
rb1805,20170519,20170518,210046000,2726.0,186,15264,5092440.0,2726.0,1,2725.0,3
rb1805,20170519,20170518,210046500,2726.0,188,15266,5146960.0,2732.0,14,2725.0,3
rb1805,20170519,20170518,210047000,2726.0,188,15266,5146960.0,2731.0,1,2725.0,3
rb1805,20170519,20170518,210047500,2726.0,188,15266,5146960.0,2731.0,3,2725.0,13
rb1805,20170519,20170518,210048000,2726.0,188,15266,5146960.0,2731.0,3,2725.0,13
rb1805,20170519,20170518,210049000,2726.0,188,15266,5146960.0,2731.0,3,2726.0,1
rb1805,20170519,20170518,210050000,2726.0,188,15266,5146960.0,2732.0,14,2726.0,1
rb1805,20170519,20170518,210050500,2726.0,188,15266,5146960.0,2731.0,1,2726.0,1
rb1805,20170519,20170518,210051000,2726.0,188,15266,5146960.0,2731.0,3,2726.0,1
rb1805,20170519,20170518,210051500,2726.0,188,15266,5146960.0,2731.0,3,2726.0,1
rb1805,20170519,20170518,210054000,2726.0,188,15266,5146960.0,2732.0,14,2726.0,1
rb1805,20170519,20170518,210054500,2726.0,188,15266,5146960.0,2731.0,1,2726.0,1
rb1805,20170519,20170518,210055000,2726.0,188,15266,5146960.0,2731.0,3,2726.0,1
rb1805,20170519,20170518,210055500,2731.0,190,15266,5201580.0,2731.0,2,2726.0,1
rb1805,20170519,20170518,210056000,2731.0,190,15266,5201580.0,2732.0,14,2726.0,1
rb1805,20170519,20170518,210056500,2726.0,192,15268,5256100.0,2726.0,2,2725.0,16
rb1805,20170519,20170518,210057000,2725.0,196,15272,5365100.0,2731.0,2,2725.0,14
rb1805,20170519,20170518,210057500,2730.0,198,15274,5419700.0,2732.0,14,2725.0,14
rb1805,20170519,20170518,210058000,2730.0,198,15274,5419700.0,2726.0,2,2725.0,14
rb1805,20170519,20170518,210058500,2730.0,198,15274,5419700.0,2726.0,2,2725.0,14
rb1805,20170519,20170518,210059000,2730.0,198,15274,5419700.0,2726.0,2,2725.0,14
rb1805,20170519,20170518,210059500,2726.0,200,15272,5474220.0,2726.0,1,2725.0,14
rb1805,20170519,20170518,210100500,2726.0,200,15272,5474220.0,2726.0,1,2725.0,14
rb1805,20170519,20170518,210101500,2726.0,202,15272,5528740.0,2732.0,14,2725.0,14
rb1805,20170519,20170518,210102000,2726.0,202,15272,5528740.0,2731.0,10,2725.0,14
rb1805,20170519,20170518,210102500,2731.0,212,15272,5801840.0,2731.0,5,2725.0,14
rb1805,20170519,20170518,210103000,2731.0,212,15272,5801840.0,2732.0,14,2725.0,14
rb1805,20170519,20170518,210104000,2731.0,212,15272,5801840.0,2731.0,7,2725.0,14
rb1805,20170519,20170518,210105000,2731.0,212,15272,5801840.0,2731.0,7,2725.0,14
rb1805,20170519,20170518,210105500,2731.0,212,15272,5801840.0,2731.0,7,2726.0,1
rb1805,20170519,20170518,210106000,2731.0,212,15272,5801840.0,2730.0,1,2726.0,1
rb1805,20170519,20170518,210106500,2731.0,212,15272,5801840.0,2730.0,1,2726.0,2
rb1805,20170519,20170518,210107000,2731.0,212,15272,5801840.0,2729.0,7,2726.0,2
rb1805,20170519,20170518,210107500,2731.0,214,15272,5856460.0,2729.0,6,2726.0,3
rb1805,20170519,20170518,210108000,2730.0,216,15272,5911060.0,2729.0,5,2726.0,3
rb1805,20170519,20170518,210108500,2730.0,216,15272,5911060.0,2730.0,1,2726.0,3
rb1805,20170519,20170518,210109000,2726.0,222,15278,6074620.0,2728.0,5,2725.0,15
rb1805,20170519,20170518,210109500,2726.0,222,15278,6074620.0,2728.0,2,2725.0,16
rb1805,20170519,20170518,210111000,2726.0,222,15278,6074620.0,2730.0,1,2725.0,16
rb1805,20170519,20170518,210111500,2726.0,222,15278,6074620.0,2727.0,2,2725.0,16
rb1805,20170519,20170518,210112000,2726.0,222,15278,6074620.0,2727.0,2,2725.0,16
rb1805,20170519,20170518,210112500,2726.0,222,15278,6074620.0,2730.0,1,2728.0,1
rb1805,20170519,20170518,210113000,2728.0,224,15280,6129180.0,2729.0,3,2725.0,16
rb1805,20170519,20170518,210113500,2728.0,224,15280,6129180.0,2729.0,2,2725.0,16
rb1805,20170519,20170518,210114000,2728.0,224,15280,6129180.0,2729.0,2,2725.0,16
rb1805,20170519,20170518,210115500,2728.0,224,15280,6129180.0,2729.0,2,2728.0,5
rb1805,20170519,20170518,210116000,2728.0,234,15290,6401980.0,2729.0,2,2725.0,16
rb1805,20170519,20170518,210117000,2728.0,234,15290,6401980.0,2729.0,2,2726.0,1
rb1805,20170519,20170518,210117500,2728.0,234,15290,6401980.0,2730.0,1,2726.0,1
rb1805,20170519,20170518,210118000,2726.0,236,15290,6456500.0,2730.0,1,2725.0,16
rb1805,20170519,20170518,210119500,2726.0,236,15290,6456500.0,2729.0,2,2725.0,16
rb1805,20170519,20170518,210120000,2726.0,236,15290,6456500.0,2730.0,1,2725.0,16
rb1805,20170519,20170518,210120500,2726.0,236,15290,6456500.0,2730.0,1,2725.0,16
rb1805,20170519,20170518,210121000,2726.0,236,15290,6456500.0,2730.0,1,2725.0,16
rb1805,20170519,20170518,210122000,2726.0,236,15290,6456500.0,2729.0,2,2725.0,16
rb1805,20170519,20170518,210122500,2726.0,236,15290,6456500.0,2730.0,1,2725.0,16
rb1805,20170519,20170518,210123000,2726.0,236,15290,6456500.0,2730.0,1,2725.0,16
rb1805,20170519,20170518,210123500,2726.0,236,15290,6456500.0,2729.0,3,2726.0,2
rb1805,20170519,20170518,210124000,2726.0,236,15290,6456500.0,2730.0,1,2726.0,2
rb1805,20170519,20170518,210125000,2730.0,238,15292,6511100.0,2731.0,1,2730.0,9
rb1805,20170519,20170518,210125500,2730.0,244,15292,6674900.0,2731.0,1,2730.0,6
rb1805,20170519,20170518,210126500,2730.0,256,15304,7002500.0,2731.0,1,2725.0,16
rb1805,20170519,20170518,210127500,2730.0,256,15304,7002500.0,2730.0,2,2727.0,1
rb1805,20170519,20170518,210128500,2730.0,256,15304,7002500.0,2731.0,1,2728.0,1
rb1805,20170519,20170518,210129500,2730.0,256,15304,7002500.0,2731.0,1,2728.0,1
rb1805,20170519,20170518,210130500,2730.0,256,15304,7002500.0,2731.0,1,2729.0,2
rb1805,20170519,20170518,210131500,2729.0,260,15304,7111660.0,2731.0,1,2728.0,1
rb1805,20170519,20170518,210133000,2729.0,260,15304,7111660.0,2731.0,1,2728.0,1
rb1805,20170519,20170518,210134000,2729.0,262,15304,7166240.0,2731.0,1,2728.0,1
rb1805,20170519,20170518,210135500,2729.0,262,15304,7166240.0,2731.0,1,2728.0,1
rb1805,20170519,20170518,210136000,2731.0,264,15304,7220860.0,2732.0,14,2731.0,1
rb1805,20170519,20170518,210136500,2731.0,266,15306,7275480.0,2732.0,14,2728.0,1
rb1805,20170519,20170518,210137000,2731.0,266,15306,7275480.0,2732.0,14,2731.0,1
rb1805,20170519,20170518,210137500,2731.0,268,15308,7330100.0,2731.0,2,2730.0,1
rb1805,20170519,20170518,210138000,2730.0,270,15310,7384700.0,2732.0,14,2727.0,1
rb1805,20170519,20170518,210138500,2730.0,270,15310,7384700.0,2737.0,1,2727.0,1
rb1805,20170519,20170518,210139000,2730.0,270,15310,7384700.0,2736.0,19,2727.0,1
rb1805,20170519,20170518,210139500,2730.0,270,15310,7384700.0,2736.0,21,2727.0,1
rb1805,20170519,20170518,210140500,2730.0,270,15310,7384700.0,2735.0,5,2727.0,1
rb1805,20170519,20170518,210141000,2730.0,270,15310,7384700.0,2734.0,1,2727.0,1
rb1805,20170519,20170518,210141500,2730.0,270,15310,7384700.0,2733.0,2,2728.0,5
rb1805,20170519,20170518,210142000,2730.0,270,15310,7384700.0,2733.0,2,2728.0,5
rb1805,20170519,20170518,210142500,2730.0,270,15310,7384700.0,2733.0,2,2728.0,5
rb1805,20170519,20170518,210143000,2730.0,270,15310,7384700.0,2733.0,2,2729.0,1
rb1805,20170519,20170518,210143500,2730.0,270,15310,7384700.0,2733.0,2,2729.0,1
rb1805,20170519,20170518,210144000,2730.0,270,15310,7384700.0,2734.0,1,2729.0,1
rb1805,20170519,20170518,210145000,2730.0,270,15310,7384700.0,2734.0,1,2730.0,1
rb1805,20170519,20170518,210146000,2730.0,270,15310,7384700.0,2734.0,1,2732.0,5
rb1805,20170519,20170518,210146500,2732.0,280,15320,7657900.0,2734.0,1,2730.0,1
rb1805,20170519,20170518,210147000,2732.0,280,15320,7657900.0,2734.0,2,2730.0,1
rb1805,20170519,20170518,210147500,2732.0,280,15320,7657900.0,2733.0,8,2730.0,3
rb1805,20170519,20170518,210148500,2732.0,280,15320,7657900.0,2734.0,2,2730.0,3
rb1805,20170519,20170518,210149500,2732.0,280,15320,7657900.0,2733.0,8,2730.0,3
rb1805,20170519,20170518,210150000,2732.0,280,15320,7657900.0,2734.0,2,2730.0,3
rb1805,20170519,20170518,210150500,2730.0,286,15320,7821700.0,2734.0,2,2730.0,10
rb1805,20170519,20170518,210151000,2730.0,294,15328,8040100.0,2733.0,2,2730.0,6
rb1805,20170519,20170518,210151500,2730.0,294,15328,8040100.0,2733.0,13,2730.0,7
rb1805,20170519,20170518,210152000,2730.0,294,15328,8040100.0,2733.0,2,2731.0,1
rb1805,20170519,20170518,210152500,2733.0,298,15328,8149380.0,2733.0,1,2730.0,8
rb1805,20170519,20170518,210153500,2733.0,300,15330,8204040.0,2734.0,2,2730.0,8
rb1805,20170519,20170518,210155000,2733.0,300,15330,8204040.0,2734.0,2,2730.0,8
rb1805,20170519,20170518,210156500,2733.0,300,15330,8204040.0,2734.0,2,2730.0,10
rb1805,20170519,20170518,210157000,2733.0,300,15330,8204040.0,2734.0,2,2730.0,10
rb1805,20170519,20170518,210157500,2733.0,300,15330,8204040.0,2734.0,2,2730.0,10
rb1805,20170519,20170518,210158000,2733.0,300,15330,8204040.0,2734.0,2,2730.0,10
rb1805,20170519,20170518,210158500,2733.0,300,15330,8204040.0,2734.0,2,2730.0,11
rb1805,20170519,20170518,210159500,2733.0,300,15330,8204040.0,2734.0,2,2733.0,1
rb1805,20170519,20170518,210200000,2730.0,306,15334,8367900.0,2734.0,2,2730.0,9
rb1805,20170519,20170518,210200500,2730.0,308,15336,8422500.0,2734.0,2,2730.0,8
rb1805,20170519,20170518,210201000,2730.0,308,15336,8422500.0,2734.0,2,2733.0,10
rb1805,20170519,20170518,210201500,2733.0,328,15356,8969100.0,2734.0,2,2730.0,8
rb1805,20170519,20170518,210204000,2734.0,330,15356,9023780.0,2734.0,1,2730.0,8
rb1805,20170519,20170518,210205000,2734.0,330,15356,9023780.0,2733.0,2,2730.0,7
rb1805,20170519,20170518,210205500,2734.0,330,15356,9023780.0,2733.0,2,2730.0,7
rb1805,20170519,20170518,210206500,2734.0,330,15356,9023780.0,2732.0,3,2730.0,7
rb1805,20170519,20170518,210207000,2734.0,330,15356,9023780.0,2733.0,2,2731.0,1
rb1805,20170519,20170518,210207500,2734.0,332,15358,9078460.0,2733.0,1,2731.0,1
rb1805,20170519,20170518,210208500,2734.0,332,15358,9078460.0,2733.0,1,2731.0,1
rb1805,20170519,20170518,210210000,2730.0,336,15358,9187680.0,2733.0,1,2730.0,6
rb1805,20170519,20170518,210211000,2730.0,336,15358,9187680.0,2733.0,1,2730.0,6
rb1805,20170519,20170518,210213000,2733.0,338,15360,9242340.0,2734.0,1,2730.0,6
rb1805,20170519,20170518,210213500,2733.0,338,15360,9242340.0,2734.0,1,2731.0,2
rb1805,20170519,20170518,210217000,2734.0,340,15362,9297020.0,2736.0,1,2734.0,4
rb1805,20170519,20170518,210217500,2734.0,348,15366,9515740.0,2736.0,1,2731.0,2
rb1805,20170519,20170518,210219000,2734.0,348,15366,9515740.0,2736.0,1,2731.0,2
rb1805,20170519,20170518,210221500,2734.0,348,15366,9515740.0,2735.0,2,2731.0,2
rb1805,20170519,20170518,210224000,2731.0,350,15366,9570360.0,2735.0,2,2731.0,1
rb1805,20170519,20170518,210224500,2735.0,352,15368,9625060.0,2735.0,1,2731.0,1
rb1805,20170519,20170518,210225500,2735.0,352,15368,9625060.0,2735.0,2,2732.0,7
rb1805,20170519,20170518,210226000,2735.0,356,15370,9734460.0,2736.0,1,2735.0,1
rb1805,20170519,20170518,210226500,2735.0,356,15370,9734460.0,2736.0,1,2735.0,1
rb1805,20170519,20170518,210227000,2735.0,356,15370,9734460.0,2736.0,1,2735.0,3
rb1805,20170519,20170518,210228500,2735.0,356,15370,9734460.0,2736.0,1,2735.0,3
rb1805,20170519,20170518,210229500,2735.0,358,15370,9789160.0,2736.0,1,2735.0,2
rb1805,20170519,20170518,210230000,2735.0,360,15370,9843860.0,2736.0,1,2735.0,1
rb1805,20170519,20170518,210230500,2736.0,362,15370,9898580.0,2737.0,1,2736.0,2
rb1805,20170519,20170518,210231000,2736.0,366,15374,10008020.0,2737.0,1,2735.0,1
rb1805,20170519,20170518,210231500,2735.0,368,15376,10062720.0,2737.0,1,2734.0,1
rb1805,20170519,20170518,210232000,2735.0,368,15376,10062720.0,2737.0,1,2736.0,2
rb1805,20170519,20170518,210232500,2736.0,372,15376,10172160.0,2736.0,6,2734.0,1
rb1805,20170519,20170518,210233000,2736.0,372,15376,10172160.0,2737.0,1,2734.0,1
rb1805,20170519,20170518,210233500,2736.0,372,15376,10172160.0,2736.0,1,2734.0,1
rb1805,20170519,20170518,210234000,2736.0,372,15376,10172160.0,2737.0,1,2734.0,1
rb1805,20170519,20170518,210236000,2734.0,374,15378,10226840.0,2737.0,1,2732.0,5
rb1805,20170519,20170518,210236500,2734.0,374,15378,10226840.0,2736.0,1,2732.0,5
rb1805,20170519,20170518,210237000,2734.0,374,15378,10226840.0,2737.0,1,2732.0,5
rb1805,20170519,20170518,210237500,2734.0,374,15378,10226840.0,2736.0,1,2732.0,5
rb1805,20170519,20170518,210238000,2734.0,374,15378,10226840.0,2737.0,1,2732.0,5
rb1805,20170519,20170518,210238500,2734.0,374,15378,10226840.0,2737.0,1,2732.0,5
rb1805,20170519,20170518,210239500,2734.0,374,15378,10226840.0,2734.0,1,2732.0,5
rb1805,20170519,20170518,210240000,2734.0,374,15378,10226840.0,2734.0,1,2732.0,5
rb1805,20170519,20170518,210241000,2734.0,374,15378,10226840.0,2734.0,1,2732.0,5
rb1805,20170519,20170518,210243000,2734.0,376,15378,10281520.0,2737.0,2,2732.0,5
rb1805,20170519,20170518,210243500,2734.0,376,15378,10281520.0,2736.0,1,2732.0,6
rb1805,20170519,20170518,210244500,2734.0,376,15378,10281520.0,2736.0,1,2734.0,1
rb1805,20170519,20170518,210246000,2737.0,380,15380,10391000.0,2738.0,2,2737.0,3
rb1805,20170519,20170518,210246500,2737.0,386,15380,10555220.0,2738.0,2,2734.0,1
rb1805,20170519,20170518,210247000,2737.0,386,15380,10555220.0,2738.0,2,2734.0,1
rb1805,20170519,20170518,210248000,2737.0,386,15380,10555220.0,2738.0,2,2736.0,1
rb1805,20170519,20170518,210248500,2734.0,390,15382,10664620.0,2738.0,2,2733.0,1
rb1805,20170519,20170518,210251000,2734.0,390,15382,10664620.0,2738.0,2,2736.0,1
rb1805,20170519,20170518,210251500,2736.0,392,15384,10719340.0,2738.0,2,2733.0,2
rb1805,20170519,20170518,210252500,2736.0,392,15384,10719340.0,2738.0,2,2736.0,1
rb1805,20170519,20170518,210253000,2736.0,394,15384,10774060.0,2738.0,2,2733.0,2
rb1805,20170519,20170518,210253500,2738.0,398,15388,10883580.0,2745.0,1,2733.0,2
rb1805,20170519,20170518,210254000,2738.0,398,15388,10883580.0,2744.0,19,2734.0,2
rb1805,20170519,20170518,210254500,2738.0,398,15388,10883580.0,2744.0,21,2734.0,2
rb1805,20170519,20170518,210255000,2738.0,398,15388,10883580.0,2744.0,21,2738.0,1
rb1805,20170519,20170518,210255500,2738.0,400,15390,10938340.0,2744.0,21,2733.0,2
rb1805,20170519,20170518,210256000,2738.0,400,15390,10938340.0,2744.0,21,2734.0,2
rb1805,20170519,20170518,210257000,2738.0,400,15390,10938340.0,2744.0,3,2734.0,2
rb1805,20170519,20170518,210257500,2738.0,400,15390,10938340.0,2743.0,8,2733.0,2
rb1805,20170519,20170518,210258000,2738.0,400,15390,10938340.0,2742.0,1,2733.0,2
rb1805,20170519,20170518,210258500,2738.0,400,15390,10938340.0,2741.0,2,2735.0,1
rb1805,20170519,20170518,210259000,2738.0,400,15390,10938340.0,2741.0,2,2735.0,1
rb1805,20170519,20170518,210259500,2738.0,400,15390,10938340.0,2741.0,2,2735.0,1
rb1805,20170519,20170518,210301500,2738.0,400,15390,10938340.0,2741.0,2,2735.0,1
rb1805,20170519,20170518,210302000,2738.0,400,15390,10938340.0,2741.0,2,2735.0,1
rb1805,20170519,20170518,210303000,2738.0,400,15390,10938340.0,2740.0,1,2735.0,1
rb1805,20170519,20170518,210304000,2738.0,400,15390,10938340.0,2740.0,1,2735.0,1
rb1805,20170519,20170518,210304500,2738.0,400,15390,10938340.0,2740.0,1,2735.0,1
rb1805,20170519,20170518,210305500,2738.0,400,15390,10938340.0,2740.0,1,2735.0,1
rb1805,20170519,20170518,210306000,2738.0,400,15390,10938340.0,2740.0,1,2735.0,1
rb1805,20170519,20170518,210306500,2738.0,400,15390,10938340.0,2740.0,1,2735.0,1
rb1805,20170519,20170518,210307000,2738.0,400,15390,10938340.0,2740.0,1,2735.0,1
rb1805,20170519,20170518,210308500,2738.0,400,15390,10938340.0,2740.0,1,2736.0,7
rb1805,20170519,20170518,210309000,2738.0,400,15390,10938340.0,2740.0,1,2736.0,7
rb1805,20170519,20170518,210309500,2740.0,402,15390,10993140.0,2742.0,50,2740.0,3
rb1805,20170519,20170518,210310000,2740.0,408,15396,11157540.0,2742.0,50,2735.0,1
rb1805,20170519,20170518,210311000,2740.0,408,15396,11157540.0,2742.0,50,2736.0,11
rb1805,20170519,20170518,210311500,2740.0,408,15396,11157540.0,2742.0,50,2735.0,1
rb1805,20170519,20170518,210312000,2740.0,408,15396,11157540.0,2742.0,50,2737.0,7
rb1805,20170519,20170518,210312500,2740.0,408,15396,11157540.0,2743.0,2,2737.0,7
rb1805,20170519,20170518,210314000,2740.0,408,15396,11157540.0,2743.0,2,2737.0,7
rb1805,20170519,20170518,210315500,2740.0,408,15396,11157540.0,2743.0,2,2736.0,1
rb1805,20170519,20170518,210316000,2740.0,408,15396,11157540.0,2743.0,2,2738.0,2
rb1805,20170519,20170518,210316500,2740.0,408,15396,11157540.0,2743.0,2,2736.0,1
rb1805,20170519,20170518,210317000,2740.0,408,15396,11157540.0,2743.0,1,2736.0,1
rb1805,20170519,20170518,210317500,2740.0,408,15396,11157540.0,2743.0,1,2737.0,7
rb1805,20170519,20170518,210318000,2740.0,408,15396,11157540.0,2743.0,1,2737.0,7
rb1805,20170519,20170518,210319000,2740.0,408,15396,11157540.0,2743.0,1,2737.0,7
rb1805,20170519,20170518,210319500,2740.0,408,15396,11157540.0,2743.0,1,2737.0,7
rb1805,20170519,20170518,210320500,2740.0,408,15396,11157540.0,2743.0,1,2735.0,1
rb1805,20170519,20170518,210321000,2740.0,408,15396,11157540.0,2743.0,1,2739.0,1
rb1805,20170519,20170518,210321500,2740.0,408,15396,11157540.0,2743.0,1,2739.0,1
rb1805,20170519,20170518,210322000,2740.0,408,15396,11157540.0,2743.0,1,2739.0,1
rb1805,20170519,20170518,210322500,2740.0,408,15396,11157540.0,2743.0,1,2739.0,1
rb1805,20170519,20170518,210323000,2740.0,408,15396,11157540.0,2743.0,1,2739.0,1
rb1805,20170519,20170518,210324000,2740.0,408,15396,11157540.0,2743.0,1,2739.0,1
rb1805,20170519,20170518,210326000,2740.0,408,15396,11157540.0,2743.0,1,2739.0,1
rb1805,20170519,20170518,210326500,2743.0,410,15396,11212400.0,2745.0,2,2741.0,1
rb1805,20170519,20170518,210327000,2743.0,410,15396,11212400.0,2745.0,2,2741.0,1
rb1805,20170519,20170518,210328000,2743.0,410,15396,11212400.0,2745.0,2,2741.0,1
rb1805,20170519,20170518,210328500,2743.0,410,15396,11212400.0,2745.0,2,2741.0,1
rb1805,20170519,20170518,210329500,2745.0,412,15396,11267300.0,2745.0,1,2741.0,1
rb1805,20170519,20170518,210330500,2745.0,412,15396,11267300.0,2745.0,1,2743.0,1
rb1805,20170519,20170518,210331000,2745.0,412,15396,11267300.0,2745.0,1,2743.0,1
rb1805,20170519,20170518,210332000,2745.0,412,15396,11267300.0,2745.0,1,2743.0,1
rb1805,20170519,20170518,210332500,2745.0,412,15396,11267300.0,2745.0,1,2743.0,1
rb1805,20170519,20170518,210333000,2745.0,412,15396,11267300.0,2745.0,1,2744.0,1
rb1805,20170519,20170518,210334000,2745.0,412,15396,11267300.0,2745.0,2,2744.0,1
rb1805,20170519,20170518,210334500,2745.0,412,15396,11267300.0,2745.0,2,2744.0,1
rb1805,20170519,20170518,210335000,2745.0,412,15396,11267300.0,2745.0,2,2743.0,1
rb1805,20170519,20170518,210336500,2745.0,412,15396,11267300.0,2745.0,2,2736.0,6
rb1805,20170519,20170518,210337000,2745.0,412,15396,11267300.0,2745.0,2,2743.0,1
rb1805,20170519,20170518,210337500,2745.0,412,15396,11267300.0,2745.0,2,2736.0,6
rb1805,20170519,20170518,210338000,2745.0,412,15396,11267300.0,2745.0,2,2742.0,1
rb1805,20170519,20170518,210338500,2745.0,412,15396,11267300.0,2745.0,2,2742.0,1
rb1805,20170519,20170518,210339000,2745.0,412,15396,11267300.0,2745.0,2,2742.0,1
rb1805,20170519,20170518,210339500,2742.0,414,15398,11322140.0,2745.0,2,2736.0,6
rb1805,20170519,20170518,210340000,2742.0,414,15398,11322140.0,2745.0,2,2742.0,1
rb1805,20170519,20170518,210340500,2745.0,418,15398,11431940.0,2745.0,1,2742.0,1
rb1805,20170519,20170518,210341000,2745.0,418,15398,11431940.0,2744.0,5,2742.0,1
rb1805,20170519,20170518,210342500,2745.0,418,15398,11431940.0,2744.0,5,2742.0,1
rb1805,20170519,20170518,210343000,2745.0,418,15398,11431940.0,2744.0,5,2736.0,6
rb1805,20170519,20170518,210343500,2745.0,418,15398,11431940.0,2744.0,5,2742.0,1
rb1805,20170519,20170518,210344000,2745.0,418,15398,11431940.0,2744.0,5,2736.0,6
rb1805,20170519,20170518,210344500,2745.0,418,15398,11431940.0,2744.0,5,2741.0,1
rb1805,20170519,20170518,210345000,2745.0,418,15398,11431940.0,2744.0,5,2741.0,1
rb1805,20170519,20170518,210348500,2743.0,420,15398,11486800.0,2744.0,5,2736.0,6
rb1805,20170519,20170518,210349000,2744.0,424,15398,11596560.0,2744.0,3,2738.0,1
rb1805,20170519,20170518,210349500,2744.0,424,15398,11596560.0,2744.0,3,2738.0,1
rb1805,20170519,20170518,210350000,2744.0,424,15398,11596560.0,2741.0,1,2739.0,2
rb1805,20170519,20170518,210350500,2744.0,424,15398,11596560.0,2741.0,1,2739.0,2
rb1805,20170519,20170518,210351500,2744.0,424,15398,11596560.0,2741.0,1,2739.0,2
rb1805,20170519,20170518,210352000,2744.0,424,15398,11596560.0,2741.0,1,2739.0,2
rb1805,20170519,20170518,210353000,2744.0,424,15398,11596560.0,2741.0,1,2739.0,2
rb1805,20170519,20170518,210354000,2744.0,424,15398,11596560.0,2741.0,1,2739.0,2
rb1805,20170519,20170518,210354500,2741.0,426,15398,11651380.0,2743.0,3,2741.0,1
rb1805,20170519,20170518,210355500,2741.0,426,15398,11651380.0,2743.0,3,2742.0,1
rb1805,20170519,20170518,210356000,2741.0,426,15398,11651380.0,2743.0,3,2741.0,1
rb1805,20170519,20170518,210356500,2741.0,426,15398,11651380.0,2743.0,3,2741.0,1
rb1805,20170519,20170518,210358000,2743.0,432,15398,11815960.0,2744.0,3,2741.0,1
rb1805,20170519,20170518,210358500,2743.0,432,15398,11815960.0,2744.0,3,2741.0,1
rb1805,20170519,20170518,210359000,2743.0,432,15398,11815960.0,2744.0,3,2741.0,1
rb1805,20170519,20170518,210401500,2743.0,432,15398,11815960.0,2744.0,3,2743.0,1
rb1805,20170519,20170518,210402000,2743.0,434,15400,11870820.0,2744.0,3,2741.0,1
rb1805,20170519,20170518,210402500,2743.0,434,15400,11870820.0,2743.0,1,2741.0,1
rb1805,20170519,20170518,210404000,2743.0,434,15400,11870820.0,2743.0,1,2741.0,1
rb1805,20170519,20170518,210405500,2745.0,444,15402,12145220.0,2747.0,2,2741.0,1
rb1805,20170519,20170518,210406000,2745.0,444,15402,12145220.0,2747.0,2,2741.0,1
rb1805,20170519,20170518,210406500,2745.0,444,15402,12145220.0,2747.0,2,2741.0,1
rb1805,20170519,20170518,210411000,2745.0,444,15402,12145220.0,2747.0,2,2741.0,1
rb1805,20170519,20170518,210411500,2741.0,446,15404,12200040.0,2747.0,2,2739.0,1
rb1805,20170519,20170518,210412000,2739.0,448,15404,12254820.0,2747.0,2,2738.0,2
rb1805,20170519,20170518,210412500,2739.0,448,15404,12254820.0,2745.0,1,2741.0,1
rb1805,20170519,20170518,210414500,2741.0,450,15404,12309640.0,2745.0,1,2738.0,2
rb1805,20170519,20170518,210415500,2741.0,450,15404,12309640.0,2745.0,1,2738.0,2
rb1805,20170519,20170518,210416000,2741.0,450,15404,12309640.0,2745.0,1,2738.0,2
rb1805,20170519,20170518,210416500,2741.0,450,15404,12309640.0,2745.0,1,2738.0,2
rb1805,20170519,20170518,210417000,2741.0,450,15404,12309640.0,2745.0,1,2739.0,1
rb1805,20170519,20170518,210417500,2741.0,450,15404,12309640.0,2745.0,1,2738.0,2
rb1805,20170519,20170518,210418000,2741.0,450,15404,12309640.0,2745.0,2,2741.0,1
rb1805,20170519,20170518,210418500,2741.0,452,15406,12364460.0,2745.0,2,2738.0,5
rb1805,20170519,20170518,210419000,2741.0,452,15406,12364460.0,2745.0,2,2738.0,5
rb1805,20170519,20170518,210419500,2741.0,452,15406,12364460.0,2745.0,2,2738.0,5
rb1805,20170519,20170518,210420500,2741.0,452,15406,12364460.0,2745.0,2,2738.0,5
rb1805,20170519,20170518,210421500,2741.0,452,15406,12364460.0,2745.0,2,2738.0,5
rb1805,20170519,20170518,210422000,2741.0,452,15406,12364460.0,2745.0,1,2738.0,5
rb1805,20170519,20170518,210423000,2741.0,452,15406,12364460.0,2745.0,1,2739.0,6
rb1805,20170519,20170518,210424500,2741.0,452,15406,12364460.0,2739.0,1,2738.0,5
rb1805,20170519,20170518,210425500,2741.0,452,15406,12364460.0,2739.0,1,2738.0,5
rb1805,20170519,20170518,210428000,2741.0,452,15406,12364460.0,2739.0,1,2738.0,5
rb1805,20170519,20170518,210430500,2741.0,452,15406,12364460.0,2739.0,1,2738.0,5
rb1805,20170519,20170518,210431500,2739.0,454,15406,12419240.0,2745.0,1,2738.0,5
rb1805,20170519,20170518,210432000,2739.0,454,15406,12419240.0,2745.0,1,2738.0,5
rb1805,20170519,20170518,210433500,2739.0,454,15406,12419240.0,2745.0,1,2738.0,5
rb1805,20170519,20170518,210434000,2739.0,454,15406,12419240.0,2745.0,1,2739.0,1
rb1805,20170519,20170518,210434500,2739.0,454,15406,12419240.0,2744.0,50,2739.0,1
rb1805,20170519,20170518,210435000,2739.0,454,15406,12419240.0,2744.0,50,2739.0,1
rb1805,20170519,20170518,210436000,2739.0,454,15406,12419240.0,2741.0,1,2739.0,1
rb1805,20170519,20170518,210436500,2739.0,454,15406,12419240.0,2741.0,1,2739.0,1
rb1805,20170519,20170518,210437000,2739.0,454,15406,12419240.0,2741.0,1,2739.0,1
rb1805,20170519,20170518,210438000,2739.0,456,15408,12474020.0,2741.0,1,2738.0,6
rb1805,20170519,20170518,210438500,2739.0,456,15408,12474020.0,2741.0,1,2738.0,6
rb1805,20170519,20170518,210439000,2739.0,456,15408,12474020.0,2741.0,1,2738.0,6
rb1805,20170519,20170518,210439500,2739.0,456,15408,12474020.0,2741.0,1,2738.0,6
rb1805,20170519,20170518,210441000,2739.0,456,15408,12474020.0,2741.0,1,2738.0,6
rb1805,20170519,20170518,210441500,2738.0,458,15408,12528780.0,2741.0,1,2738.0,5
rb1805,20170519,20170518,210443500,2738.0,458,15408,12528780.0,2741.0,1,2738.0,5
rb1805,20170519,20170518,210446000,2738.0,458,15408,12528780.0,2740.0,15,2738.0,5
rb1805,20170519,20170518,210446500,2738.0,458,15408,12528780.0,2740.0,15,2738.0,5
rb1805,20170519,20170518,210447500,2738.0,458,15408,12528780.0,2740.0,15,2738.0,5
rb1805,20170519,20170518,210448000,2738.0,458,15408,12528780.0,2740.0,15,2738.0,5
rb1805,20170519,20170518,210452000,2738.0,458,15408,12528780.0,2740.0,15,2739.0,1
rb1805,20170519,20170518,210452500,2740.0,462,15410,12638360.0,2740.0,14,2738.0,5
rb1805,20170519,20170518,210453000,2740.0,466,15414,12747960.0,2740.0,12,2738.0,5
rb1805,20170519,20170518,210454000,2740.0,466,15414,12747960.0,2740.0,12,2738.0,5
rb1805,20170519,20170518,210454500,2740.0,468,15416,12802760.0,2740.0,11,2738.0,5
rb1805,20170519,20170518,210455500,2740.0,468,15416,12802760.0,2740.0,11,2738.0,10
rb1805,20170519,20170518,210456500,2740.0,468,15416,12802760.0,2740.0,11,2738.0,10
rb1805,20170519,20170518,210457500,2740.0,468,15416,12802760.0,2739.0,1,2738.0,10
rb1805,20170519,20170518,210459000,2738.0,470,15416,12857520.0,2739.0,1,2738.0,9
rb1805,20170519,20170518,210500000,2738.0,470,15416,12857520.0,2739.0,1,2738.0,10
rb1805,20170519,20170518,210500500,2738.0,470,15416,12857520.0,2739.0,1,2738.0,10
rb1805,20170519,20170518,210502000,2738.0,470,15416,12857520.0,2739.0,1,2738.0,10
rb1805,20170519,20170518,210502500,2738.0,470,15416,12857520.0,2739.0,1,2738.0,10
rb1805,20170519,20170518,210503000,2738.0,470,15416,12857520.0,2739.0,1,2738.0,10
rb1805,20170519,20170518,210503500,2738.0,470,15416,12857520.0,2739.0,1,2738.0,10
rb1805,20170519,20170518,210504000,2738.0,470,15416,12857520.0,2739.0,1,2738.0,10
rb1805,20170519,20170518,210505000,2739.0,472,15416,12912300.0,2740.0,12,2739.0,1
rb1805,20170519,20170518,210506500,2739.0,472,15416,12912300.0,2740.0,12,2739.0,1
rb1805,20170519,20170518,210507000,2739.0,474,15418,12967080.0,2740.0,12,2738.0,10
rb1805,20170519,20170518,210512000,2739.0,474,15418,12967080.0,2740.0,12,2739.0,1
rb1805,20170519,20170518,210512500,2739.0,474,15418,12967080.0,2740.0,12,2739.0,1
rb1805,20170519,20170518,210514000,2739.0,474,15418,12967080.0,2740.0,12,2739.0,1
rb1805,20170519,20170518,210514500,2739.0,474,15418,12967080.0,2740.0,12,2739.0,9
rb1805,20170519,20170518,210516000,2740.0,480,15424,13131480.0,2740.0,9,2739.0,9
rb1805,20170519,20170518,210518000,2739.0,484,15428,13241040.0,2740.0,9,2739.0,7
rb1805,20170519,20170518,210519000,2739.0,484,15428,13241040.0,2740.0,9,2739.0,7
rb1805,20170519,20170518,210519500,2739.0,486,15430,13295820.0,2740.0,9,2739.0,6
rb1805,20170519,20170518,210521000,2739.0,490,15434,13405380.0,2740.0,9,2739.0,4
rb1805,20170519,20170518,210521500,2739.0,498,15442,13624560.0,2740.0,6,2739.0,3
rb1805,20170519,20170518,210523500,2740.0,500,15444,13679360.0,2740.0,5,2739.0,3
rb1805,20170519,20170518,210524000,2739.0,504,15446,13788920.0,2740.0,5,2739.0,1
rb1805,20170519,20170518,210524500,2738.0,512,15454,14007980.0,2740.0,5,2738.0,17
rb1805,20170519,20170518,210525000,2738.0,514,15454,14062740.0,2740.0,5,2738.0,16
rb1805,20170519,20170518,210527000,2738.0,514,15454,14062740.0,2740.0,5,2738.0,16
rb1805,20170519,20170518,210527500,2738.0,514,15454,14062740.0,2740.0,5,2738.0,16
rb1805,20170519,20170518,210529500,2738.0,514,15454,14062740.0,2740.0,6,2738.0,16
rb1805,20170519,20170518,210530000,2738.0,514,15454,14062740.0,2739.0,10,2738.0,16
rb1805,20170519,20170518,210530500,2738.0,532,15444,14555580.0,2740.0,6,2738.0,7
rb1805,20170519,20170518,210534000,2738.0,532,15444,14555580.0,2740.0,6,2738.0,10
rb1805,20170519,20170518,210536500,2738.0,532,15444,14555580.0,2740.0,6,2738.0,10
rb1805,20170519,20170518,210539000,2738.0,532,15444,14555580.0,2740.0,7,2738.0,10
rb1805,20170519,20170518,210541000,2738.0,532,15444,14555580.0,2740.0,7,2738.0,10
rb1805,20170519,20170518,210541500,2738.0,532,15444,14555580.0,2740.0,7,2738.0,10
rb1805,20170519,20170518,210542500,2738.0,552,15464,15103180.0,2740.0,7,2737.0,2
rb1805,20170519,20170518,210543500,2737.0,554,15466,15157920.0,2740.0,7,2737.0,1
rb1805,20170519,20170518,210544000,2737.0,554,15466,15157920.0,2739.0,1,2737.0,1
rb1805,20170519,20170518,210544500,2737.0,554,15466,15157920.0,2739.0,1,2737.0,1
rb1805,20170519,20170518,210545000,2737.0,554,15466,15157920.0,2739.0,1,2737.0,1
rb1805,20170519,20170518,210545500,2737.0,554,15466,15157920.0,2738.0,2,2737.0,1
rb1805,20170519,20170518,210546000,2737.0,554,15466,15157920.0,2738.0,12,2737.0,1
rb1805,20170519,20170518,210547000,2737.0,554,15466,15157920.0,2738.0,12,2737.0,1
rb1805,20170519,20170518,210547500,2737.0,554,15466,15157920.0,2738.0,12,2737.0,1
rb1805,20170519,20170518,210549000,2737.0,556,15466,15212660.0,2737.0,5,2736.0,2
rb1805,20170519,20170518,210550000,2737.0,556,15466,15212660.0,2737.0,10,2736.0,2
rb1805,20170519,20170518,210551000,2737.0,558,15466,15267400.0,2737.0,9,2736.0,2
rb1805,20170519,20170518,210551500,2736.0,562,15470,15376840.0,2736.0,2,2735.0,2
rb1805,20170519,20170518,210552000,2736.0,562,15470,15376840.0,2736.0,2,2735.0,2
rb1805,20170519,20170518,210552500,2736.0,564,15472,15431560.0,2736.0,6,2735.0,2
rb1805,20170519,20170518,210553000,2736.0,564,15472,15431560.0,2736.0,6,2735.0,2
rb1805,20170519,20170518,210553500,2736.0,564,15472,15431560.0,2736.0,6,2735.0,2
rb1805,20170519,20170518,210554500,2735.0,568,15476,15540960.0,2735.0,3,2734.0,3
rb1805,20170519,20170518,210556000,2735.0,574,15482,15705060.0,2736.0,6,2734.0,3
rb1805,20170519,20170518,210557500,2734.0,576,15482,15759740.0,2736.0,6,2734.0,2
rb1805,20170519,20170518,210558500,2734.0,576,15482,15759740.0,2736.0,6,2735.0,1
rb1805,20170519,20170518,210559500,2734.0,576,15482,15759740.0,2736.0,6,2735.0,1
rb1805,20170519,20170518,210600000,2735.0,578,15482,15814440.0,2736.0,6,2734.0,2
rb1805,20170519,20170518,210601000,2735.0,578,15482,15814440.0,2736.0,6,2734.0,2
rb1805,20170519,20170518,210601500,2735.0,578,15482,15814440.0,2736.0,6,2734.0,2
rb1805,20170519,20170518,210603000,2735.0,578,15482,15814440.0,2736.0,6,2734.0,2
rb1805,20170519,20170518,210604500,2735.0,578,15482,15814440.0,2736.0,6,2734.0,2
rb1805,20170519,20170518,210606500,2735.0,578,15482,15814440.0,2736.0,6,2734.0,2
rb1805,20170519,20170518,210611000,2735.0,578,15482,15814440.0,2736.0,6,2734.0,4
rb1805,20170519,20170518,210612500,2735.0,578,15482,15814440.0,2736.0,6,2734.0,4
rb1805,20170519,20170518,210613000,2735.0,578,15482,15814440.0,2736.0,6,2734.0,4
rb1805,20170519,20170518,210616000,2735.0,578,15482,15814440.0,2736.0,6,2734.0,4
rb1805,20170519,20170518,210617500,2735.0,578,15482,15814440.0,2736.0,6,2735.0,1
rb1805,20170519,20170518,210624000,2735.0,578,15482,15814440.0,2736.0,6,2735.0,1
rb1805,20170519,20170518,210625000,2735.0,580,15484,15869140.0,2735.0,3,2734.0,4
rb1805,20170519,20170518,210626000,2735.0,580,15484,15869140.0,2735.0,3,2734.0,4
rb1805,20170519,20170518,210627500,2734.0,588,15492,16087860.0,2734.0,1,2733.0,7
rb1805,20170519,20170518,210628000,2734.0,588,15492,16087860.0,2734.0,1,2733.0,7
rb1805,20170519,20170518,210628500,2734.0,588,15492,16087860.0,2734.0,1,2733.0,7
rb1805,20170519,20170518,210630000,2734.0,590,15494,16142540.0,2735.0,3,2733.0,7
rb1805,20170519,20170518,210630500,2734.0,590,15494,16142540.0,2735.0,3,2734.0,1
rb1805,20170519,20170518,210631000,2735.0,596,15500,16306640.0,2736.0,6,2734.0,1
rb1805,20170519,20170518,210635000,2735.0,596,15500,16306640.0,2735.0,3,2734.0,1
rb1805,20170519,20170518,210635500,2735.0,596,15500,16306640.0,2735.0,1,2734.0,1
rb1805,20170519,20170518,210636000,2734.0,598,15500,16361320.0,2735.0,1,2733.0,7
rb1805,20170519,20170518,210637000,2734.0,598,15500,16361320.0,2734.0,2,2733.0,7
rb1805,20170519,20170518,210637500,2734.0,602,15500,16470680.0,2735.0,1,2733.0,7
rb1805,20170519,20170518,210641000,2734.0,602,15500,16470680.0,2735.0,4,2733.0,7
rb1805,20170519,20170518,210641500,2734.0,602,15500,16470680.0,2735.0,4,2733.0,7
rb1805,20170519,20170518,210642500,2734.0,602,15500,16470680.0,2734.0,1,2733.0,7
rb1805,20170519,20170518,210643500,2734.0,602,15500,16470680.0,2734.0,1,2733.0,7
rb1805,20170519,20170518,210644000,2734.0,602,15500,16470680.0,2734.0,1,2733.0,7
rb1805,20170519,20170518,210644500,2734.0,602,15500,16470680.0,2734.0,1,2733.0,7
rb1805,20170519,20170518,210647000,2734.0,604,15502,16525360.0,2735.0,4,2734.0,2
rb1805,20170519,20170518,210651500,2734.0,604,15502,16525360.0,2735.0,4,2734.0,2
rb1805,20170519,20170518,210653000,2734.0,604,15502,16525360.0,2735.0,4,2734.0,3
rb1805,20170519,20170518,210656500,2734.0,610,15508,16689400.0,2734.0,2,2733.0,7
rb1805,20170519,20170518,210659500,2734.0,614,15512,16798760.0,2735.0,4,2733.0,7
rb1805,20170519,20170518,210708500,2734.0,614,15512,16798760.0,2735.0,4,2734.0,1
rb1805,20170519,20170518,210709500,2734.0,614,15512,16798760.0,2735.0,4,2734.0,1
rb1805,20170519,20170518,210710500,2734.0,614,15512,16798760.0,2735.0,4,2734.0,2
rb1805,20170519,20170518,210711000,2734.0,618,15516,16908120.0,2734.0,7,2733.0,7
rb1805,20170519,20170518,210712000,2734.0,618,15516,16908120.0,2734.0,7,2733.0,8
rb1805,20170519,20170518,210713000,2734.0,628,15526,17181520.0,2734.0,2,2733.0,8
rb1805,20170519,20170518,210715000,2734.0,630,15528,17236200.0,2734.0,1,2733.0,8
rb1805,20170519,20170518,210715500,2734.0,632,15530,17290880.0,2735.0,4,2733.0,8
rb1805,20170519,20170518,210716000,2734.0,632,15530,17290880.0,2735.0,4,2733.0,9
rb1805,20170519,20170518,210716500,2734.0,632,15530,17290880.0,2735.0,4,2734.0,1
rb1805,20170519,20170518,210718500,2734.0,632,15530,17290880.0,2735.0,4,2733.0,9
rb1805,20170519,20170518,210720000,2734.0,632,15530,17290880.0,2735.0,4,2734.0,1
rb1805,20170519,20170518,210721500,2734.0,634,15530,17345560.0,2734.0,2,2733.0,9
rb1805,20170519,20170518,210722000,2734.0,638,15534,17454920.0,2735.0,4,2733.0,9
rb1805,20170519,20170518,210726000,2734.0,638,15534,17454920.0,2735.0,4,2733.0,9
rb1805,20170519,20170518,210727000,2734.0,638,15534,17454920.0,2734.0,1,2733.0,9
rb1805,20170519,20170518,210727500,2734.0,640,15534,17509600.0,2735.0,4,2733.0,9
rb1805,20170519,20170518,210730500,2733.0,644,15538,17618920.0,2735.0,4,2733.0,7
rb1805,20170519,20170518,210734000,2733.0,644,15538,17618920.0,2735.0,4,2733.0,7
rb1805,20170519,20170518,210734500,2733.0,648,15542,17728240.0,2735.0,4,2733.0,5
rb1805,20170519,20170518,210737500,2733.0,648,15542,17728240.0,2734.0,1,2733.0,5
rb1805,20170519,20170518,210739000,2733.0,648,15542,17728240.0,2734.0,1,2733.0,5
rb1805,20170519,20170518,210740000,2733.0,656,15550,17946880.0,2734.0,1,2733.0,1
rb1805,20170519,20170518,210741000,2733.0,658,15550,18001540.0,2734.0,1,2732.0,1
rb1805,20170519,20170518,210741500,2733.0,658,15550,18001540.0,2733.0,1,2732.0,1
rb1805,20170519,20170518,210742000,2733.0,658,15550,18001540.0,2734.0,1,2732.0,1
rb1805,20170519,20170518,210743500,2733.0,658,15550,18001540.0,2736.0,6,2732.0,1
rb1805,20170519,20170518,210746000,2733.0,658,15550,18001540.0,2736.0,6,2732.0,1
rb1805,20170519,20170518,210749000,2733.0,658,15550,18001540.0,2734.0,1,2732.0,1
rb1805,20170519,20170518,210750000,2733.0,658,15550,18001540.0,2734.0,1,2732.0,1
rb1805,20170519,20170518,210750500,2733.0,658,15550,18001540.0,2734.0,1,2732.0,1
rb1805,20170519,20170518,210751000,2734.0,660,15552,18056220.0,2735.0,10,2732.0,1
rb1805,20170519,20170518,210752500,2734.0,660,15552,18056220.0,2735.0,10,2732.0,1
rb1805,20170519,20170518,210755500,2734.0,660,15552,18056220.0,2735.0,10,2732.0,1
rb1805,20170519,20170518,210756000,2734.0,660,15552,18056220.0,2735.0,10,2732.0,1
rb1805,20170519,20170518,210756500,2734.0,660,15552,18056220.0,2735.0,10,2732.0,1
rb1805,20170519,20170518,210758000,2734.0,660,15552,18056220.0,2735.0,10,2733.0,1
rb1805,20170519,20170518,210807500,2734.0,660,15552,18056220.0,2735.0,10,2733.0,1
rb1805,20170519,20170518,210809000,2735.0,670,15552,18329720.0,2735.0,5,2733.0,1
rb1805,20170519,20170518,210811500,2735.0,670,15552,18329720.0,2735.0,5,2733.0,1
rb1805,20170519,20170518,210812000,2735.0,670,15552,18329720.0,2735.0,5,2733.0,2
rb1805,20170519,20170518,210812500,2735.0,670,15552,18329720.0,2735.0,5,2733.0,2
rb1805,20170519,20170518,210816000,2735.0,670,15552,18329720.0,2735.0,5,2733.0,2
rb1805,20170519,20170518,210818000,2735.0,672,15552,18384420.0,2735.0,4,2733.0,2
rb1805,20170519,20170518,210821500,2735.0,680,15552,18603220.0,2736.0,6,2735.0,1
rb1805,20170519,20170518,210823000,2735.0,680,15552,18603220.0,2736.0,6,2735.0,1
rb1805,20170519,20170518,210824000,2735.0,680,15552,18603220.0,2736.0,6,2735.0,1
rb1805,20170519,20170518,210826500,2736.0,682,15554,18657940.0,2736.0,5,2735.0,4
rb1805,20170519,20170518,210827500,2736.0,686,15558,18767380.0,2736.0,3,2735.0,4
rb1805,20170519,20170518,210829500,2736.0,688,15560,18822100.0,2736.0,2,2735.0,4
rb1805,20170519,20170518,210836000,2735.0,692,15564,18931520.0,2736.0,1,2735.0,3
rb1805,20170519,20170518,210836500,2736.0,694,15566,18986240.0,2737.0,9,2736.0,1
rb1805,20170519,20170518,210837000,2736.0,694,15566,18986240.0,2737.0,9,2736.0,2
rb1805,20170519,20170518,210837500,2736.0,694,15566,18986240.0,2737.0,9,2736.0,2
rb1805,20170519,20170518,210839000,2736.0,694,15566,18986240.0,2737.0,9,2736.0,1
rb1805,20170519,20170518,210842500,2736.0,694,15566,18986240.0,2737.0,9,2736.0,1
rb1805,20170519,20170518,210844000,2737.0,696,15564,19040980.0,2737.0,8,2736.0,1
rb1805,20170519,20170518,210846000,2737.0,702,15564,19205200.0,2737.0,5,2736.0,1
rb1805,20170519,20170518,210847000,2737.0,704,15566,19259940.0,2737.0,4,2736.0,1
rb1805,20170519,20170518,210849000,2737.0,704,15566,19259940.0,2737.0,4,2736.0,2
rb1805,20170519,20170518,210851000,2737.0,704,15566,19259940.0,2737.0,4,2736.0,8
rb1805,20170519,20170518,210855000,2737.0,704,15566,19259940.0,2737.0,4,2736.0,8
rb1805,20170519,20170518,210856000,2737.0,710,15572,19424160.0,2737.0,1,2736.0,8
rb1805,20170519,20170518,210856500,2737.0,712,15574,19478900.0,2740.0,2,2737.0,9
rb1805,20170519,20170518,210857000,2737.0,712,15574,19478900.0,2738.0,1,2737.0,9
rb1805,20170519,20170518,210857500,2737.0,714,15574,19533640.0,2738.0,1,2737.0,8
rb1805,20170519,20170518,210900000,2738.0,716,15574,19588400.0,2739.0,1,2737.0,8
rb1805,20170519,20170518,210901000,2737.0,730,15584,19971580.0,2739.0,1,2737.0,1
rb1805,20170519,20170518,210901500,2737.0,730,15584,19971580.0,2739.0,1,2738.0,1
rb1805,20170519,20170518,210902000,2738.0,732,15584,20026340.0,2739.0,2,2737.0,1
rb1805,20170519,20170518,210902500,2738.0,734,15586,20081100.0,2739.0,2,2737.0,1
rb1805,20170519,20170518,210903000,2738.0,734,15586,20081100.0,2739.0,2,2738.0,1
rb1805,20170519,20170518,210903500,2738.0,736,15586,20135860.0,2738.0,3,2737.0,1
rb1805,20170519,20170518,210904000,2738.0,736,15586,20135860.0,2739.0,2,2737.0,1
rb1805,20170519,20170518,210904500,2738.0,736,15586,20135860.0,2738.0,3,2737.0,1
rb1805,20170519,20170518,210908000,2738.0,738,15586,20190620.0,2738.0,2,2737.0,1
rb1805,20170519,20170518,210909500,2738.0,738,15586,20190620.0,2739.0,3,2738.0,1
rb1805,20170519,20170518,210910000,2738.0,740,15586,20245380.0,2739.0,3,2737.0,1
rb1805,20170519,20170518,210911000,2738.0,740,15586,20245380.0,2738.0,1,2737.0,1
rb1805,20170519,20170518,210911500,2738.0,740,15586,20245380.0,2738.0,1,2737.0,1
rb1805,20170519,20170518,210912000,2738.0,740,15586,20245380.0,2738.0,1,2737.0,1
rb1805,20170519,20170518,210912500,2738.0,740,15586,20245380.0,2739.0,3,2737.0,1
rb1805,20170519,20170518,210915000,2738.0,740,15586,20245380.0,2739.0,2,2737.0,1
rb1805,20170519,20170518,210915500,2738.0,742,15584,20300140.0,2739.0,1,2737.0,1
rb1805,20170519,20170518,210916000,2738.0,742,15584,20300140.0,2739.0,1,2738.0,1
rb1805,20170519,20170518,210919000,2739.0,744,15584,20354920.0,2740.0,2,2738.0,1
rb1805,20170519,20170518,210921500,2739.0,744,15584,20354920.0,2740.0,2,2737.0,1
rb1805,20170519,20170518,210922500,2739.0,744,15584,20354920.0,2740.0,2,2738.0,2
rb1805,20170519,20170518,210923000,2739.0,744,15584,20354920.0,2740.0,2,2737.0,1
rb1805,20170519,20170518,210923500,2739.0,744,15584,20354920.0,2740.0,3,2737.0,1
rb1805,20170519,20170518,210924500,2738.0,746,15584,20409680.0,2738.0,9,2737.0,1
rb1805,20170519,20170518,210925000,2738.0,746,15584,20409680.0,2738.0,9,2737.0,1
rb1805,20170519,20170518,210926500,2738.0,746,15584,20409680.0,2738.0,11,2737.0,1
rb1805,20170519,20170518,210930000,2738.0,746,15584,20409680.0,2738.0,11,2737.0,1
rb1805,20170519,20170518,210930500,2738.0,758,15580,20738240.0,2738.0,5,2737.0,1
rb1805,20170519,20170518,210931500,2738.0,760,15580,20793000.0,2738.0,4,2737.0,1
rb1805,20170519,20170518,210932500,2738.0,768,15584,21012040.0,2740.0,2,2737.0,1
rb1805,20170519,20170518,210936000,2738.0,768,15584,21012040.0,2739.0,1,2737.0,1
rb1805,20170519,20170518,210938000,2739.0,770,15584,21066820.0,2740.0,2,2737.0,1
rb1805,20170519,20170518,210939000,2740.0,774,15584,21176420.0,2745.0,20,2737.0,1
rb1805,20170519,20170518,210939500,2740.0,774,15584,21176420.0,2745.0,20,2738.0,5
rb1805,20170519,20170518,210941000,2740.0,774,15584,21176420.0,2741.0,1,2738.0,5
rb1805,20170519,20170518,210943000,2740.0,774,15584,21176420.0,2741.0,1,2738.0,5
rb1805,20170519,20170518,210948500,2738.0,776,15584,21231180.0,2741.0,1,2738.0,5
rb1805,20170519,20170518,210949500,2738.0,776,15584,21231180.0,2740.0,6,2738.0,5
rb1805,20170519,20170518,210950000,2738.0,776,15584,21231180.0,2740.0,6,2738.0,5
rb1805,20170519,20170518,210952500,2738.0,776,15584,21231180.0,2740.0,6,2738.0,5
rb1805,20170519,20170518,210953500,2740.0,788,15584,21559980.0,2741.0,1,2738.0,5
rb1805,20170519,20170518,210955000,2740.0,788,15584,21559980.0,2741.0,1,2739.0,1
rb1805,20170519,20170518,210955500,2740.0,788,15584,21559980.0,2741.0,1,2739.0,1
rb1805,20170519,20170518,210956500,2740.0,788,15584,21559980.0,2741.0,1,2739.0,1
rb1805,20170519,20170518,210959000,2740.0,788,15584,21559980.0,2741.0,1,2739.0,2
rb1805,20170519,20170518,210959500,2740.0,788,15584,21559980.0,2740.0,1,2739.0,2
rb1805,20170519,20170518,211002500,2740.0,788,15584,21559980.0,2740.0,1,2739.0,1
rb1805,20170519,20170518,211003000,2740.0,790,15584,21614780.0,2741.0,1,2739.0,1
rb1805,20170519,20170518,211004000,2740.0,790,15584,21614780.0,2741.0,1,2739.0,1
rb1805,20170519,20170518,211007500,2741.0,792,15584,21669600.0,2743.0,1,2739.0,1
rb1805,20170519,20170518,211011000,2741.0,792,15584,21669600.0,2743.0,1,2740.0,1
rb1805,20170519,20170518,211012000,2741.0,792,15584,21669600.0,2743.0,1,2740.0,1
rb1805,20170519,20170518,211014000,2741.0,792,15584,21669600.0,2742.0,4,2739.0,1
rb1805,20170519,20170518,211014500,2741.0,792,15584,21669600.0,2743.0,1,2739.0,1
rb1805,20170519,20170518,211015000,2743.0,794,15584,21724460.0,2744.0,4,2739.0,1
rb1805,20170519,20170518,211016000,2743.0,794,15584,21724460.0,2744.0,4,2740.0,5
rb1805,20170519,20170518,211016500,2744.0,796,15584,21779340.0,2744.0,3,2740.0,5
rb1805,20170519,20170518,211017500,2744.0,798,15584,21834220.0,2743.0,3,2740.0,5
rb1805,20170519,20170518,211018000,2744.0,798,15584,21834220.0,2744.0,3,2740.0,5
rb1805,20170519,20170518,211018500,2744.0,798,15584,21834220.0,2744.0,4,2740.0,5
rb1805,20170519,20170518,211020000,2744.0,798,15584,21834220.0,2743.0,3,2740.0,5
rb1805,20170519,20170518,211021000,2744.0,798,15584,21834220.0,2743.0,3,2740.0,5
rb1805,20170519,20170518,211024000,2744.0,798,15584,21834220.0,2743.0,3,2740.0,6
rb1805,20170519,20170518,211024500,2743.0,800,15584,21889080.0,2743.0,2,2740.0,6
rb1805,20170519,20170518,211025000,2743.0,802,15584,21943940.0,2743.0,1,2740.0,6
rb1805,20170519,20170518,211027500,2743.0,804,15584,21998800.0,2744.0,6,2740.0,6
rb1805,20170519,20170518,211028000,2743.0,804,15584,21998800.0,2743.0,5,2740.0,6
rb1805,20170519,20170518,211029000,2743.0,804,15584,21998800.0,2744.0,6,2740.0,6
rb1805,20170519,20170518,211030000,2743.0,804,15584,21998800.0,2743.0,1,2740.0,6
rb1805,20170519,20170518,211031000,2743.0,804,15584,21998800.0,2743.0,1,2740.0,6
rb1805,20170519,20170518,211033500,2743.0,804,15584,21998800.0,2743.0,1,2740.0,6
rb1805,20170519,20170518,211040000,2743.0,804,15584,21998800.0,2743.0,1,2740.0,6
rb1805,20170519,20170518,211041000,2743.0,804,15584,21998800.0,2743.0,1,2740.0,6
rb1805,20170519,20170518,211041500,2743.0,804,15584,21998800.0,2743.0,1,2740.0,6
rb1805,20170519,20170518,211043000,2743.0,806,15586,22053660.0,2744.0,5,2740.0,6
rb1805,20170519,20170518,211044500,2743.0,806,15586,22053660.0,2743.0,5,2740.0,6
rb1805,20170519,20170518,211047500,2740.0,818,15598,22382460.0,2740.0,4,2739.0,6
rb1805,20170519,20170518,211048000,2739.0,824,15598,22546800.0,2740.0,4,2739.0,3
rb1805,20170519,20170518,211049000,2740.0,832,15604,22766000.0,2744.0,5,2739.0,3
rb1805,20170519,20170518,211049500,2740.0,832,15604,22766000.0,2743.0,5,2739.0,3
rb1805,20170519,20170518,211050500,2740.0,832,15604,22766000.0,2743.0,5,2740.0,1
rb1805,20170519,20170518,211051500,2740.0,832,15604,22766000.0,2744.0,5,2740.0,1
rb1805,20170519,20170518,211052000,2740.0,832,15604,22766000.0,2744.0,6,2740.0,1
rb1805,20170519,20170518,211052500,2740.0,832,15604,22766000.0,2743.0,5,2740.0,1
rb1805,20170519,20170518,211053500,2740.0,832,15604,22766000.0,2743.0,5,2740.0,1
rb1805,20170519,20170518,211055500,2740.0,832,15604,22766000.0,2743.0,6,2740.0,1
rb1805,20170519,20170518,211056500,2740.0,832,15604,22766000.0,2743.0,1,2740.0,2
rb1805,20170519,20170518,211057500,2740.0,832,15604,22766000.0,2743.0,1,2740.0,2
rb1805,20170519,20170518,211100000,2740.0,832,15604,22766000.0,2743.0,1,2740.0,2
rb1805,20170519,20170518,211100500,2740.0,832,15604,22766000.0,2742.0,1,2740.0,2
rb1805,20170519,20170518,211105000,2740.0,832,15604,22766000.0,2742.0,1,2740.0,2
rb1805,20170519,20170518,211108500,2740.0,832,15604,22766000.0,2742.0,1,2740.0,2
rb1805,20170519,20170518,211110500,2740.0,832,15604,22766000.0,2742.0,2,2740.0,2
rb1805,20170519,20170518,211111000,2740.0,832,15604,22766000.0,2742.0,2,2740.0,2
rb1805,20170519,20170518,211112000,2740.0,832,15604,22766000.0,2742.0,2,2740.0,2
rb1805,20170519,20170518,211113000,2740.0,832,15604,22766000.0,2742.0,2,2740.0,2
rb1805,20170519,20170518,211117500,2740.0,832,15604,22766000.0,2742.0,2,2740.0,2
rb1805,20170519,20170518,211118000,2742.0,836,15606,22875680.0,2743.0,1,2742.0,2
rb1805,20170519,20170518,211122500,2743.0,838,15606,22930540.0,2744.0,3,2742.0,2
rb1805,20170519,20170518,211124000,2743.0,838,15606,22930540.0,2744.0,3,2742.0,2
rb1805,20170519,20170518,211127500,2744.0,842,15606,23040300.0,2744.0,1,2742.0,2
rb1805,20170519,20170518,211133500,2742.0,844,15606,23095140.0,2744.0,1,2742.0,1
rb1805,20170519,20170518,211139000,2742.0,844,15606,23095140.0,2744.0,1,2742.0,2
rb1805,20170519,20170518,211145500,2742.0,844,15606,23095140.0,2744.0,1,2742.0,2
rb1805,20170519,20170518,211149500,2742.0,844,15606,23095140.0,2744.0,1,2742.0,2
rb1805,20170519,20170518,211153500,2742.0,844,15606,23095140.0,2744.0,1,2742.0,2
rb1805,20170519,20170518,211154500,2742.0,844,15606,23095140.0,2744.0,1,2742.0,2
rb1805,20170519,20170518,211155000,2742.0,844,15606,23095140.0,2744.0,1,2743.0,4
rb1805,20170519,20170518,211157500,2742.0,844,15606,23095140.0,2744.0,1,2742.0,2
rb1805,20170519,20170518,211158500,2742.0,844,15606,23095140.0,2744.0,1,2742.0,2
rb1805,20170519,20170518,211159500,2743.0,852,15614,23314580.0,2743.0,26,2742.0,2
rb1805,20170519,20170518,211200500,2743.0,852,15614,23314580.0,2743.0,26,2742.0,2
rb1805,20170519,20170518,211202000,2743.0,852,15614,23314580.0,2743.0,26,2742.0,2
rb1805,20170519,20170518,211203000,2743.0,852,15614,23314580.0,2743.0,26,2742.0,2
rb1805,20170519,20170518,211206000,2743.0,852,15614,23314580.0,2743.0,26,2742.0,2
rb1805,20170519,20170518,211209000,2743.0,852,15614,23314580.0,2743.0,26,2742.0,2
rb1805,20170519,20170518,211210000,2743.0,852,15614,23314580.0,2743.0,26,2742.0,2
rb1805,20170519,20170518,211211000,2743.0,852,15614,23314580.0,2743.0,26,2742.0,2
rb1805,20170519,20170518,211213500,2743.0,852,15614,23314580.0,2743.0,26,2742.0,2
rb1805,20170519,20170518,211214000,2743.0,852,15614,23314580.0,2743.0,26,2742.0,3
rb1805,20170519,20170518,211215000,2743.0,852,15614,23314580.0,2743.0,26,2742.0,4
rb1805,20170519,20170518,211215500,2743.0,862,15624,23588880.0,2743.0,21,2742.0,4
rb1805,20170519,20170518,211217000,2743.0,862,15624,23588880.0,2743.0,21,2742.0,4
rb1805,20170519,20170518,211217500,2743.0,862,15624,23588880.0,2743.0,21,2742.0,4
rb1805,20170519,20170518,211219000,2742.0,884,15644,24192320.0,2743.0,11,2742.0,3
rb1805,20170519,20170518,211219500,2742.0,884,15644,24192320.0,2743.0,11,2742.0,3
rb1805,20170519,20170518,211221000,2742.0,884,15644,24192320.0,2743.0,11,2742.0,5
rb1805,20170519,20170518,211225500,2742.0,884,15644,24192320.0,2743.0,11,2742.0,5
rb1805,20170519,20170518,211226000,2742.0,884,15644,24192320.0,2743.0,11,2742.0,5
rb1805,20170519,20170518,211227500,2743.0,886,15646,24247180.0,2743.0,10,2742.0,5
rb1805,20170519,20170518,211228500,2743.0,888,15648,24302040.0,2743.0,9,2742.0,5
rb1805,20170519,20170518,211230500,2743.0,888,15648,24302040.0,2743.0,9,2742.0,4
rb1805,20170519,20170518,211232000,2743.0,888,15648,24302040.0,2743.0,9,2742.0,4
rb1805,20170519,20170518,211233000,2743.0,898,15658,24576340.0,2743.0,4,2742.0,4
rb1805,20170519,20170518,211234000,2743.0,904,15664,24740920.0,2743.0,1,2742.0,4
rb1805,20170519,20170518,211234500,2743.0,906,15666,24795780.0,2744.0,1,2742.0,4
rb1805,20170519,20170518,211235500,2743.0,906,15666,24795780.0,2744.0,1,2742.0,4
rb1805,20170519,20170518,211238500,2743.0,906,15666,24795780.0,2744.0,1,2743.0,5
rb1805,20170519,20170518,211239000,2743.0,906,15666,24795780.0,2744.0,1,2743.0,1
rb1805,20170519,20170518,211240000,2743.0,906,15666,24795780.0,2744.0,1,2743.0,2
rb1805,20170519,20170518,211243000,2743.0,906,15666,24795780.0,2744.0,1,2743.0,2
rb1805,20170519,20170518,211243500,2744.0,908,15666,24850660.0,2745.0,1,2743.0,2
rb1805,20170519,20170518,211245000,2744.0,908,15666,24850660.0,2745.0,1,2743.0,2
rb1805,20170519,20170518,211245500,2744.0,908,15666,24850660.0,2745.0,1,2744.0,1
rb1805,20170519,20170518,211247000,2745.0,910,15664,24905560.0,2746.0,1,2744.0,1
rb1805,20170519,20170518,211250500,2745.0,910,15664,24905560.0,2746.0,1,2744.0,1
rb1805,20170519,20170518,211251500,2744.0,912,15664,24960440.0,2746.0,1,2743.0,3
rb1805,20170519,20170518,211252500,2744.0,912,15664,24960440.0,2746.0,1,2743.0,3
rb1805,20170519,20170518,211253500,2744.0,912,15664,24960440.0,2746.0,1,2744.0,9
rb1805,20170519,20170518,211254000,2744.0,912,15664,24960440.0,2746.0,1,2744.0,9
rb1805,20170519,20170518,211254500,2744.0,912,15664,24960440.0,2746.0,1,2743.0,2
rb1805,20170519,20170518,211256000,2746.0,914,15664,25015360.0,2747.0,1,2743.0,2
rb1805,20170519,20170518,211257000,2746.0,914,15664,25015360.0,2747.0,1,2744.0,13
rb1805,20170519,20170518,211257500,2746.0,914,15664,25015360.0,2747.0,1,2743.0,2
rb1805,20170519,20170518,211300500,2747.0,916,15666,25070300.0,2748.0,2,2744.0,2
rb1805,20170519,20170518,211301500,2747.0,916,15666,25070300.0,2748.0,2,2745.0,12
rb1805,20170519,20170518,211302500,2747.0,916,15666,25070300.0,2748.0,2,2745.0,12
rb1805,20170519,20170518,211303000,2747.0,916,15666,25070300.0,2748.0,2,2745.0,12
rb1805,20170519,20170518,211304000,2747.0,916,15666,25070300.0,2748.0,2,2743.0,2
rb1805,20170519,20170518,211305000,2747.0,916,15666,25070300.0,2748.0,2,2746.0,1
rb1805,20170519,20170518,211305500,2747.0,916,15666,25070300.0,2748.0,2,2746.0,1
rb1805,20170519,20170518,211307000,2747.0,916,15666,25070300.0,2748.0,2,2743.0,2
rb1805,20170519,20170518,211307500,2747.0,916,15666,25070300.0,2748.0,2,2744.0,7
rb1805,20170519,20170518,211308500,2747.0,916,15666,25070300.0,2748.0,3,2743.0,2
rb1805,20170519,20170518,211309000,2747.0,916,15666,25070300.0,2748.0,3,2743.0,2
rb1805,20170519,20170518,211310500,2747.0,916,15666,25070300.0,2744.0,1,2743.0,2
rb1805,20170519,20170518,211311000,2744.0,918,15666,25125180.0,2748.0,3,2743.0,2
rb1805,20170519,20170518,211311500,2744.0,918,15666,25125180.0,2748.0,3,2743.0,2
rb1805,20170519,20170518,211312500,2744.0,918,15666,25125180.0,2748.0,3,2744.0,11
rb1805,20170519,20170518,211316000,2744.0,918,15666,25125180.0,2748.0,3,2743.0,2
rb1805,20170519,20170518,211316500,2744.0,918,15666,25125180.0,2748.0,3,2745.0,6
rb1805,20170519,20170518,211317000,2744.0,918,15666,25125180.0,2748.0,3,2744.0,2
rb1805,20170519,20170518,211318000,2748.0,924,15668,25290060.0,2749.0,8,2748.0,3
rb1805,20170519,20170518,211319000,2748.0,924,15668,25290060.0,2749.0,8,2748.0,3
rb1805,20170519,20170518,211320000,2748.0,926,15670,25345020.0,2749.0,8,2748.0,2
rb1805,20170519,20170518,211321000,2749.0,928,15670,25400000.0,2749.0,7,2748.0,2
rb1805,20170519,20170518,211321500,2748.0,930,15670,25454960.0,2749.0,7,2748.0,1
rb1805,20170519,20170518,211322000,2749.0,944,15672,25839800.0,2749.0,1,2744.0,1
rb1805,20170519,20170518,211322500,2749.0,944,15672,25839800.0,2749.0,11,2745.0,6
rb1805,20170519,20170518,211323000,2749.0,946,15672,25894780.0,2749.0,10,2745.0,7
rb1805,20170519,20170518,211326500,2749.0,946,15672,25894780.0,2749.0,11,2745.0,7
rb1805,20170519,20170518,211327000,2749.0,946,15672,25894780.0,2749.0,11,2745.0,7
rb1805,20170519,20170518,211328500,2749.0,946,15672,25894780.0,2749.0,11,2745.0,7
rb1805,20170519,20170518,211330500,2749.0,958,15672,26224660.0,2749.0,5,2745.0,7
rb1805,20170519,20170518,211331500,2749.0,958,15672,26224660.0,2749.0,5,2745.0,7
rb1805,20170519,20170518,211332000,2749.0,958,15672,26224660.0,2749.0,5,2745.0,7
rb1805,20170519,20170518,211332500,2749.0,958,15672,26224660.0,2749.0,5,2746.0,1
rb1805,20170519,20170518,211333000,2749.0,958,15672,26224660.0,2749.0,5,2746.0,1
rb1805,20170519,20170518,211334500,2749.0,958,15672,26224660.0,2749.0,5,2746.0,1
rb1805,20170519,20170518,211335500,2749.0,970,15674,26554480.0,2750.0,2,2749.0,1
rb1805,20170519,20170518,211336000,2749.0,972,15674,26609460.0,2750.0,2,2745.0,8
rb1805,20170519,20170518,211336500,2749.0,972,15674,26609460.0,2750.0,2,2746.0,2
rb1805,20170519,20170518,211337000,2749.0,972,15674,26609460.0,2750.0,2,2746.0,2
rb1805,20170519,20170518,211337500,2749.0,972,15674,26609460.0,2750.0,2,2746.0,2
rb1805,20170519,20170518,211338000,2749.0,972,15674,26609460.0,2750.0,2,2747.0,1
rb1805,20170519,20170518,211338500,2749.0,972,15674,26609460.0,2750.0,2,2747.0,1
rb1805,20170519,20170518,211339000,2749.0,972,15674,26609460.0,2750.0,2,2747.0,1
rb1805,20170519,20170518,211339500,2749.0,972,15674,26609460.0,2750.0,2,2747.0,1
rb1805,20170519,20170518,211340500,2749.0,972,15674,26609460.0,2750.0,12,2747.0,1
rb1805,20170519,20170518,211341000,2749.0,972,15674,26609460.0,2750.0,12,2747.0,1
rb1805,20170519,20170518,211341500,2749.0,972,15674,26609460.0,2750.0,12,2747.0,1
rb1805,20170519,20170518,211345000,2749.0,972,15674,26609460.0,2750.0,12,2747.0,1
rb1805,20170519,20170518,211349000,2750.0,996,15674,27269460.0,2756.0,1,2747.0,1
rb1805,20170519,20170518,211349500,2750.0,996,15674,27269460.0,2755.0,8,2747.0,1
rb1805,20170519,20170518,211350000,2750.0,996,15674,27269460.0,2755.0,8,2747.0,1
rb1805,20170519,20170518,211350500,2750.0,996,15674,27269460.0,2754.0,1,2747.0,1
rb1805,20170519,20170518,211351000,2750.0,996,15674,27269460.0,2754.0,1,2747.0,1
rb1805,20170519,20170518,211351500,2750.0,996,15674,27269460.0,2753.0,11,2747.0,1
rb1805,20170519,20170518,211352000,2750.0,996,15674,27269460.0,2753.0,11,2747.0,1
rb1805,20170519,20170518,211352500,2747.0,998,15672,27324400.0,2747.0,9,2745.0,3
rb1805,20170519,20170518,211353000,2747.0,1002,15672,27434280.0,2747.0,7,2745.0,3
rb1805,20170519,20170518,211353500,2747.0,1002,15672,27434280.0,2747.0,7,2746.0,5
rb1805,20170519,20170518,211354500,2747.0,1002,15672,27434280.0,2747.0,7,2746.0,5
rb1805,20170519,20170518,211355000,2747.0,1002,15672,27434280.0,2747.0,7,2746.0,5
rb1805,20170519,20170518,211356000,2747.0,1002,15672,27434280.0,2747.0,7,2745.0,3
rb1805,20170519,20170518,211356500,2747.0,1002,15672,27434280.0,2746.0,1,2745.0,3
rb1805,20170519,20170518,211357000,2747.0,1014,15672,27763920.0,2747.0,2,2745.0,3
rb1805,20170519,20170518,211357500,2747.0,1014,15672,27763920.0,2747.0,2,2745.0,3
rb1805,20170519,20170518,211403500,2747.0,1018,15672,27873800.0,2752.0,2,2750.0,18
rb1805,20170519,20170518,211404000,2750.0,1038,15672,28423800.0,2751.0,1,2750.0,8
rb1805,20170519,20170518,211404500,2750.0,1038,15672,28423800.0,2751.0,1,2750.0,8
rb1805,20170519,20170518,211406500,2750.0,1038,15672,28423800.0,2752.0,2,2750.0,8
rb1805,20170519,20170518,211407000,2750.0,1054,15688,28863800.0,2752.0,2,2747.0,6
rb1805,20170519,20170518,211407500,2750.0,1054,15688,28863800.0,2750.0,30,2747.0,6
rb1805,20170519,20170518,211408000,2750.0,1054,15688,28863800.0,2750.0,30,2747.0,6
rb1805,20170519,20170518,211408500,2750.0,1054,15688,28863800.0,2750.0,32,2747.0,6
rb1805,20170519,20170518,211409500,2750.0,1054,15688,28863800.0,2750.0,32,2747.0,6
rb1805,20170519,20170518,211410500,2750.0,1064,15698,29138800.0,2749.0,1,2747.0,6
rb1805,20170519,20170518,211411000,2750.0,1104,15738,30238800.0,2750.0,8,2747.0,6
rb1805,20170519,20170518,211412000,2750.0,1104,15738,30238800.0,2750.0,8,2747.0,7
rb1805,20170519,20170518,211412500,2750.0,1104,15738,30238800.0,2750.0,8,2747.0,1
rb1805,20170519,20170518,211413000,2750.0,1104,15738,30238800.0,2750.0,8,2747.0,1
rb1805,20170519,20170518,211413500,2750.0,1104,15738,30238800.0,2749.0,1,2747.0,1
rb1805,20170519,20170518,211414000,2750.0,1104,15738,30238800.0,2749.0,1,2747.0,1
rb1805,20170519,20170518,211414500,2750.0,1104,15738,30238800.0,2749.0,1,2747.0,1
rb1805,20170519,20170518,211415000,2750.0,1144,15776,31338800.0,2750.0,39,2747.0,1
rb1805,20170519,20170518,211416000,2750.0,1144,15776,31338800.0,2749.0,1,2747.0,1
rb1805,20170519,20170518,211416500,2750.0,1144,15776,31338800.0,2750.0,39,2747.0,1
rb1805,20170519,20170518,211418500,2750.0,1144,15776,31338800.0,2750.0,39,2747.0,1
rb1805,20170519,20170518,211419000,2750.0,1144,15776,31338800.0,2752.0,3,2747.0,1
rb1805,20170519,20170518,211419500,2750.0,1144,15776,31338800.0,2752.0,3,2750.0,20
rb1805,20170519,20170518,211420000,2750.0,1144,15776,31338800.0,2751.0,6,2750.0,22
rb1805,20170519,20170518,211421000,2750.0,1144,15776,31338800.0,2751.0,1,2750.0,22
rb1805,20170519,20170518,211421500,2750.0,1144,15776,31338800.0,2752.0,3,2750.0,22
rb1805,20170519,20170518,211422000,2750.0,1148,15780,31448800.0,2752.0,3,2750.0,20
rb1805,20170519,20170518,211425500,2750.0,1148,15780,31448800.0,2752.0,3,2750.0,25
rb1805,20170519,20170518,211426500,2752.0,1152,15780,31558880.0,2752.0,1,2750.0,25
rb1805,20170519,20170518,211427000,2752.0,1154,15780,31613920.0,2756.0,11,2752.0,5
rb1805,20170519,20170518,211427500,2752.0,1164,15780,31889120.0,2752.0,1,2750.0,25
rb1805,20170519,20170518,211428000,2752.0,1164,15780,31889120.0,2756.0,11,2750.0,25
rb1805,20170519,20170518,211429500,2752.0,1164,15780,31889120.0,2755.0,1,2750.0,25
rb1805,20170519,20170518,211430500,2752.0,1164,15780,31889120.0,2755.0,1,2750.0,30
rb1805,20170519,20170518,211432000,2752.0,1164,15780,31889120.0,2755.0,11,2750.0,30
rb1805,20170519,20170518,211432500,2752.0,1164,15780,31889120.0,2755.0,11,2750.0,30
rb1805,20170519,20170518,211433500,2752.0,1164,15780,31889120.0,2755.0,11,2751.0,1
rb1805,20170519,20170518,211434000,2751.0,1166,15780,31944140.0,2755.0,11,2750.0,30
rb1805,20170519,20170518,211434500,2751.0,1166,15780,31944140.0,2751.0,1,2750.0,30
rb1805,20170519,20170518,211435000,2751.0,1166,15780,31944140.0,2755.0,11,2750.0,30
rb1805,20170519,20170518,211435500,2751.0,1166,15780,31944140.0,2755.0,11,2751.0,1
rb1805,20170519,20170518,211436000,2751.0,1166,15780,31944140.0,2754.0,10,2751.0,1
rb1805,20170519,20170518,211436500,2755.0,1188,15802,32550240.0,2756.0,11,2755.0,6
rb1805,20170519,20170518,211437000,2755.0,1200,15802,32880840.0,2756.0,11,2750.0,30
rb1805,20170519,20170518,211437500,2755.0,1200,15802,32880840.0,2754.0,1,2750.0,30
rb1805,20170519,20170518,211438000,2755.0,1200,15802,32880840.0,2754.0,1,2751.0,2
rb1805,20170519,20170518,211438500,2755.0,1200,15802,32880840.0,2754.0,1,2751.0,1
rb1805,20170519,20170518,211439500,2755.0,1200,15802,32880840.0,2754.0,1,2752.0,1
rb1805,20170519,20170518,211442000,2755.0,1200,15802,32880840.0,2754.0,1,2752.0,1
rb1805,20170519,20170518,211442500,2755.0,1200,15802,32880840.0,2754.0,1,2752.0,1
rb1805,20170519,20170518,211444000,2752.0,1204,15800,32990960.0,2755.0,1,2750.0,30
rb1805,20170519,20170518,211444500,2752.0,1204,15800,32990960.0,2755.0,1,2753.0,5
rb1805,20170519,20170518,211445000,2752.0,1214,15810,33266160.0,2755.0,1,2750.0,30
rb1805,20170519,20170518,211445500,2752.0,1214,15810,33266160.0,2755.0,1,2751.0,11
rb1805,20170519,20170518,211446000,2752.0,1214,15810,33266160.0,2755.0,1,2751.0,11
rb1805,20170519,20170518,211447000,2752.0,1214,15810,33266160.0,2755.0,1,2752.0,1
rb1805,20170519,20170518,211447500,2756.0,1234,15814,33817340.0,2756.0,2,2752.0,1
rb1805,20170519,20170518,211448500,2756.0,1234,15814,33817340.0,2756.0,2,2752.0,1
rb1805,20170519,20170518,211450500,2759.0,1254,15814,34368920.0,2762.0,7,2752.0,1
rb1805,20170519,20170518,211451000,2759.0,1254,15814,34368920.0,2761.0,16,2752.0,1
rb1805,20170519,20170518,211451500,2759.0,1254,15814,34368920.0,2761.0,18,2752.0,1
rb1805,20170519,20170518,211452000,2759.0,1254,15814,34368920.0,2761.0,18,2756.0,1
rb1805,20170519,20170518,211452500,2756.0,1256,15816,34424040.0,2756.0,1,2752.0,1
rb1805,20170519,20170518,211453000,2756.0,1256,15816,34424040.0,2760.0,1,2752.0,1
rb1805,20170519,20170518,211453500,2756.0,1256,15816,34424040.0,2759.0,6,2751.0,1
rb1805,20170519,20170518,211454000,2756.0,1256,15816,34424040.0,2759.0,6,2751.0,1
rb1805,20170519,20170518,211454500,2756.0,1256,15816,34424040.0,2758.0,1,2751.0,1
rb1805,20170519,20170518,211455000,2760.0,1260,15820,34534400.0,2761.0,2,2760.0,8
rb1805,20170519,20170518,211455500,2760.0,1276,15820,34976000.0,2760.0,4,2750.0,32
rb1805,20170519,20170518,211456000,2751.0,1278,15822,35031020.0,2760.0,2,2754.0,1
rb1805,20170519,20170518,211456500,2751.0,1278,15822,35031020.0,2760.0,2,2754.0,1
rb1805,20170519,20170518,211457000,2754.0,1280,15822,35086100.0,2760.0,2,2750.0,32
rb1805,20170519,20170518,211457500,2754.0,1280,15822,35086100.0,2760.0,4,2750.0,32
rb1805,20170519,20170518,211458000,2754.0,1280,15822,35086100.0,2759.0,13,2755.0,1
rb1805,20170519,20170518,211458500,2759.0,1284,15824,35196380.0,2755.0,1,2750.0,32
rb1805,20170519,20170518,211459000,2759.0,1284,15824,35196380.0,2759.0,12,2751.0,12
rb1805,20170519,20170518,211459500,2759.0,1304,15824,35748180.0,2759.0,3,2754.0,1
rb1805,20170519,20170518,211500000,2759.0,1304,15824,35748180.0,2759.0,3,2754.0,1
rb1805,20170519,20170518,211500500,2759.0,1304,15824,35748180.0,2759.0,3,2754.0,1
rb1805,20170519,20170518,211501000,2754.0,1306,15824,35803260.0,2759.0,3,2750.0,32
rb1805,20170519,20170518,211501500,2754.0,1306,15824,35803260.0,2758.0,1,2751.0,12
rb1805,20170519,20170518,211502000,2760.0,1320,15832,36189560.0,2762.0,7,2760.0,3
rb1805,20170519,20170518,211502500,2760.0,1326,15838,36355160.0,2759.0,3,2750.0,32
rb1805,20170519,20170518,211503000,2751.0,1328,15840,36410180.0,2759.0,4,2754.0,1
rb1805,20170519,20170518,211503500,2754.0,1330,15842,36465260.0,2754.0,1,2750.0,37
rb1805,20170519,20170518,211504000,2754.0,1330,15842,36465260.0,2758.0,6,2750.0,37
rb1805,20170519,20170518,211505000,2754.0,1330,15842,36465260.0,2756.0,1,2750.0,37
rb1805,20170519,20170518,211505500,2754.0,1330,15842,36465260.0,2756.0,1,2750.0,37
rb1805,20170519,20170518,211506000,2759.0,1348,15858,36961720.0,2761.0,2,2760.0,1
rb1805,20170519,20170518,211506500,2760.0,1350,15858,37016920.0,2760.0,15,2750.0,37
rb1805,20170519,20170518,211507000,2760.0,1350,15858,37016920.0,2760.0,7,2750.0,37
rb1805,20170519,20170518,211507500,2760.0,1350,15858,37016920.0,2759.0,10,2752.0,1
rb1805,20170519,20170518,211508000,2752.0,1352,15860,37071960.0,2757.0,1,2750.0,37
rb1805,20170519,20170518,211508500,2752.0,1352,15860,37071960.0,2752.0,1,2750.0,37
rb1805,20170519,20170518,211509000,2752.0,1354,15858,37127000.0,2757.0,1,2752.0,2
rb1805,20170519,20170518,211509500,2760.0,1368,15856,37513340.0,2761.0,2,2760.0,4
rb1805,20170519,20170518,211510000,2760.0,1376,15856,37734140.0,2760.0,6,2752.0,1
rb1805,20170519,20170518,211510500,2760.0,1376,15856,37734140.0,2760.0,5,2752.0,1
rb1805,20170519,20170518,211512000,2760.0,1376,15856,37734140.0,2760.0,5,2753.0,2
rb1805,20170519,20170518,211512500,2760.0,1400,15864,38396140.0,2760.0,1,2754.0,2
rb1805,20170519,20170518,211513000,2754.0,1404,15868,38506300.0,2758.0,2,2752.0,1
rb1805,20170519,20170518,211513500,2754.0,1404,15868,38506300.0,2758.0,2,2752.0,1
rb1805,20170519,20170518,211514000,2752.0,1406,15866,38561340.0,2758.0,2,2751.0,3
rb1805,20170519,20170518,211514500,2751.0,1412,15866,38726400.0,2758.0,2,2750.0,37
rb1805,20170519,20170518,211515000,2760.0,1418,15866,38891920.0,2761.0,3,2751.0,5
rb1805,20170519,20170518,211515500,2751.0,1428,15876,39167020.0,2760.0,10,2750.0,37
rb1805,20170519,20170518,211516000,2751.0,1428,15876,39167020.0,2759.0,2,2753.0,2
rb1805,20170519,20170518,211516500,2760.0,1448,15892,39718980.0,2760.0,21,2753.0,2
rb1805,20170519,20170518,211517000,2760.0,1448,15892,39718980.0,2758.0,5,2753.0,2
rb1805,20170519,20170518,211518500,2760.0,1448,15892,39718980.0,2758.0,5,2753.0,2
rb1805,20170519,20170518,211519000,2760.0,1448,15892,39718980.0,2758.0,5,2755.0,1
rb1805,20170519,20170518,211519500,2755.0,1450,15892,39774080.0,2758.0,10,2753.0,2
rb1805,20170519,20170518,211520500,2755.0,1450,15892,39774080.0,2758.0,21,2753.0,2
rb1805,20170519,20170518,211521000,2753.0,1452,15892,39829140.0,2758.0,21,2753.0,1
rb1805,20170519,20170518,211521500,2753.0,1452,15892,39829140.0,2758.0,21,2753.0,1
rb1805,20170519,20170518,211522000,2753.0,1452,15892,39829140.0,2758.0,21,2751.0,10
rb1805,20170519,20170518,211522500,2753.0,1452,15892,39829140.0,2756.0,1,2751.0,10
rb1805,20170519,20170518,211523000,2753.0,1452,15892,39829140.0,2756.0,6,2751.0,15
rb1805,20170519,20170518,211524000,2753.0,1452,15892,39829140.0,2756.0,6,2751.0,15
rb1805,20170519,20170518,211524500,2753.0,1452,15892,39829140.0,2756.0,6,2751.0,15
rb1805,20170519,20170518,211526000,2756.0,1454,15892,39884260.0,2756.0,5,2751.0,15
rb1805,20170519,20170518,211526500,2756.0,1454,15892,39884260.0,2756.0,5,2751.0,15
rb1805,20170519,20170518,211527000,2756.0,1454,15892,39884260.0,2756.0,5,2751.0,15
rb1805,20170519,20170518,211527500,2758.0,1490,15928,40876940.0,2758.0,3,2751.0,15
rb1805,20170519,20170518,211528500,2758.0,1490,15928,40876940.0,2757.0,10,2751.0,15
rb1805,20170519,20170518,211529000,2758.0,1490,15928,40876940.0,2757.0,10,2751.0,16
rb1805,20170519,20170518,211529500,2758.0,1490,15928,40876940.0,2758.0,5,2752.0,8
rb1805,20170519,20170518,211530000,2758.0,1490,15928,40876940.0,2758.0,5,2752.0,15
rb1805,20170519,20170518,211531000,2758.0,1490,15928,40876940.0,2758.0,5,2753.0,2
rb1805,20170519,20170518,211531500,2758.0,1490,15928,40876940.0,2757.0,13,2753.0,2
rb1805,20170519,20170518,211532000,2758.0,1490,15928,40876940.0,2757.0,1,2753.0,2
rb1805,20170519,20170518,211532500,2753.0,1494,15928,40987060.0,2756.0,5,2752.0,8
rb1805,20170519,20170518,211533000,2752.0,1510,15928,41427380.0,2755.0,2,2752.0,5
rb1805,20170519,20170518,211533500,2752.0,1520,15922,41702580.0,2755.0,2,2752.0,5
rb1805,20170519,20170518,211534500,2759.0,1560,15952,42805480.0,2757.0,8,2752.0,5
rb1805,20170519,20170518,211535000,2752.0,1562,15952,42860520.0,2757.0,13,2752.0,4
rb1805,20170519,20170518,211535500,2752.0,1562,15952,42860520.0,2757.0,13,2755.0,12
rb1805,20170519,20170518,211536000,2755.0,1574,15960,43191120.0,2757.0,13,2755.0,6
rb1805,20170519,20170518,211536500,2755.0,1586,15972,43521720.0,2757.0,13,2752.0,4
rb1805,20170519,20170518,211537000,2755.0,1586,15972,43521720.0,2756.0,2,2753.0,4
rb1805,20170519,20170518,211537500,2755.0,1586,15972,43521720.0,2756.0,7,2753.0,8
rb1805,20170519,20170518,211538000,2755.0,1586,15972,43521720.0,2756.0,7,2753.0,9
rb1805,20170519,20170518,211538500,2755.0,1586,15972,43521720.0,2756.0,7,2753.0,9
rb1805,20170519,20170518,211539000,2757.0,1626,16012,44624380.0,2756.0,1,2753.0,8
rb1805,20170519,20170518,211539500,2757.0,1626,16012,44624380.0,2756.0,2,2753.0,10
rb1805,20170519,20170518,211540000,2757.0,1626,16012,44624380.0,2756.0,2,2755.0,1
rb1805,20170519,20170518,211540500,2756.0,1636,16010,44899960.0,2758.0,3,2754.0,5
rb1805,20170519,20170518,211541000,2756.0,1636,16010,44899960.0,2756.0,1,2754.0,10
rb1805,20170519,20170518,211541500,2754.0,1656,16010,45450760.0,2756.0,1,2753.0,8
rb1805,20170519,20170518,211542000,2754.0,1656,16010,45450760.0,2756.0,2,2753.0,8
rb1805,20170519,20170518,211542500,2754.0,1656,16010,45450760.0,2756.0,2,2753.0,8
rb1805,20170519,20170518,211544500,2754.0,1656,16010,45450760.0,2756.0,2,2753.0,8
rb1805,20170519,20170518,211545000,2754.0,1656,16010,45450760.0,2756.0,2,2753.0,8
rb1805,20170519,20170518,211545500,2754.0,1656,16010,45450760.0,2754.0,1,2753.0,8
rb1805,20170519,20170518,211546000,2759.0,1696,16044,46553760.0,2758.0,4,2753.0,4
rb1805,20170519,20170518,211546500,2759.0,1696,16044,46553760.0,2758.0,4,2753.0,9
rb1805,20170519,20170518,211547000,2759.0,1696,16044,46553760.0,2757.0,2,2753.0,10
rb1805,20170519,20170518,211547500,2759.0,1696,16044,46553760.0,2757.0,2,2754.0,3
rb1805,20170519,20170518,211548000,2759.0,1696,16044,46553760.0,2757.0,2,2754.0,8
rb1805,20170519,20170518,211549000,2760.0,1736,16074,47657540.0,2760.0,18,2755.0,1
rb1805,20170519,20170518,211549500,2755.0,1738,16074,47712640.0,2760.0,18,2755.0,5
rb1805,20170519,20170518,211550000,2755.0,1748,16084,47988140.0,2760.0,23,2756.0,2
rb1805,20170519,20170518,211550500,2755.0,1748,16084,47988140.0,2760.0,23,2756.0,7
rb1805,20170519,20170518,211551500,2760.0,1788,16088,49092140.0,2759.0,1,2756.0,10
rb1805,20170519,20170518,211552000,2760.0,1788,16088,49092140.0,2759.0,6,2756.0,10
rb1805,20170519,20170518,211552500,2760.0,1788,16088,49092140.0,2759.0,6,2757.0,2
rb1805,20170519,20170518,211553000,2757.0,1792,16088,49202420.0,2759.0,6,2756.0,8
rb1805,20170519,20170518,211553500,2757.0,1792,16088,49202420.0,2759.0,5,2756.0,8
rb1805,20170519,20170518,211554000,2757.0,1792,16088,49202420.0,2759.0,25,2756.0,8
rb1805,20170519,20170518,211554500,2757.0,1792,16088,49202420.0,2759.0,26,2756.0,8
rb1805,20170519,20170518,211555000,2757.0,1792,16088,49202420.0,2758.0,1,2756.0,8
rb1805,20170519,20170518,211555500,2757.0,1792,16088,49202420.0,2758.0,1,2756.0,10
rb1805,20170519,20170518,211556000,2759.0,1832,16122,50306000.0,2759.0,7,2756.0,10
rb1805,20170519,20170518,211556500,2756.0,1834,16124,50361120.0,2759.0,8,2756.0,9
rb1805,20170519,20170518,211557000,2756.0,1834,16124,50361120.0,2759.0,8,2756.0,9
rb1805,20170519,20170518,211558000,2756.0,1834,16124,50361120.0,2759.0,9,2756.0,9
rb1805,20170519,20170518,211558500,2756.0,1834,16124,50361120.0,2759.0,9,2757.0,1
rb1805,20170519,20170518,211559000,2757.0,1836,16124,50416260.0,2759.0,9,2756.0,10
rb1805,20170519,20170518,211559500,2757.0,1836,16124,50416260.0,2759.0,3,2756.0,11
rb1805,20170519,20170518,211600000,2757.0,1836,16124,50416260.0,2759.0,3,2756.0,11
rb1805,20170519,20170518,211601500,2757.0,1836,16124,50416260.0,2759.0,3,2756.0,11
rb1805,20170519,20170518,211602000,2757.0,1836,16124,50416260.0,2759.0,5,2756.0,11
rb1805,20170519,20170518,211603500,2757.0,1836,16124,50416260.0,2759.0,15,2756.0,12
rb1805,20170519,20170518,211605000,2757.0,1836,16124,50416260.0,2759.0,15,2756.0,12
rb1805,20170519,20170518,211605500,2757.0,1836,16124,50416260.0,2759.0,15,2756.0,12
rb1805,20170519,20170518,211606500,2757.0,1836,16124,50416260.0,2758.0,16,2756.0,12
rb1805,20170519,20170518,211607000,2756.0,1856,16112,50967460.0,2758.0,11,2756.0,2
rb1805,20170519,20170518,211607500,2756.0,1858,16112,51022580.0,2757.0,5,2756.0,2
rb1805,20170519,20170518,211608000,2756.0,1858,16112,51022580.0,2757.0,5,2756.0,2
rb1805,20170519,20170518,211608500,2756.0,1858,16112,51022580.0,2757.0,5,2756.0,13
rb1805,20170519,20170518,211609000,2756.0,1860,16112,51077700.0,2757.0,6,2756.0,12
rb1805,20170519,20170518,211609500,2758.0,1876,16116,51518860.0,2758.0,9,2756.0,12
rb1805,20170519,20170518,211610000,2758.0,1876,16116,51518860.0,2758.0,9,2756.0,13
rb1805,20170519,20170518,211611000,2758.0,1876,16116,51518860.0,2758.0,9,2756.0,13
rb1805,20170519,20170518,211611500,2758.0,1876,16116,51518860.0,2758.0,4,2756.0,18
rb1805,20170519,20170518,211612500,2758.0,1876,16116,51518860.0,2758.0,4,2756.0,18
rb1805,20170519,20170518,211613000,2756.0,1878,16116,51573980.0,2758.0,9,2756.0,17
rb1805,20170519,20170518,211614000,2756.0,1878,16116,51573980.0,2758.0,9,2756.0,17
rb1805,20170519,20170518,211615000,2756.0,1880,16116,51629100.0,2758.0,9,2756.0,16
rb1805,20170519,20170518,211615500,2756.0,1912,16116,52511020.0,2758.0,9,2755.0,16
rb1805,20170519,20170518,211616000,2756.0,1912,16116,52511020.0,2758.0,9,2756.0,1
rb1805,20170519,20170518,211616500,2756.0,1914,16116,52566140.0,2757.0,2,2755.0,16
rb1805,20170519,20170518,211617000,2756.0,1914,16116,52566140.0,2757.0,2,2755.0,16
rb1805,20170519,20170518,211618000,2756.0,1914,16116,52566140.0,2757.0,2,2755.0,16
rb1805,20170519,20170518,211618500,2756.0,1914,16116,52566140.0,2757.0,2,2756.0,1
rb1805,20170519,20170518,211619500,2756.0,1914,16116,52566140.0,2757.0,2,2756.0,1
rb1805,20170519,20170518,211620000,2756.0,1914,16116,52566140.0,2757.0,2,2756.0,1
rb1805,20170519,20170518,211620500,2756.0,1916,16116,52621260.0,2756.0,19,2755.0,16
rb1805,20170519,20170518,211622000,2755.0,1918,16116,52676360.0,2756.0,19,2755.0,10
rb1805,20170519,20170518,211622500,2755.0,1918,16116,52676360.0,2756.0,19,2755.0,10
rb1805,20170519,20170518,211623500,2755.0,1920,16114,52731460.0,2756.0,19,2755.0,9
rb1805,20170519,20170518,211626000,2755.0,1922,16112,52786560.0,2756.0,19,2755.0,8
rb1805,20170519,20170518,211627500,2755.0,1922,16112,52786560.0,2756.0,19,2755.0,8
rb1805,20170519,20170518,211629500,2755.0,1922,16112,52786560.0,2756.0,19,2755.0,9
rb1805,20170519,20170518,211630000,2755.0,1922,16112,52786560.0,2756.0,19,2755.0,9
rb1805,20170519,20170518,211630500,2755.0,1922,16112,52786560.0,2756.0,21,2755.0,9
rb1805,20170519,20170518,211632500,2755.0,1926,16112,52896760.0,2756.0,21,2755.0,7
rb1805,20170519,20170518,211633000,2755.0,1926,16112,52896760.0,2756.0,21,2755.0,7
rb1805,20170519,20170518,211634500,2755.0,1940,16100,53282460.0,2755.0,7,2754.0,5
rb1805,20170519,20170518,211635000,2756.0,1962,16106,53888640.0,2756.0,17,2754.0,5
rb1805,20170519,20170518,211635500,2756.0,1962,16106,53888640.0,2756.0,17,2755.0,6
rb1805,20170519,20170518,211639000,2756.0,1962,16106,53888640.0,2756.0,17,2755.0,12
rb1805,20170519,20170518,211640000,2756.0,1964,16108,53943760.0,2756.0,16,2755.0,12
rb1805,20170519,20170518,211640500,2756.0,1964,16108,53943760.0,2756.0,16,2755.0,6
rb1805,20170519,20170518,211643500,2756.0,1964,16108,53943760.0,2756.0,16,2755.0,6
rb1805,20170519,20170518,211644000,2756.0,1964,16108,53943760.0,2756.0,16,2755.0,6
rb1805,20170519,20170518,211646000,2756.0,1964,16108,53943760.0,2756.0,16,2755.0,6
rb1805,20170519,20170518,211646500,2755.0,1966,16110,53998860.0,2756.0,16,2755.0,5
rb1805,20170519,20170518,211649500,2756.0,1970,16114,54109100.0,2756.0,14,2755.0,5
rb1805,20170519,20170518,211650000,2756.0,1970,16114,54109100.0,2756.0,12,2755.0,5
rb1805,20170519,20170518,211651000,2756.0,1982,16114,54439820.0,2756.0,6,2755.0,5
rb1805,20170519,20170518,211652500,2755.0,1984,16114,54494920.0,2756.0,6,2755.0,4
rb1805,20170519,20170518,211653000,2755.0,1986,16114,54550020.0,2756.0,6,2755.0,3
rb1805,20170519,20170518,211655500,2755.0,1986,16114,54550020.0,2756.0,6,2755.0,3
rb1805,20170519,20170518,211657000,2755.0,1986,16114,54550020.0,2756.0,6,2755.0,4
rb1805,20170519,20170518,211659000,2755.0,1986,16114,54550020.0,2756.0,6,2755.0,4
rb1805,20170519,20170518,211700000,2755.0,1988,16114,54605120.0,2756.0,6,2755.0,3
rb1805,20170519,20170518,211701000,2755.0,1990,16114,54660220.0,2756.0,6,2755.0,2
rb1805,20170519,20170518,211702000,2760.0,2080,16182,57142880.0,2761.0,1,2760.0,5
rb1805,20170519,20170518,211702500,2760.0,2090,16182,57418880.0,2760.0,1,2755.0,2
rb1805,20170519,20170518,211703000,2760.0,2090,16182,57418880.0,2760.0,1,2755.0,7
rb1805,20170519,20170518,211704000,2760.0,2090,16182,57418880.0,2757.0,1,2755.0,7
rb1805,20170519,20170518,211704500,2755.0,2094,16184,57529080.0,2757.0,1,2755.0,5
rb1805,20170519,20170518,211705000,2755.0,2094,16184,57529080.0,2757.0,1,2755.0,6
rb1805,20170519,20170518,211705500,2755.0,2094,16184,57529080.0,2757.0,1,2755.0,5
rb1805,20170519,20170518,211706000,2755.0,2094,16184,57529080.0,2757.0,1,2755.0,5
rb1805,20170519,20170518,211706500,2755.0,2094,16184,57529080.0,2757.0,1,2756.0,14
rb1805,20170519,20170518,211709500,2755.0,2094,16184,57529080.0,2757.0,1,2756.0,14
rb1805,20170519,20170518,211710000,2756.0,2096,16184,57584200.0,2757.0,1,2756.0,13
rb1805,20170519,20170518,211710500,2756.0,2110,16184,57970040.0,2757.0,1,2756.0,6
rb1805,20170519,20170518,211711000,2756.0,2110,16184,57970040.0,2758.0,2,2756.0,6
rb1805,20170519,20170518,211711500,2756.0,2110,16184,57970040.0,2758.0,2,2756.0,6
rb1805,20170519,20170518,211712000,2756.0,2110,16184,57970040.0,2757.0,1,2756.0,6
rb1805,20170519,20170518,211713000,2756.0,2112,16184,58025160.0,2757.0,1,2756.0,5
rb1805,20170519,20170518,211713500,2756.0,2122,16184,58300760.0,2757.0,2,2755.0,5
rb1805,20170519,20170518,211714000,2756.0,2122,16184,58300760.0,2756.0,1,2755.0,5
rb1805,20170519,20170518,211714500,2756.0,2122,16184,58300760.0,2756.0,11,2754.0,5
rb1805,20170519,20170518,211715000,2756.0,2122,16184,58300760.0,2756.0,11,2754.0,5
rb1805,20170519,20170518,211715500,2756.0,2122,16184,58300760.0,2756.0,11,2754.0,5
rb1805,20170519,20170518,211716000,2756.0,2122,16184,58300760.0,2756.0,11,2754.0,5
rb1805,20170519,20170518,211716500,2756.0,2122,16184,58300760.0,2756.0,12,2753.0,13
rb1805,20170519,20170518,211717500,2756.0,2122,16184,58300760.0,2756.0,12,2753.0,13
rb1805,20170519,20170518,211718000,2756.0,2122,16184,58300760.0,2756.0,12,2754.0,5
rb1805,20170519,20170518,211718500,2756.0,2122,16184,58300760.0,2756.0,12,2754.0,5
rb1805,20170519,20170518,211719000,2756.0,2122,16184,58300760.0,2756.0,12,2753.0,18
rb1805,20170519,20170518,211719500,2756.0,2122,16184,58300760.0,2756.0,12,2754.0,5
rb1805,20170519,20170518,211720500,2756.0,2124,16186,58355880.0,2756.0,11,2754.0,5
rb1805,20170519,20170518,211722000,2760.0,2224,16236,61114560.0,2760.0,14,2754.0,5
rb1805,20170519,20170518,211722500,2760.0,2224,16236,61114560.0,2756.0,1,2754.0,10
rb1805,20170519,20170518,211724000,2760.0,2224,16236,61114560.0,2756.0,1,2755.0,11
rb1805,20170519,20170518,211724500,2760.0,2224,16236,61114560.0,2760.0,14,2756.0,1
rb1805,20170519,20170518,211725000,2756.0,2226,16236,61169680.0,2757.0,1,2756.0,5
rb1805,20170519,20170518,211725500,2756.0,2226,16236,61169680.0,2757.0,1,2755.0,12
rb1805,20170519,20170518,211726000,2756.0,2226,16236,61169680.0,2757.0,1,2755.0,12
rb1805,20170519,20170518,211726500,2756.0,2226,16236,61169680.0,2757.0,1,2755.0,12
rb1805,20170519,20170518,211727000,2756.0,2226,16236,61169680.0,2757.0,1,2756.0,1
rb1805,20170519,20170518,211727500,2756.0,2228,16236,61224800.0,2757.0,1,2755.0,12
rb1805,20170519,20170518,211728000,2756.0,2228,16236,61224800.0,2757.0,1,2755.0,12
rb1805,20170519,20170518,211729000,2756.0,2228,16236,61224800.0,2757.0,1,2755.0,12
rb1805,20170519,20170518,211730500,2756.0,2228,16236,61224800.0,2757.0,1,2755.0,12
rb1805,20170519,20170518,211731000,2756.0,2228,16236,61224800.0,2757.0,1,2755.0,12
rb1805,20170519,20170518,211731500,2756.0,2228,16236,61224800.0,2757.0,1,2755.0,13
rb1805,20170519,20170518,211732000,2756.0,2228,16236,61224800.0,2757.0,1,2755.0,13
rb1805,20170519,20170518,211733500,2756.0,2228,16236,61224800.0,2757.0,1,2756.0,2
rb1805,20170519,20170518,211734000,2756.0,2232,16240,61335040.0,2757.0,1,2755.0,13
rb1805,20170519,20170518,211737000,2756.0,2232,16240,61335040.0,2757.0,1,2755.0,13
rb1805,20170519,20170518,211737500,2756.0,2232,16240,61335040.0,2757.0,1,2755.0,13
rb1805,20170519,20170518,211740000,2756.0,2232,16240,61335040.0,2757.0,3,2755.0,13
rb1805,20170519,20170518,211741000,2756.0,2232,16240,61335040.0,2757.0,3,2755.0,18
rb1805,20170519,20170518,211741500,2757.0,2238,16244,61500460.0,2758.0,7,2755.0,18
rb1805,20170519,20170518,211742500,2757.0,2238,16244,61500460.0,2758.0,7,2755.0,18
rb1805,20170519,20170518,211743000,2757.0,2238,16244,61500460.0,2758.0,7,2756.0,5
rb1805,20170519,20170518,211743500,2756.0,2250,16246,61831180.0,2757.0,1,2755.0,18
rb1805,20170519,20170518,211745000,2756.0,2250,16246,61831180.0,2757.0,1,2755.0,18
rb1805,20170519,20170518,211746000,2756.0,2250,16246,61831180.0,2757.0,1,2755.0,18
rb1805,20170519,20170518,211746500,2755.0,2260,16246,62106680.0,2757.0,1,2755.0,13
rb1805,20170519,20170518,211749000,2755.0,2260,16246,62106680.0,2757.0,1,2755.0,13
rb1805,20170519,20170518,211750500,2755.0,2260,16246,62106680.0,2757.0,1,2755.0,8
rb1805,20170519,20170518,211751000,2755.0,2260,16246,62106680.0,2756.0,1,2755.0,8
rb1805,20170519,20170518,211751500,2755.0,2262,16246,62161780.0,2756.0,1,2755.0,7
rb1805,20170519,20170518,211754500,2755.0,2262,16246,62161780.0,2757.0,1,2755.0,7
rb1805,20170519,20170518,211756000,2755.0,2262,16246,62161780.0,2757.0,1,2755.0,7
rb1805,20170519,20170518,211757500,2755.0,2262,16246,62161780.0,2757.0,1,2755.0,12
rb1805,20170519,20170518,211758000,2755.0,2262,16246,62161780.0,2758.0,7,2755.0,12
rb1805,20170519,20170518,211759500,2755.0,2262,16246,62161780.0,2758.0,7,2755.0,12
rb1805,20170519,20170518,211801500,2755.0,2262,16246,62161780.0,2758.0,7,2755.0,12
rb1805,20170519,20170518,211804500,2755.0,2262,16246,62161780.0,2758.0,7,2755.0,12
rb1805,20170519,20170518,211806000,2755.0,2262,16246,62161780.0,2758.0,7,2755.0,12
rb1805,20170519,20170518,211807000,2760.0,2342,16322,64368820.0,2760.0,27,2755.0,12
rb1805,20170519,20170518,211807500,2760.0,2342,16322,64368820.0,2760.0,26,2755.0,12
rb1805,20170519,20170518,211808000,2760.0,2342,16322,64368820.0,2760.0,26,2756.0,3
rb1805,20170519,20170518,211808500,2760.0,2342,16322,64368820.0,2758.0,1,2756.0,8
rb1805,20170519,20170518,211810000,2760.0,2342,16322,64368820.0,2758.0,1,2756.0,8
rb1805,20170519,20170518,211810500,2760.0,2342,16322,64368820.0,2758.0,1,2756.0,22
rb1805,20170519,20170518,211812500,2760.0,2342,16322,64368820.0,2758.0,1,2756.0,22
rb1805,20170519,20170518,211813000,2760.0,2342,16322,64368820.0,2758.0,1,2756.0,19
rb1805,20170519,20170518,211813500,2760.0,2342,16322,64368820.0,2758.0,1,2756.0,20
rb1805,20170519,20170518,211814000,2760.0,2342,16322,64368820.0,2758.0,1,2756.0,20
rb1805,20170519,20170518,211814500,2760.0,2342,16322,64368820.0,2758.0,1,2756.0,19
rb1805,20170519,20170518,211815000,2760.0,2342,16322,64368820.0,2759.0,1,2756.0,19
rb1805,20170519,20170518,211815500,2760.0,2342,16322,64368820.0,2759.0,1,2756.0,19
rb1805,20170519,20170518,211816000,2760.0,2342,16322,64368820.0,2759.0,1,2756.0,19
rb1805,20170519,20170518,211817000,2760.0,2342,16322,64368820.0,2759.0,6,2756.0,19
rb1805,20170519,20170518,211818500,2760.0,2342,16322,64368820.0,2759.0,6,2757.0,4
rb1805,20170519,20170518,211819000,2760.0,2342,16322,64368820.0,2759.0,6,2758.0,1
rb1805,20170519,20170518,211819500,2758.0,2344,16324,64423980.0,2758.0,1,2757.0,4
rb1805,20170519,20170518,211820000,2757.0,2352,16324,64644540.0,2757.0,1,2756.0,19
rb1805,20170519,20170518,211820500,2757.0,2396,16332,65857240.0,2759.0,6,2757.0,1
rb1805,20170519,20170518,211821000,2757.0,2398,16332,65912380.0,2758.0,5,2755.0,12
rb1805,20170519,20170518,211821500,2757.0,2398,16332,65912380.0,2758.0,8,2755.0,12
rb1805,20170519,20170518,211822000,2758.0,2400,16332,65967540.0,2758.0,7,2755.0,12
rb1805,20170519,20170518,211823000,2758.0,2400,16332,65967540.0,2758.0,12,2756.0,6
rb1805,20170519,20170518,211823500,2756.0,2412,16332,66298260.0,2758.0,12,2755.0,12
rb1805,20170519,20170518,211824000,2756.0,2412,16332,66298260.0,2758.0,11,2756.0,5
rb1805,20170519,20170518,211824500,2756.0,2412,16332,66298260.0,2758.0,7,2756.0,5
rb1805,20170519,20170518,211826500,2756.0,2422,16332,66573860.0,2758.0,12,2755.0,12
rb1805,20170519,20170518,211827000,2756.0,2422,16332,66573860.0,2758.0,17,2756.0,1
rb1805,20170519,20170518,211828000,2756.0,2422,16332,66573860.0,2758.0,17,2756.0,1
rb1805,20170519,20170518,211828500,2756.0,2422,16332,66573860.0,2758.0,17,2756.0,1
rb1805,20170519,20170518,211829000,2756.0,2422,16332,66573860.0,2758.0,17,2756.0,1
rb1805,20170519,20170518,211830000,2756.0,2424,16332,66628980.0,2758.0,17,2755.0,12
rb1805,20170519,20170518,211830500,2756.0,2424,16332,66628980.0,2758.0,17,2755.0,7
rb1805,20170519,20170518,211831000,2756.0,2424,16332,66628980.0,2758.0,17,2755.0,7
rb1805,20170519,20170518,211832000,2758.0,2440,16348,67070260.0,2758.0,9,2755.0,7
rb1805,20170519,20170518,211832500,2758.0,2440,16348,67070260.0,2758.0,10,2755.0,9
rb1805,20170519,20170518,211833000,2758.0,2440,16348,67070260.0,2758.0,10,2755.0,9
rb1805,20170519,20170518,211833500,2758.0,2440,16348,67070260.0,2758.0,10,2755.0,9
rb1805,20170519,20170518,211834000,2758.0,2440,16348,67070260.0,2758.0,10,2755.0,9
rb1805,20170519,20170518,211837000,2758.0,2440,16348,67070260.0,2758.0,10,2755.0,9
rb1805,20170519,20170518,211837500,2758.0,2440,16348,67070260.0,2758.0,10,2755.0,9
rb1805,20170519,20170518,211838500,2758.0,2440,16348,67070260.0,2757.0,1,2755.0,9
rb1805,20170519,20170518,211841000,2758.0,2440,16348,67070260.0,2758.0,10,2755.0,9
rb1805,20170519,20170518,211842000,2758.0,2440,16348,67070260.0,2758.0,15,2755.0,9
rb1805,20170519,20170518,211843500,2758.0,2440,16348,67070260.0,2758.0,15,2755.0,9
rb1805,20170519,20170518,211844500,2758.0,2440,16348,67070260.0,2758.0,15,2755.0,7
rb1805,20170519,20170518,211845000,2755.0,2442,16348,67125360.0,2758.0,15,2755.0,6
rb1805,20170519,20170518,211845500,2755.0,2442,16348,67125360.0,2758.0,15,2755.0,6
rb1805,20170519,20170518,211847000,2758.0,2444,16350,67180520.0,2758.0,14,2755.0,6
rb1805,20170519,20170518,211847500,2758.0,2444,16350,67180520.0,2758.0,14,2755.0,6
rb1805,20170519,20170518,211850000,2758.0,2444,16350,67180520.0,2758.0,14,2755.0,8
rb1805,20170519,20170518,211851000,2758.0,2444,16350,67180520.0,2758.0,15,2755.0,8
rb1805,20170519,20170518,211853000,2758.0,2444,16350,67180520.0,2758.0,15,2755.0,8
rb1805,20170519,20170518,211855500,2758.0,2444,16350,67180520.0,2757.0,1,2755.0,8
rb1805,20170519,20170518,211857000,2758.0,2444,16350,67180520.0,2757.0,11,2755.0,8
rb1805,20170519,20170518,211858000,2758.0,2458,16364,67566640.0,2757.0,4,2755.0,8
rb1805,20170519,20170518,211858500,2758.0,2458,16364,67566640.0,2757.0,9,2755.0,8
rb1805,20170519,20170518,211859000,2758.0,2458,16364,67566640.0,2757.0,9,2756.0,1
rb1805,20170519,20170518,211859500,2756.0,2460,16364,67621760.0,2757.0,9,2755.0,8
rb1805,20170519,20170518,211902500,2757.0,2462,16366,67676900.0,2757.0,8,2755.0,8
rb1805,20170519,20170518,211903000,2757.0,2462,16366,67676900.0,2757.0,8,2756.0,1
rb1805,20170519,20170518,211903500,2756.0,2464,16368,67732020.0,2757.0,3,2755.0,8
rb1805,20170519,20170518,211904500,2756.0,2464,16368,67732020.0,2757.0,3,2755.0,9
rb1805,20170519,20170518,211905000,2756.0,2464,16368,67732020.0,2757.0,8,2755.0,9
rb1805,20170519,20170518,211905500,2756.0,2464,16368,67732020.0,2757.0,8,2755.0,7
rb1805,20170519,20170518,211906500,2756.0,2464,16368,67732020.0,2757.0,8,2755.0,7
rb1805,20170519,20170518,211907500,2755.0,2466,16368,67787120.0,2757.0,8,2755.0,6
rb1805,20170519,20170518,211908500,2755.0,2478,16372,68117720.0,2757.0,8,2754.0,5
rb1805,20170519,20170518,211910000,2755.0,2478,16372,68117720.0,2756.0,1,2754.0,5
rb1805,20170519,20170518,211910500,2755.0,2478,16372,68117720.0,2756.0,1,2755.0,1
rb1805,20170519,20170518,211911000,2755.0,2480,16374,68172820.0,2756.0,1,2754.0,5
rb1805,20170519,20170518,211911500,2755.0,2480,16374,68172820.0,2756.0,6,2754.0,6
rb1805,20170519,20170518,211912000,2755.0,2480,16374,68172820.0,2756.0,6,2754.0,1
rb1805,20170519,20170518,211912500,2755.0,2480,16374,68172820.0,2756.0,6,2754.0,1
rb1805,20170519,20170518,211917000,2755.0,2480,16374,68172820.0,2756.0,1,2754.0,3
rb1805,20170519,20170518,211917500,2756.0,2482,16376,68227940.0,2757.0,8,2754.0,3
rb1805,20170519,20170518,211918000,2756.0,2482,16376,68227940.0,2757.0,8,2756.0,5
rb1805,20170519,20170518,211918500,2756.0,2492,16386,68503540.0,2757.0,3,2754.0,3
rb1805,20170519,20170518,211919000,2756.0,2492,16386,68503540.0,2757.0,8,2754.0,3
rb1805,20170519,20170518,211922000,2754.0,2494,16388,68558620.0,2757.0,8,2756.0,5
rb1805,20170519,20170518,211922500,2757.0,2516,16404,69164920.0,2757.0,5,2753.0,13
rb1805,20170519,20170518,211923500,2757.0,2516,16404,69164920.0,2754.0,1,2753.0,13
rb1805,20170519,20170518,211924000,2754.0,2518,16404,69220000.0,2757.0,6,2753.0,13
rb1805,20170519,20170518,211924500,2754.0,2518,16404,69220000.0,2757.0,6,2753.0,13
rb1805,20170519,20170518,211925500,2754.0,2518,16404,69220000.0,2757.0,8,2753.0,13
rb1805,20170519,20170518,211926500,2754.0,2518,16404,69220000.0,2757.0,8,2753.0,13
rb1805,20170519,20170518,211927000,2754.0,2518,16404,69220000.0,2756.0,5,2753.0,13
rb1805,20170519,20170518,211927500,2754.0,2518,16404,69220000.0,2756.0,10,2753.0,13
rb1805,20170519,20170518,211928000,2754.0,2518,16404,69220000.0,2756.0,10,2753.0,13
rb1805,20170519,20170518,211929000,2754.0,2518,16404,69220000.0,2756.0,10,2753.0,13
rb1805,20170519,20170518,211930500,2754.0,2518,16404,69220000.0,2756.0,10,2753.0,13
rb1805,20170519,20170518,211931500,2754.0,2518,16404,69220000.0,2756.0,10,2753.0,13
rb1805,20170519,20170518,211936000,2754.0,2518,16404,69220000.0,2756.0,10,2753.0,13
rb1805,20170519,20170518,211936500,2754.0,2518,16404,69220000.0,2756.0,10,2753.0,14
rb1805,20170519,20170518,211937000,2754.0,2518,16404,69220000.0,2756.0,10,2753.0,14
rb1805,20170519,20170518,211937500,2754.0,2518,16404,69220000.0,2756.0,5,2753.0,14
rb1805,20170519,20170518,211938000,2753.0,2546,16432,69990840.0,2753.0,6,2752.0,11
rb1805,20170519,20170518,211938500,2753.0,2548,16434,70045900.0,2753.0,5,2752.0,11
rb1805,20170519,20170518,211939000,2753.0,2550,16436,70100960.0,2753.0,4,2752.0,11
rb1805,20170519,20170518,211939500,2753.0,2550,16436,70100960.0,2753.0,4,2752.0,11
rb1805,20170519,20170518,211940500,2753.0,2550,16436,70100960.0,2753.0,4,2751.0,11
rb1805,20170519,20170518,211941000,2753.0,2550,16436,70100960.0,2752.0,20,2751.0,11
rb1805,20170519,20170518,211942000,2753.0,2550,16436,70100960.0,2752.0,20,2751.0,11
rb1805,20170519,20170518,211942500,2753.0,2550,16436,70100960.0,2752.0,20,2751.0,11
rb1805,20170519,20170518,211943000,2753.0,2550,16436,70100960.0,2752.0,20,2751.0,11
rb1805,20170519,20170518,211944000,2752.0,2560,16436,70376160.0,2752.0,15,2751.0,11
rb1805,20170519,20170518,211945500,2752.0,2560,16436,70376160.0,2752.0,15,2751.0,12
rb1805,20170519,20170518,211946500,2752.0,2560,16436,70376160.0,2752.0,15,2751.0,12
rb1805,20170519,20170518,211947500,2752.0,2562,16436,70431200.0,2752.0,14,2751.0,12
rb1805,20170519,20170518,211949500,2752.0,2564,16436,70486240.0,2752.0,13,2751.0,12
rb1805,20170519,20170518,211951500,2752.0,2564,16436,70486240.0,2752.0,13,2751.0,12
rb1805,20170519,20170518,211953000,2752.0,2564,16436,70486240.0,2752.0,13,2751.0,12
rb1805,20170519,20170518,211955000,2752.0,2564,16436,70486240.0,2752.0,14,2751.0,13
rb1805,20170519,20170518,211956000,2751.0,2566,16438,70541260.0,2752.0,14,2751.0,12
rb1805,20170519,20170518,211957000,2752.0,2568,16436,70596300.0,2752.0,13,2751.0,12
rb1805,20170519,20170518,211958500,2752.0,2568,16436,70596300.0,2752.0,13,2751.0,12
rb1805,20170519,20170518,212000000,2752.0,2568,16436,70596300.0,2752.0,13,2751.0,14
rb1805,20170519,20170518,212002000,2752.0,2568,16436,70596300.0,2752.0,13,2751.0,14
rb1805,20170519,20170518,212002500,2752.0,2568,16436,70596300.0,2752.0,18,2751.0,15
rb1805,20170519,20170518,212004000,2751.0,2580,16438,70926420.0,2752.0,18,2751.0,9
rb1805,20170519,20170518,212005000,2751.0,2582,16440,70981440.0,2752.0,18,2751.0,8
rb1805,20170519,20170518,212008500,2751.0,2582,16440,70981440.0,2752.0,18,2751.0,8
rb1805,20170519,20170518,212009000,2751.0,2582,16440,70981440.0,2752.0,13,2751.0,8
rb1805,20170519,20170518,212009500,2751.0,2582,16440,70981440.0,2752.0,13,2751.0,12
rb1805,20170519,20170518,212010000,2751.0,2584,16442,71036460.0,2752.0,13,2751.0,11
rb1805,20170519,20170518,212010500,2751.0,2584,16442,71036460.0,2752.0,13,2751.0,11
rb1805,20170519,20170518,212011000,2751.0,2584,16442,71036460.0,2752.0,13,2751.0,12
rb1805,20170519,20170518,212012500,2751.0,2584,16442,71036460.0,2752.0,18,2751.0,7
rb1805,20170519,20170518,212013000,2751.0,2584,16442,71036460.0,2752.0,13,2751.0,7
rb1805,20170519,20170518,212013500,2752.0,2586,16442,71091500.0,2752.0,12,2751.0,7
rb1805,20170519,20170518,212014000,2752.0,2590,16442,71201580.0,2752.0,10,2751.0,7
rb1805,20170519,20170518,212016500,2752.0,2590,16442,71201580.0,2752.0,10,2751.0,7
rb1805,20170519,20170518,212017500,2752.0,2590,16442,71201580.0,2752.0,10,2751.0,7
rb1805,20170519,20170518,212019000,2752.0,2590,16442,71201580.0,2752.0,10,2751.0,7
rb1805,20170519,20170518,212020000,2752.0,2590,16442,71201580.0,2752.0,15,2751.0,7
rb1805,20170519,20170518,212020500,2751.0,2592,16444,71256600.0,2752.0,15,2751.0,6
rb1805,20170519,20170518,212023500,2751.0,2592,16444,71256600.0,2752.0,10,2751.0,6
rb1805,20170519,20170518,212026000,2751.0,2592,16444,71256600.0,2752.0,10,2751.0,6
rb1805,20170519,20170518,212027000,2751.0,2592,16444,71256600.0,2752.0,10,2751.0,6
rb1805,20170519,20170518,212028500,2751.0,2592,16444,71256600.0,2752.0,10,2751.0,7
rb1805,20170519,20170518,212031000,2752.0,2612,16446,71807000.0,2753.0,4,2752.0,20
rb1805,20170519,20170518,212032500,2753.0,2614,16446,71862060.0,2753.0,3,2752.0,20
rb1805,20170519,20170518,212034000,2753.0,2614,16446,71862060.0,2753.0,3,2752.0,22
rb1805,20170519,20170518,212035000,2753.0,2620,16452,72027240.0,2756.0,7,2754.0,17
rb1805,20170519,20170518,212035500,2754.0,2654,16474,72963600.0,2754.0,1,2752.0,2
rb1805,20170519,20170518,212036000,2754.0,2654,16474,72963600.0,2754.0,1,2752.0,7
rb1805,20170519,20170518,212036500,2754.0,2654,16474,72963600.0,2754.0,1,2752.0,7
