instrument,tradingday,calendarday,time,lastp,volume,openinterest,turnover,ask1,asksz1,bid1,bidsz1
rb1805,20170807,20170804,183549500,3655.0,0,128560,0.0,0.0,0,0.0,0
rb1805,20170807,20170804,205900500,3660.0,26,128552,951600.0,3661.0,2,3660.0,7
rb1805,20170807,20170804,210000500,3660.0,44,128552,1610400.0,3659.0,1,3657.0,1
rb1805,20170807,20170804,210001000,3661.0,48,128554,1756820.0,3661.0,2,3657.0,1
rb1805,20170807,20170804,210001500,3657.0,52,128554,1903100.0,3657.0,3,3655.0,6
rb1805,20170807,20170804,210002000,3655.0,68,128554,2488180.0,3661.0,3,3655.0,5
rb1805,20170807,20170804,210002500,3655.0,72,128554,2634380.0,3661.0,7,3657.0,1
rb1805,20170807,20170804,210003000,3655.0,72,128554,2634380.0,3661.0,3,3655.0,4
rb1805,20170807,20170804,210003500,3655.0,72,128554,2634380.0,3661.0,3,3656.0,3
rb1805,20170807,20170804,210004000,3661.0,82,128558,3000480.0,3661.0,2,3656.0,10
rb1805,20170807,20170804,210004500,3661.0,82,128558,3000480.0,3661.0,2,3656.0,7
rb1805,20170807,20170804,210005000,3661.0,82,128558,3000480.0,3661.0,2,3656.0,9
rb1805,20170807,20170804,210005500,3661.0,84,128558,3073700.0,3662.0,2,3656.0,2
rb1805,20170807,20170804,210006000,3661.0,84,128558,3073700.0,3661.0,3,3657.0,8
rb1805,20170807,20170804,210006500,3661.0,96,128570,3513060.0,3664.0,20,3657.0,5
rb1805,20170807,20170804,210007000,3661.0,98,128570,3586280.0,3664.0,20,3657.0,5
rb1805,20170807,20170804,210007500,3661.0,98,128570,3586280.0,3664.0,20,3662.0,1
rb1805,20170807,20170804,210008000,3661.0,98,128570,3586280.0,3664.0,20,3662.0,1
rb1805,20170807,20170804,210008500,3661.0,98,128570,3586280.0,3664.0,20,3662.0,1
rb1805,20170807,20170804,210009000,3662.0,100,128572,3659520.0,3662.0,2,3661.0,1
rb1805,20170807,20170804,210009500,3664.0,144,128568,5271320.0,3660.0,5,3657.0,1
rb1805,20170807,20170804,210010000,3660.0,162,128574,5930120.0,3660.0,1,3658.0,5
rb1805,20170807,20170804,210010500,3659.0,168,128576,6149700.0,3660.0,2,3659.0,3
rb1805,20170807,20170804,210011000,3660.0,172,128576,6296100.0,3661.0,3,3660.0,8
rb1805,20170807,20170804,210011500,3661.0,184,128564,6735420.0,3664.0,1,3661.0,1
rb1805,20170807,20170804,210012000,3661.0,186,128562,6808640.0,3664.0,2,3661.0,2
rb1805,20170807,20170804,210012500,3661.0,186,128562,6808640.0,3663.0,4,3661.0,3
rb1805,20170807,20170804,210013000,3663.0,196,128564,7174940.0,3664.0,2,3663.0,3
rb1805,20170807,20170804,210013500,3664.0,202,128566,7394760.0,3665.0,2002,3664.0,3
rb1805,20170807,20170804,210014000,3665.0,206,128566,7541360.0,3665.0,2021,3664.0,3
rb1805,20170807,20170804,210014500,3664.0,212,128560,7761200.0,3665.0,2024,3662.0,3
rb1805,20170807,20170804,210015000,3663.0,214,128560,7834460.0,3665.0,2020,3663.0,6
rb1805,20170807,20170804,210015500,3663.0,214,128560,7834460.0,3665.0,2022,3663.0,7
rb1805,20170807,20170804,210016000,3665.0,260,128560,9520360.0,3665.0,1999,3663.0,6
rb1805,20170807,20170804,210016500,3665.0,260,128560,9520360.0,3665.0,1999,3663.0,7
rb1805,20170807,20170804,210017000,3665.0,260,128560,9520360.0,3665.0,1999,3663.0,7
rb1805,20170807,20170804,210017500,3665.0,260,128560,9520360.0,3665.0,1999,3663.0,6
rb1805,20170807,20170804,210018000,3665.0,264,128558,9666960.0,3665.0,1997,3664.0,1
rb1805,20170807,20170804,210018500,3665.0,264,128558,9666960.0,3665.0,1997,3663.0,7
rb1805,20170807,20170804,210019000,3665.0,264,128558,9666960.0,3665.0,1997,3663.0,7
rb1805,20170807,20170804,210019500,3665.0,264,128558,9666960.0,3665.0,1997,3663.0,8
rb1805,20170807,20170804,210020000,3665.0,264,128558,9666960.0,3665.0,1997,3663.0,8
rb1805,20170807,20170804,210020500,3665.0,264,128558,9666960.0,3665.0,1997,3663.0,7
rb1805,20170807,20170804,210021000,3665.0,264,128558,9666960.0,3665.0,1997,3663.0,7
rb1805,20170807,20170804,210021500,3665.0,264,128558,9666960.0,3665.0,1997,3663.0,9
rb1805,20170807,20170804,210022000,3665.0,284,128558,10399960.0,3665.0,1987,3663.0,9
rb1805,20170807,20170804,210022500,3663.0,288,128562,10546480.0,3664.0,1,3663.0,7
rb1805,20170807,20170804,210023000,3664.0,290,128560,10619760.0,3665.0,1987,3663.0,7
rb1805,20170807,20170804,210023500,3664.0,326,128564,11938480.0,3664.0,2,3662.0,3
rb1805,20170807,20170804,210024000,3664.0,326,128564,11938480.0,3664.0,2,3662.0,3
rb1805,20170807,20170804,210025500,3664.0,326,128564,11938480.0,3664.0,2,3662.0,3
rb1805,20170807,20170804,210026000,3662.0,332,128558,12158200.0,3663.0,3,3661.0,4
rb1805,20170807,20170804,210026500,3662.0,332,128558,12158200.0,3664.0,2,3661.0,4
rb1805,20170807,20170804,210027000,3662.0,332,128558,12158200.0,3663.0,4,3661.0,4
rb1805,20170807,20170804,210027500,3662.0,332,128558,12158200.0,3663.0,4,3661.0,4
rb1805,20170807,20170804,210028000,3662.0,332,128558,12158200.0,3663.0,4,3661.0,4
rb1805,20170807,20170804,210028500,3663.0,334,128558,12231460.0,3663.0,3,3662.0,1
rb1805,20170807,20170804,210029000,3663.0,340,128552,12451240.0,3664.0,3,3663.0,2
rb1805,20170807,20170804,210029500,3663.0,344,128556,12597760.0,3663.0,6,3662.0,1
rb1805,20170807,20170804,210030000,3663.0,344,128556,12597760.0,3663.0,2,3662.0,1
rb1805,20170807,20170804,210030500,3663.0,346,128556,12671020.0,3664.0,9,3663.0,5
rb1805,20170807,20170804,210031000,3663.0,356,128566,13037320.0,3663.0,10,3662.0,1
rb1805,20170807,20170804,210031500,3662.0,358,128568,13110560.0,3664.0,11,3661.0,4
rb1805,20170807,20170804,210032000,3662.0,358,128568,13110560.0,3664.0,11,3663.0,2
rb1805,20170807,20170804,210032500,3663.0,362,128572,13257080.0,3663.0,5,3661.0,7
rb1805,20170807,20170804,210033000,3663.0,362,128572,13257080.0,3663.0,3,3662.0,1
rb1805,20170807,20170804,210033500,3662.0,364,128574,13330320.0,3662.0,1,3661.0,6
rb1805,20170807,20170804,210034000,3662.0,364,128574,13330320.0,3662.0,1,3661.0,6
rb1805,20170807,20170804,210034500,3662.0,366,128576,13403560.0,3663.0,1,3661.0,6
rb1805,20170807,20170804,210035000,3663.0,368,128574,13476820.0,3664.0,12,3661.0,6
rb1805,20170807,20170804,210035500,3663.0,368,128574,13476820.0,3664.0,17,3661.0,6
rb1805,20170807,20170804,210036000,3662.0,376,128582,13769780.0,3664.0,17,3662.0,2
rb1805,20170807,20170804,210036500,3662.0,380,128586,13916260.0,3664.0,17,3661.0,6
rb1805,20170807,20170804,210037000,3662.0,380,128586,13916260.0,3663.0,6,3661.0,6
rb1805,20170807,20170804,210037500,3662.0,380,128586,13916260.0,3663.0,6,3661.0,6
rb1805,20170807,20170804,210038000,3662.0,380,128586,13916260.0,3663.0,6,3661.0,6
rb1805,20170807,20170804,210038500,3662.0,380,128586,13916260.0,3663.0,6,3661.0,7
rb1805,20170807,20170804,210039000,3663.0,388,128586,14209300.0,3663.0,2,3661.0,7
rb1805,20170807,20170804,210039500,3663.0,388,128586,14209300.0,3663.0,2,3661.0,7
rb1805,20170807,20170804,210040000,3663.0,392,128582,14355820.0,3664.0,16,3663.0,6
rb1805,20170807,20170804,210040500,3663.0,394,128582,14429080.0,3664.0,21,3663.0,5
rb1805,20170807,20170804,210041000,3663.0,394,128582,14429080.0,3664.0,21,3663.0,5
rb1805,20170807,20170804,210041500,3663.0,398,128582,14575600.0,3664.0,21,3663.0,3
rb1805,20170807,20170804,210042000,3663.0,404,128576,14795380.0,3662.0,2,3661.0,6
rb1805,20170807,20170804,210042500,3663.0,404,128576,14795380.0,3662.0,2,3661.0,6
rb1805,20170807,20170804,210043000,3662.0,408,128572,14941860.0,3663.0,1,3662.0,4
rb1805,20170807,20170804,210043500,3662.0,416,128572,15234820.0,3663.0,7,3661.0,6
rb1805,20170807,20170804,210044000,3661.0,422,128566,15454480.0,3662.0,3,3661.0,3
rb1805,20170807,20170804,210044500,3661.0,428,128570,15674140.0,3662.0,2,3660.0,4
rb1805,20170807,20170804,210045000,3660.0,434,128574,15893740.0,3661.0,5,3660.0,1
rb1805,20170807,20170804,210045500,3660.0,436,128576,15966940.0,3661.0,5,3659.0,5
rb1805,20170807,20170804,210046000,3661.0,440,128576,16113380.0,3661.0,3,3659.0,5
rb1805,20170807,20170804,210046500,3659.0,444,128574,16259780.0,3660.0,3,3659.0,5
rb1805,20170807,20170804,210047000,3659.0,444,128574,16259780.0,3663.0,8,3659.0,4
rb1805,20170807,20170804,210047500,3659.0,444,128574,16259780.0,3662.0,3,3659.0,2
rb1805,20170807,20170804,210048000,3659.0,446,128574,16332960.0,3662.0,9,3659.0,1
rb1805,20170807,20170804,210048500,3659.0,446,128574,16332960.0,3662.0,6,3660.0,1
rb1805,20170807,20170804,210049000,3659.0,446,128574,16332960.0,3662.0,4,3660.0,1
rb1805,20170807,20170804,210049500,3659.0,450,128576,16479320.0,3662.0,4,3658.0,5
rb1805,20170807,20170804,210050000,3659.0,450,128576,16479320.0,3662.0,4,3659.0,1
rb1805,20170807,20170804,210050500,3659.0,450,128576,16479320.0,3662.0,4,3658.0,5
rb1805,20170807,20170804,210051000,3659.0,450,128576,16479320.0,3661.0,2,3658.0,6
rb1805,20170807,20170804,210051500,3659.0,450,128576,16479320.0,3661.0,4,3659.0,6
rb1805,20170807,20170804,210052000,3659.0,450,128576,16479320.0,3661.0,2,3659.0,6
rb1805,20170807,20170804,210052500,3659.0,456,128576,16698860.0,3661.0,2,3659.0,13
rb1805,20170807,20170804,210053000,3659.0,456,128576,16698860.0,3661.0,2,3659.0,13
rb1805,20170807,20170804,210053500,3661.0,460,128572,16845300.0,3662.0,1,3661.0,2
rb1805,20170807,20170804,210054000,3661.0,462,128572,16918520.0,3662.0,1,3660.0,1
rb1805,20170807,20170804,210054500,3661.0,464,128572,16991740.0,3662.0,1,3661.0,1
rb1805,20170807,20170804,210055000,3661.0,464,128572,16991740.0,3662.0,1,3661.0,1
rb1805,20170807,20170804,210055500,3661.0,466,128574,17064960.0,3662.0,2,3659.0,14
rb1805,20170807,20170804,210056000,3661.0,466,128574,17064960.0,3662.0,2,3659.0,15
rb1805,20170807,20170804,210058000,3661.0,468,128574,17138180.0,3661.0,1,3659.0,15
rb1805,20170807,20170804,210058500,3661.0,470,128574,17211400.0,3662.0,2,3661.0,2
rb1805,20170807,20170804,210059000,3661.0,474,128574,17357840.0,3661.0,12,3659.0,12
rb1805,20170807,20170804,210059500,3661.0,474,128574,17357840.0,3661.0,12,3660.0,7
rb1805,20170807,20170804,210100000,3661.0,476,128574,17431060.0,3661.0,11,3660.0,7
rb1805,20170807,20170804,210101000,3661.0,476,128574,17431060.0,3661.0,11,3660.0,7
rb1805,20170807,20170804,210101500,3661.0,476,128574,17431060.0,3661.0,11,3660.0,7
rb1805,20170807,20170804,210102000,3661.0,482,128574,17650680.0,3661.0,10,3659.0,10
rb1805,20170807,20170804,210102500,3661.0,482,128574,17650680.0,3661.0,10,3659.0,20
rb1805,20170807,20170804,210103000,3661.0,482,128574,17650680.0,3661.0,10,3659.0,25
rb1805,20170807,20170804,210103500,3661.0,486,128574,17797120.0,3662.0,7,3661.0,7
rb1805,20170807,20170804,210104000,3661.0,486,128574,17797120.0,3661.0,1,3659.0,27
rb1805,20170807,20170804,210104500,3661.0,488,128574,17870340.0,3662.0,10,3661.0,2
rb1805,20170807,20170804,210105000,3661.0,488,128574,17870340.0,3662.0,10,3659.0,27
rb1805,20170807,20170804,210105500,3661.0,488,128574,17870340.0,3662.0,13,3660.0,3
rb1805,20170807,20170804,210106000,3661.0,488,128574,17870340.0,3662.0,13,3661.0,1
rb1805,20170807,20170804,210106500,3661.0,488,128574,17870340.0,3662.0,8,3661.0,1
rb1805,20170807,20170804,210107000,3662.0,502,128570,18383020.0,3662.0,1,3661.0,1
rb1805,20170807,20170804,210107500,3662.0,504,128570,18456260.0,3663.0,11,3662.0,3
rb1805,20170807,20170804,210108000,3662.0,504,128570,18456260.0,3663.0,8,3662.0,1
rb1805,20170807,20170804,210108500,3662.0,504,128570,18456260.0,3663.0,11,3661.0,8
rb1805,20170807,20170804,210109000,3662.0,504,128570,18456260.0,3663.0,8,3662.0,5
rb1805,20170807,20170804,210109500,3662.0,504,128570,18456260.0,3663.0,11,3661.0,8
rb1805,20170807,20170804,210110000,3662.0,504,128570,18456260.0,3663.0,11,3662.0,5
rb1805,20170807,20170804,210110500,3662.0,504,128570,18456260.0,3663.0,11,3661.0,13
rb1805,20170807,20170804,210111000,3662.0,504,128570,18456260.0,3663.0,21,3662.0,5
rb1805,20170807,20170804,210111500,3662.0,514,128580,18822460.0,3662.0,8,3661.0,6
rb1805,20170807,20170804,210112000,3662.0,530,128566,19408380.0,3663.0,21,3662.0,16
rb1805,20170807,20170804,210112500,3662.0,532,128568,19481620.0,3663.0,21,3661.0,9
rb1805,20170807,20170804,210113000,3662.0,532,128568,19481620.0,3663.0,21,3661.0,6
rb1805,20170807,20170804,210114000,3662.0,532,128568,19481620.0,3663.0,21,3661.0,6
rb1805,20170807,20170804,210114500,3662.0,532,128568,19481620.0,3663.0,19,3661.0,9
rb1805,20170807,20170804,210115000,3662.0,532,128568,19481620.0,3663.0,19,3661.0,9
rb1805,20170807,20170804,210116000,3662.0,532,128568,19481620.0,3663.0,19,3661.0,11
rb1805,20170807,20170804,210116500,3663.0,538,128570,19701400.0,3663.0,18,3662.0,12
rb1805,20170807,20170804,210117000,3663.0,574,128570,21020080.0,3664.0,69,3663.0,14
rb1805,20170807,20170804,210117500,3663.0,578,128574,21166600.0,3664.0,66,3663.0,5
rb1805,20170807,20170804,210118000,3664.0,580,128574,21239880.0,3664.0,65,3663.0,7
rb1805,20170807,20170804,210118500,3664.0,580,128574,21239880.0,3664.0,65,3663.0,7
rb1805,20170807,20170804,210119000,3664.0,590,128582,21606280.0,3664.0,60,3663.0,7
rb1805,20170807,20170804,210119500,3664.0,590,128582,21606280.0,3664.0,60,3663.0,7
rb1805,20170807,20170804,210120000,3664.0,604,128590,22119240.0,3664.0,53,3663.0,7
rb1805,20170807,20170804,210120500,3664.0,604,128590,22119240.0,3664.0,53,3663.0,5
rb1805,20170807,20170804,210121000,3664.0,604,128590,22119240.0,3664.0,53,3663.0,7
rb1805,20170807,20170804,210121500,3663.0,606,128590,22192500.0,3664.0,53,3663.0,6
rb1805,20170807,20170804,210122000,3663.0,606,128590,22192500.0,3664.0,55,3663.0,4
rb1805,20170807,20170804,210122500,3663.0,606,128590,22192500.0,3664.0,55,3663.0,14
rb1805,20170807,20170804,210123000,3663.0,610,128590,22339020.0,3664.0,55,3663.0,14
rb1805,20170807,20170804,210123500,3663.0,610,128590,22339020.0,3664.0,55,3663.0,13
rb1805,20170807,20170804,210124000,3663.0,610,128590,22339020.0,3664.0,55,3663.0,13
rb1805,20170807,20170804,210124500,3664.0,614,128590,22485560.0,3664.0,54,3663.0,14
rb1805,20170807,20170804,210125000,3664.0,614,128590,22485560.0,3664.0,54,3663.0,12
rb1805,20170807,20170804,210125500,3664.0,614,128590,22485560.0,3664.0,54,3663.0,12
rb1805,20170807,20170804,210126500,3663.0,616,128592,22558820.0,3664.0,54,3663.0,11
rb1805,20170807,20170804,210128000,3664.0,618,128590,22632100.0,3664.0,103,3663.0,11
rb1805,20170807,20170804,210128500,3663.0,640,128592,23437960.0,3663.0,19,3662.0,13
rb1805,20170807,20170804,210129000,3663.0,640,128592,23437960.0,3664.0,111,3662.0,7
rb1805,20170807,20170804,210129500,3663.0,640,128592,23437960.0,3664.0,113,3662.0,1
rb1805,20170807,20170804,210130000,3663.0,640,128592,23437960.0,3664.0,110,3662.0,8
rb1805,20170807,20170804,210130500,3663.0,640,128592,23437960.0,3664.0,105,3662.0,8
rb1805,20170807,20170804,210131000,3662.0,642,128594,23511200.0,3664.0,108,3663.0,1
rb1805,20170807,20170804,210131500,3663.0,646,128594,23657720.0,3663.0,2,3662.0,5
rb1805,20170807,20170804,210132000,3663.0,646,128594,23657720.0,3663.0,2,3662.0,6
rb1805,20170807,20170804,210132500,3663.0,648,128594,23730980.0,3663.0,1,3662.0,8
rb1805,20170807,20170804,210133000,3663.0,650,128594,23804240.0,3664.0,106,3663.0,2
rb1805,20170807,20170804,210133500,3664.0,652,128594,23877520.0,3664.0,109,3663.0,2
rb1805,20170807,20170804,210134000,3664.0,652,128594,23877520.0,3664.0,109,3663.0,2
rb1805,20170807,20170804,210134500,3663.0,656,128594,24024040.0,3664.0,109,3661.0,20
rb1805,20170807,20170804,210135000,3663.0,656,128594,24024040.0,3664.0,111,3663.0,4
rb1805,20170807,20170804,210135500,3663.0,656,128594,24024040.0,3664.0,109,3663.0,4
rb1805,20170807,20170804,210136000,3663.0,656,128594,24024040.0,3664.0,107,3663.0,4
rb1805,20170807,20170804,210136500,3663.0,656,128594,24024040.0,3664.0,109,3663.0,4
rb1805,20170807,20170804,210137000,3663.0,656,128594,24024040.0,3664.0,109,3663.0,1
rb1805,20170807,20170804,210137500,3663.0,656,128594,24024040.0,3664.0,106,3663.0,1
rb1805,20170807,20170804,210138000,3663.0,656,128594,24024040.0,3664.0,109,3663.0,1
rb1805,20170807,20170804,210138500,3663.0,658,128594,24097300.0,3663.0,1,3662.0,13
rb1805,20170807,20170804,210139000,3663.0,660,128594,24170560.0,3664.0,107,3663.0,3
rb1805,20170807,20170804,210139500,3663.0,666,128594,24390340.0,3663.0,8,3662.0,13
rb1805,20170807,20170804,210140000,3663.0,666,128594,24390340.0,3663.0,1,3662.0,13
rb1805,20170807,20170804,210140500,3663.0,666,128594,24390340.0,3663.0,1,3662.0,13
rb1805,20170807,20170804,210141000,3663.0,666,128594,24390340.0,3663.0,1,3662.0,13
rb1805,20170807,20170804,210142500,3663.0,666,128594,24390340.0,3663.0,3,3662.0,13
rb1805,20170807,20170804,210143500,3663.0,668,128596,24463600.0,3663.0,2,3662.0,13
rb1805,20170807,20170804,210144000,3663.0,668,128596,24463600.0,3663.0,4,3662.0,13
rb1805,20170807,20170804,210145500,3663.0,668,128596,24463600.0,3663.0,4,3662.0,14
rb1805,20170807,20170804,210146000,3663.0,670,128596,24536860.0,3663.0,3,3662.0,14
rb1805,20170807,20170804,210146500,3663.0,670,128596,24536860.0,3663.0,3,3662.0,14
rb1805,20170807,20170804,210147000,3663.0,670,128596,24536860.0,3663.0,3,3662.0,14
rb1805,20170807,20170804,210147500,3663.0,670,128596,24536860.0,3663.0,3,3662.0,8
rb1805,20170807,20170804,210148000,3663.0,670,128596,24536860.0,3663.0,3,3662.0,8
rb1805,20170807,20170804,210148500,3663.0,670,128596,24536860.0,3663.0,3,3662.0,8
rb1805,20170807,20170804,210149000,3663.0,670,128596,24536860.0,3663.0,3,3662.0,8
rb1805,20170807,20170804,210149500,3663.0,674,128596,24683380.0,3663.0,1,3662.0,8
rb1805,20170807,20170804,210150500,3663.0,674,128596,24683380.0,3663.0,1,3662.0,12
rb1805,20170807,20170804,210152500,3663.0,676,128596,24756640.0,3663.0,7,3662.0,12
rb1805,20170807,20170804,210153000,3663.0,676,128596,24756640.0,3663.0,10,3662.0,12
rb1805,20170807,20170804,210153500,3662.0,700,128582,25635520.0,3662.0,6,3661.0,18
rb1805,20170807,20170804,210154000,3661.0,708,128586,25928400.0,3662.0,2,3661.0,3
rb1805,20170807,20170804,210154500,3661.0,708,128586,25928400.0,3662.0,3,3661.0,3
rb1805,20170807,20170804,210155000,3661.0,708,128586,25928400.0,3662.0,3,3661.0,3
rb1805,20170807,20170804,210155500,3661.0,708,128586,25928400.0,3662.0,5,3661.0,3
rb1805,20170807,20170804,210156000,3661.0,716,128586,26221280.0,3661.0,4,3660.0,12
rb1805,20170807,20170804,210156500,3661.0,720,128586,26367720.0,3661.0,2,3660.0,12
rb1805,20170807,20170804,210157000,3661.0,720,128586,26367720.0,3661.0,2,3660.0,16
rb1805,20170807,20170804,210157500,3661.0,724,128586,26514160.0,3662.0,1,3660.0,19
rb1805,20170807,20170804,210158000,3662.0,726,128586,26587400.0,3662.0,2,3660.0,19
rb1805,20170807,20170804,210158500,3662.0,726,128586,26587400.0,3662.0,3,3660.0,24
rb1805,20170807,20170804,210159000,3660.0,728,128588,26660600.0,3662.0,3,3660.0,23
rb1805,20170807,20170804,210159500,3660.0,728,128588,26660600.0,3662.0,3,3660.0,20
rb1805,20170807,20170804,210200000,3660.0,728,128588,26660600.0,3662.0,3,3660.0,20
rb1805,20170807,20170804,210200500,3660.0,728,128588,26660600.0,3662.0,3,3660.0,22
rb1805,20170807,20170804,210201000,3660.0,728,128588,26660600.0,3662.0,3,3660.0,22
rb1805,20170807,20170804,210202000,3660.0,728,128588,26660600.0,3662.0,4,3660.0,22
rb1805,20170807,20170804,210202500,3660.0,736,128588,26953400.0,3662.0,13,3660.0,3
rb1805,20170807,20170804,210203000,3660.0,736,128588,26953400.0,3662.0,13,3660.0,5
rb1805,20170807,20170804,210203500,3660.0,736,128588,26953400.0,3662.0,10,3660.0,5
rb1805,20170807,20170804,210204000,3660.0,736,128588,26953400.0,3662.0,10,3660.0,5
rb1805,20170807,20170804,210204500,3660.0,736,128588,26953400.0,3662.0,10,3660.0,6
rb1805,20170807,20170804,210205500,3660.0,736,128588,26953400.0,3662.0,11,3660.0,6
rb1805,20170807,20170804,210207000,3660.0,736,128588,26953400.0,3662.0,5,3660.0,26
rb1805,20170807,20170804,210207500,3660.0,736,128588,26953400.0,3662.0,6,3660.0,20
rb1805,20170807,20170804,210208000,3660.0,736,128588,26953400.0,3662.0,14,3660.0,20
rb1805,20170807,20170804,210208500,3660.0,736,128588,26953400.0,3662.0,14,3660.0,15
rb1805,20170807,20170804,210209000,3660.0,736,128588,26953400.0,3662.0,14,3660.0,15
rb1805,20170807,20170804,210209500,3660.0,736,128588,26953400.0,3662.0,14,3660.0,15
rb1805,20170807,20170804,210210000,3660.0,736,128588,26953400.0,3662.0,14,3660.0,15
rb1805,20170807,20170804,210210500,3662.0,738,128588,27026640.0,3662.0,13,3660.0,15
rb1805,20170807,20170804,210212000,3662.0,738,128588,27026640.0,3662.0,13,3660.0,15
rb1805,20170807,20170804,210212500,3660.0,740,128590,27099840.0,3662.0,13,3660.0,14
rb1805,20170807,20170804,210213000,3660.0,758,128582,27758640.0,3661.0,1,3660.0,6
rb1805,20170807,20170804,210213500,3660.0,770,128592,28197840.0,3660.0,10,3659.0,11
rb1805,20170807,20170804,210214000,3659.0,792,128580,29002820.0,3660.0,2,3658.0,6
rb1805,20170807,20170804,210214500,3659.0,792,128580,29002820.0,3660.0,3,3658.0,11
rb1805,20170807,20170804,210215500,3659.0,792,128580,29002820.0,3660.0,8,3658.0,11
rb1805,20170807,20170804,210216000,3659.0,792,128580,29002820.0,3660.0,8,3658.0,11
rb1805,20170807,20170804,210216500,3659.0,792,128580,29002820.0,3660.0,7,3658.0,11
rb1805,20170807,20170804,210217000,3659.0,792,128580,29002820.0,3660.0,8,3658.0,11
rb1805,20170807,20170804,210217500,3659.0,792,128580,29002820.0,3660.0,7,3658.0,11
rb1805,20170807,20170804,210218000,3659.0,792,128580,29002820.0,3660.0,7,3658.0,5
rb1805,20170807,20170804,210218500,3659.0,792,128580,29002820.0,3660.0,11,3658.0,5
rb1805,20170807,20170804,210219000,3659.0,792,128580,29002820.0,3660.0,14,3658.0,5
rb1805,20170807,20170804,210219500,3659.0,792,128580,29002820.0,3660.0,13,3658.0,5
rb1805,20170807,20170804,210220000,3659.0,792,128580,29002820.0,3660.0,14,3658.0,5
rb1805,20170807,20170804,210220500,3658.0,796,128580,29149140.0,3660.0,14,3658.0,3
rb1805,20170807,20170804,210221000,3658.0,796,128580,29149140.0,3660.0,24,3658.0,3
rb1805,20170807,20170804,210221500,3658.0,796,128580,29149140.0,3659.0,1,3658.0,3
rb1805,20170807,20170804,210222000,3658.0,796,128580,29149140.0,3659.0,7,3658.0,4
rb1805,20170807,20170804,210222500,3658.0,800,128578,29295460.0,3659.0,7,3657.0,8
rb1805,20170807,20170804,210223000,3658.0,800,128578,29295460.0,3659.0,7,3657.0,10
rb1805,20170807,20170804,210223500,3657.0,806,128574,29514960.0,3659.0,5,3657.0,9
rb1805,20170807,20170804,210224500,3657.0,806,128574,29514960.0,3659.0,5,3657.0,9
rb1805,20170807,20170804,210225000,3657.0,808,128574,29588100.0,3659.0,6,3657.0,2
rb1805,20170807,20170804,210225500,3657.0,808,128574,29588100.0,3659.0,12,3657.0,2
rb1805,20170807,20170804,210226000,3657.0,810,128572,29661240.0,3659.0,12,3657.0,1
rb1805,20170807,20170804,210226500,3657.0,810,128572,29661240.0,3659.0,13,3657.0,1
rb1805,20170807,20170804,210227000,3658.0,812,128572,29734400.0,3659.0,13,3657.0,1
rb1805,20170807,20170804,210228000,3657.0,814,128570,29807540.0,3659.0,13,3656.0,111
rb1805,20170807,20170804,210228500,3657.0,814,128570,29807540.0,3659.0,13,3657.0,6
rb1805,20170807,20170804,210229000,3657.0,814,128570,29807540.0,3659.0,10,3657.0,8
rb1805,20170807,20170804,210229500,3657.0,814,128570,29807540.0,3659.0,10,3657.0,8
rb1805,20170807,20170804,210230000,3657.0,816,128570,29880680.0,3659.0,9,3657.0,7
rb1805,20170807,20170804,210230500,3657.0,816,128570,29880680.0,3659.0,10,3657.0,7
rb1805,20170807,20170804,210231000,3657.0,816,128570,29880680.0,3659.0,3,3657.0,16
rb1805,20170807,20170804,210231500,3657.0,816,128570,29880680.0,3660.0,21,3657.0,18
rb1805,20170807,20170804,210232000,3657.0,816,128570,29880680.0,3660.0,24,3657.0,18
rb1805,20170807,20170804,210232500,3657.0,816,128570,29880680.0,3660.0,28,3657.0,18
rb1805,20170807,20170804,210233000,3657.0,816,128570,29880680.0,3660.0,26,3657.0,15
rb1805,20170807,20170804,210233500,3657.0,816,128570,29880680.0,3659.0,1,3657.0,10
rb1805,20170807,20170804,210234000,3657.0,818,128570,29953820.0,3659.0,6,3657.0,9
rb1805,20170807,20170804,210234500,3659.0,824,128568,30173320.0,3659.0,4,3657.0,8
rb1805,20170807,20170804,210235000,3659.0,824,128568,30173320.0,3659.0,6,3657.0,8
rb1805,20170807,20170804,210235500,3659.0,828,128564,30319680.0,3659.0,4,3657.0,8
rb1805,20170807,20170804,210236500,3659.0,828,128564,30319680.0,3659.0,4,3658.0,1
rb1805,20170807,20170804,210237000,3659.0,828,128564,30319680.0,3659.0,2,3658.0,1
rb1805,20170807,20170804,210238000,3659.0,832,128560,30466040.0,3659.0,6,3658.0,1
rb1805,20170807,20170804,210238500,3659.0,844,128566,30905120.0,3659.0,1,3658.0,7
rb1805,20170807,20170804,210239000,3658.0,848,128568,31051460.0,3660.0,23,3658.0,9
rb1805,20170807,20170804,210239500,3658.0,850,128568,31124620.0,3659.0,1,3658.0,17
rb1805,20170807,20170804,210240000,3660.0,854,128568,31271000.0,3660.0,17,3659.0,5
rb1805,20170807,20170804,210240500,3660.0,854,128568,31271000.0,3660.0,18,3658.0,18
rb1805,20170807,20170804,210241000,3660.0,854,128568,31271000.0,3660.0,20,3659.0,4
rb1805,20170807,20170804,210241500,3660.0,854,128568,31271000.0,3660.0,20,3658.0,20
rb1805,20170807,20170804,210242000,3659.0,856,128570,31344180.0,3660.0,20,3659.0,4
rb1805,20170807,20170804,210242500,3659.0,856,128570,31344180.0,3660.0,33,3658.0,18
rb1805,20170807,20170804,210243000,3659.0,856,128570,31344180.0,3660.0,32,3658.0,19
rb1805,20170807,20170804,210244000,3659.0,856,128570,31344180.0,3660.0,32,3659.0,1
rb1805,20170807,20170804,210244500,3659.0,858,128570,31417360.0,3660.0,32,3658.0,20
rb1805,20170807,20170804,210245000,3659.0,858,128570,31417360.0,3660.0,32,3659.0,1
rb1805,20170807,20170804,210245500,3659.0,860,128570,31490540.0,3660.0,32,3658.0,18
rb1805,20170807,20170804,210246000,3659.0,860,128570,31490540.0,3660.0,32,3658.0,18
rb1805,20170807,20170804,210246500,3659.0,860,128570,31490540.0,3660.0,32,3658.0,18
rb1805,20170807,20170804,210247000,3659.0,860,128570,31490540.0,3660.0,57,3658.0,18
rb1805,20170807,20170804,210247500,3659.0,860,128570,31490540.0,3660.0,57,3659.0,1
rb1805,20170807,20170804,210248000,3659.0,860,128570,31490540.0,3660.0,57,3659.0,6
rb1805,20170807,20170804,210248500,3659.0,860,128570,31490540.0,3660.0,57,3659.0,15
rb1805,20170807,20170804,210249500,3659.0,860,128570,31490540.0,3660.0,57,3659.0,15
rb1805,20170807,20170804,210250000,3659.0,860,128570,31490540.0,3660.0,57,3659.0,15
rb1805,20170807,20170804,210251000,3659.0,862,128572,31563720.0,3660.0,58,3659.0,9
rb1805,20170807,20170804,210252000,3659.0,874,128574,32002800.0,3660.0,57,3659.0,3
rb1805,20170807,20170804,210253500,3659.0,878,128574,32149160.0,3660.0,59,3659.0,1
rb1805,20170807,20170804,210254000,3659.0,880,128574,32222340.0,3660.0,60,3658.0,14
rb1805,20170807,20170804,210254500,3659.0,880,128574,32222340.0,3660.0,59,3658.0,21
rb1805,20170807,20170804,210255500,3659.0,880,128574,32222340.0,3660.0,59,3658.0,21
rb1805,20170807,20170804,210256000,3659.0,880,128574,32222340.0,3660.0,60,3658.0,21
rb1805,20170807,20170804,210256500,3659.0,880,128574,32222340.0,3660.0,61,3658.0,21
rb1805,20170807,20170804,210257000,3659.0,880,128574,32222340.0,3660.0,64,3658.0,10
rb1805,20170807,20170804,210257500,3659.0,880,128574,32222340.0,3659.0,3,3658.0,10
rb1805,20170807,20170804,210258000,3659.0,880,128574,32222340.0,3659.0,3,3658.0,10
rb1805,20170807,20170804,210258500,3659.0,880,128574,32222340.0,3660.0,67,3658.0,13
rb1805,20170807,20170804,210259000,3659.0,880,128574,32222340.0,3660.0,70,3658.0,10
rb1805,20170807,20170804,210259500,3659.0,880,128574,32222340.0,3660.0,70,3658.0,10
rb1805,20170807,20170804,210300000,3660.0,882,128574,32295540.0,3660.0,70,3658.0,10
rb1805,20170807,20170804,210300500,3658.0,886,128574,32441860.0,3660.0,70,3658.0,8
rb1805,20170807,20170804,210301000,3660.0,888,128574,32515060.0,3660.0,69,3658.0,8
rb1805,20170807,20170804,210302500,3660.0,888,128574,32515060.0,3660.0,66,3658.0,8
rb1805,20170807,20170804,210303000,3660.0,888,128574,32515060.0,3660.0,66,3658.0,9
rb1805,20170807,20170804,210303500,3660.0,888,128574,32515060.0,3660.0,66,3658.0,14
rb1805,20170807,20170804,210304000,3660.0,890,128576,32588260.0,3660.0,65,3658.0,14
rb1805,20170807,20170804,210305000,3660.0,890,128576,32588260.0,3660.0,75,3658.0,14
rb1805,20170807,20170804,210305500,3658.0,894,128576,32734580.0,3660.0,78,3658.0,7
rb1805,20170807,20170804,210306000,3658.0,894,128576,32734580.0,3660.0,75,3658.0,7
rb1805,20170807,20170804,210306500,3658.0,894,128576,32734580.0,3660.0,75,3658.0,7
rb1805,20170807,20170804,210307000,3658.0,894,128576,32734580.0,3660.0,78,3658.0,7
rb1805,20170807,20170804,210307500,3658.0,894,128576,32734580.0,3660.0,77,3658.0,7
rb1805,20170807,20170804,210308000,3658.0,894,128576,32734580.0,3660.0,74,3658.0,7
rb1805,20170807,20170804,210308500,3658.0,894,128576,32734580.0,3660.0,75,3658.0,8
rb1805,20170807,20170804,210309000,3658.0,894,128576,32734580.0,3660.0,75,3658.0,8
rb1805,20170807,20170804,210309500,3658.0,894,128576,32734580.0,3660.0,75,3658.0,8
rb1805,20170807,20170804,210310000,3658.0,894,128576,32734580.0,3659.0,1,3658.0,8
rb1805,20170807,20170804,210310500,3659.0,896,128576,32807760.0,3660.0,75,3659.0,5
rb1805,20170807,20170804,210311000,3659.0,896,128576,32807760.0,3660.0,77,3658.0,8
rb1805,20170807,20170804,210311500,3659.0,896,128576,32807760.0,3660.0,76,3658.0,11
rb1805,20170807,20170804,210312000,3659.0,896,128576,32807760.0,3660.0,76,3658.0,8
rb1805,20170807,20170804,210312500,3659.0,896,128576,32807760.0,3660.0,76,3658.0,8
rb1805,20170807,20170804,210313500,3659.0,896,128576,32807760.0,3660.0,76,3658.0,9
rb1805,20170807,20170804,210314000,3658.0,898,128578,32880920.0,3660.0,76,3658.0,8
rb1805,20170807,20170804,210314500,3658.0,898,128578,32880920.0,3660.0,77,3658.0,8
rb1805,20170807,20170804,210315000,3658.0,898,128578,32880920.0,3660.0,80,3658.0,8
rb1805,20170807,20170804,210315500,3658.0,898,128578,32880920.0,3660.0,76,3658.0,8
rb1805,20170807,20170804,210316000,3658.0,908,128588,33246720.0,3660.0,81,3658.0,4
rb1805,20170807,20170804,210316500,3658.0,908,128588,33246720.0,3659.0,7,3658.0,4
rb1805,20170807,20170804,210317000,3658.0,908,128588,33246720.0,3659.0,13,3658.0,7
rb1805,20170807,20170804,210317500,3658.0,908,128588,33246720.0,3659.0,13,3658.0,7
rb1805,20170807,20170804,210318000,3658.0,908,128588,33246720.0,3659.0,13,3658.0,7
rb1805,20170807,20170804,210318500,3659.0,910,128590,33319900.0,3659.0,12,3658.0,7
rb1805,20170807,20170804,210319500,3659.0,910,128590,33319900.0,3659.0,12,3658.0,7
rb1805,20170807,20170804,210320500,3659.0,910,128590,33319900.0,3659.0,14,3658.0,7
rb1805,20170807,20170804,210321000,3659.0,910,128590,33319900.0,3659.0,15,3658.0,4
rb1805,20170807,20170804,210321500,3659.0,910,128590,33319900.0,3659.0,15,3658.0,4
rb1805,20170807,20170804,210322000,3659.0,910,128590,33319900.0,3659.0,13,3658.0,4
rb1805,20170807,20170804,210322500,3658.0,912,128590,33393060.0,3659.0,12,3658.0,8
rb1805,20170807,20170804,210323000,3658.0,912,128590,33393060.0,3659.0,13,3658.0,8
rb1805,20170807,20170804,210323500,3659.0,916,128594,33539420.0,3659.0,11,3658.0,3
rb1805,20170807,20170804,210324000,3658.0,918,128594,33612580.0,3659.0,11,3658.0,2
rb1805,20170807,20170804,210324500,3659.0,924,128594,33832120.0,3659.0,8,3658.0,7
rb1805,20170807,20170804,210325000,3658.0,934,128598,34198000.0,3659.0,3,3658.0,9
rb1805,20170807,20170804,210325500,3659.0,940,128602,34417540.0,3660.0,77,3659.0,6
rb1805,20170807,20170804,210326000,3659.0,948,128602,34710260.0,3660.0,79,3659.0,1
rb1805,20170807,20170804,210326500,3659.0,952,128604,34856620.0,3660.0,79,3659.0,3
rb1805,20170807,20170804,210327000,3659.0,954,128604,34929800.0,3660.0,81,3658.0,9
rb1805,20170807,20170804,210327500,3659.0,954,128604,34929800.0,3660.0,81,3658.0,1
rb1805,20170807,20170804,210329000,3658.0,956,128606,35002960.0,3660.0,81,3657.0,13
rb1805,20170807,20170804,210329500,3658.0,956,128606,35002960.0,3660.0,74,3658.0,20
rb1805,20170807,20170804,210330000,3660.0,962,128612,35222560.0,3660.0,71,3658.0,14
rb1805,20170807,20170804,210330500,3660.0,962,128612,35222560.0,3660.0,71,3659.0,6
rb1805,20170807,20170804,210331000,3660.0,962,128612,35222560.0,3660.0,71,3659.0,6
rb1805,20170807,20170804,210331500,3660.0,962,128612,35222560.0,3660.0,72,3659.0,6
rb1805,20170807,20170804,210332000,3660.0,962,128612,35222560.0,3660.0,72,3659.0,6
rb1805,20170807,20170804,210332500,3660.0,962,128612,35222560.0,3660.0,72,3659.0,7
rb1805,20170807,20170804,210334000,3660.0,962,128612,35222560.0,3660.0,72,3659.0,12
rb1805,20170807,20170804,210335000,3660.0,1002,128630,36686560.0,3660.0,52,3659.0,14
rb1805,20170807,20170804,210335500,3660.0,1038,128624,38004160.0,3660.0,34,3659.0,17
rb1805,20170807,20170804,210336000,3660.0,1076,128656,39394960.0,3660.0,15,3659.0,17
rb1805,20170807,20170804,210336500,3660.0,1106,128648,40492960.0,3661.0,8,3659.0,17
rb1805,20170807,20170804,210337000,3660.0,1106,128648,40492960.0,3661.0,8,3660.0,16
rb1805,20170807,20170804,210337500,3661.0,1112,128642,40712620.0,3662.0,5,3660.0,21
rb1805,20170807,20170804,210338000,3661.0,1112,128642,40712620.0,3662.0,4,3660.0,29
rb1805,20170807,20170804,210338500,3661.0,1112,128642,40712620.0,3662.0,4,3660.0,30
rb1805,20170807,20170804,210339000,3661.0,1116,128638,40859060.0,3662.0,4,3660.0,30
rb1805,20170807,20170804,210339500,3661.0,1116,128638,40859060.0,3662.0,4,3660.0,31
rb1805,20170807,20170804,210340000,3661.0,1116,128638,40859060.0,3662.0,4,3660.0,29
rb1805,20170807,20170804,210340500,3662.0,1118,128638,40932300.0,3662.0,8,3660.0,24
rb1805,20170807,20170804,210341500,3662.0,1124,128644,41152020.0,3662.0,5,3660.0,25
rb1805,20170807,20170804,210342000,3662.0,1124,128644,41152020.0,3662.0,6,3660.0,25
rb1805,20170807,20170804,210342500,3662.0,1124,128644,41152020.0,3662.0,6,3660.0,25
rb1805,20170807,20170804,210343500,3660.0,1128,128644,41298420.0,3662.0,6,3661.0,1
rb1805,20170807,20170804,210344000,3662.0,1134,128644,41518140.0,3662.0,1,3661.0,1
rb1805,20170807,20170804,210344500,3662.0,1134,128644,41518140.0,3662.0,1,3661.0,1
rb1805,20170807,20170804,210345000,3662.0,1134,128644,41518140.0,3662.0,1,3661.0,5
rb1805,20170807,20170804,210345500,3662.0,1134,128644,41518140.0,3662.0,1,3661.0,5
rb1805,20170807,20170804,210346000,3662.0,1136,128644,41591380.0,3663.0,5,3662.0,9
rb1805,20170807,20170804,210346500,3662.0,1154,128644,42250540.0,3662.0,21,3661.0,5
rb1805,20170807,20170804,210347000,3661.0,1156,128644,42323760.0,3662.0,12,3661.0,4
rb1805,20170807,20170804,210347500,3661.0,1156,128644,42323760.0,3662.0,3,3661.0,4
rb1805,20170807,20170804,210348000,3661.0,1156,128644,42323760.0,3662.0,4,3661.0,4
rb1805,20170807,20170804,210349000,3662.0,1162,128650,42543480.0,3662.0,1,3661.0,12
rb1805,20170807,20170804,210350000,3662.0,1164,128648,42616720.0,3663.0,9,3661.0,18
rb1805,20170807,20170804,210350500,3662.0,1164,128648,42616720.0,3663.0,3,3661.0,18
rb1805,20170807,20170804,210351000,3662.0,1164,128648,42616720.0,3663.0,3,3662.0,1
rb1805,20170807,20170804,210351500,3662.0,1164,128648,42616720.0,3663.0,3,3662.0,1
rb1805,20170807,20170804,210352000,3662.0,1164,128648,42616720.0,3663.0,5,3662.0,1
rb1805,20170807,20170804,210353000,3662.0,1164,128648,42616720.0,3663.0,5,3662.0,1
rb1805,20170807,20170804,210353500,3662.0,1164,128648,42616720.0,3663.0,5,3662.0,1
rb1805,20170807,20170804,210354000,3662.0,1166,128648,42689960.0,3663.0,5,3661.0,18
rb1805,20170807,20170804,210355000,3662.0,1166,128648,42689960.0,3663.0,6,3661.0,18
rb1805,20170807,20170804,210356000,3662.0,1166,128648,42689960.0,3663.0,6,3661.0,18
rb1805,20170807,20170804,210357000,3662.0,1166,128648,42689960.0,3662.0,1,3661.0,18
rb1805,20170807,20170804,210357500,3662.0,1166,128648,42689960.0,3662.0,3,3661.0,18
rb1805,20170807,20170804,210358500,3662.0,1166,128648,42689960.0,3662.0,1,3661.0,18
rb1805,20170807,20170804,210359000,3662.0,1168,128648,42763200.0,3663.0,4,3662.0,21
rb1805,20170807,20170804,210359500,3662.0,1168,128648,42763200.0,3663.0,6,3662.0,28
rb1805,20170807,20170804,210400000,3662.0,1168,128648,42763200.0,3663.0,6,3662.0,28
rb1805,20170807,20170804,210400500,3662.0,1168,128648,42763200.0,3663.0,6,3662.0,31
rb1805,20170807,20170804,210401000,3662.0,1168,128648,42763200.0,3663.0,5,3662.0,37
rb1805,20170807,20170804,210401500,3663.0,1170,128650,42836460.0,3663.0,4,3662.0,39
rb1805,20170807,20170804,210402000,3663.0,1174,128650,42982980.0,3663.0,2,3662.0,39
rb1805,20170807,20170804,210402500,3663.0,1182,128650,43276020.0,3664.0,131,3663.0,2
rb1805,20170807,20170804,210403000,3664.0,1184,128650,43349300.0,3664.0,133,3662.0,39
rb1805,20170807,20170804,210403500,3664.0,1184,128650,43349300.0,3664.0,127,3663.0,2
rb1805,20170807,20170804,210404000,3662.0,1190,128656,43569060.0,3664.0,130,3662.0,44
rb1805,20170807,20170804,210404500,3662.0,1190,128656,43569060.0,3664.0,130,3662.0,44
rb1805,20170807,20170804,210405000,3664.0,1192,128656,43642340.0,3664.0,129,3662.0,44
rb1805,20170807,20170804,210405500,3664.0,1192,128656,43642340.0,3664.0,129,3662.0,41
rb1805,20170807,20170804,210406000,3664.0,1192,128656,43642340.0,3664.0,126,3662.0,41
rb1805,20170807,20170804,210406500,3662.0,1194,128658,43715580.0,3664.0,126,3662.0,42
rb1805,20170807,20170804,210407000,3662.0,1194,128658,43715580.0,3664.0,126,3662.0,45
rb1805,20170807,20170804,210408000,3662.0,1194,128658,43715580.0,3664.0,126,3663.0,1
rb1805,20170807,20170804,210408500,3662.0,1194,128658,43715580.0,3664.0,129,3663.0,1
rb1805,20170807,20170804,210409000,3662.0,1194,128658,43715580.0,3664.0,129,3663.0,7
rb1805,20170807,20170804,210409500,3664.0,1214,128658,44448380.0,3664.0,124,3663.0,7
rb1805,20170807,20170804,210410500,3663.0,1218,128658,44594900.0,3664.0,124,3663.0,5
rb1805,20170807,20170804,210411500,3664.0,1220,128658,44668180.0,3664.0,123,3663.0,5
rb1805,20170807,20170804,210412500,3664.0,1220,128658,44668180.0,3664.0,123,3663.0,10
rb1805,20170807,20170804,210413000,3663.0,1222,128660,44741440.0,3664.0,120,3663.0,12
rb1805,20170807,20170804,210413500,3664.0,1224,128660,44814720.0,3664.0,119,3663.0,8
rb1805,20170807,20170804,210414000,3663.0,1226,128660,44887980.0,3664.0,119,3663.0,7
rb1805,20170807,20170804,210415000,3664.0,1228,128660,44961260.0,3664.0,118,3663.0,8
rb1805,20170807,20170804,210415500,3664.0,1230,128660,45034540.0,3664.0,113,3663.0,4
rb1805,20170807,20170804,210416000,3664.0,1232,128660,45107820.0,3664.0,112,3663.0,10
rb1805,20170807,20170804,210416500,3664.0,1232,128660,45107820.0,3664.0,113,3663.0,4
rb1805,20170807,20170804,210417000,3664.0,1252,128660,45840620.0,3664.0,103,3663.0,4
rb1805,20170807,20170804,210418000,3664.0,1252,128660,45840620.0,3664.0,103,3663.0,8
rb1805,20170807,20170804,210418500,3664.0,1252,128660,45840620.0,3664.0,103,3663.0,8
rb1805,20170807,20170804,210419000,3664.0,1252,128660,45840620.0,3664.0,103,3663.0,8
rb1805,20170807,20170804,210419500,3664.0,1252,128660,45840620.0,3664.0,103,3663.0,8
rb1805,20170807,20170804,210420500,3663.0,1254,128660,45913880.0,3664.0,106,3663.0,7
rb1805,20170807,20170804,210421000,3664.0,1294,128660,47379480.0,3664.0,83,3663.0,7
rb1805,20170807,20170804,210421500,3664.0,1296,128660,47452760.0,3664.0,82,3663.0,7
rb1805,20170807,20170804,210422500,3663.0,1310,128670,47965580.0,3663.0,11,3662.0,47
rb1805,20170807,20170804,210423000,3663.0,1334,128668,48844700.0,3664.0,82,3663.0,10
rb1805,20170807,20170804,210423500,3663.0,1334,128668,48844700.0,3664.0,82,3662.0,40
rb1805,20170807,20170804,210424000,3663.0,1334,128668,48844700.0,3664.0,82,3663.0,2
rb1805,20170807,20170804,210424500,3663.0,1334,128668,48844700.0,3664.0,85,3663.0,2
rb1805,20170807,20170804,210425000,3663.0,1334,128668,48844700.0,3664.0,85,3662.0,40
rb1805,20170807,20170804,210427000,3663.0,1334,128668,48844700.0,3664.0,86,3663.0,2
rb1805,20170807,20170804,210427500,3663.0,1334,128668,48844700.0,3664.0,86,3663.0,8
rb1805,20170807,20170804,210428000,3663.0,1334,128668,48844700.0,3664.0,83,3663.0,8
rb1805,20170807,20170804,210428500,3663.0,1334,128668,48844700.0,3664.0,83,3663.0,8
rb1805,20170807,20170804,210429000,3664.0,1340,128664,49064520.0,3664.0,81,3663.0,7
rb1805,20170807,20170804,210429500,3664.0,1344,128660,49211080.0,3664.0,79,3663.0,7
rb1805,20170807,20170804,210430000,3664.0,1344,128660,49211080.0,3664.0,78,3663.0,7
rb1805,20170807,20170804,210431000,3664.0,1348,128660,49357640.0,3664.0,76,3663.0,7
rb1805,20170807,20170804,210431500,3664.0,1348,128660,49357640.0,3664.0,76,3663.0,7
rb1805,20170807,20170804,210433500,3664.0,1354,128660,49577480.0,3664.0,73,3663.0,7
rb1805,20170807,20170804,210434000,3664.0,1374,128660,50310280.0,3664.0,63,3663.0,7
rb1805,20170807,20170804,210434500,3664.0,1374,128660,50310280.0,3664.0,68,3663.0,7
rb1805,20170807,20170804,210435000,3664.0,1444,128660,52875080.0,3664.0,33,3663.0,13
rb1805,20170807,20170804,210435500,3663.0,1446,128660,52948340.0,3664.0,33,3663.0,14
rb1805,20170807,20170804,210436000,3664.0,1466,128660,53681140.0,3664.0,23,3663.0,14
rb1805,20170807,20170804,210436500,3664.0,1466,128660,53681140.0,3664.0,18,3663.0,12
rb1805,20170807,20170804,210437500,3664.0,1466,128660,53681140.0,3664.0,18,3663.0,5
rb1805,20170807,20170804,210438000,3664.0,1466,128660,53681140.0,3664.0,17,3663.0,5
rb1805,20170807,20170804,210439000,3664.0,1466,128660,53681140.0,3664.0,17,3663.0,5
rb1805,20170807,20170804,210439500,3664.0,1466,128660,53681140.0,3664.0,17,3663.0,5
rb1805,20170807,20170804,210440000,3664.0,1466,128660,53681140.0,3664.0,20,3663.0,5
rb1805,20170807,20170804,210440500,3664.0,1466,128660,53681140.0,3664.0,20,3663.0,5
rb1805,20170807,20170804,210441500,3664.0,1466,128660,53681140.0,3664.0,20,3663.0,10
rb1805,20170807,20170804,210442000,3664.0,1466,128660,53681140.0,3664.0,20,3663.0,10
rb1805,20170807,20170804,210442500,3664.0,1482,128660,54267380.0,3664.0,12,3663.0,10
rb1805,20170807,20170804,210443000,3663.0,1502,128660,54999980.0,3664.0,17,3662.0,17
rb1805,20170807,20170804,210443500,3663.0,1502,128660,54999980.0,3664.0,18,3662.0,16
rb1805,20170807,20170804,210444500,3663.0,1502,128660,54999980.0,3664.0,20,3662.0,16
rb1805,20170807,20170804,210445000,3663.0,1502,128660,54999980.0,3663.0,1,3662.0,16
rb1805,20170807,20170804,210446000,3663.0,1502,128660,54999980.0,3663.0,1,3662.0,16
rb1805,20170807,20170804,210446500,3663.0,1504,128660,55073240.0,3664.0,19,3663.0,1
rb1805,20170807,20170804,210447000,3663.0,1504,128660,55073240.0,3664.0,14,3662.0,16
rb1805,20170807,20170804,210447500,3663.0,1504,128660,55073240.0,3664.0,15,3662.0,16
rb1805,20170807,20170804,210448000,3663.0,1504,128660,55073240.0,3664.0,12,3662.0,16
rb1805,20170807,20170804,210449000,3662.0,1506,128660,55146480.0,3664.0,12,3662.0,14
rb1805,20170807,20170804,210452000,3664.0,1508,128660,55219760.0,3664.0,11,3662.0,14
rb1805,20170807,20170804,210453000,3664.0,1508,128660,55219760.0,3664.0,11,3662.0,14
rb1805,20170807,20170804,210453500,3664.0,1508,128660,55219760.0,3664.0,11,3662.0,14
rb1805,20170807,20170804,210455000,3664.0,1508,128660,55219760.0,3664.0,12,3662.0,14
rb1805,20170807,20170804,210456000,3664.0,1508,128660,55219760.0,3664.0,12,3663.0,2
rb1805,20170807,20170804,210457000,3663.0,1510,128660,55293020.0,3664.0,12,3663.0,1
rb1805,20170807,20170804,210457500,3663.0,1510,128660,55293020.0,3664.0,12,3663.0,1
rb1805,20170807,20170804,210458500,3664.0,1514,128660,55439560.0,3664.0,11,3662.0,14
rb1805,20170807,20170804,210459500,3664.0,1514,128660,55439560.0,3664.0,11,3662.0,19
rb1805,20170807,20170804,210500000,3664.0,1514,128660,55439560.0,3664.0,11,3662.0,19
rb1805,20170807,20170804,210500500,3664.0,1514,128660,55439560.0,3663.0,1,3662.0,19
rb1805,20170807,20170804,210501500,3664.0,1516,128660,55512840.0,3664.0,11,3662.0,19
rb1805,20170807,20170804,210503500,3664.0,1516,128660,55512840.0,3664.0,11,3662.0,19
rb1805,20170807,20170804,210504000,3664.0,1516,128660,55512840.0,3664.0,19,3662.0,19
rb1805,20170807,20170804,210504500,3664.0,1518,128660,55586120.0,3664.0,18,3662.0,19
rb1805,20170807,20170804,210505000,3664.0,1518,128660,55586120.0,3664.0,18,3662.0,19
rb1805,20170807,20170804,210505500,3664.0,1518,128660,55586120.0,3664.0,18,3662.0,19
rb1805,20170807,20170804,210507000,3664.0,1518,128660,55586120.0,3664.0,19,3662.0,19
rb1805,20170807,20170804,210507500,3664.0,1518,128660,55586120.0,3664.0,22,3662.0,19
rb1805,20170807,20170804,210508000,3664.0,1518,128660,55586120.0,3664.0,22,3662.0,19
rb1805,20170807,20170804,210508500,3664.0,1518,128660,55586120.0,3664.0,22,3662.0,19
rb1805,20170807,20170804,210510000,3664.0,1518,128660,55586120.0,3664.0,23,3662.0,19
rb1805,20170807,20170804,210510500,3664.0,1518,128660,55586120.0,3664.0,23,3662.0,19
rb1805,20170807,20170804,210512000,3664.0,1518,128660,55586120.0,3664.0,19,3662.0,19
rb1805,20170807,20170804,210512500,3664.0,1518,128660,55586120.0,3664.0,20,3662.0,21
rb1805,20170807,20170804,210513000,3664.0,1518,128660,55586120.0,3664.0,23,3662.0,21
rb1805,20170807,20170804,210513500,3664.0,1518,128660,55586120.0,3664.0,23,3662.0,22
rb1805,20170807,20170804,210514000,3664.0,1518,128660,55586120.0,3663.0,8,3662.0,22
rb1805,20170807,20170804,210514500,3664.0,1518,128660,55586120.0,3663.0,8,3662.0,22
rb1805,20170807,20170804,210516500,3664.0,1520,128660,55659400.0,3663.0,7,3662.0,22
rb1805,20170807,20170804,210517000,3664.0,1520,128660,55659400.0,3663.0,7,3662.0,22
rb1805,20170807,20170804,210518000,3663.0,1522,128660,55732660.0,3663.0,6,3662.0,22
rb1805,20170807,20170804,210519000,3663.0,1522,128660,55732660.0,3663.0,6,3662.0,22
rb1805,20170807,20170804,210520000,3662.0,1526,128660,55879140.0,3663.0,6,3662.0,20
rb1805,20170807,20170804,210520500,3662.0,1526,128660,55879140.0,3663.0,6,3662.0,20
rb1805,20170807,20170804,210521000,3663.0,1530,128660,56025660.0,3663.0,4,3662.0,20
rb1805,20170807,20170804,210521500,3663.0,1530,128660,56025660.0,3663.0,5,3662.0,20
rb1805,20170807,20170804,210522000,3663.0,1536,128660,56245440.0,3663.0,3,3662.0,20
rb1805,20170807,20170804,210522500,3663.0,1536,128660,56245440.0,3663.0,3,3662.0,20
rb1805,20170807,20170804,210524000,3663.0,1536,128660,56245440.0,3663.0,3,3662.0,20
rb1805,20170807,20170804,210524500,3663.0,1538,128660,56318700.0,3663.0,2,3662.0,20
rb1805,20170807,20170804,210525000,3663.0,1538,128660,56318700.0,3663.0,2,3662.0,20
rb1805,20170807,20170804,210525500,3663.0,1538,128660,56318700.0,3663.0,2,3662.0,20
rb1805,20170807,20170804,210526000,3663.0,1538,128660,56318700.0,3663.0,2,3662.0,22
rb1805,20170807,20170804,210530000,3663.0,1538,128660,56318700.0,3663.0,2,3662.0,22
rb1805,20170807,20170804,210530500,3663.0,1544,128660,56538480.0,3664.0,20,3663.0,1
rb1805,20170807,20170804,210531000,3663.0,1544,128660,56538480.0,3664.0,15,3662.0,25
rb1805,20170807,20170804,210531500,3663.0,1544,128660,56538480.0,3664.0,12,3662.0,25
rb1805,20170807,20170804,210533500,3664.0,1546,128660,56611760.0,3664.0,11,3662.0,25
rb1805,20170807,20170804,210534000,3662.0,1548,128660,56685000.0,3664.0,21,3662.0,24
rb1805,20170807,20170804,210534500,3662.0,1548,128660,56685000.0,3664.0,21,3662.0,24
rb1805,20170807,20170804,210536000,3662.0,1558,128668,57051200.0,3664.0,21,3662.0,19
rb1805,20170807,20170804,210536500,3662.0,1558,128668,57051200.0,3664.0,21,3662.0,19
rb1805,20170807,20170804,210537000,3662.0,1558,128668,57051200.0,3664.0,21,3662.0,16
rb1805,20170807,20170804,210538000,3662.0,1558,128668,57051200.0,3664.0,26,3662.0,16
rb1805,20170807,20170804,210538500,3664.0,1598,128676,58516800.0,3664.0,6,3663.0,6
rb1805,20170807,20170804,210539000,3664.0,1598,128676,58516800.0,3664.0,1,3663.0,6
rb1805,20170807,20170804,210540500,3664.0,1598,128676,58516800.0,3664.0,1,3663.0,6
rb1805,20170807,20170804,210541000,3664.0,1598,128676,58516800.0,3664.0,1,3663.0,9
rb1805,20170807,20170804,210542000,3664.0,1598,128676,58516800.0,3664.0,1,3663.0,9
rb1805,20170807,20170804,210542500,3664.0,1598,128676,58516800.0,3664.0,2,3663.0,6
rb1805,20170807,20170804,210543000,3664.0,1598,128676,58516800.0,3664.0,2,3663.0,9
rb1805,20170807,20170804,210544500,3664.0,1598,128676,58516800.0,3664.0,2,3663.0,9
rb1805,20170807,20170804,210546000,3664.0,1598,128676,58516800.0,3664.0,2,3663.0,9
rb1805,20170807,20170804,210546500,3664.0,1598,128676,58516800.0,3664.0,6,3663.0,9
rb1805,20170807,20170804,210547000,3664.0,1602,128676,58663360.0,3664.0,4,3663.0,6
rb1805,20170807,20170804,210548000,3664.0,1602,128676,58663360.0,3664.0,6,3663.0,6
rb1805,20170807,20170804,210548500,3664.0,1610,128676,58956480.0,3664.0,2,3663.0,9
rb1805,20170807,20170804,210549500,3664.0,1610,128676,58956480.0,3664.0,3,3663.0,9
rb1805,20170807,20170804,210550000,3664.0,1610,128676,58956480.0,3664.0,3,3663.0,9
rb1805,20170807,20170804,210550500,3664.0,1610,128676,58956480.0,3664.0,3,3662.0,28
rb1805,20170807,20170804,210551000,3664.0,1610,128676,58956480.0,3664.0,4,3662.0,28
rb1805,20170807,20170804,210554500,3664.0,1610,128676,58956480.0,3664.0,4,3662.0,28
rb1805,20170807,20170804,210556000,3664.0,1612,128676,59029760.0,3664.0,3,3662.0,28
rb1805,20170807,20170804,210557000,3664.0,1612,128676,59029760.0,3664.0,5,3662.0,28
rb1805,20170807,20170804,210557500,3664.0,1612,128676,59029760.0,3664.0,5,3662.0,28
rb1805,20170807,20170804,210600000,3664.0,1612,128676,59029760.0,3664.0,13,3662.0,28
rb1805,20170807,20170804,210600500,3664.0,1612,128676,59029760.0,3664.0,15,3662.0,28
rb1805,20170807,20170804,210601000,3664.0,1612,128676,59029760.0,3664.0,16,3662.0,28
rb1805,20170807,20170804,210601500,3664.0,1612,128676,59029760.0,3664.0,16,3662.0,28
rb1805,20170807,20170804,210602500,3664.0,1612,128676,59029760.0,3664.0,16,3662.0,29
rb1805,20170807,20170804,210603000,3664.0,1612,128676,59029760.0,3664.0,17,3662.0,29
rb1805,20170807,20170804,210604000,3664.0,1612,128676,59029760.0,3664.0,17,3662.0,29
rb1805,20170807,20170804,210604500,3664.0,1624,128676,59469440.0,3664.0,11,3662.0,29
rb1805,20170807,20170804,210605500,3664.0,1626,128676,59542720.0,3664.0,10,3663.0,1
rb1805,20170807,20170804,210606000,3663.0,1628,128676,59615980.0,3664.0,7,3662.0,29
rb1805,20170807,20170804,210606500,3663.0,1628,128676,59615980.0,3664.0,7,3662.0,29
rb1805,20170807,20170804,210607000,3663.0,1628,128676,59615980.0,3664.0,7,3662.0,29
rb1805,20170807,20170804,210607500,3663.0,1628,128676,59615980.0,3664.0,7,3662.0,29
rb1805,20170807,20170804,210609000,3663.0,1628,128676,59615980.0,3664.0,7,3662.0,29
rb1805,20170807,20170804,210610000,3663.0,1628,128676,59615980.0,3664.0,7,3662.0,29
rb1805,20170807,20170804,210611000,3663.0,1628,128676,59615980.0,3664.0,7,3662.0,29
rb1805,20170807,20170804,210612500,3663.0,1628,128676,59615980.0,3664.0,7,3662.0,29
rb1805,20170807,20170804,210613000,3663.0,1628,128676,59615980.0,3664.0,7,3663.0,1
rb1805,20170807,20170804,210614000,3663.0,1628,128676,59615980.0,3664.0,7,3663.0,1
rb1805,20170807,20170804,210614500,3663.0,1630,128678,59689240.0,3663.0,1,3662.0,29
rb1805,20170807,20170804,210615000,3663.0,1630,128678,59689240.0,3663.0,1,3662.0,32
rb1805,20170807,20170804,210615500,3663.0,1630,128678,59689240.0,3664.0,6,3662.0,32
rb1805,20170807,20170804,210616000,3663.0,1630,128678,59689240.0,3663.0,1,3662.0,34
rb1805,20170807,20170804,210616500,3663.0,1632,128678,59762500.0,3664.0,3,3663.0,1
rb1805,20170807,20170804,210617000,3663.0,1632,128678,59762500.0,3664.0,3,3662.0,32
rb1805,20170807,20170804,210617500,3663.0,1632,128678,59762500.0,3664.0,3,3662.0,33
rb1805,20170807,20170804,210618000,3663.0,1632,128678,59762500.0,3664.0,3,3662.0,33
rb1805,20170807,20170804,210618500,3663.0,1632,128678,59762500.0,3664.0,6,3662.0,33
rb1805,20170807,20170804,210619000,3663.0,1632,128678,59762500.0,3664.0,6,3663.0,5
rb1805,20170807,20170804,210619500,3663.0,1632,128678,59762500.0,3664.0,8,3663.0,5
rb1805,20170807,20170804,210620000,3663.0,1632,128678,59762500.0,3664.0,9,3663.0,5
rb1805,20170807,20170804,210620500,3663.0,1642,128684,60128800.0,3663.0,7,3662.0,33
rb1805,20170807,20170804,210621000,3663.0,1642,128684,60128800.0,3664.0,9,3662.0,42
rb1805,20170807,20170804,210621500,3663.0,1642,128684,60128800.0,3664.0,10,3662.0,39
rb1805,20170807,20170804,210622000,3663.0,1642,128684,60128800.0,3663.0,1,3662.0,39
rb1805,20170807,20170804,210622500,3663.0,1642,128684,60128800.0,3663.0,1,3662.0,42
rb1805,20170807,20170804,210623000,3663.0,1644,128686,60202060.0,3664.0,6,3663.0,9
rb1805,20170807,20170804,210623500,3662.0,1690,128684,61886760.0,3664.0,6,3662.0,28
rb1805,20170807,20170804,210624000,3662.0,1690,128684,61886760.0,3664.0,6,3662.0,25
rb1805,20170807,20170804,210624500,3662.0,1690,128684,61886760.0,3664.0,6,3662.0,25
rb1805,20170807,20170804,210626000,3662.0,1690,128684,61886760.0,3664.0,14,3662.0,25
rb1805,20170807,20170804,210627000,3662.0,1690,128684,61886760.0,3664.0,15,3662.0,25
rb1805,20170807,20170804,210627500,3662.0,1690,128684,61886760.0,3664.0,16,3662.0,25
rb1805,20170807,20170804,210628000,3662.0,1690,128684,61886760.0,3664.0,17,3662.0,25
rb1805,20170807,20170804,210628500,3662.0,1708,128684,62545920.0,3664.0,17,3662.0,16
rb1805,20170807,20170804,210629000,3662.0,1708,128684,62545920.0,3664.0,17,3662.0,17
rb1805,20170807,20170804,210632500,3662.0,1708,128684,62545920.0,3663.0,100,3662.0,17
rb1805,20170807,20170804,210633000,3662.0,1708,128684,62545920.0,3663.0,100,3662.0,18
rb1805,20170807,20170804,210633500,3662.0,1708,128684,62545920.0,3663.0,100,3662.0,19
rb1805,20170807,20170804,210634500,3662.0,1708,128684,62545920.0,3663.0,100,3662.0,19
rb1805,20170807,20170804,210636000,3663.0,1714,128690,62765700.0,3663.0,97,3662.0,19
rb1805,20170807,20170804,210637500,3663.0,1714,128690,62765700.0,3663.0,97,3662.0,19
rb1805,20170807,20170804,210638000,3662.0,1716,128690,62838940.0,3663.0,97,3662.0,18
rb1805,20170807,20170804,210638500,3662.0,1720,128690,62985420.0,3663.0,100,3662.0,16
rb1805,20170807,20170804,210639000,3662.0,1746,128692,63937540.0,3663.0,100,3662.0,3
rb1805,20170807,20170804,210639500,3662.0,1752,128692,64157260.0,3662.0,7,3661.0,10
rb1805,20170807,20170804,210640500,3662.0,1752,128692,64157260.0,3662.0,7,3661.0,5
rb1805,20170807,20170804,210641000,3662.0,1752,128692,64157260.0,3662.0,7,3661.0,5
rb1805,20170807,20170804,210641500,3662.0,1752,128692,64157260.0,3662.0,7,3661.0,5
rb1805,20170807,20170804,210642500,3662.0,1754,128692,64230500.0,3662.0,6,3661.0,5
rb1805,20170807,20170804,210644000,3662.0,1754,128692,64230500.0,3662.0,10,3661.0,5
rb1805,20170807,20170804,210645000,3662.0,1754,128692,64230500.0,3662.0,10,3661.0,5
rb1805,20170807,20170804,210646500,3661.0,1756,128690,64303720.0,3662.0,10,3661.0,4
rb1805,20170807,20170804,210647500,3661.0,1758,128690,64376940.0,3662.0,10,3661.0,3
rb1805,20170807,20170804,210648000,3661.0,1758,128690,64376940.0,3662.0,12,3661.0,2
rb1805,20170807,20170804,210648500,3661.0,1758,128690,64376940.0,3662.0,12,3661.0,2
rb1805,20170807,20170804,210649000,3661.0,1762,128694,64523380.0,3661.0,3,3660.0,21
rb1805,20170807,20170804,210649500,3661.0,1762,128694,64523380.0,3661.0,3,3660.0,25
rb1805,20170807,20170804,210650000,3661.0,1762,128694,64523380.0,3661.0,3,3660.0,25
rb1805,20170807,20170804,210650500,3661.0,1762,128694,64523380.0,3661.0,8,3660.0,25
rb1805,20170807,20170804,210651000,3661.0,1778,128702,65109140.0,3662.0,8,3661.0,2
rb1805,20170807,20170804,210651500,3660.0,1800,128710,65914380.0,3661.0,2,3660.0,16
rb1805,20170807,20170804,210652000,3661.0,1804,128714,66060820.0,3662.0,8,3661.0,8
rb1805,20170807,20170804,210653000,3661.0,1804,128714,66060820.0,3662.0,8,3661.0,8
rb1805,20170807,20170804,210653500,3661.0,1804,128714,66060820.0,3662.0,6,3661.0,8
rb1805,20170807,20170804,210654500,3662.0,1806,128714,66134060.0,3662.0,2,3661.0,8
rb1805,20170807,20170804,210655000,3662.0,1806,128714,66134060.0,3662.0,2,3661.0,9
rb1805,20170807,20170804,210655500,3661.0,1826,128732,66866260.0,3663.0,100,3661.0,2
rb1805,20170807,20170804,210656000,3661.0,1826,128732,66866260.0,3663.0,104,3660.0,26
rb1805,20170807,20170804,210656500,3661.0,1826,128732,66866260.0,3663.0,109,3660.0,26
rb1805,20170807,20170804,210657000,3661.0,1826,128732,66866260.0,3662.0,3,3660.0,31
rb1805,20170807,20170804,210657500,3663.0,1828,128734,66939520.0,3663.0,108,3660.0,34
rb1805,20170807,20170804,210658000,3663.0,1828,128734,66939520.0,3663.0,108,3660.0,31
rb1805,20170807,20170804,210658500,3663.0,1828,128734,66939520.0,3663.0,108,3661.0,1
rb1805,20170807,20170804,210659000,3663.0,1828,128734,66939520.0,3662.0,3,3661.0,1
rb1805,20170807,20170804,210659500,3663.0,1828,128734,66939520.0,3662.0,3,3661.0,1
rb1805,20170807,20170804,210700000,3663.0,1828,128734,66939520.0,3662.0,3,3661.0,2
rb1805,20170807,20170804,210700500,3661.0,1840,128736,67378860.0,3662.0,2,3660.0,34
rb1805,20170807,20170804,210701000,3661.0,1840,128736,67378860.0,3662.0,1,3660.0,34
rb1805,20170807,20170804,210702000,3661.0,1840,128736,67378860.0,3662.0,1,3660.0,34
rb1805,20170807,20170804,210702500,3661.0,1840,128736,67378860.0,3662.0,9,3660.0,33
rb1805,20170807,20170804,210703000,3662.0,1842,128736,67452100.0,3662.0,8,3660.0,38
rb1805,20170807,20170804,210704000,3662.0,1842,128736,67452100.0,3662.0,8,3660.0,38
rb1805,20170807,20170804,210704500,3662.0,1842,128736,67452100.0,3662.0,8,3660.0,38
rb1805,20170807,20170804,210705000,3662.0,1842,128736,67452100.0,3662.0,8,3660.0,37
rb1805,20170807,20170804,210706000,3662.0,1842,128736,67452100.0,3662.0,8,3660.0,37
rb1805,20170807,20170804,210706500,3662.0,1842,128736,67452100.0,3662.0,8,3661.0,1
rb1805,20170807,20170804,210707000,3661.0,1844,128738,67525320.0,3662.0,11,3660.0,37
rb1805,20170807,20170804,210707500,3661.0,1844,128738,67525320.0,3662.0,11,3661.0,1
rb1805,20170807,20170804,210708000,3661.0,1846,128738,67598540.0,3661.0,6,3660.0,36
rb1805,20170807,20170804,210708500,3661.0,1846,128738,67598540.0,3661.0,1,3660.0,37
rb1805,20170807,20170804,210709000,3661.0,1846,128738,67598540.0,3662.0,11,3660.0,37
rb1805,20170807,20170804,210709500,3661.0,1846,128738,67598540.0,3662.0,8,3660.0,39
rb1805,20170807,20170804,210710000,3661.0,1846,128738,67598540.0,3661.0,6,3660.0,39
rb1805,20170807,20170804,210710500,3661.0,1846,128738,67598540.0,3661.0,6,3660.0,39
rb1805,20170807,20170804,210711000,3661.0,1848,128736,67671760.0,3661.0,5,3660.0,40
rb1805,20170807,20170804,210711500,3661.0,1858,128728,68037860.0,3663.0,110,3661.0,19
rb1805,20170807,20170804,210712000,3661.0,1858,128728,68037860.0,3663.0,110,3661.0,1
rb1805,20170807,20170804,210712500,3661.0,1858,128728,68037860.0,3663.0,110,3661.0,1
rb1805,20170807,20170804,210713000,3661.0,1858,128728,68037860.0,3663.0,110,3661.0,1
rb1805,20170807,20170804,210713500,3661.0,1858,128728,68037860.0,3663.0,110,3661.0,2
rb1805,20170807,20170804,210715000,3661.0,1858,128728,68037860.0,3663.0,110,3661.0,2
rb1805,20170807,20170804,210716000,3663.0,1860,128730,68111120.0,3663.0,109,3661.0,2
rb1805,20170807,20170804,210716500,3663.0,1860,128730,68111120.0,3662.0,5,3661.0,2
rb1805,20170807,20170804,210717000,3663.0,1860,128730,68111120.0,3662.0,5,3661.0,3
rb1805,20170807,20170804,210717500,3663.0,1860,128730,68111120.0,3662.0,5,3661.0,3
rb1805,20170807,20170804,210718000,3663.0,1860,128730,68111120.0,3662.0,5,3661.0,3
rb1805,20170807,20170804,210719000,3661.0,1864,128732,68257560.0,3662.0,5,3661.0,1
rb1805,20170807,20170804,210720000,3661.0,1864,128732,68257560.0,3662.0,5,3661.0,2
rb1805,20170807,20170804,210720500,3661.0,1864,128732,68257560.0,3662.0,5,3661.0,2
rb1805,20170807,20170804,210721000,3662.0,1874,128742,68623760.0,3663.0,14,3662.0,6
rb1805,20170807,20170804,210721500,3662.0,1886,128754,69063200.0,3662.0,6,3661.0,3
rb1805,20170807,20170804,210722500,3662.0,1886,128754,69063200.0,3663.0,9,3661.0,3
rb1805,20170807,20170804,210723000,3662.0,1886,128754,69063200.0,3662.0,1,3661.0,3
rb1805,20170807,20170804,210723500,3662.0,1886,128754,69063200.0,3662.0,1,3661.0,3
rb1805,20170807,20170804,210724000,3662.0,1886,128754,69063200.0,3662.0,2,3661.0,4
rb1805,20170807,20170804,210724500,3662.0,1886,128754,69063200.0,3662.0,2,3661.0,6
rb1805,20170807,20170804,210725500,3662.0,1886,128754,69063200.0,3662.0,2,3661.0,6
rb1805,20170807,20170804,210726000,3661.0,1898,128766,69502520.0,3661.0,1,3660.0,49
rb1805,20170807,20170804,210726500,3661.0,1900,128766,69575740.0,3662.0,10,3661.0,9
rb1805,20170807,20170804,210727000,3661.0,1918,128766,70234720.0,3662.0,11,3660.0,45
rb1805,20170807,20170804,210727500,3661.0,1918,128766,70234720.0,3662.0,11,3660.0,45
rb1805,20170807,20170804,210728000,3661.0,1918,128766,70234720.0,3661.0,2,3660.0,45
rb1805,20170807,20170804,210728500,3660.0,1920,128766,70307920.0,3661.0,7,3660.0,44
rb1805,20170807,20170804,210729000,3660.0,1944,128766,71186320.0,3661.0,7,3660.0,32
rb1805,20170807,20170804,210729500,3660.0,1964,128778,71918320.0,3661.0,7,3660.0,22
rb1805,20170807,20170804,210730000,3660.0,1990,128798,72869920.0,3661.0,7,3660.0,10
rb1805,20170807,20170804,210730500,3660.0,2010,128818,73601920.0,3660.0,17,3659.0,26
rb1805,20170807,20170804,210731000,3660.0,2010,128818,73601920.0,3660.0,8,3659.0,23
rb1805,20170807,20170804,210731500,3659.0,2016,128824,73821460.0,3660.0,8,3659.0,20
rb1805,20170807,20170804,210732000,3660.0,2020,128826,73967840.0,3660.0,7,3659.0,19
rb1805,20170807,20170804,210732500,3660.0,2020,128826,73967840.0,3660.0,6,3659.0,19
rb1805,20170807,20170804,210733000,3659.0,2030,128834,74333740.0,3660.0,18,3659.0,14
rb1805,20170807,20170804,210733500,3659.0,2040,128844,74699640.0,3660.0,18,3658.0,1
rb1805,20170807,20170804,210734000,3659.0,2040,128844,74699640.0,3659.0,5,3658.0,1
rb1805,20170807,20170804,210735000,3659.0,2040,128844,74699640.0,3659.0,5,3658.0,1
rb1805,20170807,20170804,210735500,3659.0,2040,128844,74699640.0,3659.0,11,3658.0,1
rb1805,20170807,20170804,210736000,3658.0,2042,128844,74772800.0,3658.0,2,3657.0,8
rb1805,20170807,20170804,210736500,3658.0,2042,128844,74772800.0,3658.0,1,3657.0,5
rb1805,20170807,20170804,210737000,3658.0,2042,128844,74772800.0,3658.0,1,3657.0,5
rb1805,20170807,20170804,210737500,3657.0,2044,128846,74845940.0,3658.0,7,3657.0,4
rb1805,20170807,20170804,210738000,3657.0,2044,128846,74845940.0,3658.0,7,3657.0,4
rb1805,20170807,20170804,210738500,3656.0,2056,128854,75284740.0,3658.0,7,3656.0,1
rb1805,20170807,20170804,210739000,3656.0,2056,128854,75284740.0,3658.0,8,3656.0,1
rb1805,20170807,20170804,210739500,3656.0,2058,128852,75357860.0,3658.0,8,3655.0,3
rb1805,20170807,20170804,210740000,3656.0,2058,128852,75357860.0,3658.0,13,3655.0,11
rb1805,20170807,20170804,210740500,3656.0,2058,128852,75357860.0,3657.0,1,3655.0,11
rb1805,20170807,20170804,210741000,3656.0,2058,128852,75357860.0,3657.0,1,3655.0,11
rb1805,20170807,20170804,210741500,3655.0,2062,128850,75504060.0,3657.0,1,3655.0,9
rb1805,20170807,20170804,210742000,3655.0,2064,128850,75577160.0,3657.0,1,3655.0,9
rb1805,20170807,20170804,210742500,3655.0,2066,128848,75650260.0,3657.0,6,3655.0,3
rb1805,20170807,20170804,210743000,3655.0,2070,128846,75796500.0,3655.0,3,3654.0,3
rb1805,20170807,20170804,210743500,3655.0,2076,128846,76015800.0,3657.0,12,3656.0,1
rb1805,20170807,20170804,210744000,3656.0,2078,128846,76088920.0,3656.0,3,3654.0,7
rb1805,20170807,20170804,210744500,3656.0,2078,128846,76088920.0,3656.0,5,3655.0,1
rb1805,20170807,20170804,210745000,3655.0,2080,128848,76162020.0,3656.0,11,3654.0,5
rb1805,20170807,20170804,210745500,3655.0,2080,128848,76162020.0,3656.0,11,3654.0,5
rb1805,20170807,20170804,210746000,3655.0,2082,128848,76235120.0,3656.0,12,3654.0,2
rb1805,20170807,20170804,210746500,3655.0,2084,128850,76308220.0,3655.0,4,3654.0,2
rb1805,20170807,20170804,210747000,3655.0,2086,128852,76381320.0,3655.0,3,3654.0,2
rb1805,20170807,20170804,210747500,3655.0,2086,128852,76381320.0,3655.0,4,3654.0,2
rb1805,20170807,20170804,210748000,3654.0,2088,128852,76454400.0,3655.0,4,3654.0,1
rb1805,20170807,20170804,210748500,3654.0,2088,128852,76454400.0,3655.0,9,3654.0,1
rb1805,20170807,20170804,210749000,3654.0,2088,128852,76454400.0,3655.0,9,3654.0,1
rb1805,20170807,20170804,210749500,3655.0,2090,128854,76527500.0,3655.0,8,3654.0,1
rb1805,20170807,20170804,210750000,3655.0,2094,128856,76673680.0,3655.0,2,3653.0,4
rb1805,20170807,20170804,210750500,3655.0,2094,128856,76673680.0,3655.0,1,3653.0,14
rb1805,20170807,20170804,210751000,3655.0,2096,128858,76746780.0,3656.0,6,3655.0,1
rb1805,20170807,20170804,210751500,3654.0,2110,128852,77258360.0,3656.0,6,3654.0,2
rb1805,20170807,20170804,210752000,3654.0,2110,128852,77258360.0,3656.0,6,3655.0,1
rb1805,20170807,20170804,210752500,3654.0,2110,128852,77258360.0,3656.0,8,3655.0,1
rb1805,20170807,20170804,210753500,3656.0,2112,128854,77331480.0,3656.0,7,3655.0,2
rb1805,20170807,20170804,210755000,3655.0,2114,128856,77404580.0,3656.0,7,3655.0,1
rb1805,20170807,20170804,210755500,3655.0,2114,128856,77404580.0,3656.0,7,3655.0,1
rb1805,20170807,20170804,210757000,3656.0,2116,128856,77477700.0,3656.0,2,3655.0,1
rb1805,20170807,20170804,210758000,3656.0,2116,128856,77477700.0,3656.0,2,3655.0,2
rb1805,20170807,20170804,210759000,3655.0,2120,128858,77623900.0,3656.0,2,3654.0,3
rb1805,20170807,20170804,210759500,3655.0,2120,128858,77623900.0,3657.0,16,3654.0,7
rb1805,20170807,20170804,210800000,3655.0,2120,128858,77623900.0,3657.0,16,3655.0,6
rb1805,20170807,20170804,210800500,3655.0,2128,128864,77916300.0,3656.0,1,3655.0,2
rb1805,20170807,20170804,210801000,3655.0,2128,128864,77916300.0,3656.0,21,3655.0,3
rb1805,20170807,20170804,210801500,3655.0,2130,128864,77989400.0,3656.0,21,3655.0,2
rb1805,20170807,20170804,210802000,3655.0,2132,128864,78062500.0,3656.0,21,3655.0,4
rb1805,20170807,20170804,210802500,3655.0,2132,128864,78062500.0,3656.0,21,3655.0,5
rb1805,20170807,20170804,210803000,3656.0,2152,128864,78793700.0,3656.0,11,3655.0,5
rb1805,20170807,20170804,210803500,3655.0,2154,128864,78866800.0,3656.0,11,3655.0,4
rb1805,20170807,20170804,210804000,3656.0,2176,128864,79671120.0,3657.0,8,3656.0,6
rb1805,20170807,20170804,210804500,3656.0,2176,128864,79671120.0,3658.0,2,3656.0,11
rb1805,20170807,20170804,210805000,3656.0,2176,128864,79671120.0,3658.0,1,3656.0,11
rb1805,20170807,20170804,210805500,3656.0,2176,128864,79671120.0,3658.0,1,3656.0,11
rb1805,20170807,20170804,210806000,3656.0,2176,128864,79671120.0,3658.0,7,3656.0,11
rb1805,20170807,20170804,210806500,3656.0,2176,128864,79671120.0,3658.0,7,3656.0,11
rb1805,20170807,20170804,210807000,3658.0,2190,128864,80183200.0,3658.0,13,3656.0,10
rb1805,20170807,20170804,210807500,3656.0,2214,128878,81060640.0,3656.0,38,3655.0,6
rb1805,20170807,20170804,210808000,3656.0,2292,128916,83912320.0,3657.0,3,3656.0,20
rb1805,20170807,20170804,210808500,3656.0,2292,128916,83912320.0,3658.0,5,3656.0,11
rb1805,20170807,20170804,210809000,3656.0,2292,128916,83912320.0,3658.0,5,3657.0,1
rb1805,20170807,20170804,210810000,3656.0,2292,128916,83912320.0,3659.0,2,3657.0,1
rb1805,20170807,20170804,210810500,3656.0,2292,128916,83912320.0,3659.0,6,3657.0,1
rb1805,20170807,20170804,210811000,3656.0,2292,128916,83912320.0,3659.0,9,3657.0,1
rb1805,20170807,20170804,210811500,3657.0,2294,128916,83985460.0,3657.0,4,3656.0,2
rb1805,20170807,20170804,210812000,3657.0,2302,128908,84278020.0,3659.0,8,3657.0,6
rb1805,20170807,20170804,210812500,3657.0,2310,128908,84570580.0,3657.0,1,3655.0,11
rb1805,20170807,20170804,210813000,3657.0,2312,128906,84643720.0,3659.0,16,3657.0,1
rb1805,20170807,20170804,210813500,3655.0,2322,128912,85009220.0,3656.0,3,3655.0,8
rb1805,20170807,20170804,210814000,3655.0,2322,128912,85009220.0,3658.0,15,3655.0,7
rb1805,20170807,20170804,210814500,3655.0,2322,128912,85009220.0,3658.0,14,3655.0,7
rb1805,20170807,20170804,210816000,3658.0,2326,128916,85155540.0,3658.0,12,3655.0,8
rb1805,20170807,20170804,210816500,3658.0,2326,128916,85155540.0,3658.0,12,3655.0,8
rb1805,20170807,20170804,210817000,3658.0,2326,128916,85155540.0,3658.0,12,3655.0,5
rb1805,20170807,20170804,210817500,3658.0,2326,128916,85155540.0,3658.0,12,3655.0,6
rb1805,20170807,20170804,210818000,3658.0,2326,128916,85155540.0,3658.0,15,3655.0,6
rb1805,20170807,20170804,210819000,3658.0,2326,128916,85155540.0,3658.0,15,3655.0,6
rb1805,20170807,20170804,210819500,3658.0,2326,128916,85155540.0,3658.0,15,3655.0,9
rb1805,20170807,20170804,210820000,3658.0,2326,128916,85155540.0,3658.0,15,3655.0,9
rb1805,20170807,20170804,210820500,3658.0,2326,128916,85155540.0,3658.0,15,3655.0,6
rb1805,20170807,20170804,210821000,3658.0,2326,128916,85155540.0,3657.0,3,3655.0,6
rb1805,20170807,20170804,210822000,3657.0,2338,128926,85594180.0,3657.0,7,3655.0,1
rb1805,20170807,20170804,210822500,3657.0,2338,128926,85594180.0,3656.0,6,3655.0,1
rb1805,20170807,20170804,210823000,3655.0,2340,128926,85667280.0,3656.0,9,3655.0,1
rb1805,20170807,20170804,210823500,3655.0,2346,128924,85886580.0,3656.0,18,3655.0,3
rb1805,20170807,20170804,210824000,3655.0,2352,128918,86105880.0,3655.0,10,3654.0,10
rb1805,20170807,20170804,210824500,3655.0,2354,128920,86178980.0,3655.0,31,3654.0,9
rb1805,20170807,20170804,210825000,3654.0,2372,128918,86836700.0,3654.0,6,3653.0,13
rb1805,20170807,20170804,210825500,3654.0,2382,128918,87202100.0,3654.0,1,3653.0,10
rb1805,20170807,20170804,210826000,3655.0,2386,128918,87348280.0,3655.0,20,3654.0,2
rb1805,20170807,20170804,210826500,3655.0,2386,128918,87348280.0,3654.0,1,3653.0,10
rb1805,20170807,20170804,210827000,3655.0,2386,128918,87348280.0,3654.0,1,3653.0,10
rb1805,20170807,20170804,210827500,3654.0,2388,128918,87421360.0,3655.0,18,3653.0,10
rb1805,20170807,20170804,210828000,3654.0,2388,128918,87421360.0,3655.0,13,3653.0,10
rb1805,20170807,20170804,210828500,3654.0,2388,128918,87421360.0,3655.0,18,3653.0,10
rb1805,20170807,20170804,210829000,3654.0,2388,128918,87421360.0,3655.0,18,3653.0,6
rb1805,20170807,20170804,210829500,3654.0,2388,128918,87421360.0,3655.0,18,3653.0,6
rb1805,20170807,20170804,210830000,3653.0,2400,128918,87859720.0,3653.0,4,3652.0,11
rb1805,20170807,20170804,210830500,3653.0,2400,128918,87859720.0,3653.0,4,3652.0,11
rb1805,20170807,20170804,210831000,3653.0,2400,128918,87859720.0,3653.0,4,3652.0,11
rb1805,20170807,20170804,210831500,3653.0,2402,128918,87932780.0,3653.0,3,3652.0,11
rb1805,20170807,20170804,210832000,3652.0,2408,128914,88151900.0,3653.0,3,3652.0,8
rb1805,20170807,20170804,210832500,3653.0,2410,128914,88224960.0,3653.0,2,3652.0,8
rb1805,20170807,20170804,210833000,3652.0,2412,128914,88298000.0,3653.0,2,3652.0,7
rb1805,20170807,20170804,210833500,3652.0,2412,128914,88298000.0,3653.0,2,3652.0,7
rb1805,20170807,20170804,210834000,3652.0,2412,128914,88298000.0,3653.0,2,3652.0,7
rb1805,20170807,20170804,210834500,3652.0,2412,128914,88298000.0,3653.0,2,3652.0,10
rb1805,20170807,20170804,210835000,3653.0,2414,128912,88371060.0,3653.0,1,3652.0,13
rb1805,20170807,20170804,210835500,3653.0,2418,128910,88517180.0,3655.0,11,3653.0,2
rb1805,20170807,20170804,210836000,3653.0,2418,128910,88517180.0,3655.0,8,3654.0,6
rb1805,20170807,20170804,210836500,3655.0,2440,128890,89321280.0,3656.0,9,3655.0,8
rb1805,20170807,20170804,210837000,3656.0,2444,128890,89467520.0,3657.0,12,3654.0,9
rb1805,20170807,20170804,210837500,3654.0,2446,128890,89540600.0,3657.0,9,3654.0,15
rb1805,20170807,20170804,210838000,3654.0,2446,128890,89540600.0,3657.0,9,3654.0,15
rb1805,20170807,20170804,210838500,3654.0,2448,128892,89613680.0,3657.0,11,3654.0,14
rb1805,20170807,20170804,210839000,3654.0,2448,128892,89613680.0,3657.0,11,3655.0,2
rb1805,20170807,20170804,210839500,3654.0,2452,128888,89759840.0,3656.0,3,3654.0,14
rb1805,20170807,20170804,210840000,3654.0,2454,128888,89832920.0,3657.0,11,3654.0,13
rb1805,20170807,20170804,210840500,3654.0,2454,128888,89832920.0,3657.0,16,3654.0,13
rb1805,20170807,20170804,210841000,3654.0,2458,128892,89979080.0,3657.0,16,3654.0,11
rb1805,20170807,20170804,210841500,3654.0,2458,128892,89979080.0,3657.0,16,3654.0,11
rb1805,20170807,20170804,210842000,3654.0,2458,128892,89979080.0,3657.0,17,3654.0,11
rb1805,20170807,20170804,210843000,3654.0,2458,128892,89979080.0,3657.0,17,3654.0,11
rb1805,20170807,20170804,210843500,3654.0,2458,128892,89979080.0,3657.0,17,3654.0,9
rb1805,20170807,20170804,210844000,3654.0,2458,128892,89979080.0,3656.0,2,3654.0,9
rb1805,20170807,20170804,210845000,3654.0,2458,128892,89979080.0,3655.0,1,3654.0,9
rb1805,20170807,20170804,210845500,3655.0,2460,128894,90052180.0,3656.0,2,3654.0,7
rb1805,20170807,20170804,210846000,3654.0,2462,128896,90125260.0,3656.0,2,3654.0,6
rb1805,20170807,20170804,210846500,3656.0,2464,128894,90198380.0,3656.0,1,3654.0,6
rb1805,20170807,20170804,210847000,3656.0,2466,128894,90271500.0,3657.0,19,3654.0,6
rb1805,20170807,20170804,210847500,3656.0,2466,128894,90271500.0,3657.0,19,3654.0,11
rb1805,20170807,20170804,210848500,3656.0,2466,128894,90271500.0,3657.0,19,3654.0,11
rb1805,20170807,20170804,210849000,3656.0,2466,128894,90271500.0,3656.0,6,3654.0,11
rb1805,20170807,20170804,210850000,3656.0,2466,128894,90271500.0,3656.0,6,3654.0,12
rb1805,20170807,20170804,210850500,3656.0,2466,128894,90271500.0,3656.0,6,3654.0,22
rb1805,20170807,20170804,210851000,3656.0,2466,128894,90271500.0,3656.0,6,3654.0,23
rb1805,20170807,20170804,210851500,3656.0,2466,128894,90271500.0,3656.0,6,3655.0,7
rb1805,20170807,20170804,210852000,3656.0,2466,128894,90271500.0,3656.0,9,3655.0,7
rb1805,20170807,20170804,210852500,3656.0,2466,128894,90271500.0,3656.0,9,3655.0,7
rb1805,20170807,20170804,210853000,3656.0,2466,128894,90271500.0,3656.0,9,3655.0,8
rb1805,20170807,20170804,210853500,3656.0,2466,128894,90271500.0,3656.0,9,3655.0,9
rb1805,20170807,20170804,210854000,3656.0,2466,128894,90271500.0,3656.0,6,3655.0,9
rb1805,20170807,20170804,210854500,3656.0,2468,128894,90344620.0,3656.0,8,3655.0,9
rb1805,20170807,20170804,210855000,3656.0,2468,128894,90344620.0,3656.0,8,3655.0,10
rb1805,20170807,20170804,210855500,3656.0,2468,128894,90344620.0,3656.0,8,3655.0,10
rb1805,20170807,20170804,210856000,3655.0,2474,128892,90563960.0,3656.0,6,3655.0,9
rb1805,20170807,20170804,210856500,3655.0,2474,128892,90563960.0,3656.0,3,3655.0,9
rb1805,20170807,20170804,210857000,3655.0,2474,128892,90563960.0,3656.0,3,3655.0,9
rb1805,20170807,20170804,210858000,3655.0,2474,128892,90563960.0,3656.0,3,3655.0,9
rb1805,20170807,20170804,210858500,3656.0,2480,128886,90783320.0,3657.0,12,3655.0,9
rb1805,20170807,20170804,210859000,3656.0,2480,128886,90783320.0,3657.0,12,3655.0,7
rb1805,20170807,20170804,210859500,3656.0,2480,128886,90783320.0,3657.0,12,3655.0,12
rb1805,20170807,20170804,210900500,3656.0,2480,128886,90783320.0,3657.0,12,3655.0,12
rb1805,20170807,20170804,210901000,3656.0,2480,128886,90783320.0,3657.0,12,3655.0,14
rb1805,20170807,20170804,210901500,3656.0,2480,128886,90783320.0,3657.0,12,3655.0,14
rb1805,20170807,20170804,210902000,3657.0,2482,128888,90856460.0,3657.0,11,3655.0,14
rb1805,20170807,20170804,210902500,3657.0,2482,128888,90856460.0,3657.0,11,3655.0,14
rb1805,20170807,20170804,210903000,3657.0,2482,128888,90856460.0,3657.0,11,3655.0,14
rb1805,20170807,20170804,210903500,3657.0,2484,128890,90929600.0,3657.0,10,3655.0,14
rb1805,20170807,20170804,210904000,3657.0,2484,128890,90929600.0,3657.0,10,3655.0,15
rb1805,20170807,20170804,210905500,3657.0,2484,128890,90929600.0,3657.0,11,3655.0,13
rb1805,20170807,20170804,210906000,3657.0,2486,128890,91002740.0,3656.0,6,3655.0,13
rb1805,20170807,20170804,210906500,3657.0,2488,128892,91075880.0,3656.0,5,3655.0,13
rb1805,20170807,20170804,210907000,3657.0,2488,128892,91075880.0,3656.0,10,3655.0,13
rb1805,20170807,20170804,210907500,3656.0,2490,128894,91149000.0,3656.0,9,3655.0,13
rb1805,20170807,20170804,210908000,3656.0,2490,128894,91149000.0,3656.0,9,3655.0,13
rb1805,20170807,20170804,210909000,3656.0,2490,128894,91149000.0,3656.0,9,3655.0,13
rb1805,20170807,20170804,210909500,3656.0,2494,128896,91295240.0,3656.0,7,3655.0,13
rb1805,20170807,20170804,210910000,3656.0,2494,128896,91295240.0,3656.0,7,3655.0,23
rb1805,20170807,20170804,210910500,3656.0,2494,128896,91295240.0,3656.0,7,3655.0,23
rb1805,20170807,20170804,210911500,3655.0,2510,128890,91880060.0,3656.0,6,3655.0,16
rb1805,20170807,20170804,210912000,3656.0,2512,128892,91953180.0,3656.0,5,3655.0,16
rb1805,20170807,20170804,210912500,3656.0,2512,128892,91953180.0,3656.0,5,3655.0,19
rb1805,20170807,20170804,210913000,3656.0,2516,128896,92099420.0,3656.0,3,3655.0,19
rb1805,20170807,20170804,210913500,3655.0,2556,128892,93561420.0,3655.0,1,3654.0,14
rb1805,20170807,20170804,210914000,3655.0,2558,128892,93634520.0,3656.0,10,3654.0,12
rb1805,20170807,20170804,210914500,3655.0,2558,128892,93634520.0,3656.0,10,3654.0,12
rb1805,20170807,20170804,210915000,3655.0,2558,128892,93634520.0,3656.0,10,3654.0,12
rb1805,20170807,20170804,210915500,3655.0,2558,128892,93634520.0,3656.0,13,3654.0,9
rb1805,20170807,20170804,210916000,3655.0,2558,128892,93634520.0,3656.0,13,3654.0,9
rb1805,20170807,20170804,210916500,3655.0,2558,128892,93634520.0,3656.0,3,3654.0,14
rb1805,20170807,20170804,210917000,3656.0,2560,128892,93707640.0,3656.0,3,3655.0,3
rb1805,20170807,20170804,210917500,3656.0,2560,128892,93707640.0,3656.0,2,3655.0,3
rb1805,20170807,20170804,210918000,3656.0,2560,128892,93707640.0,3657.0,11,3655.0,3
rb1805,20170807,20170804,210918500,3656.0,2560,128892,93707640.0,3657.0,12,3654.0,14
rb1805,20170807,20170804,210919000,3656.0,2560,128892,93707640.0,3657.0,18,3654.0,14
rb1805,20170807,20170804,210919500,3656.0,2560,128892,93707640.0,3657.0,21,3654.0,14
rb1805,20170807,20170804,210922000,3656.0,2560,128892,93707640.0,3655.0,1,3654.0,19
rb1805,20170807,20170804,210922500,3656.0,2560,128892,93707640.0,3655.0,1,3654.0,22
rb1805,20170807,20170804,210923000,3654.0,2568,128886,93999960.0,3655.0,1,3654.0,13
rb1805,20170807,20170804,210923500,3654.0,2594,128902,94950000.0,3654.0,37,3653.0,10
rb1805,20170807,20170804,210924000,3654.0,2594,128902,94950000.0,3654.0,37,3653.0,12
rb1805,20170807,20170804,210924500,3654.0,2594,128902,94950000.0,3654.0,37,3653.0,12
rb1805,20170807,20170804,210925000,3654.0,2594,128902,94950000.0,3654.0,37,3653.0,12
rb1805,20170807,20170804,210925500,3653.0,2616,128924,95753860.0,3654.0,27,3653.0,11
rb1805,20170807,20170804,210926500,3653.0,2638,128906,96557520.0,3654.0,30,3652.0,13
rb1805,20170807,20170804,210927000,3653.0,2638,128906,96557520.0,3654.0,27,3652.0,13
rb1805,20170807,20170804,210927500,3654.0,2640,128908,96630600.0,3654.0,29,3652.0,13
rb1805,20170807,20170804,210929000,3652.0,2642,128908,96703640.0,3654.0,35,3652.0,12
rb1805,20170807,20170804,210930500,3652.0,2644,128910,96776680.0,3654.0,35,3652.0,11
rb1805,20170807,20170804,210931000,3652.0,2654,128910,97141880.0,3654.0,38,3652.0,6
rb1805,20170807,20170804,210932000,3654.0,2656,128912,97214960.0,3654.0,44,3652.0,14
rb1805,20170807,20170804,210932500,3652.0,2676,128902,97945360.0,3654.0,44,3652.0,4
rb1805,20170807,20170804,210933000,3652.0,2676,128902,97945360.0,3654.0,44,3652.0,4
rb1805,20170807,20170804,210933500,3652.0,2684,128902,98237520.0,3652.0,2,3651.0,11
rb1805,20170807,20170804,210934000,3652.0,2684,128902,98237520.0,3653.0,9,3651.0,11
rb1805,20170807,20170804,210934500,3652.0,2684,128902,98237520.0,3653.0,9,3651.0,11
rb1805,20170807,20170804,210935000,3652.0,2684,128902,98237520.0,3653.0,15,3652.0,1
rb1805,20170807,20170804,210935500,3652.0,2684,128902,98237520.0,3653.0,6,3652.0,1
rb1805,20170807,20170804,210936000,3652.0,2686,128904,98310560.0,3653.0,6,3651.0,16
rb1805,20170807,20170804,210936500,3652.0,2686,128904,98310560.0,3653.0,6,3652.0,2
rb1805,20170807,20170804,210937000,3651.0,2700,128898,98821740.0,3652.0,24,3651.0,12
rb1805,20170807,20170804,210937500,3651.0,2700,128898,98821740.0,3652.0,25,3651.0,7
rb1805,20170807,20170804,210938000,3652.0,2710,128908,99186940.0,3652.0,18,3651.0,10
rb1805,20170807,20170804,210938500,3651.0,2722,128906,99625060.0,3652.0,22,3651.0,1
rb1805,20170807,20170804,210939000,3650.0,2726,128906,99771080.0,3651.0,2,3650.0,24
rb1805,20170807,20170804,210939500,3648.0,2802,128930,102544680.0,3651.0,5,3648.0,2
rb1805,20170807,20170804,210940000,3648.0,2838,128908,103857960.0,3649.0,7,3648.0,7
rb1805,20170807,20170804,210940500,3649.0,2864,128926,104806700.0,3651.0,7,3649.0,12
rb1805,20170807,20170804,210941000,3649.0,2864,128926,104806700.0,3651.0,8,3649.0,15
rb1805,20170807,20170804,210941500,3649.0,2866,128926,104879680.0,3651.0,8,3649.0,9
rb1805,20170807,20170804,210942000,3649.0,2876,128920,105244580.0,3651.0,8,3649.0,4
rb1805,20170807,20170804,210942500,3651.0,2878,128918,105317600.0,3651.0,7,3649.0,5
rb1805,20170807,20170804,210943500,3651.0,2878,128918,105317600.0,3651.0,4,3649.0,5
rb1805,20170807,20170804,210944000,3650.0,2892,128904,105828600.0,3650.0,3,3649.0,5
rb1805,20170807,20170804,210944500,3651.0,2902,128908,106193640.0,3651.0,5,3649.0,5
rb1805,20170807,20170804,210945000,3651.0,2904,128908,106266660.0,3651.0,1,3649.0,8
rb1805,20170807,20170804,210945500,3649.0,2906,128908,106339640.0,3651.0,1,3649.0,7
rb1805,20170807,20170804,210946000,3649.0,2908,128908,106412620.0,3650.0,3,3649.0,6
rb1805,20170807,20170804,210946500,3649.0,2908,128908,106412620.0,3651.0,1,3649.0,7
rb1805,20170807,20170804,210947000,3649.0,2908,128908,106412620.0,3651.0,1,3650.0,1
rb1805,20170807,20170804,210947500,3649.0,2908,128908,106412620.0,3651.0,4,3650.0,1
rb1805,20170807,20170804,210948000,3649.0,2908,128908,106412620.0,3651.0,1,3650.0,2
rb1805,20170807,20170804,210948500,3649.0,2908,128908,106412620.0,3651.0,1,3650.0,3
rb1805,20170807,20170804,210949000,3649.0,2910,128910,106485600.0,3652.0,42,3650.0,13
rb1805,20170807,20170804,210949500,3650.0,2916,128908,106704600.0,3652.0,36,3650.0,18
rb1805,20170807,20170804,210950000,3650.0,2920,128908,106850600.0,3652.0,36,3650.0,16
rb1805,20170807,20170804,210950500,3650.0,2920,128908,106850600.0,3652.0,36,3650.0,16
rb1805,20170807,20170804,210951000,3650.0,2920,128908,106850600.0,3652.0,42,3650.0,16
rb1805,20170807,20170804,210951500,3650.0,2920,128908,106850600.0,3652.0,33,3650.0,16
rb1805,20170807,20170804,210952000,3650.0,2920,128908,106850600.0,3652.0,36,3650.0,16
rb1805,20170807,20170804,210953000,3652.0,2922,128910,106923640.0,3652.0,35,3650.0,16
rb1805,20170807,20170804,210953500,3652.0,2922,128910,106923640.0,3651.0,1,3650.0,16
rb1805,20170807,20170804,210954000,3652.0,2922,128910,106923640.0,3651.0,1,3650.0,22
rb1805,20170807,20170804,210954500,3650.0,2926,128910,107069660.0,3651.0,1,3650.0,21
rb1805,20170807,20170804,210955000,3650.0,2936,128900,107434660.0,3651.0,1,3650.0,17
rb1805,20170807,20170804,210955500,3651.0,2938,128900,107507680.0,3652.0,35,3650.0,17
rb1805,20170807,20170804,210956000,3652.0,2940,128902,107580720.0,3652.0,34,3650.0,17
rb1805,20170807,20170804,210956500,3650.0,2978,128886,108967700.0,3650.0,12,3649.0,14
rb1805,20170807,20170804,210957000,3650.0,2980,128886,109040700.0,3650.0,11,3649.0,14
rb1805,20170807,20170804,210957500,3650.0,2986,128880,109259700.0,3650.0,8,3649.0,14
rb1805,20170807,20170804,210958000,3650.0,2986,128880,109259700.0,3650.0,8,3649.0,10
rb1805,20170807,20170804,210959000,3650.0,2988,128880,109332700.0,3650.0,7,3649.0,10
rb1805,20170807,20170804,210959500,3650.0,2988,128880,109332700.0,3650.0,7,3649.0,10
rb1805,20170807,20170804,211000000,3650.0,2988,128880,109332700.0,3650.0,7,3649.0,10
rb1805,20170807,20170804,211000500,3650.0,2988,128880,109332700.0,3650.0,7,3649.0,14
rb1805,20170807,20170804,211001000,3650.0,2988,128880,109332700.0,3650.0,7,3649.0,11
rb1805,20170807,20170804,211001500,3650.0,2988,128880,109332700.0,3650.0,7,3649.0,11
rb1805,20170807,20170804,211002000,3650.0,2998,128872,109697680.0,3650.0,3,3649.0,11
rb1805,20170807,20170804,211002500,3650.0,3000,128872,109770680.0,3650.0,4,3649.0,11
rb1805,20170807,20170804,211003000,3650.0,3000,128872,109770680.0,3650.0,4,3649.0,12
rb1805,20170807,20170804,211003500,3650.0,3000,128872,109770680.0,3650.0,4,3649.0,12
rb1805,20170807,20170804,211004000,3650.0,3000,128872,109770680.0,3650.0,4,3649.0,12
rb1805,20170807,20170804,211004500,3650.0,3002,128872,109843680.0,3650.0,3,3649.0,12
rb1805,20170807,20170804,211005000,3650.0,3008,128866,110062680.0,3651.0,5,3650.0,3
rb1805,20170807,20170804,211005500,3650.0,3012,128868,110208680.0,3652.0,36,3650.0,1
rb1805,20170807,20170804,211006000,3650.0,3012,128868,110208680.0,3652.0,39,3650.0,1
rb1805,20170807,20170804,211006500,3649.0,3016,128870,110354660.0,3651.0,1,3649.0,16
rb1805,20170807,20170804,211007000,3649.0,3018,128868,110427640.0,3651.0,1,3649.0,20
rb1805,20170807,20170804,211007500,3649.0,3018,128868,110427640.0,3651.0,1,3650.0,4
rb1805,20170807,20170804,211008500,3649.0,3022,128864,110573600.0,3651.0,1,3649.0,19
rb1805,20170807,20170804,211009000,3650.0,3024,128862,110646600.0,3650.0,1,3649.0,19
rb1805,20170807,20170804,211009500,3650.0,3026,128864,110719600.0,3651.0,1,3650.0,1
rb1805,20170807,20170804,211010000,3650.0,3026,128864,110719600.0,3651.0,1,3649.0,9
rb1805,20170807,20170804,211011000,3650.0,3026,128864,110719600.0,3651.0,1,3650.0,4
rb1805,20170807,20170804,211011500,3650.0,3038,128876,111157600.0,3650.0,9,3649.0,15
rb1805,20170807,20170804,211012000,3650.0,3056,128882,111814600.0,3651.0,1,3650.0,5
rb1805,20170807,20170804,211012500,3650.0,3056,128882,111814600.0,3651.0,1,3650.0,5
rb1805,20170807,20170804,211013000,3651.0,3058,128882,111887620.0,3652.0,18,3650.0,5
rb1805,20170807,20170804,211013500,3650.0,3060,128882,111960620.0,3652.0,15,3650.0,4
rb1805,20170807,20170804,211014000,3650.0,3060,128882,111960620.0,3652.0,15,3651.0,3
rb1805,20170807,20170804,211014500,3650.0,3060,128882,111960620.0,3652.0,10,3651.0,3
rb1805,20170807,20170804,211015000,3650.0,3060,128882,111960620.0,3652.0,10,3651.0,3
rb1805,20170807,20170804,211015500,3650.0,3060,128882,111960620.0,3652.0,10,3651.0,3
rb1805,20170807,20170804,211016000,3651.0,3066,128888,112179680.0,3651.0,5,3650.0,10
rb1805,20170807,20170804,211016500,3651.0,3066,128888,112179680.0,3652.0,13,3650.0,3
rb1805,20170807,20170804,211017000,3651.0,3066,128888,112179680.0,3651.0,7,3650.0,3
rb1805,20170807,20170804,211017500,3650.0,3072,128890,112398680.0,3651.0,10,3649.0,17
rb1805,20170807,20170804,211018000,3650.0,3072,128890,112398680.0,3651.0,10,3649.0,17
rb1805,20170807,20170804,211018500,3650.0,3072,128890,112398680.0,3651.0,7,3649.0,17
rb1805,20170807,20170804,211019000,3650.0,3072,128890,112398680.0,3650.0,27,3649.0,22
rb1805,20170807,20170804,211019500,3650.0,3114,128890,113931680.0,3650.0,7,3649.0,22
rb1805,20170807,20170804,211020000,3650.0,3118,128890,114077680.0,3650.0,5,3649.0,22
rb1805,20170807,20170804,211020500,3650.0,3128,128892,114442680.0,3651.0,6,3650.0,6
rb1805,20170807,20170804,211021000,3650.0,3128,128892,114442680.0,3651.0,10,3650.0,3
rb1805,20170807,20170804,211021500,3650.0,3128,128892,114442680.0,3651.0,10,3650.0,3
rb1805,20170807,20170804,211022000,3650.0,3130,128892,114515680.0,3651.0,10,3650.0,2
rb1805,20170807,20170804,211022500,3650.0,3130,128892,114515680.0,3651.0,10,3650.0,4
rb1805,20170807,20170804,211023000,3650.0,3130,128892,114515680.0,3651.0,13,3650.0,4
rb1805,20170807,20170804,211023500,3650.0,3130,128892,114515680.0,3651.0,13,3650.0,4
rb1805,20170807,20170804,211024000,3650.0,3130,128892,114515680.0,3651.0,10,3650.0,4
rb1805,20170807,20170804,211024500,3650.0,3130,128892,114515680.0,3651.0,10,3650.0,4
rb1805,20170807,20170804,211025000,3650.0,3130,128892,114515680.0,3651.0,10,3650.0,7
rb1805,20170807,20170804,211026000,3650.0,3132,128892,114588680.0,3651.0,10,3650.0,6
rb1805,20170807,20170804,211027000,3651.0,3134,128892,114661700.0,3651.0,9,3650.0,6
rb1805,20170807,20170804,211027500,3651.0,3134,128892,114661700.0,3651.0,9,3650.0,6
rb1805,20170807,20170804,211028500,3651.0,3134,128892,114661700.0,3651.0,9,3650.0,6
rb1805,20170807,20170804,211029000,3651.0,3148,128894,115172800.0,3651.0,7,3650.0,4
rb1805,20170807,20170804,211029500,3651.0,3158,128888,115537820.0,3651.0,6,3649.0,23
rb1805,20170807,20170804,211030000,3651.0,3160,128888,115610840.0,3651.0,8,3649.0,20
rb1805,20170807,20170804,211030500,3651.0,3160,128888,115610840.0,3650.0,10,3649.0,20
rb1805,20170807,20170804,211031000,3651.0,3160,128888,115610840.0,3650.0,10,3649.0,15
rb1805,20170807,20170804,211031500,3651.0,3160,128888,115610840.0,3650.0,10,3649.0,15
rb1805,20170807,20170804,211032000,3651.0,3160,128888,115610840.0,3650.0,10,3649.0,15
rb1805,20170807,20170804,211033000,3650.0,3180,128868,116340840.0,3651.0,8,3649.0,15
rb1805,20170807,20170804,211033500,3650.0,3180,128868,116340840.0,3651.0,8,3650.0,1
rb1805,20170807,20170804,211034000,3650.0,3182,128868,116413840.0,3651.0,8,3650.0,1
rb1805,20170807,20170804,211034500,3650.0,3182,128868,116413840.0,3651.0,8,3650.0,1
rb1805,20170807,20170804,211035000,3650.0,3182,128868,116413840.0,3651.0,8,3650.0,5
rb1805,20170807,20170804,211035500,3651.0,3190,128866,116705860.0,3651.0,7,3650.0,3
rb1805,20170807,20170804,211036000,3651.0,3194,128868,116851900.0,3651.0,2,3650.0,4
rb1805,20170807,20170804,211036500,3650.0,3202,128860,117143900.0,3651.0,2,3649.0,25
rb1805,20170807,20170804,211037000,3650.0,3204,128860,117216900.0,3652.0,16,3649.0,25
rb1805,20170807,20170804,211037500,3650.0,3206,128860,117289900.0,3652.0,19,3650.0,5
rb1805,20170807,20170804,211038000,3650.0,3206,128860,117289900.0,3652.0,22,3650.0,6
rb1805,20170807,20170804,211038500,3650.0,3206,128860,117289900.0,3652.0,22,3650.0,7
rb1805,20170807,20170804,211040500,3652.0,3208,128860,117362940.0,3652.0,21,3650.0,7
rb1805,20170807,20170804,211041500,3652.0,3208,128860,117362940.0,3652.0,21,3650.0,10
rb1805,20170807,20170804,211042000,3652.0,3208,128860,117362940.0,3652.0,21,3650.0,10
rb1805,20170807,20170804,211042500,3652.0,3208,128860,117362940.0,3652.0,16,3650.0,10
rb1805,20170807,20170804,211043000,3652.0,3208,128860,117362940.0,3652.0,16,3650.0,11
rb1805,20170807,20170804,211043500,3652.0,3208,128860,117362940.0,3652.0,16,3650.0,11
rb1805,20170807,20170804,211044000,3652.0,3208,128860,117362940.0,3652.0,16,3650.0,11
rb1805,20170807,20170804,211044500,3652.0,3214,128860,117582060.0,3652.0,10,3650.0,17
rb1805,20170807,20170804,211045000,3652.0,3214,128860,117582060.0,3652.0,7,3650.0,22
rb1805,20170807,20170804,211045500,3652.0,3214,128860,117582060.0,3652.0,7,3650.0,22
rb1805,20170807,20170804,211047000,3652.0,3214,128860,117582060.0,3652.0,7,3650.0,18
rb1805,20170807,20170804,211047500,3652.0,3214,128860,117582060.0,3652.0,7,3650.0,19
rb1805,20170807,20170804,211048000,3652.0,3222,128852,117874220.0,3652.0,3,3650.0,19
rb1805,20170807,20170804,211048500,3652.0,3228,128854,118093340.0,3653.0,13,3652.0,7
rb1805,20170807,20170804,211049000,3652.0,3228,128854,118093340.0,3653.0,8,3650.0,33
rb1805,20170807,20170804,211049500,3652.0,3228,128854,118093340.0,3653.0,2,3651.0,3
rb1805,20170807,20170804,211050000,3652.0,3228,128854,118093340.0,3653.0,5,3651.0,3
rb1805,20170807,20170804,211050500,3652.0,3228,128854,118093340.0,3653.0,2,3651.0,3
rb1805,20170807,20170804,211051000,3652.0,3228,128854,118093340.0,3653.0,13,3650.0,24
rb1805,20170807,20170804,211051500,3652.0,3228,128854,118093340.0,3653.0,13,3650.0,24
rb1805,20170807,20170804,211052000,3652.0,3230,128854,118166380.0,3653.0,13,3652.0,4
rb1805,20170807,20170804,211052500,3652.0,3238,128862,118458540.0,3652.0,22,3650.0,22
rb1805,20170807,20170804,211053000,3652.0,3240,128862,118531580.0,3652.0,2,3650.0,20
rb1805,20170807,20170804,211053500,3652.0,3240,128862,118531580.0,3653.0,13,3650.0,16
rb1805,20170807,20170804,211054000,3652.0,3240,128862,118531580.0,3652.0,3,3650.0,11
rb1805,20170807,20170804,211055500,3652.0,3240,128862,118531580.0,3652.0,3,3650.0,11
rb1805,20170807,20170804,211057000,3652.0,3240,128862,118531580.0,3652.0,3,3651.0,6
rb1805,20170807,20170804,211057500,3652.0,3240,128862,118531580.0,3652.0,3,3651.0,6
rb1805,20170807,20170804,211058500,3652.0,3240,128862,118531580.0,3652.0,3,3651.0,6
rb1805,20170807,20170804,211059000,3652.0,3242,128862,118604620.0,3652.0,2,3651.0,6
rb1805,20170807,20170804,211059500,3652.0,3242,128862,118604620.0,3652.0,5,3651.0,6
rb1805,20170807,20170804,211100000,3652.0,3242,128862,118604620.0,3652.0,15,3651.0,6
rb1805,20170807,20170804,211100500,3652.0,3244,128862,118677660.0,3652.0,14,3651.0,6
rb1805,20170807,20170804,211101500,3652.0,3248,128864,118823740.0,3652.0,12,3651.0,6
rb1805,20170807,20170804,211102000,3652.0,3248,128864,118823740.0,3652.0,15,3651.0,6
rb1805,20170807,20170804,211102500,3652.0,3248,128864,118823740.0,3652.0,15,3651.0,6
rb1805,20170807,20170804,211105000,3651.0,3260,128852,119261860.0,3652.0,15,3650.0,26
rb1805,20170807,20170804,211105500,3651.0,3260,128852,119261860.0,3652.0,15,3650.0,32
rb1805,20170807,20170804,211106000,3651.0,3260,128852,119261860.0,3652.0,15,3650.0,32
rb1805,20170807,20170804,211106500,3651.0,3260,128852,119261860.0,3652.0,13,3650.0,37
rb1805,20170807,20170804,211107500,3652.0,3262,128852,119334900.0,3652.0,12,3650.0,37
rb1805,20170807,20170804,211108000,3652.0,3262,128852,119334900.0,3652.0,12,3651.0,2
rb1805,20170807,20170804,211108500,3651.0,3266,128852,119480940.0,3652.0,15,3650.0,34
rb1805,20170807,20170804,211109000,3651.0,3266,128852,119480940.0,3652.0,12,3650.0,31
rb1805,20170807,20170804,211110500,3651.0,3266,128852,119480940.0,3652.0,13,3650.0,31
rb1805,20170807,20170804,211111000,3651.0,3266,128852,119480940.0,3652.0,14,3650.0,31
rb1805,20170807,20170804,211111500,3651.0,3266,128852,119480940.0,3652.0,14,3650.0,34
rb1805,20170807,20170804,211112000,3651.0,3266,128852,119480940.0,3652.0,14,3650.0,34
rb1805,20170807,20170804,211112500,3651.0,3266,128852,119480940.0,3652.0,14,3650.0,34
rb1805,20170807,20170804,211113000,3651.0,3266,128852,119480940.0,3652.0,14,3650.0,38
rb1805,20170807,20170804,211113500,3651.0,3266,128852,119480940.0,3652.0,14,3650.0,43
rb1805,20170807,20170804,211114000,3650.0,3346,128906,122400940.0,3652.0,14,3649.0,21
rb1805,20170807,20170804,211114500,3650.0,3346,128906,122400940.0,3652.0,16,3650.0,9
rb1805,20170807,20170804,211115000,3650.0,3346,128906,122400940.0,3652.0,19,3650.0,9
rb1805,20170807,20170804,211116000,3650.0,3346,128906,122400940.0,3652.0,17,3650.0,14
rb1805,20170807,20170804,211116500,3650.0,3346,128906,122400940.0,3652.0,17,3650.0,18
rb1805,20170807,20170804,211117500,3650.0,3346,128906,122400940.0,3652.0,17,3650.0,18
rb1805,20170807,20170804,211118500,3650.0,3346,128906,122400940.0,3652.0,19,3650.0,10
rb1805,20170807,20170804,211119500,3650.0,3366,128906,123130940.0,3650.0,1,3649.0,22
rb1805,20170807,20170804,211120000,3650.0,3368,128906,123203940.0,3652.0,26,3650.0,4
rb1805,20170807,20170804,211120500,3650.0,3376,128898,123495940.0,3651.0,13,3649.0,19
rb1805,20170807,20170804,211121000,3650.0,3376,128898,123495940.0,3651.0,13,3649.0,20
rb1805,20170807,20170804,211122000,3650.0,3376,128898,123495940.0,3650.0,1,3649.0,19
rb1805,20170807,20170804,211122500,3650.0,3376,128898,123495940.0,3650.0,1,3649.0,14
rb1805,20170807,20170804,211123000,3650.0,3376,128898,123495940.0,3650.0,1,3649.0,15
rb1805,20170807,20170804,211123500,3649.0,3378,128900,123568920.0,3650.0,1,3649.0,14
rb1805,20170807,20170804,211124500,3650.0,3380,128900,123641920.0,3651.0,13,3649.0,14
rb1805,20170807,20170804,211125000,3650.0,3380,128900,123641920.0,3651.0,16,3649.0,15
rb1805,20170807,20170804,211125500,3650.0,3380,128900,123641920.0,3651.0,16,3649.0,15
rb1805,20170807,20170804,211126000,3650.0,3380,128900,123641920.0,3651.0,8,3649.0,15
rb1805,20170807,20170804,211126500,3651.0,3382,128898,123714940.0,3651.0,7,3649.0,15
rb1805,20170807,20170804,211127000,3649.0,3384,128900,123787920.0,3651.0,7,3649.0,14
rb1805,20170807,20170804,211128000,3649.0,3384,128900,123787920.0,3651.0,7,3649.0,14
rb1805,20170807,20170804,211128500,3649.0,3384,128900,123787920.0,3651.0,7,3649.0,19
rb1805,20170807,20170804,211129000,3649.0,3386,128900,123860900.0,3650.0,9,3649.0,18
rb1805,20170807,20170804,211129500,3649.0,3386,128900,123860900.0,3650.0,9,3649.0,18
rb1805,20170807,20170804,211130000,3649.0,3386,128900,123860900.0,3650.0,9,3649.0,19
rb1805,20170807,20170804,211130500,3649.0,3388,128898,123933880.0,3651.0,8,3649.0,13
rb1805,20170807,20170804,211131000,3651.0,3392,128896,124079880.0,3651.0,10,3649.0,12
rb1805,20170807,20170804,211131500,3649.0,3410,128892,124736700.0,3651.0,10,3649.0,3
rb1805,20170807,20170804,211132000,3649.0,3410,128892,124736700.0,3651.0,13,3650.0,1
rb1805,20170807,20170804,211132500,3650.0,3412,128892,124809700.0,3650.0,4,3649.0,3
rb1805,20170807,20170804,211133000,3650.0,3418,128890,125028680.0,3651.0,9,3650.0,1
rb1805,20170807,20170804,211133500,3650.0,3420,128888,125101680.0,3650.0,4,3649.0,2
rb1805,20170807,20170804,211134000,3650.0,3420,128888,125101680.0,3651.0,9,3649.0,2
rb1805,20170807,20170804,211134500,3650.0,3420,128888,125101680.0,3650.0,1,3649.0,2
rb1805,20170807,20170804,211135000,3650.0,3420,128888,125101680.0,3650.0,1,3649.0,2
rb1805,20170807,20170804,211135500,3650.0,3426,128888,125320640.0,3651.0,16,3650.0,10
rb1805,20170807,20170804,211136000,3650.0,3438,128876,125758640.0,3651.0,14,3650.0,4
rb1805,20170807,20170804,211136500,3650.0,3446,128870,126050640.0,3649.0,3,3648.0,7
rb1805,20170807,20170804,211137000,3651.0,3460,128874,126561660.0,3651.0,10,3648.0,7
rb1805,20170807,20170804,211137500,3651.0,3460,128874,126561660.0,3650.0,12,3648.0,14
rb1805,20170807,20170804,211138000,3650.0,3462,128872,126634660.0,3650.0,11,3648.0,14
rb1805,20170807,20170804,211138500,3648.0,3466,128874,126780580.0,3650.0,22,3648.0,13
rb1805,20170807,20170804,211139000,3648.0,3468,128874,126853540.0,3650.0,27,3648.0,11
rb1805,20170807,20170804,211139500,3648.0,3468,128874,126853540.0,3650.0,27,3648.0,7
rb1805,20170807,20170804,211140000,3648.0,3468,128874,126853540.0,3650.0,33,3648.0,7
rb1805,20170807,20170804,211140500,3648.0,3468,128874,126853540.0,3650.0,30,3648.0,7
rb1805,20170807,20170804,211141000,3648.0,3468,128874,126853540.0,3649.0,1,3648.0,7
rb1805,20170807,20170804,211141500,3648.0,3468,128874,126853540.0,3649.0,1,3648.0,7
rb1805,20170807,20170804,211142000,3649.0,3470,128874,126926520.0,3650.0,30,3648.0,7
rb1805,20170807,20170804,211142500,3649.0,3470,128874,126926520.0,3650.0,30,3648.0,8
rb1805,20170807,20170804,211143000,3649.0,3470,128874,126926520.0,3650.0,30,3649.0,3
rb1805,20170807,20170804,211143500,3649.0,3470,128874,126926520.0,3650.0,30,3649.0,8
rb1805,20170807,20170804,211144000,3649.0,3470,128874,126926520.0,3650.0,30,3649.0,5
rb1805,20170807,20170804,211144500,3649.0,3470,128874,126926520.0,3650.0,30,3649.0,6
rb1805,20170807,20170804,211145000,3649.0,3470,128874,126926520.0,3650.0,30,3649.0,9
rb1805,20170807,20170804,211145500,3649.0,3470,128874,126926520.0,3650.0,29,3649.0,14
rb1805,20170807,20170804,211146000,3650.0,3488,128868,127583520.0,3650.0,20,3649.0,14
rb1805,20170807,20170804,211146500,3650.0,3530,128894,129116520.0,3651.0,4,3650.0,7
rb1805,20170807,20170804,211147000,3650.0,3536,128898,129335520.0,3651.0,2,3650.0,2
rb1805,20170807,20170804,211147500,3650.0,3536,128898,129335520.0,3651.0,2,3650.0,4
rb1805,20170807,20170804,211148000,3650.0,3538,128896,129408520.0,3651.0,2,3650.0,3
rb1805,20170807,20170804,211148500,3650.0,3542,128896,129554520.0,3651.0,2,3649.0,15
rb1805,20170807,20170804,211149000,3650.0,3542,128896,129554520.0,3651.0,1,3649.0,15
rb1805,20170807,20170804,211149500,3650.0,3542,128896,129554520.0,3651.0,2,3649.0,15
rb1805,20170807,20170804,211150500,3650.0,3542,128896,129554520.0,3651.0,2,3649.0,16
rb1805,20170807,20170804,211152000,3649.0,3544,128894,129627500.0,3651.0,2,3649.0,15
rb1805,20170807,20170804,211153000,3649.0,3544,128894,129627500.0,3651.0,2,3649.0,15
rb1805,20170807,20170804,211155000,3649.0,3544,128894,129627500.0,3651.0,2,3649.0,15
rb1805,20170807,20170804,211155500,3649.0,3544,128894,129627500.0,3651.0,2,3650.0,4
rb1805,20170807,20170804,211156000,3649.0,3544,128894,129627500.0,3651.0,2,3650.0,4
rb1805,20170807,20170804,211156500,3650.0,3548,128890,129773500.0,3651.0,2,3650.0,2
rb1805,20170807,20170804,211158000,3650.0,3548,128890,129773500.0,3651.0,3,3650.0,2
rb1805,20170807,20170804,211158500,3650.0,3552,128886,129919500.0,3650.0,3,3649.0,25
rb1805,20170807,20170804,211159000,3650.0,3558,128884,130138500.0,3650.0,2,3649.0,20
rb1805,20170807,20170804,211159500,3650.0,3560,128882,130211500.0,3650.0,1,3649.0,10
rb1805,20170807,20170804,211200000,3650.0,3560,128882,130211500.0,3650.0,1,3649.0,10
rb1805,20170807,20170804,211201500,3650.0,3560,128882,130211500.0,3650.0,2,3649.0,10
rb1805,20170807,20170804,211202000,3650.0,3562,128882,130284500.0,3650.0,1,3649.0,10
rb1805,20170807,20170804,211203500,3650.0,3564,128882,130357500.0,3651.0,4,3649.0,10
rb1805,20170807,20170804,211204000,3650.0,3564,128882,130357500.0,3651.0,7,3649.0,10
rb1805,20170807,20170804,211205000,3650.0,3564,128882,130357500.0,3651.0,7,3649.0,14
rb1805,20170807,20170804,211205500,3650.0,3564,128882,130357500.0,3651.0,7,3649.0,14
rb1805,20170807,20170804,211206000,3650.0,3564,128882,130357500.0,3650.0,3,3649.0,14
rb1805,20170807,20170804,211206500,3650.0,3570,128882,130576500.0,3651.0,6,3649.0,25
rb1805,20170807,20170804,211208500,3650.0,3570,128882,130576500.0,3651.0,6,3649.0,25
rb1805,20170807,20170804,211209500,3650.0,3570,128882,130576500.0,3651.0,6,3650.0,2
rb1805,20170807,20170804,211210500,3650.0,3570,128882,130576500.0,3651.0,6,3650.0,2
rb1805,20170807,20170804,211211000,3650.0,3574,128878,130722500.0,3650.0,2,3649.0,25
rb1805,20170807,20170804,211211500,3650.0,3574,128878,130722500.0,3651.0,6,3649.0,14
rb1805,20170807,20170804,211212000,3650.0,3574,128878,130722500.0,3650.0,6,3649.0,14
