instrument,tradingday,calendarday,time,lastp,volume,openinterest,turnover,ask1,asksz1,bid1,bidsz1
rb1805,20170707,20170706,183422500,3074.0,0,75012,0.0,0.0,0,0.0,0
rb1805,20170707,20170706,205900500,3069.0,16,75000,491040.0,3070.0,1,3068.0,1
rb1805,20170707,20170706,210000500,3068.0,30,75000,920720.0,3068.0,35,3065.0,1
rb1805,20170707,20170706,210001000,3068.0,100,74982,3068320.0,3070.0,1,3067.0,6
rb1805,20170707,20170706,210001500,3068.0,100,74982,3068320.0,3070.0,1,3065.0,3
rb1805,20170707,20170706,210002000,3068.0,100,74982,3068320.0,3070.0,1,3065.0,9
rb1805,20170707,20170706,210002500,3065.0,102,74984,3129620.0,3070.0,2,3065.0,10
rb1805,20170707,20170706,210003000,3073.0,110,74984,3375300.0,3075.0,3,3065.0,10
rb1805,20170707,20170706,210003500,3075.0,116,74982,3559580.0,3075.0,2,3066.0,1
rb1805,20170707,20170706,210004000,3070.0,126,74986,3866900.0,3076.0,1,3070.0,1
rb1805,20170707,20170706,210004500,3070.0,126,74986,3866900.0,3073.0,1,3070.0,1
rb1805,20170707,20170706,210005000,3070.0,128,74988,3928300.0,3067.0,8,3066.0,1
rb1805,20170707,20170706,210005500,3079.0,174,74982,5342500.0,3079.0,18,3070.0,30
rb1805,20170707,20170706,210006000,3070.0,184,74984,5649860.0,3075.0,1,3070.0,27
rb1805,20170707,20170706,210006500,3070.0,190,74990,5834060.0,3076.0,3,3070.0,24
rb1805,20170707,20170706,210007000,3070.0,190,74990,5834060.0,3075.0,1,3070.0,24
rb1805,20170707,20170706,210007500,3070.0,238,74990,7307660.0,3073.0,6,3066.0,21
rb1805,20170707,20170706,210008000,3079.0,250,74988,7676900.0,3079.0,2,3066.0,21
rb1805,20170707,20170706,210008500,3079.0,262,74988,8046380.0,3078.0,6,3070.0,2
rb1805,20170707,20170706,210009000,3079.0,262,74988,8046380.0,3078.0,5,3070.0,2
rb1805,20170707,20170706,210009500,3079.0,262,74988,8046380.0,3077.0,1,3070.0,3
rb1805,20170707,20170706,210010000,3079.0,262,74988,8046380.0,3078.0,1,3070.0,3
rb1805,20170707,20170706,210010500,3079.0,262,74988,8046380.0,3078.0,10,3070.0,3
rb1805,20170707,20170706,210011000,3079.0,264,74988,8107960.0,3078.0,10,3070.0,3
rb1805,20170707,20170706,210011500,3079.0,264,74988,8107960.0,3077.0,3,3070.0,3
rb1805,20170707,20170706,210012000,3079.0,264,74988,8107960.0,3076.0,3,3070.0,3
rb1805,20170707,20170706,210012500,3079.0,264,74988,8107960.0,3076.0,3,3070.0,3
rb1805,20170707,20170706,210013000,3079.0,264,74988,8107960.0,3076.0,3,3070.0,3
rb1805,20170707,20170706,210013500,3079.0,264,74988,8107960.0,3077.0,1,3070.0,1
rb1805,20170707,20170706,210014000,3079.0,264,74988,8107960.0,3076.0,2,3070.0,1
rb1805,20170707,20170706,210014500,3079.0,264,74988,8107960.0,3076.0,2,3071.0,2
rb1805,20170707,20170706,210015000,3079.0,264,74988,8107960.0,3077.0,1,3071.0,4
rb1805,20170707,20170706,210015500,3071.0,266,74986,8169380.0,3075.0,1,3071.0,3
rb1805,20170707,20170706,210016000,3071.0,266,74986,8169380.0,3075.0,1,3072.0,1
rb1805,20170707,20170706,210016500,3071.0,266,74986,8169380.0,3077.0,1,3072.0,2
rb1805,20170707,20170706,210017000,3071.0,266,74986,8169380.0,3077.0,1,3072.0,2
rb1805,20170707,20170706,210017500,3071.0,266,74986,8169380.0,3077.0,1,3072.0,2
rb1805,20170707,20170706,210018000,3071.0,266,74986,8169380.0,3077.0,1,3072.0,2
rb1805,20170707,20170706,210018500,3072.0,272,74984,8353700.0,3072.0,347,3071.0,2
rb1805,20170707,20170706,210019000,3072.0,286,74970,8783780.0,3072.0,340,3071.0,3
rb1805,20170707,20170706,210019500,3072.0,288,74970,8845220.0,3072.0,339,3071.0,3
rb1805,20170707,20170706,210020000,3072.0,298,74970,9152420.0,3072.0,334,3071.0,3
rb1805,20170707,20170706,210020500,3072.0,308,74970,9459620.0,3072.0,329,3071.0,4
rb1805,20170707,20170706,210021000,3072.0,308,74970,9459620.0,3072.0,329,3071.0,1
rb1805,20170707,20170706,210021500,3072.0,308,74970,9459620.0,3072.0,329,3071.0,2
rb1805,20170707,20170706,210022500,3072.0,308,74970,9459620.0,3072.0,329,3071.0,5
rb1805,20170707,20170706,210023000,3071.0,314,74968,9643880.0,3072.0,329,3071.0,2
rb1805,20170707,20170706,210024000,3071.0,314,74968,9643880.0,3072.0,329,3071.0,2
rb1805,20170707,20170706,210024500,3071.0,314,74968,9643880.0,3072.0,329,3071.0,2
rb1805,20170707,20170706,210025000,3072.0,316,74966,9705320.0,3072.0,328,3071.0,2
rb1805,20170707,20170706,210025500,3072.0,316,74966,9705320.0,3072.0,328,3071.0,2
rb1805,20170707,20170706,210026000,3071.0,324,74966,9951040.0,3071.0,15,3070.0,1
rb1805,20170707,20170706,210027000,3070.0,326,74966,10012440.0,3069.0,1,3068.0,1
rb1805,20170707,20170706,210027500,3070.0,326,74966,10012440.0,3069.0,1,3068.0,1
rb1805,20170707,20170706,210028000,3070.0,326,74966,10012440.0,3069.0,1,3068.0,2
rb1805,20170707,20170706,210028500,3070.0,326,74966,10012440.0,3069.0,1,3068.0,1
rb1805,20170707,20170706,210030000,3070.0,326,74966,10012440.0,3069.0,1,3068.0,2
rb1805,20170707,20170706,210030500,3070.0,326,74966,10012440.0,3069.0,1,3068.0,1
rb1805,20170707,20170706,210031000,3070.0,326,74966,10012440.0,3069.0,1,3068.0,2
rb1805,20170707,20170706,210031500,3070.0,326,74966,10012440.0,3069.0,1,3068.0,3
rb1805,20170707,20170706,210032500,3069.0,328,74964,10073820.0,3071.0,17,3068.0,2
rb1805,20170707,20170706,210033000,3069.0,328,74964,10073820.0,3070.0,3,3068.0,1
rb1805,20170707,20170706,210033500,3068.0,330,74964,10135180.0,3070.0,3,3068.0,1
rb1805,20170707,20170706,210034000,3068.0,330,74964,10135180.0,3070.0,3,3068.0,1
rb1805,20170707,20170706,210034500,3068.0,330,74964,10135180.0,3070.0,3,3068.0,1
rb1805,20170707,20170706,210035500,3068.0,330,74964,10135180.0,3070.0,3,3068.0,1
rb1805,20170707,20170706,210037000,3068.0,330,74964,10135180.0,3070.0,3,3069.0,1
rb1805,20170707,20170706,210037500,3069.0,332,74964,10196560.0,3069.0,2,3068.0,1
rb1805,20170707,20170706,210038000,3068.0,334,74962,10257920.0,3068.0,1,3066.0,1
rb1805,20170707,20170706,210038500,3068.0,334,74962,10257920.0,3068.0,2,3066.0,2
rb1805,20170707,20170706,210039000,3068.0,334,74962,10257920.0,3068.0,2,3066.0,2
rb1805,20170707,20170706,210039500,3068.0,334,74962,10257920.0,3068.0,1,3066.0,2
rb1805,20170707,20170706,210040500,3068.0,334,74962,10257920.0,3068.0,1,3066.0,2
rb1805,20170707,20170706,210041000,3068.0,334,74962,10257920.0,3068.0,1,3066.0,2
rb1805,20170707,20170706,210043000,3068.0,336,74962,10319280.0,3070.0,3,3068.0,2
rb1805,20170707,20170706,210044000,3068.0,336,74962,10319280.0,3069.0,1,3068.0,2
rb1805,20170707,20170706,210044500,3068.0,336,74962,10319280.0,3069.0,1,3068.0,2
rb1805,20170707,20170706,210045000,3068.0,336,74962,10319280.0,3069.0,1,3068.0,2
rb1805,20170707,20170706,210045500,3068.0,336,74962,10319280.0,3069.0,1,3068.0,2
rb1805,20170707,20170706,210046500,3069.0,338,74962,10380660.0,3070.0,3,3068.0,2
rb1805,20170707,20170706,210047000,3069.0,338,74962,10380660.0,3070.0,3,3069.0,1
rb1805,20170707,20170706,210047500,3069.0,340,74962,10442040.0,3069.0,2,3068.0,2
rb1805,20170707,20170706,210048000,3068.0,342,74962,10503400.0,3070.0,3,3068.0,1
rb1805,20170707,20170706,210048500,3068.0,344,74962,10564760.0,3070.0,3,3066.0,1
rb1805,20170707,20170706,210049000,3068.0,344,74962,10564760.0,3069.0,1,3066.0,2
rb1805,20170707,20170706,210051000,3068.0,344,74962,10564760.0,3069.0,1,3066.0,2
rb1805,20170707,20170706,210052000,3068.0,344,74962,10564760.0,3069.0,1,3066.0,2
rb1805,20170707,20170706,210052500,3068.0,344,74962,10564760.0,3069.0,1,3066.0,3
rb1805,20170707,20170706,210053000,3068.0,344,74962,10564760.0,3068.0,2,3066.0,2
rb1805,20170707,20170706,210053500,3068.0,344,74962,10564760.0,3068.0,2,3066.0,3
rb1805,20170707,20170706,210054000,3068.0,344,74962,10564760.0,3068.0,2,3066.0,2
rb1805,20170707,20170706,210054500,3068.0,344,74962,10564760.0,3068.0,2,3066.0,5
rb1805,20170707,20170706,210055500,3068.0,346,74964,10626120.0,3068.0,1,3066.0,4
rb1805,20170707,20170706,210056500,3068.0,346,74964,10626120.0,3068.0,1,3066.0,5
rb1805,20170707,20170706,210057500,3066.0,348,74964,10687440.0,3068.0,1,3066.0,4
rb1805,20170707,20170706,210058500,3066.0,348,74964,10687440.0,3068.0,1,3067.0,1
rb1805,20170707,20170706,210059000,3068.0,350,74966,10748800.0,3069.0,1,3068.0,1
rb1805,20170707,20170706,210059500,3068.0,350,74966,10748800.0,3069.0,1,3067.0,1
rb1805,20170707,20170706,210100000,3069.0,352,74966,10810180.0,3070.0,7,3067.0,1
rb1805,20170707,20170706,210100500,3069.0,352,74966,10810180.0,3070.0,7,3068.0,2
rb1805,20170707,20170706,210101000,3069.0,352,74966,10810180.0,3070.0,7,3068.0,2
rb1805,20170707,20170706,210102000,3069.0,352,74966,10810180.0,3070.0,1,3068.0,2
rb1805,20170707,20170706,210102500,3070.0,354,74968,10871580.0,3071.0,16,3070.0,1
rb1805,20170707,20170706,210103000,3070.0,354,74968,10871580.0,3071.0,16,3068.0,2
rb1805,20170707,20170706,210103500,3070.0,354,74968,10871580.0,3071.0,16,3068.0,7
rb1805,20170707,20170706,210104500,3071.0,362,74960,11117260.0,3071.0,12,3068.0,7
rb1805,20170707,20170706,210106500,3071.0,362,74960,11117260.0,3071.0,12,3068.0,7
rb1805,20170707,20170706,210107000,3071.0,362,74960,11117260.0,3071.0,1,3068.0,7
rb1805,20170707,20170706,210107500,3071.0,362,74960,11117260.0,3071.0,1,3068.0,10
rb1805,20170707,20170706,210108500,3071.0,364,74960,11178680.0,3072.0,326,3071.0,3
rb1805,20170707,20170706,210109000,3071.0,364,74960,11178680.0,3072.0,326,3071.0,3
rb1805,20170707,20170706,210110500,3071.0,364,74960,11178680.0,3072.0,326,3071.0,3
rb1805,20170707,20170706,210111000,3071.0,364,74960,11178680.0,3072.0,326,3071.0,3
rb1805,20170707,20170706,210112000,3071.0,364,74960,11178680.0,3072.0,326,3071.0,3
rb1805,20170707,20170706,210112500,3071.0,370,74960,11362940.0,3071.0,2,3069.0,1
rb1805,20170707,20170706,210113000,3071.0,370,74960,11362940.0,3072.0,331,3069.0,1
rb1805,20170707,20170706,210113500,3071.0,370,74960,11362940.0,3071.0,2,3069.0,6
rb1805,20170707,20170706,210115000,3071.0,372,74960,11424360.0,3071.0,1,3069.0,5
rb1805,20170707,20170706,210115500,3071.0,372,74960,11424360.0,3071.0,1,3069.0,6
rb1805,20170707,20170706,210116500,3071.0,374,74962,11485780.0,3072.0,331,3069.0,6
rb1805,20170707,20170706,210117000,3072.0,404,74932,12407380.0,3072.0,311,3069.0,7
rb1805,20170707,20170706,210118000,3072.0,412,74932,12653140.0,3072.0,307,3070.0,1
rb1805,20170707,20170706,210118500,3072.0,424,74930,13021780.0,3072.0,301,3071.0,1
rb1805,20170707,20170706,210119000,3072.0,424,74930,13021780.0,3072.0,301,3071.0,7
rb1805,20170707,20170706,210120000,3072.0,424,74930,13021780.0,3072.0,301,3071.0,10
rb1805,20170707,20170706,210120500,3072.0,450,74924,13820500.0,3072.0,288,3071.0,7
rb1805,20170707,20170706,210121000,3072.0,450,74924,13820500.0,3072.0,288,3070.0,5
rb1805,20170707,20170706,210121500,3072.0,452,74924,13881940.0,3071.0,1,3070.0,6
rb1805,20170707,20170706,210122500,3072.0,452,74924,13881940.0,3071.0,1,3070.0,9
rb1805,20170707,20170706,210123000,3071.0,454,74922,13943360.0,3071.0,1,3070.0,9
rb1805,20170707,20170706,210123500,3071.0,456,74922,14004780.0,3072.0,287,3071.0,8
rb1805,20170707,20170706,210124000,3071.0,456,74922,14004780.0,3072.0,287,3071.0,9
rb1805,20170707,20170706,210124500,3071.0,456,74922,14004780.0,3072.0,287,3071.0,8
rb1805,20170707,20170706,210125000,3072.0,458,74920,14066220.0,3072.0,286,3071.0,16
rb1805,20170707,20170706,210125500,3072.0,458,74920,14066220.0,3072.0,286,3071.0,13
rb1805,20170707,20170706,210126000,3072.0,458,74920,14066220.0,3072.0,286,3071.0,8
rb1805,20170707,20170706,210127000,3072.0,458,74920,14066220.0,3072.0,286,3071.0,16
rb1805,20170707,20170706,210127500,3072.0,458,74920,14066220.0,3072.0,286,3071.0,16
rb1805,20170707,20170706,210128000,3072.0,462,74918,14189080.0,3072.0,285,3071.0,7
rb1805,20170707,20170706,210128500,3071.0,474,74906,14557600.0,3072.0,291,3071.0,1
rb1805,20170707,20170706,210129000,3071.0,476,74906,14619020.0,3071.0,1,3070.0,1
rb1805,20170707,20170706,210129500,3071.0,476,74906,14619020.0,3071.0,1,3070.0,1
rb1805,20170707,20170706,210130000,3070.0,478,74906,14680420.0,3071.0,1,3069.0,6
rb1805,20170707,20170706,210130500,3070.0,478,74906,14680420.0,3071.0,1,3069.0,6
rb1805,20170707,20170706,210131000,3070.0,478,74906,14680420.0,3071.0,1,3069.0,6
rb1805,20170707,20170706,210132000,3071.0,480,74906,14741840.0,3072.0,290,3071.0,1
rb1805,20170707,20170706,210132500,3071.0,480,74906,14741840.0,3072.0,290,3071.0,1
rb1805,20170707,20170706,210133500,3071.0,480,74906,14741840.0,3072.0,290,3071.0,1
rb1805,20170707,20170706,210134000,3071.0,482,74904,14803260.0,3072.0,290,3070.0,12
rb1805,20170707,20170706,210134500,3072.0,484,74904,14864700.0,3072.0,289,3070.0,12
rb1805,20170707,20170706,210136000,3072.0,484,74904,14864700.0,3072.0,289,3071.0,3
rb1805,20170707,20170706,210136500,3071.0,486,74904,14926120.0,3072.0,289,3071.0,2
rb1805,20170707,20170706,210137500,3071.0,486,74904,14926120.0,3072.0,284,3071.0,3
rb1805,20170707,20170706,210138000,3071.0,486,74904,14926120.0,3072.0,284,3071.0,3
rb1805,20170707,20170706,210139500,3071.0,486,74904,14926120.0,3072.0,284,3071.0,3
rb1805,20170707,20170706,210140000,3072.0,490,74904,15049000.0,3072.0,282,3071.0,3
rb1805,20170707,20170706,210140500,3072.0,492,74904,15110440.0,3072.0,281,3071.0,3
rb1805,20170707,20170706,210141500,3072.0,492,74904,15110440.0,3072.0,281,3071.0,8
rb1805,20170707,20170706,210142500,3071.0,494,74904,15171860.0,3072.0,281,3071.0,7
rb1805,20170707,20170706,210143500,3072.0,504,74904,15479060.0,3072.0,276,3071.0,7
rb1805,20170707,20170706,210144000,3072.0,520,74904,15970580.0,3072.0,268,3071.0,7
rb1805,20170707,20170706,210144500,3072.0,520,74904,15970580.0,3072.0,268,3071.0,10
rb1805,20170707,20170706,210145500,3071.0,524,74902,16093420.0,3072.0,268,3071.0,8
rb1805,20170707,20170706,210146500,3071.0,526,74900,16154840.0,3072.0,268,3071.0,7
rb1805,20170707,20170706,210147000,3071.0,526,74900,16154840.0,3072.0,268,3071.0,6
rb1805,20170707,20170706,210147500,3071.0,526,74900,16154840.0,3072.0,268,3070.0,32
rb1805,20170707,20170706,210148000,3072.0,532,74900,16339160.0,3072.0,270,3071.0,2
rb1805,20170707,20170706,210148500,3072.0,532,74900,16339160.0,3072.0,270,3071.0,1
rb1805,20170707,20170706,210149000,3071.0,534,74902,16400580.0,3072.0,270,3070.0,32
rb1805,20170707,20170706,210149500,3071.0,534,74902,16400580.0,3072.0,270,3071.0,1
rb1805,20170707,20170706,210150000,3071.0,534,74902,16400580.0,3072.0,270,3070.0,32
rb1805,20170707,20170706,210150500,3071.0,534,74902,16400580.0,3072.0,265,3070.0,33
rb1805,20170707,20170706,210151000,3071.0,534,74902,16400580.0,3072.0,270,3070.0,33
rb1805,20170707,20170706,210151500,3071.0,534,74902,16400580.0,3072.0,270,3070.0,31
rb1805,20170707,20170706,210152500,3071.0,534,74902,16400580.0,3072.0,270,3071.0,2
rb1805,20170707,20170706,210153500,3071.0,534,74902,16400580.0,3072.0,265,3071.0,2
rb1805,20170707,20170706,210154000,3071.0,534,74902,16400580.0,3072.0,265,3071.0,2
rb1805,20170707,20170706,210155000,3071.0,534,74902,16400580.0,3072.0,265,3071.0,2
rb1805,20170707,20170706,210155500,3071.0,538,74898,16523420.0,3071.0,3,3070.0,31
rb1805,20170707,20170706,210156000,3071.0,538,74898,16523420.0,3072.0,265,3070.0,30
rb1805,20170707,20170706,210157000,3071.0,538,74898,16523420.0,3072.0,265,3071.0,1
rb1805,20170707,20170706,210157500,3071.0,540,74898,16584840.0,3072.0,265,3070.0,30
rb1805,20170707,20170706,210158000,3071.0,540,74898,16584840.0,3071.0,1,3070.0,30
rb1805,20170707,20170706,210159500,3071.0,540,74898,16584840.0,3071.0,1,3070.0,30
rb1805,20170707,20170706,210200000,3071.0,540,74898,16584840.0,3071.0,1,3070.0,30
rb1805,20170707,20170706,210201500,3071.0,540,74898,16584840.0,3071.0,1,3070.0,30
rb1805,20170707,20170706,210202000,3071.0,540,74898,16584840.0,3071.0,6,3070.0,30
rb1805,20170707,20170706,210203000,3070.0,542,74898,16646240.0,3071.0,6,3070.0,29
rb1805,20170707,20170706,210203500,3071.0,544,74898,16707660.0,3071.0,5,3070.0,29
rb1805,20170707,20170706,210204000,3071.0,544,74898,16707660.0,3071.0,5,3070.0,29
rb1805,20170707,20170706,210204500,3071.0,544,74898,16707660.0,3071.0,5,3070.0,29
rb1805,20170707,20170706,210206000,3071.0,544,74898,16707660.0,3071.0,5,3070.0,29
rb1805,20170707,20170706,210207500,3070.0,546,74898,16769060.0,3071.0,5,3070.0,28
rb1805,20170707,20170706,210208000,3070.0,568,74904,17444460.0,3071.0,7,3070.0,17
rb1805,20170707,20170706,210208500,3070.0,576,74912,17690060.0,3071.0,7,3070.0,13
rb1805,20170707,20170706,210209000,3070.0,578,74914,17751460.0,3071.0,7,3070.0,12
rb1805,20170707,20170706,210210500,3070.0,578,74914,17751460.0,3071.0,7,3070.0,12
rb1805,20170707,20170706,210211000,3070.0,580,74916,17812860.0,3071.0,7,3070.0,11
rb1805,20170707,20170706,210212000,3070.0,580,74916,17812860.0,3071.0,7,3070.0,11
rb1805,20170707,20170706,210212500,3070.0,580,74916,17812860.0,3071.0,9,3070.0,11
rb1805,20170707,20170706,210213500,3070.0,582,74916,17874260.0,3071.0,4,3070.0,10
rb1805,20170707,20170706,210217500,3070.0,582,74916,17874260.0,3071.0,9,3070.0,10
rb1805,20170707,20170706,210218000,3070.0,582,74916,17874260.0,3071.0,9,3070.0,10
rb1805,20170707,20170706,210219000,3070.0,584,74916,17935660.0,3071.0,9,3070.0,9
rb1805,20170707,20170706,210219500,3070.0,586,74918,17997060.0,3071.0,9,3070.0,8
rb1805,20170707,20170706,210220000,3070.0,586,74918,17997060.0,3071.0,9,3070.0,8
rb1805,20170707,20170706,210221000,3070.0,586,74918,17997060.0,3071.0,9,3070.0,8
rb1805,20170707,20170706,210222000,3070.0,586,74918,17997060.0,3071.0,4,3070.0,8
rb1805,20170707,20170706,210222500,3070.0,586,74918,17997060.0,3071.0,4,3070.0,8
rb1805,20170707,20170706,210223000,3070.0,586,74918,17997060.0,3071.0,4,3070.0,13
rb1805,20170707,20170706,210223500,3070.0,586,74918,17997060.0,3071.0,5,3070.0,13
rb1805,20170707,20170706,210224000,3070.0,586,74918,17997060.0,3071.0,6,3070.0,13
rb1805,20170707,20170706,210224500,3070.0,586,74918,17997060.0,3071.0,4,3070.0,8
rb1805,20170707,20170706,210226500,3070.0,586,74918,17997060.0,3071.0,4,3070.0,8
rb1805,20170707,20170706,210228500,3070.0,586,74918,17997060.0,3071.0,2,3070.0,8
rb1805,20170707,20170706,210229500,3070.0,586,74918,17997060.0,3071.0,7,3070.0,8
rb1805,20170707,20170706,210230500,3070.0,586,74918,17997060.0,3071.0,7,3070.0,8
rb1805,20170707,20170706,210231500,3070.0,586,74918,17997060.0,3071.0,11,3070.0,8
rb1805,20170707,20170706,210232000,3070.0,586,74918,17997060.0,3071.0,11,3070.0,8
rb1805,20170707,20170706,210232500,3070.0,586,74918,17997060.0,3071.0,11,3070.0,8
rb1805,20170707,20170706,210234000,3070.0,586,74918,17997060.0,3071.0,11,3070.0,8
rb1805,20170707,20170706,210234500,3070.0,588,74918,18058460.0,3071.0,11,3070.0,7
rb1805,20170707,20170706,210235500,3070.0,588,74918,18058460.0,3071.0,11,3070.0,7
rb1805,20170707,20170706,210237500,3070.0,588,74918,18058460.0,3071.0,11,3070.0,7
rb1805,20170707,20170706,210240000,3070.0,588,74918,18058460.0,3071.0,11,3070.0,7
rb1805,20170707,20170706,210243000,3070.0,588,74918,18058460.0,3071.0,11,3070.0,8
rb1805,20170707,20170706,210243500,3070.0,588,74918,18058460.0,3071.0,29,3070.0,8
rb1805,20170707,20170706,210244500,3070.0,588,74918,18058460.0,3071.0,29,3070.0,8
rb1805,20170707,20170706,210247000,3070.0,588,74918,18058460.0,3071.0,29,3070.0,8
rb1805,20170707,20170706,210248500,3070.0,588,74918,18058460.0,3071.0,29,3070.0,8
rb1805,20170707,20170706,210249500,3070.0,588,74918,18058460.0,3071.0,29,3070.0,8
rb1805,20170707,20170706,210250500,3070.0,588,74918,18058460.0,3071.0,29,3070.0,9
rb1805,20170707,20170706,210252000,3070.0,588,74918,18058460.0,3071.0,29,3070.0,9
rb1805,20170707,20170706,210253000,3070.0,588,74918,18058460.0,3071.0,29,3070.0,9
rb1805,20170707,20170706,210254000,3070.0,588,74918,18058460.0,3071.0,29,3070.0,9
rb1805,20170707,20170706,210255000,3070.0,588,74918,18058460.0,3071.0,31,3070.0,9
rb1805,20170707,20170706,210255500,3070.0,588,74918,18058460.0,3071.0,31,3070.0,9
rb1805,20170707,20170706,210256000,3070.0,592,74922,18181260.0,3071.0,31,3070.0,7
rb1805,20170707,20170706,210257500,3070.0,592,74922,18181260.0,3071.0,31,3070.0,7
rb1805,20170707,20170706,210258000,3070.0,592,74922,18181260.0,3071.0,31,3070.0,7
rb1805,20170707,20170706,210258500,3070.0,592,74922,18181260.0,3071.0,31,3070.0,8
rb1805,20170707,20170706,210259000,3070.0,592,74922,18181260.0,3071.0,31,3070.0,9
rb1805,20170707,20170706,210300000,3070.0,592,74922,18181260.0,3071.0,36,3070.0,9
rb1805,20170707,20170706,210300500,3070.0,592,74922,18181260.0,3071.0,36,3070.0,9
rb1805,20170707,20170706,210301000,3070.0,610,74938,18733860.0,3070.0,2,3069.0,6
rb1805,20170707,20170706,210301500,3070.0,610,74938,18733860.0,3070.0,2,3069.0,1
rb1805,20170707,20170706,210304500,3070.0,610,74938,18733860.0,3070.0,2,3069.0,1
rb1805,20170707,20170706,210305500,3070.0,610,74938,18733860.0,3070.0,2,3069.0,1
rb1805,20170707,20170706,210306000,3070.0,610,74938,18733860.0,3070.0,2,3069.0,1
rb1805,20170707,20170706,210307000,3069.0,612,74936,18795240.0,3070.0,6,3068.0,5
rb1805,20170707,20170706,210308500,3069.0,612,74936,18795240.0,3070.0,11,3068.0,5
rb1805,20170707,20170706,210310000,3069.0,612,74936,18795240.0,3070.0,17,3068.0,5
rb1805,20170707,20170706,210311000,3068.0,622,74936,19102040.0,3068.0,260,3067.0,2
rb1805,20170707,20170706,210311500,3068.0,622,74936,19102040.0,3068.0,260,3067.0,2
rb1805,20170707,20170706,210312000,3068.0,622,74936,19102040.0,3068.0,260,3067.0,2
rb1805,20170707,20170706,210312500,3068.0,622,74936,19102040.0,3068.0,260,3067.0,2
rb1805,20170707,20170706,210313000,3068.0,622,74936,19102040.0,3068.0,265,3067.0,2
rb1805,20170707,20170706,210315000,3068.0,622,74936,19102040.0,3068.0,265,3067.0,2
rb1805,20170707,20170706,210315500,3068.0,622,74936,19102040.0,3068.0,265,3067.0,2
rb1805,20170707,20170706,210316000,3068.0,622,74936,19102040.0,3068.0,265,3067.0,2
rb1805,20170707,20170706,210316500,3068.0,622,74936,19102040.0,3068.0,265,3067.0,2
rb1805,20170707,20170706,210317000,3068.0,622,74936,19102040.0,3068.0,265,3067.0,1
rb1805,20170707,20170706,210318000,3068.0,622,74936,19102040.0,3068.0,265,3067.0,1
rb1805,20170707,20170706,210318500,3067.0,624,74938,19163380.0,3068.0,260,3066.0,3
rb1805,20170707,20170706,210319000,3067.0,624,74938,19163380.0,3068.0,260,3066.0,8
rb1805,20170707,20170706,210319500,3067.0,624,74938,19163380.0,3068.0,260,3066.0,8
rb1805,20170707,20170706,210320000,3067.0,624,74938,19163380.0,3068.0,260,3066.0,10
rb1805,20170707,20170706,210321000,3066.0,634,74930,19469980.0,3068.0,260,3066.0,5
rb1805,20170707,20170706,210321500,3066.0,634,74930,19469980.0,3068.0,260,3066.0,4
rb1805,20170707,20170706,210322000,3066.0,634,74930,19469980.0,3068.0,265,3066.0,4
rb1805,20170707,20170706,210322500,3066.0,634,74930,19469980.0,3068.0,265,3066.0,4
rb1805,20170707,20170706,210323000,3066.0,634,74930,19469980.0,3067.0,1,3066.0,4
rb1805,20170707,20170706,210323500,3067.0,638,74930,19592660.0,3068.0,260,3067.0,1
rb1805,20170707,20170706,210324000,3067.0,638,74930,19592660.0,3068.0,269,3066.0,4
rb1805,20170707,20170706,210324500,3067.0,638,74930,19592660.0,3068.0,269,3065.0,5
rb1805,20170707,20170706,210325000,3067.0,638,74930,19592660.0,3068.0,269,3066.0,2
rb1805,20170707,20170706,210325500,3067.0,638,74930,19592660.0,3068.0,269,3066.0,2
rb1805,20170707,20170706,210326000,3067.0,638,74930,19592660.0,3068.0,269,3066.0,2
rb1805,20170707,20170706,210326500,3067.0,638,74930,19592660.0,3068.0,270,3066.0,3
rb1805,20170707,20170706,210329000,3067.0,638,74930,19592660.0,3068.0,270,3066.0,3
rb1805,20170707,20170706,210331000,3067.0,638,74930,19592660.0,3067.0,1,3066.0,3
rb1805,20170707,20170706,210331500,3067.0,638,74930,19592660.0,3067.0,3,3066.0,3
rb1805,20170707,20170706,210332000,3066.0,642,74930,19715300.0,3067.0,3,3066.0,1
rb1805,20170707,20170706,210332500,3067.0,644,74930,19776640.0,3067.0,2,3066.0,1
rb1805,20170707,20170706,210333000,3067.0,644,74930,19776640.0,3067.0,7,3066.0,2
rb1805,20170707,20170706,210333500,3067.0,644,74930,19776640.0,3067.0,7,3066.0,2
rb1805,20170707,20170706,210334000,3067.0,644,74930,19776640.0,3067.0,7,3066.0,3
rb1805,20170707,20170706,210334500,3067.0,644,74930,19776640.0,3067.0,7,3066.0,5
rb1805,20170707,20170706,210335000,3067.0,644,74930,19776640.0,3067.0,2,3066.0,5
rb1805,20170707,20170706,210335500,3067.0,646,74930,19837980.0,3067.0,6,3066.0,5
rb1805,20170707,20170706,210336000,3067.0,646,74930,19837980.0,3067.0,6,3066.0,8
rb1805,20170707,20170706,210336500,3067.0,646,74930,19837980.0,3067.0,6,3066.0,9
rb1805,20170707,20170706,210337000,3067.0,646,74930,19837980.0,3067.0,1,3066.0,9
rb1805,20170707,20170706,210339500,3067.0,646,74930,19837980.0,3067.0,1,3066.0,10
rb1805,20170707,20170706,210341000,3067.0,646,74930,19837980.0,3067.0,6,3066.0,10
rb1805,20170707,20170706,210342000,3067.0,646,74930,19837980.0,3067.0,6,3066.0,30
rb1805,20170707,20170706,210342500,3067.0,646,74930,19837980.0,3067.0,2,3066.0,30
rb1805,20170707,20170706,210343500,3067.0,646,74930,19837980.0,3067.0,2,3066.0,28
rb1805,20170707,20170706,210344000,3067.0,648,74932,19899320.0,3067.0,1,3066.0,8
rb1805,20170707,20170706,210344500,3067.0,648,74932,19899320.0,3067.0,1,3066.0,8
rb1805,20170707,20170706,210345000,3067.0,648,74932,19899320.0,3067.0,2,3066.0,8
rb1805,20170707,20170706,210346500,3067.0,648,74932,19899320.0,3067.0,7,3066.0,8
rb1805,20170707,20170706,210350500,3067.0,648,74932,19899320.0,3067.0,7,3066.0,28
rb1805,20170707,20170706,210351000,3066.0,656,74936,20144600.0,3067.0,7,3066.0,24
rb1805,20170707,20170706,210351500,3067.0,662,74936,20328620.0,3067.0,14,3066.0,24
rb1805,20170707,20170706,210352000,3067.0,662,74936,20328620.0,3067.0,14,3066.0,4
rb1805,20170707,20170706,210352500,3067.0,662,74936,20328620.0,3067.0,14,3066.0,4
rb1805,20170707,20170706,210353000,3067.0,662,74936,20328620.0,3067.0,17,3066.0,4
rb1805,20170707,20170706,210353500,3067.0,662,74936,20328620.0,3067.0,17,3066.0,4
rb1805,20170707,20170706,210354000,3067.0,662,74936,20328620.0,3067.0,23,3066.0,4
rb1805,20170707,20170706,210354500,3067.0,662,74936,20328620.0,3067.0,23,3066.0,4
rb1805,20170707,20170706,210356000,3067.0,662,74936,20328620.0,3067.0,22,3066.0,4
rb1805,20170707,20170706,210356500,3067.0,662,74936,20328620.0,3067.0,22,3066.0,4
rb1805,20170707,20170706,210357000,3067.0,662,74936,20328620.0,3067.0,22,3066.0,4
rb1805,20170707,20170706,210357500,3067.0,662,74936,20328620.0,3067.0,22,3066.0,4
rb1805,20170707,20170706,210358000,3067.0,662,74936,20328620.0,3067.0,24,3066.0,4
rb1805,20170707,20170706,210358500,3066.0,670,74934,20573900.0,3066.0,256,3065.0,5
rb1805,20170707,20170706,210359000,3066.0,670,74934,20573900.0,3066.0,256,3065.0,5
rb1805,20170707,20170706,210359500,3066.0,672,74932,20635220.0,3066.0,255,3065.0,5
rb1805,20170707,20170706,210400500,3066.0,672,74932,20635220.0,3066.0,255,3065.0,5
rb1805,20170707,20170706,210402000,3066.0,672,74932,20635220.0,3066.0,255,3065.0,10
rb1805,20170707,20170706,210402500,3066.0,674,74930,20696540.0,3066.0,254,3065.0,10
rb1805,20170707,20170706,210404000,3066.0,674,74930,20696540.0,3066.0,254,3065.0,5
rb1805,20170707,20170706,210404500,3066.0,674,74930,20696540.0,3066.0,254,3065.0,5
rb1805,20170707,20170706,210405000,3066.0,674,74930,20696540.0,3066.0,254,3065.0,5
rb1805,20170707,20170706,210408000,3066.0,716,74888,21984260.0,3066.0,233,3065.0,10
rb1805,20170707,20170706,210408500,3066.0,716,74888,21984260.0,3066.0,233,3065.0,11
rb1805,20170707,20170706,210409500,3066.0,716,74888,21984260.0,3066.0,233,3065.0,11
rb1805,20170707,20170706,210411500,3066.0,716,74888,21984260.0,3066.0,233,3065.0,13
rb1805,20170707,20170706,210413500,3066.0,716,74888,21984260.0,3066.0,233,3065.0,12
rb1805,20170707,20170706,210414000,3066.0,716,74888,21984260.0,3066.0,233,3065.0,12
rb1805,20170707,20170706,210416500,3066.0,716,74888,21984260.0,3066.0,233,3065.0,7
rb1805,20170707,20170706,210417500,3065.0,724,74886,22229460.0,3066.0,233,3065.0,3
rb1805,20170707,20170706,210419500,3065.0,724,74886,22229460.0,3066.0,233,3065.0,5
rb1805,20170707,20170706,210420000,3065.0,730,74880,22413380.0,3066.0,232,3065.0,3
rb1805,20170707,20170706,210421500,3065.0,730,74880,22413380.0,3066.0,232,3065.0,3
rb1805,20170707,20170706,210422000,3065.0,730,74880,22413380.0,3066.0,233,3065.0,3
rb1805,20170707,20170706,210423500,3065.0,730,74880,22413380.0,3066.0,233,3065.0,3
rb1805,20170707,20170706,210424500,3065.0,730,74880,22413380.0,3066.0,233,3065.0,9
rb1805,20170707,20170706,210425000,3065.0,730,74880,22413380.0,3066.0,233,3065.0,9
rb1805,20170707,20170706,210425500,3065.0,730,74880,22413380.0,3066.0,233,3065.0,9
rb1805,20170707,20170706,210426000,3066.0,732,74880,22474700.0,3066.0,232,3065.0,9
rb1805,20170707,20170706,210426500,3066.0,742,74870,22781300.0,3066.0,227,3065.0,9
rb1805,20170707,20170706,210427000,3066.0,742,74870,22781300.0,3066.0,227,3065.0,9
rb1805,20170707,20170706,210430000,3065.0,744,74868,22842600.0,3066.0,227,3065.0,8
rb1805,20170707,20170706,210430500,3065.0,744,74868,22842600.0,3066.0,227,3065.0,8
rb1805,20170707,20170706,210431500,3066.0,746,74868,22903920.0,3066.0,226,3065.0,8
rb1805,20170707,20170706,210432500,3066.0,746,74868,22903920.0,3066.0,226,3065.0,9
rb1805,20170707,20170706,210433500,3066.0,746,74868,22903920.0,3066.0,226,3065.0,4
rb1805,20170707,20170706,210434000,3066.0,748,74868,22965240.0,3066.0,225,3065.0,4
rb1805,20170707,20170706,210434500,3065.0,750,74868,23026540.0,3066.0,225,3065.0,3
rb1805,20170707,20170706,210435000,3065.0,750,74868,23026540.0,3066.0,225,3065.0,2
rb1805,20170707,20170706,210436500,3065.0,750,74868,23026540.0,3066.0,225,3065.0,2
rb1805,20170707,20170706,210437000,3065.0,752,74868,23087840.0,3066.0,225,3065.0,1
rb1805,20170707,20170706,210438500,3066.0,756,74866,23210480.0,3066.0,223,3065.0,1
rb1805,20170707,20170706,210439500,3066.0,756,74866,23210480.0,3066.0,223,3065.0,1
rb1805,20170707,20170706,210441500,3066.0,756,74866,23210480.0,3066.0,223,3065.0,1
rb1805,20170707,20170706,210442000,3065.0,758,74866,23271780.0,3066.0,223,3064.0,8
rb1805,20170707,20170706,210444500,3066.0,760,74866,23333100.0,3066.0,222,3064.0,9
rb1805,20170707,20170706,210445000,3066.0,760,74866,23333100.0,3066.0,222,3064.0,9
rb1805,20170707,20170706,210445500,3066.0,760,74866,23333100.0,3066.0,222,3065.0,1
rb1805,20170707,20170706,210446000,3066.0,760,74866,23333100.0,3066.0,222,3065.0,1
rb1805,20170707,20170706,210447500,3066.0,760,74866,23333100.0,3066.0,222,3065.0,1
rb1805,20170707,20170706,210448000,3066.0,774,74852,23762340.0,3066.0,215,3065.0,1
rb1805,20170707,20170706,210448500,3066.0,774,74852,23762340.0,3066.0,220,3065.0,1
rb1805,20170707,20170706,210450500,3066.0,774,74852,23762340.0,3066.0,220,3065.0,1
rb1805,20170707,20170706,210451000,3065.0,776,74852,23823640.0,3066.0,220,3064.0,10
rb1805,20170707,20170706,210452500,3065.0,776,74852,23823640.0,3066.0,220,3064.0,10
rb1805,20170707,20170706,210453000,3065.0,776,74852,23823640.0,3066.0,220,3064.0,10
rb1805,20170707,20170706,210454500,3066.0,778,74850,23884960.0,3066.0,219,3064.0,11
rb1805,20170707,20170706,210457500,3066.0,778,74850,23884960.0,3066.0,219,3065.0,1
rb1805,20170707,20170706,210458500,3066.0,778,74850,23884960.0,3066.0,219,3065.0,1
rb1805,20170707,20170706,210459000,3066.0,778,74850,23884960.0,3066.0,214,3065.0,1
rb1805,20170707,20170706,210501500,3066.0,780,74850,23946280.0,3066.0,213,3065.0,1
rb1805,20170707,20170706,210503000,3066.0,780,74850,23946280.0,3066.0,213,3065.0,1
rb1805,20170707,20170706,210503500,3066.0,780,74850,23946280.0,3066.0,213,3065.0,2
rb1805,20170707,20170706,210504000,3066.0,780,74850,23946280.0,3066.0,213,3065.0,2
rb1805,20170707,20170706,210505000,3066.0,780,74850,23946280.0,3066.0,218,3065.0,2
rb1805,20170707,20170706,210506000,3065.0,782,74850,24007580.0,3066.0,218,3065.0,1
rb1805,20170707,20170706,210507000,3065.0,782,74850,24007580.0,3066.0,213,3065.0,1
rb1805,20170707,20170706,210508000,3065.0,784,74852,24068880.0,3066.0,213,3064.0,12
rb1805,20170707,20170706,210508500,3065.0,784,74852,24068880.0,3065.0,1,3064.0,12
rb1805,20170707,20170706,210509000,3065.0,784,74852,24068880.0,3065.0,1,3064.0,12
rb1805,20170707,20170706,210509500,3065.0,784,74852,24068880.0,3065.0,4,3064.0,12
rb1805,20170707,20170706,210510000,3065.0,792,74852,24314080.0,3066.0,218,3064.0,12
rb1805,20170707,20170706,210510500,3066.0,800,74844,24559360.0,3066.0,214,3064.0,12
rb1805,20170707,20170706,210511500,3066.0,800,74844,24559360.0,3066.0,209,3064.0,18
rb1805,20170707,20170706,210513500,3066.0,804,74840,24682000.0,3066.0,207,3064.0,17
rb1805,20170707,20170706,210514000,3066.0,806,74840,24743320.0,3066.0,206,3064.0,17
rb1805,20170707,20170706,210514500,3064.0,808,74840,24804600.0,3066.0,206,3064.0,16
rb1805,20170707,20170706,210516500,3064.0,808,74840,24804600.0,3066.0,206,3065.0,50
rb1805,20170707,20170706,210517000,3064.0,808,74840,24804600.0,3066.0,221,3065.0,50
rb1805,20170707,20170706,210517500,3064.0,808,74840,24804600.0,3066.0,216,3065.0,50
rb1805,20170707,20170706,210518500,3064.0,808,74840,24804600.0,3066.0,216,3065.0,50
rb1805,20170707,20170706,210519000,3064.0,808,74840,24804600.0,3066.0,216,3065.0,55
rb1805,20170707,20170706,210519500,3064.0,808,74840,24804600.0,3066.0,216,3065.0,55
rb1805,20170707,20170706,210523000,3064.0,808,74840,24804600.0,3066.0,216,3065.0,50
rb1805,20170707,20170706,210524500,3064.0,808,74840,24804600.0,3066.0,216,3065.0,50
rb1805,20170707,20170706,210525500,3064.0,808,74840,24804600.0,3066.0,216,3065.0,50
rb1805,20170707,20170706,210526000,3065.0,810,74840,24865900.0,3066.0,216,3065.0,49
rb1805,20170707,20170706,210528000,3065.0,810,74840,24865900.0,3066.0,216,3065.0,49
rb1805,20170707,20170706,210531500,3065.0,810,74840,24865900.0,3066.0,216,3065.0,49
rb1805,20170707,20170706,210532500,3065.0,810,74840,24865900.0,3066.0,216,3065.0,49
rb1805,20170707,20170706,210533500,3066.0,820,74830,25172500.0,3066.0,211,3065.0,49
rb1805,20170707,20170706,210537000,3065.0,824,74828,25295100.0,3066.0,211,3065.0,47
rb1805,20170707,20170706,210539000,3065.0,826,74826,25356400.0,3066.0,211,3065.0,46
rb1805,20170707,20170706,210541000,3065.0,826,74826,25356400.0,3066.0,216,3065.0,46
rb1805,20170707,20170706,210542000,3065.0,826,74826,25356400.0,3066.0,216,3065.0,47
rb1805,20170707,20170706,210543000,3065.0,826,74826,25356400.0,3066.0,216,3065.0,48
rb1805,20170707,20170706,210547500,3065.0,826,74826,25356400.0,3066.0,216,3065.0,48
rb1805,20170707,20170706,210549000,3065.0,826,74826,25356400.0,3066.0,206,3065.0,48
rb1805,20170707,20170706,210551500,3065.0,826,74826,25356400.0,3066.0,206,3065.0,48
rb1805,20170707,20170706,210554000,3065.0,826,74826,25356400.0,3066.0,211,3065.0,48
rb1805,20170707,20170706,210554500,3065.0,826,74826,25356400.0,3066.0,211,3065.0,49
rb1805,20170707,20170706,210556500,3065.0,828,74824,25417700.0,3066.0,211,3065.0,48
rb1805,20170707,20170706,210557000,3065.0,830,74824,25479000.0,3066.0,211,3065.0,47
rb1805,20170707,20170706,210559000,3065.0,830,74824,25479000.0,3066.0,211,3065.0,48
rb1805,20170707,20170706,210600000,3065.0,830,74824,25479000.0,3066.0,211,3065.0,48
rb1805,20170707,20170706,210601500,3065.0,830,74824,25479000.0,3066.0,211,3065.0,48
rb1805,20170707,20170706,210602000,3065.0,830,74824,25479000.0,3066.0,211,3065.0,48
rb1805,20170707,20170706,210602500,3065.0,830,74824,25479000.0,3066.0,206,3065.0,48
rb1805,20170707,20170706,210604500,3066.0,834,74822,25601640.0,3066.0,204,3065.0,53
rb1805,20170707,20170706,210605000,3066.0,852,74804,26153520.0,3066.0,196,3065.0,53
rb1805,20170707,20170706,210605500,3066.0,874,74804,26828040.0,3066.0,185,3065.0,54
rb1805,20170707,20170706,210606500,3066.0,874,74804,26828040.0,3066.0,185,3065.0,54
rb1805,20170707,20170706,210608500,3066.0,874,74804,26828040.0,3066.0,185,3065.0,53
rb1805,20170707,20170706,210609000,3066.0,874,74804,26828040.0,3066.0,190,3065.0,48
rb1805,20170707,20170706,210609500,3066.0,874,74804,26828040.0,3066.0,190,3065.0,48
rb1805,20170707,20170706,210611000,3066.0,874,74804,26828040.0,3066.0,185,3065.0,48
rb1805,20170707,20170706,210612500,3066.0,874,74804,26828040.0,3066.0,188,3065.0,48
rb1805,20170707,20170706,210614500,3066.0,874,74804,26828040.0,3066.0,188,3065.0,48
rb1805,20170707,20170706,210618000,3066.0,874,74804,26828040.0,3066.0,188,3065.0,48
rb1805,20170707,20170706,210620000,3066.0,874,74804,26828040.0,3066.0,188,3065.0,48
rb1805,20170707,20170706,210622000,3066.0,874,74804,26828040.0,3066.0,188,3065.0,48
rb1805,20170707,20170706,210623500,3066.0,962,74716,29526120.0,3066.0,144,3065.0,48
rb1805,20170707,20170706,210624000,3066.0,964,74716,29587440.0,3066.0,143,3065.0,48
rb1805,20170707,20170706,210624500,3066.0,964,74716,29587440.0,3066.0,143,3065.0,4
rb1805,20170707,20170706,210625000,3066.0,964,74716,29587440.0,3066.0,143,3065.0,6
rb1805,20170707,20170706,210626500,3066.0,964,74716,29587440.0,3066.0,143,3065.0,6
rb1805,20170707,20170706,210627000,3066.0,964,74716,29587440.0,3066.0,143,3065.0,6
rb1805,20170707,20170706,210627500,3066.0,964,74716,29587440.0,3066.0,143,3065.0,8
rb1805,20170707,20170706,210628000,3066.0,964,74716,29587440.0,3066.0,148,3065.0,8
rb1805,20170707,20170706,210629500,3066.0,984,74696,30200640.0,3066.0,138,3065.0,8
rb1805,20170707,20170706,210630500,3066.0,984,74696,30200640.0,3066.0,133,3065.0,8
rb1805,20170707,20170706,210631500,3066.0,986,74696,30261960.0,3066.0,132,3065.0,8
rb1805,20170707,20170706,210632000,3066.0,986,74696,30261960.0,3066.0,132,3065.0,9
rb1805,20170707,20170706,210637000,3066.0,986,74696,30261960.0,3066.0,132,3065.0,9
rb1805,20170707,20170706,210637500,3066.0,986,74696,30261960.0,3066.0,150,3065.0,9
rb1805,20170707,20170706,210640000,3066.0,986,74696,30261960.0,3066.0,150,3065.0,19
rb1805,20170707,20170706,210641000,3066.0,986,74696,30261960.0,3066.0,149,3065.0,19
rb1805,20170707,20170706,210642000,3066.0,986,74696,30261960.0,3066.0,154,3065.0,19
rb1805,20170707,20170706,210642500,3066.0,986,74696,30261960.0,3066.0,154,3065.0,19
rb1805,20170707,20170706,210644500,3066.0,986,74696,30261960.0,3066.0,149,3065.0,19
rb1805,20170707,20170706,210647000,3066.0,986,74696,30261960.0,3066.0,154,3065.0,19
rb1805,20170707,20170706,210651000,3066.0,986,74696,30261960.0,3066.0,154,3065.0,18
rb1805,20170707,20170706,210651500,3066.0,986,74696,30261960.0,3066.0,149,3065.0,18
rb1805,20170707,20170706,210652500,3066.0,986,74696,30261960.0,3066.0,149,3065.0,18
rb1805,20170707,20170706,210655000,3066.0,988,74696,30323280.0,3066.0,148,3065.0,18
rb1805,20170707,20170706,210656000,3066.0,988,74696,30323280.0,3066.0,153,3065.0,18
rb1805,20170707,20170706,210657000,3066.0,988,74696,30323280.0,3066.0,153,3065.0,18
rb1805,20170707,20170706,210700500,3066.0,988,74696,30323280.0,3066.0,153,3065.0,18
rb1805,20170707,20170706,210702000,3066.0,988,74696,30323280.0,3066.0,148,3065.0,18
rb1805,20170707,20170706,210703000,3066.0,988,74696,30323280.0,3066.0,148,3065.0,23
rb1805,20170707,20170706,210704000,3066.0,988,74696,30323280.0,3066.0,148,3065.0,23
rb1805,20170707,20170706,210706500,3066.0,988,74696,30323280.0,3066.0,148,3065.0,18
rb1805,20170707,20170706,210707500,3066.0,988,74696,30323280.0,3066.0,148,3065.0,18
rb1805,20170707,20170706,210712000,3066.0,988,74696,30323280.0,3066.0,148,3065.0,18
rb1805,20170707,20170706,210712500,3066.0,988,74696,30323280.0,3066.0,148,3065.0,18
rb1805,20170707,20170706,210714000,3066.0,988,74696,30323280.0,3066.0,148,3065.0,19
rb1805,20170707,20170706,210715000,3065.0,992,74696,30445880.0,3066.0,148,3065.0,17
rb1805,20170707,20170706,210716500,3065.0,992,74696,30445880.0,3066.0,148,3065.0,17
rb1805,20170707,20170706,210717000,3065.0,992,74696,30445880.0,3066.0,148,3065.0,17
rb1805,20170707,20170706,210721500,3065.0,992,74696,30445880.0,3066.0,148,3065.0,17
rb1805,20170707,20170706,210722500,3065.0,992,74696,30445880.0,3066.0,148,3065.0,17
rb1805,20170707,20170706,210724500,3065.0,992,74696,30445880.0,3066.0,148,3065.0,17
rb1805,20170707,20170706,210725000,3065.0,992,74696,30445880.0,3066.0,148,3065.0,17
rb1805,20170707,20170706,210727500,3065.0,992,74696,30445880.0,3066.0,148,3065.0,17
rb1805,20170707,20170706,210728000,3065.0,994,74696,30507180.0,3066.0,148,3065.0,16
rb1805,20170707,20170706,210729000,3065.0,994,74696,30507180.0,3066.0,153,3065.0,16
rb1805,20170707,20170706,210729500,3065.0,1012,74690,31058880.0,3066.0,153,3065.0,7
rb1805,20170707,20170706,210730000,3065.0,1026,74704,31487980.0,3065.0,10,3064.0,14
rb1805,20170707,20170706,210730500,3065.0,1026,74704,31487980.0,3065.0,1,3064.0,9
rb1805,20170707,20170706,210731000,3064.0,1034,74710,31733100.0,3065.0,2,3064.0,5
rb1805,20170707,20170706,210732500,3064.0,1034,74710,31733100.0,3065.0,2,3064.0,5
rb1805,20170707,20170706,210734000,3064.0,1034,74710,31733100.0,3065.0,2,3064.0,5
rb1805,20170707,20170706,210734500,3064.0,1034,74710,31733100.0,3065.0,3,3064.0,5
rb1805,20170707,20170706,210735000,3064.0,1034,74710,31733100.0,3065.0,3,3064.0,5
rb1805,20170707,20170706,210735500,3064.0,1034,74710,31733100.0,3065.0,3,3064.0,5
rb1805,20170707,20170706,210738000,3064.0,1034,74710,31733100.0,3065.0,3,3064.0,5
rb1805,20170707,20170706,210739000,3064.0,1034,74710,31733100.0,3065.0,3,3064.0,5
rb1805,20170707,20170706,210739500,3064.0,1034,74710,31733100.0,3065.0,3,3064.0,5
rb1805,20170707,20170706,210740500,3065.0,1036,74710,31794400.0,3065.0,2,3064.0,5
rb1805,20170707,20170706,210743000,3065.0,1036,74710,31794400.0,3065.0,2,3064.0,5
rb1805,20170707,20170706,210744500,3065.0,1036,74710,31794400.0,3065.0,2,3064.0,5
rb1805,20170707,20170706,210745000,3065.0,1036,74710,31794400.0,3065.0,7,3064.0,5
rb1805,20170707,20170706,210745500,3065.0,1036,74710,31794400.0,3065.0,7,3064.0,5
rb1805,20170707,20170706,210746500,3064.0,1038,74710,31855680.0,3065.0,7,3064.0,4
rb1805,20170707,20170706,210747000,3064.0,1040,74712,31916960.0,3065.0,7,3064.0,3
rb1805,20170707,20170706,210747500,3064.0,1046,74716,32100800.0,3064.0,4,3063.0,1
rb1805,20170707,20170706,210748000,3063.0,1048,74716,32162060.0,3064.0,7,3062.0,3
rb1805,20170707,20170706,210748500,3063.0,1048,74716,32162060.0,3064.0,7,3062.0,3
rb1805,20170707,20170706,210749000,3063.0,1048,74716,32162060.0,3064.0,8,3062.0,3
rb1805,20170707,20170706,210749500,3062.0,1050,74716,32223300.0,3064.0,11,3062.0,2
rb1805,20170707,20170706,210750000,3061.0,1058,74716,32468220.0,3062.0,1,3061.0,30
rb1805,20170707,20170706,210750500,3062.0,1060,74716,32529460.0,3064.0,8,3061.0,30
rb1805,20170707,20170706,210751000,3062.0,1060,74716,32529460.0,3064.0,7,3061.0,35
rb1805,20170707,20170706,210751500,3062.0,1060,74716,32529460.0,3064.0,7,3062.0,2
rb1805,20170707,20170706,210752000,3062.0,1060,74716,32529460.0,3064.0,10,3062.0,2
rb1805,20170707,20170706,210752500,3062.0,1060,74716,32529460.0,3064.0,5,3062.0,8
rb1805,20170707,20170706,210753000,3062.0,1060,74716,32529460.0,3064.0,2,3062.0,8
rb1805,20170707,20170706,210753500,3062.0,1060,74716,32529460.0,3064.0,8,3062.0,9
rb1805,20170707,20170706,210754000,3062.0,1060,74716,32529460.0,3064.0,13,3062.0,4
rb1805,20170707,20170706,210754500,3062.0,1060,74716,32529460.0,3064.0,13,3062.0,9
rb1805,20170707,20170706,210755000,3062.0,1060,74716,32529460.0,3064.0,8,3062.0,9
rb1805,20170707,20170706,210757000,3062.0,1060,74716,32529460.0,3063.0,6,3062.0,9
rb1805,20170707,20170706,210758000,3062.0,1060,74716,32529460.0,3063.0,6,3062.0,9
rb1805,20170707,20170706,210758500,3062.0,1080,74708,33141880.0,3062.0,9,3061.0,35
rb1805,20170707,20170706,210759000,3061.0,1108,74684,33999220.0,3063.0,5,3061.0,30
rb1805,20170707,20170706,210759500,3061.0,1108,74684,33999220.0,3063.0,10,3061.0,29
rb1805,20170707,20170706,210800500,3061.0,1108,74684,33999220.0,3062.0,1,3061.0,29
rb1805,20170707,20170706,210801000,3062.0,1110,74684,34060460.0,3063.0,10,3062.0,2
rb1805,20170707,20170706,210801500,3062.0,1110,74684,34060460.0,3063.0,5,3061.0,31
rb1805,20170707,20170706,210802000,3062.0,1110,74684,34060460.0,3063.0,5,3061.0,30
rb1805,20170707,20170706,210803000,3062.0,1110,74684,34060460.0,3063.0,5,3062.0,2
rb1805,20170707,20170706,210803500,3062.0,1114,74684,34182940.0,3063.0,5,3061.0,30
rb1805,20170707,20170706,210804000,3064.0,1142,74710,35040760.0,3065.0,12,3064.0,36
rb1805,20170707,20170706,210804500,3064.0,1194,74724,36634040.0,3065.0,3,3064.0,10
rb1805,20170707,20170706,210805000,3064.0,1214,74742,37246840.0,3065.0,6,3061.0,30
rb1805,20170707,20170706,210805500,3061.0,1216,74744,37308060.0,3065.0,7,3061.0,29
rb1805,20170707,20170706,210806000,3061.0,1216,74744,37308060.0,3064.0,1,3062.0,1
rb1805,20170707,20170706,210806500,3061.0,1216,74744,37308060.0,3064.0,1,3062.0,2
rb1805,20170707,20170706,210807500,3061.0,1216,74744,37308060.0,3064.0,1,3063.0,2
rb1805,20170707,20170706,210808000,3061.0,1216,74744,37308060.0,3065.0,7,3063.0,2
rb1805,20170707,20170706,210808500,3061.0,1216,74744,37308060.0,3065.0,7,3063.0,2
rb1805,20170707,20170706,210809500,3061.0,1216,74744,37308060.0,3065.0,7,3063.0,2
rb1805,20170707,20170706,210812000,3061.0,1216,74744,37308060.0,3065.0,7,3063.0,2
rb1805,20170707,20170706,210812500,3061.0,1216,74744,37308060.0,3065.0,8,3063.0,2
rb1805,20170707,20170706,210814000,3061.0,1216,74744,37308060.0,3065.0,8,3063.0,2
rb1805,20170707,20170706,210814500,3061.0,1216,74744,37308060.0,3065.0,11,3063.0,2
rb1805,20170707,20170706,210815000,3061.0,1216,74744,37308060.0,3065.0,8,3063.0,2
rb1805,20170707,20170706,210816000,3063.0,1220,74748,37430580.0,3063.0,1,3062.0,2
rb1805,20170707,20170706,210816500,3063.0,1222,74748,37491840.0,3065.0,8,3062.0,2
rb1805,20170707,20170706,210817000,3063.0,1222,74748,37491840.0,3064.0,2,3062.0,1
rb1805,20170707,20170706,210817500,3063.0,1222,74748,37491840.0,3064.0,2,3062.0,1
rb1805,20170707,20170706,210819000,3063.0,1222,74748,37491840.0,3064.0,2,3062.0,1
rb1805,20170707,20170706,210819500,3063.0,1222,74748,37491840.0,3064.0,2,3062.0,1
rb1805,20170707,20170706,210820000,3063.0,1222,74748,37491840.0,3064.0,2,3062.0,3
rb1805,20170707,20170706,210820500,3063.0,1222,74748,37491840.0,3064.0,2,3062.0,3
rb1805,20170707,20170706,210821000,3062.0,1226,74748,37614320.0,3064.0,7,3062.0,1
rb1805,20170707,20170706,210822000,3062.0,1226,74748,37614320.0,3064.0,11,3062.0,1
rb1805,20170707,20170706,210823500,3062.0,1226,74748,37614320.0,3064.0,11,3062.0,1
rb1805,20170707,20170706,210825000,3062.0,1228,74750,37675560.0,3062.0,2,3061.0,38
rb1805,20170707,20170706,210825500,3062.0,1232,74754,37798040.0,3064.0,13,3062.0,4
rb1805,20170707,20170706,210826000,3062.0,1232,74754,37798040.0,3064.0,13,3061.0,35
rb1805,20170707,20170706,210827500,3062.0,1232,74754,37798040.0,3064.0,13,3062.0,2
rb1805,20170707,20170706,210828500,3062.0,1232,74754,37798040.0,3064.0,13,3062.0,2
rb1805,20170707,20170706,210830000,3062.0,1232,74754,37798040.0,3064.0,11,3062.0,2
rb1805,20170707,20170706,210830500,3062.0,1232,74754,37798040.0,3064.0,11,3062.0,3
rb1805,20170707,20170706,210831000,3062.0,1232,74754,37798040.0,3064.0,11,3062.0,5
rb1805,20170707,20170706,210831500,3062.0,1232,74754,37798040.0,3064.0,11,3062.0,5
rb1805,20170707,20170706,210834500,3062.0,1232,74754,37798040.0,3063.0,1,3062.0,5
rb1805,20170707,20170706,210835500,3062.0,1232,74754,37798040.0,3063.0,1,3062.0,6
rb1805,20170707,20170706,210836000,3062.0,1232,74754,37798040.0,3063.0,1,3062.0,7
rb1805,20170707,20170706,210837000,3062.0,1232,74754,37798040.0,3063.0,1,3062.0,17
rb1805,20170707,20170706,210840500,3062.0,1232,74754,37798040.0,3063.0,6,3062.0,18
rb1805,20170707,20170706,210841000,3062.0,1232,74754,37798040.0,3063.0,6,3062.0,17
rb1805,20170707,20170706,210842000,3063.0,1236,74756,37920560.0,3063.0,4,3062.0,17
rb1805,20170707,20170706,210842500,3062.0,1238,74758,37981800.0,3063.0,4,3062.0,16
rb1805,20170707,20170706,210843000,3062.0,1238,74758,37981800.0,3064.0,12,3063.0,2
rb1805,20170707,20170706,210843500,3063.0,1242,74760,38104320.0,3064.0,12,3062.0,16
rb1805,20170707,20170706,210844000,3063.0,1242,74760,38104320.0,3063.0,1,3062.0,16
rb1805,20170707,20170706,210844500,3063.0,1242,74760,38104320.0,3064.0,12,3062.0,16
rb1805,20170707,20170706,210846500,3063.0,1242,74760,38104320.0,3063.0,2,3062.0,16
rb1805,20170707,20170706,210848000,3063.0,1242,74760,38104320.0,3064.0,12,3062.0,16
rb1805,20170707,20170706,210848500,3063.0,1242,74760,38104320.0,3064.0,12,3062.0,15
rb1805,20170707,20170706,210849500,3062.0,1244,74762,38165560.0,3064.0,12,3062.0,14
rb1805,20170707,20170706,210851500,3062.0,1244,74762,38165560.0,3064.0,12,3062.0,15
rb1805,20170707,20170706,210852000,3062.0,1244,74762,38165560.0,3064.0,7,3063.0,1
rb1805,20170707,20170706,210852500,3063.0,1246,74762,38226820.0,3063.0,6,3062.0,15
rb1805,20170707,20170706,210853000,3063.0,1246,74762,38226820.0,3063.0,6,3062.0,14
rb1805,20170707,20170706,210854000,3063.0,1246,74762,38226820.0,3063.0,6,3062.0,14
rb1805,20170707,20170706,210855500,3063.0,1246,74762,38226820.0,3063.0,6,3062.0,14
rb1805,20170707,20170706,210856000,3063.0,1246,74762,38226820.0,3063.0,6,3062.0,14
rb1805,20170707,20170706,210857500,3063.0,1246,74762,38226820.0,3063.0,6,3062.0,14
rb1805,20170707,20170706,210858500,3063.0,1246,74762,38226820.0,3063.0,6,3062.0,14
rb1805,20170707,20170706,210859000,3063.0,1246,74762,38226820.0,3063.0,6,3062.0,15
rb1805,20170707,20170706,210901500,3063.0,1246,74762,38226820.0,3063.0,6,3062.0,16
rb1805,20170707,20170706,210907000,3063.0,1246,74762,38226820.0,3063.0,6,3062.0,16
rb1805,20170707,20170706,210908500,3063.0,1246,74762,38226820.0,3063.0,6,3062.0,15
rb1805,20170707,20170706,210909000,3062.0,1248,74762,38288060.0,3063.0,6,3062.0,14
rb1805,20170707,20170706,210909500,3062.0,1248,74762,38288060.0,3063.0,6,3062.0,14
rb1805,20170707,20170706,210910500,3062.0,1248,74762,38288060.0,3063.0,6,3062.0,14
rb1805,20170707,20170706,210911500,3063.0,1258,74768,38594280.0,3063.0,5,3062.0,10
rb1805,20170707,20170706,210912500,3062.0,1260,74770,38655520.0,3063.0,5,3062.0,9
rb1805,20170707,20170706,210913000,3062.0,1260,74770,38655520.0,3063.0,5,3062.0,9
rb1805,20170707,20170706,210913500,3062.0,1260,74770,38655520.0,3063.0,5,3062.0,9
rb1805,20170707,20170706,210914000,3062.0,1260,74770,38655520.0,3063.0,5,3062.0,10
rb1805,20170707,20170706,210914500,3062.0,1260,74770,38655520.0,3063.0,5,3062.0,12
rb1805,20170707,20170706,210915000,3062.0,1260,74770,38655520.0,3063.0,5,3062.0,12
rb1805,20170707,20170706,210917000,3062.0,1260,74770,38655520.0,3063.0,6,3062.0,12
rb1805,20170707,20170706,210918000,3062.0,1260,74770,38655520.0,3063.0,8,3062.0,12
rb1805,20170707,20170706,210918500,3062.0,1260,74770,38655520.0,3063.0,8,3062.0,12
rb1805,20170707,20170706,210919500,3063.0,1262,74772,38716780.0,3063.0,7,3062.0,12
rb1805,20170707,20170706,210920000,3063.0,1262,74772,38716780.0,3063.0,7,3062.0,12
rb1805,20170707,20170706,210921000,3063.0,1264,74774,38778040.0,3063.0,6,3062.0,13
rb1805,20170707,20170706,210921500,3063.0,1264,74774,38778040.0,3063.0,6,3062.0,13
rb1805,20170707,20170706,210922000,3063.0,1268,74778,38900560.0,3063.0,5,3062.0,13
rb1805,20170707,20170706,210922500,3063.0,1268,74778,38900560.0,3063.0,6,3062.0,13
rb1805,20170707,20170706,210923500,3063.0,1272,74782,39023080.0,3063.0,4,3062.0,13
rb1805,20170707,20170706,210924500,3063.0,1276,74786,39145600.0,3063.0,2,3062.0,13
rb1805,20170707,20170706,210925500,3063.0,1280,74788,39268120.0,3064.0,8,3062.0,13
rb1805,20170707,20170706,210926500,3063.0,1280,74788,39268120.0,3064.0,8,3063.0,1
rb1805,20170707,20170706,210927000,3063.0,1280,74788,39268120.0,3064.0,8,3063.0,1
rb1805,20170707,20170706,210928500,3063.0,1280,74788,39268120.0,3064.0,8,3063.0,1
rb1805,20170707,20170706,210929500,3063.0,1280,74788,39268120.0,3064.0,8,3063.0,1
rb1805,20170707,20170706,210930000,3063.0,1280,74788,39268120.0,3064.0,8,3063.0,1
rb1805,20170707,20170706,210930500,3063.0,1280,74788,39268120.0,3064.0,11,3063.0,1
rb1805,20170707,20170706,210933500,3063.0,1280,74788,39268120.0,3064.0,7,3063.0,1
rb1805,20170707,20170706,210934500,3063.0,1280,74788,39268120.0,3064.0,7,3063.0,2
rb1805,20170707,20170706,210937500,3063.0,1282,74788,39329380.0,3064.0,7,3063.0,1
rb1805,20170707,20170706,210938000,3063.0,1282,74788,39329380.0,3064.0,7,3063.0,1
rb1805,20170707,20170706,210939000,3063.0,1282,74788,39329380.0,3064.0,7,3063.0,1
rb1805,20170707,20170706,210940500,3063.0,1284,74790,39390640.0,3064.0,7,3062.0,14
rb1805,20170707,20170706,210941000,3064.0,1296,74788,39758320.0,3064.0,1,3063.0,3
rb1805,20170707,20170706,210941500,3063.0,1302,74794,39942100.0,3064.0,1,3062.0,14
rb1805,20170707,20170706,210942000,3062.0,1312,74800,40248340.0,3063.0,3,3062.0,11
rb1805,20170707,20170706,210942500,3062.0,1312,74800,40248340.0,3063.0,3,3062.0,9
rb1805,20170707,20170706,210943000,3062.0,1312,74800,40248340.0,3063.0,3,3062.0,9
rb1805,20170707,20170706,210944500,3063.0,1314,74800,40309600.0,3063.0,2,3062.0,9
rb1805,20170707,20170706,210945000,3063.0,1314,74800,40309600.0,3063.0,2,3062.0,10
rb1805,20170707,20170706,210945500,3063.0,1314,74800,40309600.0,3063.0,2,3062.0,9
rb1805,20170707,20170706,210946000,3063.0,1314,74800,40309600.0,3063.0,2,3062.0,10
rb1805,20170707,20170706,210946500,3063.0,1314,74800,40309600.0,3063.0,2,3062.0,10
rb1805,20170707,20170706,210948500,3063.0,1314,74800,40309600.0,3063.0,2,3062.0,12
rb1805,20170707,20170706,210949500,3063.0,1314,74800,40309600.0,3063.0,2,3062.0,12
rb1805,20170707,20170706,210950000,3063.0,1314,74800,40309600.0,3063.0,2,3062.0,11
rb1805,20170707,20170706,210950500,3063.0,1314,74800,40309600.0,3063.0,2,3062.0,11
rb1805,20170707,20170706,210951000,3063.0,1314,74800,40309600.0,3063.0,2,3062.0,11
rb1805,20170707,20170706,210952000,3063.0,1314,74800,40309600.0,3063.0,2,3062.0,11
rb1805,20170707,20170706,210953500,3063.0,1316,74800,40370860.0,3063.0,1,3062.0,11
rb1805,20170707,20170706,210955500,3063.0,1316,74800,40370860.0,3063.0,1,3062.0,20
rb1805,20170707,20170706,210956000,3063.0,1318,74798,40432120.0,3064.0,6,3062.0,20
rb1805,20170707,20170706,210956500,3063.0,1318,74798,40432120.0,3064.0,6,3062.0,20
rb1805,20170707,20170706,210959500,3063.0,1318,74798,40432120.0,3064.0,6,3062.0,21
rb1805,20170707,20170706,211000000,3063.0,1318,74798,40432120.0,3064.0,6,3063.0,4
rb1805,20170707,20170706,211000500,3063.0,1318,74798,40432120.0,3064.0,1,3063.0,4
rb1805,20170707,20170706,211002500,3063.0,1326,74806,40677160.0,3064.0,1,3062.0,20
rb1805,20170707,20170706,211005000,3063.0,1326,74806,40677160.0,3064.0,1,3062.0,21
rb1805,20170707,20170706,211005500,3063.0,1326,74806,40677160.0,3064.0,1,3062.0,22
rb1805,20170707,20170706,211006000,3063.0,1326,74806,40677160.0,3064.0,1,3062.0,22
rb1805,20170707,20170706,211007000,3063.0,1326,74806,40677160.0,3064.0,1,3062.0,23
rb1805,20170707,20170706,211007500,3063.0,1326,74806,40677160.0,3064.0,1,3062.0,23
rb1805,20170707,20170706,211008500,3063.0,1326,74806,40677160.0,3064.0,1,3062.0,23
rb1805,20170707,20170706,211012000,3063.0,1326,74806,40677160.0,3064.0,1,3062.0,23
rb1805,20170707,20170706,211014500,3063.0,1326,74806,40677160.0,3064.0,1,3062.0,23
rb1805,20170707,20170706,211020000,3063.0,1326,74806,40677160.0,3064.0,1,3062.0,24
rb1805,20170707,20170706,211021000,3063.0,1326,74806,40677160.0,3064.0,1,3062.0,24
rb1805,20170707,20170706,211021500,3063.0,1326,74806,40677160.0,3064.0,1,3062.0,25
rb1805,20170707,20170706,211022000,3063.0,1326,74806,40677160.0,3064.0,1,3063.0,1
rb1805,20170707,20170706,211023500,3063.0,1326,74806,40677160.0,3064.0,1,3063.0,1
rb1805,20170707,20170706,211024000,3064.0,1328,74804,40738440.0,3065.0,6,3064.0,9
rb1805,20170707,20170706,211024500,3064.0,1328,74804,40738440.0,3065.0,1,3064.0,9
rb1805,20170707,20170706,211025500,3064.0,1328,74804,40738440.0,3065.0,1,3064.0,9
rb1805,20170707,20170706,211026000,3064.0,1328,74804,40738440.0,3065.0,1,3064.0,9
rb1805,20170707,20170706,211028000,3064.0,1328,74804,40738440.0,3065.0,1,3064.0,9
rb1805,20170707,20170706,211028500,3064.0,1328,74804,40738440.0,3065.0,1,3064.0,9
rb1805,20170707,20170706,211030000,3064.0,1328,74804,40738440.0,3065.0,1,3064.0,9
rb1805,20170707,20170706,211032000,3064.0,1328,74804,40738440.0,3065.0,4,3064.0,9
rb1805,20170707,20170706,211032500,3064.0,1328,74804,40738440.0,3065.0,4,3064.0,9
rb1805,20170707,20170706,211033000,3064.0,1328,74804,40738440.0,3065.0,4,3064.0,9
rb1805,20170707,20170706,211033500,3064.0,1328,74804,40738440.0,3065.0,4,3064.0,9
rb1805,20170707,20170706,211034000,3064.0,1328,74804,40738440.0,3065.0,10,3064.0,10
rb1805,20170707,20170706,211035000,3064.0,1328,74804,40738440.0,3065.0,10,3064.0,12
rb1805,20170707,20170706,211035500,3064.0,1328,74804,40738440.0,3065.0,10,3064.0,12
rb1805,20170707,20170706,211036500,3064.0,1328,74804,40738440.0,3065.0,10,3064.0,3
rb1805,20170707,20170706,211037000,3063.0,1338,74810,41044800.0,3065.0,10,3063.0,2
rb1805,20170707,20170706,211038000,3063.0,1338,74810,41044800.0,3065.0,10,3063.0,3
rb1805,20170707,20170706,211040000,3063.0,1338,74810,41044800.0,3065.0,10,3063.0,3
rb1805,20170707,20170706,211045000,3063.0,1338,74810,41044800.0,3065.0,10,3063.0,3
rb1805,20170707,20170706,211046500,3063.0,1338,74810,41044800.0,3065.0,10,3063.0,3
rb1805,20170707,20170706,211047000,3063.0,1338,74810,41044800.0,3065.0,10,3063.0,6
rb1805,20170707,20170706,211048500,3063.0,1338,74810,41044800.0,3065.0,10,3063.0,6
rb1805,20170707,20170706,211050000,3063.0,1338,74810,41044800.0,3065.0,7,3063.0,6
rb1805,20170707,20170706,211051000,3063.0,1338,74810,41044800.0,3065.0,7,3063.0,6
rb1805,20170707,20170706,211051500,3063.0,1338,74810,41044800.0,3065.0,8,3063.0,6
rb1805,20170707,20170706,211052500,3063.0,1338,74810,41044800.0,3065.0,8,3063.0,6
rb1805,20170707,20170706,211053000,3063.0,1338,74810,41044800.0,3065.0,8,3064.0,1
rb1805,20170707,20170706,211056500,3063.0,1338,74810,41044800.0,3065.0,8,3064.0,1
rb1805,20170707,20170706,211059500,3063.0,1338,74810,41044800.0,3065.0,8,3064.0,1
rb1805,20170707,20170706,211100000,3063.0,1338,74810,41044800.0,3065.0,8,3064.0,1
rb1805,20170707,20170706,211101500,3064.0,1340,74812,41106080.0,3065.0,8,3063.0,6
rb1805,20170707,20170706,211102500,3064.0,1340,74812,41106080.0,3064.0,1,3063.0,6
rb1805,20170707,20170706,211103000,3064.0,1340,74812,41106080.0,3064.0,1,3063.0,6
rb1805,20170707,20170706,211103500,3064.0,1340,74812,41106080.0,3064.0,1,3063.0,7
rb1805,20170707,20170706,211106000,3064.0,1342,74810,41167360.0,3065.0,7,3063.0,7
rb1805,20170707,20170706,211106500,3065.0,1344,74808,41228660.0,3065.0,6,3063.0,7
rb1805,20170707,20170706,211107000,3065.0,1344,74808,41228660.0,3066.0,122,3063.0,7
rb1805,20170707,20170706,211107500,3065.0,1344,74808,41228660.0,3066.0,127,3063.0,7
rb1805,20170707,20170706,211109500,3063.0,1346,74808,41289920.0,3066.0,127,3063.0,6
rb1805,20170707,20170706,211110000,3063.0,1346,74808,41289920.0,3065.0,3,3063.0,6
rb1805,20170707,20170706,211110500,3063.0,1346,74808,41289920.0,3065.0,3,3063.0,6
rb1805,20170707,20170706,211111000,3063.0,1346,74808,41289920.0,3065.0,3,3063.0,6
rb1805,20170707,20170706,211112000,3063.0,1346,74808,41289920.0,3065.0,8,3063.0,6
rb1805,20170707,20170706,211112500,3063.0,1346,74808,41289920.0,3065.0,8,3063.0,6
rb1805,20170707,20170706,211113000,3063.0,1346,74808,41289920.0,3065.0,8,3063.0,5
rb1805,20170707,20170706,211114000,3063.0,1346,74808,41289920.0,3065.0,8,3063.0,7
rb1805,20170707,20170706,211114500,3063.0,1346,74808,41289920.0,3065.0,8,3063.0,7
rb1805,20170707,20170706,211115500,3063.0,1346,74808,41289920.0,3065.0,8,3063.0,7
rb1805,20170707,20170706,211116500,3063.0,1346,74808,41289920.0,3065.0,8,3063.0,8
rb1805,20170707,20170706,211117000,3063.0,1346,74808,41289920.0,3065.0,8,3063.0,8
rb1805,20170707,20170706,211118000,3065.0,1348,74808,41351220.0,3065.0,7,3063.0,8
rb1805,20170707,20170706,211118500,3065.0,1348,74808,41351220.0,3065.0,7,3063.0,9
rb1805,20170707,20170706,211119000,3065.0,1348,74808,41351220.0,3065.0,7,3063.0,9
rb1805,20170707,20170706,211121000,3065.0,1350,74808,41412520.0,3065.0,2,3063.0,9
rb1805,20170707,20170706,211122000,3065.0,1350,74808,41412520.0,3065.0,2,3063.0,9
rb1805,20170707,20170706,211123000,3065.0,1350,74808,41412520.0,3065.0,2,3063.0,9
rb1805,20170707,20170706,211128500,3065.0,1350,74808,41412520.0,3065.0,2,3063.0,9
rb1805,20170707,20170706,211130000,3065.0,1350,74808,41412520.0,3065.0,2,3063.0,19
rb1805,20170707,20170706,211131000,3065.0,1352,74810,41473820.0,3065.0,1,3063.0,19
rb1805,20170707,20170706,211132000,3065.0,1352,74810,41473820.0,3065.0,1,3063.0,19
rb1805,20170707,20170706,211132500,3065.0,1352,74810,41473820.0,3064.0,1,3063.0,19
rb1805,20170707,20170706,211133000,3065.0,1352,74810,41473820.0,3064.0,1,3063.0,19
rb1805,20170707,20170706,211136000,3065.0,1352,74810,41473820.0,3064.0,1,3063.0,21
rb1805,20170707,20170706,211136500,3064.0,1354,74812,41535100.0,3065.0,1,3064.0,2
rb1805,20170707,20170706,211137000,3064.0,1354,74812,41535100.0,3065.0,1,3063.0,21
rb1805,20170707,20170706,211138000,3064.0,1354,74812,41535100.0,3065.0,1,3064.0,11
rb1805,20170707,20170706,211138500,3064.0,1354,74812,41535100.0,3065.0,1,3064.0,21
rb1805,20170707,20170706,211140000,3064.0,1354,74812,41535100.0,3065.0,1,3064.0,22
rb1805,20170707,20170706,211141500,3064.0,1354,74812,41535100.0,3065.0,1,3064.0,22
rb1805,20170707,20170706,211143000,3064.0,1354,74812,41535100.0,3065.0,1,3064.0,22
rb1805,20170707,20170706,211144000,3064.0,1354,74812,41535100.0,3065.0,1,3064.0,22
rb1805,20170707,20170706,211144500,3064.0,1354,74812,41535100.0,3065.0,1,3064.0,22
rb1805,20170707,20170706,211145000,3064.0,1354,74812,41535100.0,3065.0,1,3064.0,22
rb1805,20170707,20170706,211145500,3064.0,1354,74812,41535100.0,3065.0,1,3064.0,22
rb1805,20170707,20170706,211147500,3064.0,1354,74812,41535100.0,3065.0,1,3064.0,22
rb1805,20170707,20170706,211149500,3064.0,1354,74812,41535100.0,3065.0,1,3064.0,22
rb1805,20170707,20170706,211150000,3064.0,1354,74812,41535100.0,3065.0,1,3064.0,22
rb1805,20170707,20170706,211150500,3064.0,1354,74812,41535100.0,3065.0,1,3064.0,24
rb1805,20170707,20170706,211151000,3064.0,1354,74812,41535100.0,3065.0,1,3064.0,24
rb1805,20170707,20170706,211151500,3064.0,1354,74812,41535100.0,3065.0,1,3064.0,24
rb1805,20170707,20170706,211152000,3064.0,1354,74812,41535100.0,3065.0,13,3064.0,24
rb1805,20170707,20170706,211154500,3064.0,1356,74814,41596380.0,3065.0,13,3064.0,23
rb1805,20170707,20170706,211155500,3065.0,1358,74814,41657680.0,3065.0,13,3064.0,23
rb1805,20170707,20170706,211156500,3065.0,1358,74814,41657680.0,3065.0,13,3064.0,23
rb1805,20170707,20170706,211159000,3065.0,1358,74814,41657680.0,3065.0,13,3064.0,23
rb1805,20170707,20170706,211159500,3065.0,1360,74816,41718980.0,3065.0,12,3064.0,23
rb1805,20170707,20170706,211202000,3065.0,1360,74816,41718980.0,3065.0,12,3064.0,13
rb1805,20170707,20170706,211204500,3065.0,1380,74836,42331980.0,3065.0,2,3064.0,13
rb1805,20170707,20170706,211205500,3065.0,1380,74836,42331980.0,3065.0,3,3064.0,13
rb1805,20170707,20170706,211207000,3065.0,1380,74836,42331980.0,3065.0,3,3064.0,13
rb1805,20170707,20170706,211207500,3065.0,1380,74836,42331980.0,3065.0,4,3064.0,13
rb1805,20170707,20170706,211210000,3065.0,1380,74836,42331980.0,3065.0,4,3064.0,13
rb1805,20170707,20170706,211210500,3065.0,1380,74836,42331980.0,3065.0,4,3064.0,11
rb1805,20170707,20170706,211211500,3065.0,1380,74836,42331980.0,3065.0,5,3064.0,11
rb1805,20170707,20170706,211212000,3065.0,1380,74836,42331980.0,3065.0,5,3064.0,11
rb1805,20170707,20170706,211215000,3065.0,1380,74836,42331980.0,3065.0,5,3064.0,11
rb1805,20170707,20170706,211215500,3065.0,1380,74836,42331980.0,3065.0,5,3064.0,11
rb1805,20170707,20170706,211216500,3065.0,1384,74838,42454580.0,3065.0,3,3064.0,11
rb1805,20170707,20170706,211221000,3065.0,1384,74838,42454580.0,3065.0,3,3064.0,11
rb1805,20170707,20170706,211224500,3065.0,1386,74840,42515880.0,3065.0,2,3064.0,12
rb1805,20170707,20170706,211226500,3065.0,1386,74840,42515880.0,3065.0,2,3064.0,13
rb1805,20170707,20170706,211227000,3065.0,1386,74840,42515880.0,3065.0,2,3064.0,12
rb1805,20170707,20170706,211227500,3065.0,1386,74840,42515880.0,3065.0,2,3064.0,12
rb1805,20170707,20170706,211230000,3065.0,1386,74840,42515880.0,3065.0,2,3064.0,13
rb1805,20170707,20170706,211235000,3065.0,1388,74842,42577180.0,3065.0,1,3064.0,13
rb1805,20170707,20170706,211235500,3065.0,1388,74842,42577180.0,3065.0,1,3064.0,12
rb1805,20170707,20170706,211236500,3065.0,1388,74842,42577180.0,3065.0,1,3064.0,11
rb1805,20170707,20170706,211237000,3065.0,1390,74842,42638480.0,3066.0,127,3064.0,11
rb1805,20170707,20170706,211240500,3065.0,1390,74842,42638480.0,3065.0,1,3064.0,11
rb1805,20170707,20170706,211241000,3065.0,1390,74842,42638480.0,3065.0,1,3064.0,11
rb1805,20170707,20170706,211241500,3064.0,1392,74842,42699760.0,3065.0,1,3064.0,10
rb1805,20170707,20170706,211242500,3064.0,1392,74842,42699760.0,3065.0,1,3064.0,10
rb1805,20170707,20170706,211244500,3064.0,1392,74842,42699760.0,3065.0,1,3064.0,20
rb1805,20170707,20170706,211247500,3064.0,1392,74842,42699760.0,3065.0,6,3064.0,21
rb1805,20170707,20170706,211250000,3064.0,1392,74842,42699760.0,3065.0,1,3064.0,21
rb1805,20170707,20170706,211252500,3064.0,1392,74842,42699760.0,3065.0,2,3064.0,21
rb1805,20170707,20170706,211254000,3064.0,1392,74842,42699760.0,3065.0,7,3064.0,21
rb1805,20170707,20170706,211255000,3064.0,1392,74842,42699760.0,3065.0,8,3064.0,21
rb1805,20170707,20170706,211256000,3064.0,1392,74842,42699760.0,3065.0,28,3064.0,21
rb1805,20170707,20170706,211257000,3064.0,1392,74842,42699760.0,3065.0,29,3064.0,22
rb1805,20170707,20170706,211257500,3064.0,1392,74842,42699760.0,3065.0,24,3064.0,22
rb1805,20170707,20170706,211301000,3064.0,1392,74842,42699760.0,3065.0,24,3064.0,22
rb1805,20170707,20170706,211304500,3064.0,1392,74842,42699760.0,3065.0,24,3064.0,22
rb1805,20170707,20170706,211305000,3064.0,1392,74842,42699760.0,3065.0,29,3064.0,22
rb1805,20170707,20170706,211306000,3064.0,1392,74842,42699760.0,3065.0,29,3064.0,22
rb1805,20170707,20170706,211307000,3064.0,1432,74862,43925360.0,3065.0,29,3064.0,2
rb1805,20170707,20170706,211307500,3064.0,1436,74860,44047920.0,3065.0,29,3063.0,16
rb1805,20170707,20170706,211308000,3064.0,1436,74860,44047920.0,3065.0,29,3063.0,17
rb1805,20170707,20170706,211308500,3064.0,1436,74860,44047920.0,3065.0,29,3063.0,16
rb1805,20170707,20170706,211310000,3064.0,1436,74860,44047920.0,3064.0,1,3063.0,16
rb1805,20170707,20170706,211311000,3064.0,1436,74860,44047920.0,3064.0,1,3063.0,16
rb1805,20170707,20170706,211311500,3064.0,1436,74860,44047920.0,3064.0,11,3063.0,17
rb1805,20170707,20170706,211312500,3064.0,1436,74860,44047920.0,3064.0,11,3063.0,17
rb1805,20170707,20170706,211313000,3064.0,1436,74860,44047920.0,3064.0,11,3063.0,17
rb1805,20170707,20170706,211315000,3064.0,1436,74860,44047920.0,3064.0,11,3063.0,17
rb1805,20170707,20170706,211315500,3064.0,1436,74860,44047920.0,3064.0,11,3063.0,17
rb1805,20170707,20170706,211318000,3064.0,1436,74860,44047920.0,3064.0,11,3063.0,17
rb1805,20170707,20170706,211320000,3064.0,1436,74860,44047920.0,3064.0,11,3063.0,17
rb1805,20170707,20170706,211320500,3064.0,1436,74860,44047920.0,3064.0,11,3063.0,17
rb1805,20170707,20170706,211322000,3063.0,1438,74858,44109180.0,3064.0,11,3063.0,16
rb1805,20170707,20170706,211323000,3063.0,1440,74860,44170440.0,3064.0,11,3063.0,15
rb1805,20170707,20170706,211324000,3063.0,1440,74860,44170440.0,3064.0,11,3063.0,14
rb1805,20170707,20170706,211325500,3063.0,1442,74862,44231700.0,3064.0,11,3063.0,13
rb1805,20170707,20170706,211326500,3063.0,1442,74862,44231700.0,3064.0,11,3063.0,13
rb1805,20170707,20170706,211327000,3063.0,1446,74862,44354220.0,3064.0,11,3063.0,11
rb1805,20170707,20170706,211329500,3063.0,1446,74862,44354220.0,3064.0,16,3063.0,11
rb1805,20170707,20170706,211330000,3063.0,1446,74862,44354220.0,3064.0,16,3063.0,11
rb1805,20170707,20170706,211331500,3063.0,1446,74862,44354220.0,3064.0,16,3063.0,11
rb1805,20170707,20170706,211332000,3063.0,1446,74862,44354220.0,3064.0,16,3063.0,11
rb1805,20170707,20170706,211332500,3063.0,1452,74862,44538000.0,3064.0,16,3063.0,8
rb1805,20170707,20170706,211333000,3063.0,1458,74868,44721780.0,3064.0,11,3063.0,5
rb1805,20170707,20170706,211333500,3063.0,1458,74868,44721780.0,3064.0,12,3063.0,5
rb1805,20170707,20170706,211334500,3063.0,1458,74868,44721780.0,3064.0,12,3063.0,5
rb1805,20170707,20170706,211335500,3063.0,1458,74868,44721780.0,3064.0,12,3063.0,5
rb1805,20170707,20170706,211337500,3063.0,1458,74868,44721780.0,3064.0,12,3063.0,5
rb1805,20170707,20170706,211338000,3063.0,1468,74878,45028080.0,3063.0,6,3062.0,10
rb1805,20170707,20170706,211338500,3063.0,1468,74878,45028080.0,3063.0,6,3062.0,10
rb1805,20170707,20170706,211339000,3063.0,1468,74878,45028080.0,3063.0,6,3062.0,12
rb1805,20170707,20170706,211340500,3063.0,1468,74878,45028080.0,3063.0,6,3062.0,12
rb1805,20170707,20170706,211341000,3063.0,1468,74878,45028080.0,3063.0,6,3062.0,12
rb1805,20170707,20170706,211343000,3063.0,1468,74878,45028080.0,3063.0,6,3062.0,12
rb1805,20170707,20170706,211343500,3063.0,1468,74878,45028080.0,3063.0,6,3062.0,13
rb1805,20170707,20170706,211344000,3063.0,1468,74878,45028080.0,3063.0,6,3062.0,13
rb1805,20170707,20170706,211345500,3063.0,1468,74878,45028080.0,3063.0,7,3062.0,13
rb1805,20170707,20170706,211346000,3063.0,1468,74878,45028080.0,3063.0,7,3062.0,13
rb1805,20170707,20170706,211347000,3063.0,1468,74878,45028080.0,3063.0,7,3062.0,13
rb1805,20170707,20170706,211348000,3063.0,1468,74878,45028080.0,3063.0,7,3062.0,13
rb1805,20170707,20170706,211348500,3062.0,1470,74878,45089320.0,3063.0,7,3062.0,12
rb1805,20170707,20170706,211349000,3062.0,1470,74878,45089320.0,3063.0,7,3062.0,11
rb1805,20170707,20170706,211349500,3062.0,1470,74878,45089320.0,3063.0,7,3062.0,12
rb1805,20170707,20170706,211351000,3062.0,1472,74880,45150560.0,3063.0,7,3062.0,11
rb1805,20170707,20170706,211352000,3063.0,1474,74882,45211820.0,3063.0,6,3062.0,10
rb1805,20170707,20170706,211353500,3063.0,1474,74882,45211820.0,3063.0,6,3062.0,10
rb1805,20170707,20170706,211354000,3063.0,1474,74882,45211820.0,3063.0,6,3062.0,10
rb1805,20170707,20170706,211354500,3063.0,1474,74882,45211820.0,3063.0,11,3062.0,10
rb1805,20170707,20170706,211355000,3062.0,1476,74884,45273060.0,3063.0,11,3062.0,9
rb1805,20170707,20170706,211355500,3063.0,1478,74884,45334320.0,3063.0,10,3062.0,7
rb1805,20170707,20170706,211358500,3062.0,1480,74886,45395560.0,3063.0,10,3062.0,6
rb1805,20170707,20170706,211359000,3062.0,1480,74886,45395560.0,3063.0,14,3062.0,6
rb1805,20170707,20170706,211400000,3062.0,1480,74886,45395560.0,3063.0,9,3062.0,6
rb1805,20170707,20170706,211400500,3062.0,1480,74886,45395560.0,3063.0,9,3062.0,9
rb1805,20170707,20170706,211401000,3062.0,1480,74886,45395560.0,3063.0,9,3062.0,9
rb1805,20170707,20170706,211401500,3063.0,1482,74886,45456820.0,3063.0,8,3062.0,9
rb1805,20170707,20170706,211402000,3063.0,1482,74886,45456820.0,3063.0,8,3062.0,9
rb1805,20170707,20170706,211403500,3061.0,1566,74918,48028240.0,3063.0,8,3061.0,10
rb1805,20170707,20170706,211404000,3060.0,1598,74920,49007640.0,3063.0,8,3060.0,9
rb1805,20170707,20170706,211404500,3063.0,1602,74924,49130160.0,3063.0,11,3061.0,2
rb1805,20170707,20170706,211405000,3063.0,1602,74924,49130160.0,3063.0,11,3061.0,4
rb1805,20170707,20170706,211406000,3063.0,1602,74924,49130160.0,3063.0,31,3061.0,4
rb1805,20170707,20170706,211407000,3063.0,1602,74924,49130160.0,3063.0,31,3061.0,4
rb1805,20170707,20170706,211409000,3063.0,1602,74924,49130160.0,3063.0,25,3061.0,5
rb1805,20170707,20170706,211410000,3063.0,1602,74924,49130160.0,3063.0,26,3061.0,5
rb1805,20170707,20170706,211410500,3063.0,1602,74924,49130160.0,3063.0,27,3061.0,5
rb1805,20170707,20170706,211411500,3063.0,1602,74924,49130160.0,3062.0,1,3061.0,5
rb1805,20170707,20170706,211412000,3063.0,1602,74924,49130160.0,3062.0,1,3061.0,4
rb1805,20170707,20170706,211412500,3063.0,1602,74924,49130160.0,3062.0,1,3061.0,4
rb1805,20170707,20170706,211413000,3063.0,1602,74924,49130160.0,3062.0,1,3061.0,4
rb1805,20170707,20170706,211415000,3063.0,1602,74924,49130160.0,3062.0,1,3061.0,4
rb1805,20170707,20170706,211415500,3063.0,1602,74924,49130160.0,3062.0,1,3061.0,4
rb1805,20170707,20170706,211416500,3062.0,1604,74926,49191400.0,3063.0,27,3061.0,4
rb1805,20170707,20170706,211417000,3062.0,1604,74926,49191400.0,3062.0,4,3061.0,4
rb1805,20170707,20170706,211418000,3062.0,1604,74926,49191400.0,3062.0,4,3061.0,2
rb1805,20170707,20170706,211420000,3062.0,1604,74926,49191400.0,3062.0,9,3061.0,2
rb1805,20170707,20170706,211420500,3062.0,1604,74926,49191400.0,3062.0,9,3061.0,2
rb1805,20170707,20170706,211421000,3062.0,1604,74926,49191400.0,3062.0,9,3061.0,2
rb1805,20170707,20170706,211421500,3062.0,1604,74926,49191400.0,3062.0,9,3061.0,2
rb1805,20170707,20170706,211422000,3061.0,1606,74924,49252620.0,3062.0,9,3060.0,8
rb1805,20170707,20170706,211422500,3061.0,1606,74924,49252620.0,3062.0,9,3060.0,6
rb1805,20170707,20170706,211423500,3061.0,1606,74924,49252620.0,3062.0,9,3060.0,6
rb1805,20170707,20170706,211424500,3061.0,1606,74924,49252620.0,3062.0,9,3060.0,56
rb1805,20170707,20170706,211425000,3061.0,1606,74924,49252620.0,3062.0,9,3060.0,57
rb1805,20170707,20170706,211425500,3061.0,1606,74924,49252620.0,3062.0,9,3060.0,57
rb1805,20170707,20170706,211426000,3061.0,1606,74924,49252620.0,3062.0,9,3061.0,5
rb1805,20170707,20170706,211426500,3061.0,1610,74924,49375060.0,3062.0,9,3061.0,3
rb1805,20170707,20170706,211427000,3061.0,1616,74924,49558720.0,3061.0,7,3060.0,57
rb1805,20170707,20170706,211427500,3061.0,1616,74924,49558720.0,3061.0,5,3060.0,57
rb1805,20170707,20170706,211428000,3060.0,1642,74936,50354320.0,3061.0,5,3060.0,44
rb1805,20170707,20170706,211428500,3060.0,1642,74936,50354320.0,3061.0,8,3060.0,44
rb1805,20170707,20170706,211429000,3060.0,1642,74936,50354320.0,3061.0,5,3060.0,44
rb1805,20170707,20170706,211429500,3060.0,1642,74936,50354320.0,3061.0,5,3060.0,44
rb1805,20170707,20170706,211430000,3061.0,1646,74940,50476760.0,3061.0,3,3060.0,44
rb1805,20170707,20170706,211430500,3061.0,1652,74940,50660420.0,3062.0,14,3061.0,17
rb1805,20170707,20170706,211431000,3061.0,1652,74940,50660420.0,3062.0,12,3061.0,17
rb1805,20170707,20170706,211431500,3061.0,1652,74940,50660420.0,3062.0,12,3061.0,17
rb1805,20170707,20170706,211432500,3061.0,1652,74940,50660420.0,3062.0,12,3061.0,17
rb1805,20170707,20170706,211433000,3061.0,1670,74930,51211400.0,3062.0,12,3061.0,8
rb1805,20170707,20170706,211434000,3061.0,1686,74930,51701160.0,3061.0,12,3060.0,44
rb1805,20170707,20170706,211434500,3061.0,1686,74930,51701160.0,3061.0,12,3060.0,44
rb1805,20170707,20170706,211435000,3061.0,1686,74930,51701160.0,3061.0,15,3060.0,46
rb1805,20170707,20170706,211436000,3061.0,1686,74930,51701160.0,3061.0,12,3060.0,46
rb1805,20170707,20170706,211436500,3061.0,1686,74930,51701160.0,3061.0,15,3060.0,46
rb1805,20170707,20170706,211437000,3061.0,1686,74930,51701160.0,3061.0,15,3060.0,46
rb1805,20170707,20170706,211438000,3061.0,1686,74930,51701160.0,3061.0,18,3060.0,46
rb1805,20170707,20170706,211439000,3061.0,1686,74930,51701160.0,3061.0,15,3060.0,46
rb1805,20170707,20170706,211439500,3061.0,1688,74932,51762380.0,3061.0,14,3060.0,46
rb1805,20170707,20170706,211440000,3061.0,1688,74932,51762380.0,3061.0,14,3060.0,46
rb1805,20170707,20170706,211441000,3061.0,1688,74932,51762380.0,3061.0,14,3060.0,48
rb1805,20170707,20170706,211442500,3061.0,1688,74932,51762380.0,3061.0,14,3060.0,48
rb1805,20170707,20170706,211443000,3061.0,1690,74932,51823600.0,3061.0,14,3060.0,48
rb1805,20170707,20170706,211443500,3061.0,1690,74932,51823600.0,3061.0,14,3060.0,49
rb1805,20170707,20170706,211444000,3061.0,1690,74932,51823600.0,3061.0,14,3060.0,49
rb1805,20170707,20170706,211444500,3061.0,1690,74932,51823600.0,3061.0,17,3060.0,49
rb1805,20170707,20170706,211445000,3061.0,1690,74932,51823600.0,3061.0,17,3060.0,49
rb1805,20170707,20170706,211445500,3061.0,1690,74932,51823600.0,3061.0,18,3060.0,49
rb1805,20170707,20170706,211446000,3061.0,1690,74932,51823600.0,3061.0,23,3060.0,49
rb1805,20170707,20170706,211446500,3061.0,1690,74932,51823600.0,3061.0,24,3060.0,49
rb1805,20170707,20170706,211447000,3061.0,1690,74932,51823600.0,3061.0,22,3060.0,49
rb1805,20170707,20170706,211447500,3061.0,1690,74932,51823600.0,3061.0,19,3060.0,49
rb1805,20170707,20170706,211448500,3060.0,1694,74936,51946000.0,3061.0,19,3060.0,47
rb1805,20170707,20170706,211449000,3060.0,1694,74936,51946000.0,3061.0,19,3060.0,57
rb1805,20170707,20170706,211449500,3060.0,1694,74936,51946000.0,3061.0,19,3060.0,57
rb1805,20170707,20170706,211450500,3060.0,1734,74976,53170000.0,3061.0,19,3060.0,37
rb1805,20170707,20170706,211451000,3061.0,1758,74976,53904640.0,3061.0,3,3060.0,42
rb1805,20170707,20170706,211451500,3060.0,1798,75016,55128640.0,3061.0,3,3060.0,17
rb1805,20170707,20170706,211452000,3060.0,1824,75028,55924240.0,3061.0,7,3060.0,5
rb1805,20170707,20170706,211452500,3061.0,1826,75028,55985460.0,3061.0,6,3060.0,4
rb1805,20170707,20170706,211453000,3061.0,1826,75028,55985460.0,3061.0,6,3060.0,10
rb1805,20170707,20170706,211454000,3061.0,1826,75028,55985460.0,3061.0,6,3060.0,10
rb1805,20170707,20170706,211454500,3061.0,1830,75030,56107900.0,3061.0,4,3060.0,12
rb1805,20170707,20170706,211455000,3061.0,1830,75030,56107900.0,3061.0,4,3060.0,12
rb1805,20170707,20170706,211457000,3061.0,1830,75030,56107900.0,3061.0,4,3060.0,8
rb1805,20170707,20170706,211459000,3061.0,1830,75030,56107900.0,3061.0,4,3060.0,8
rb1805,20170707,20170706,211501500,3061.0,1834,75026,56230340.0,3061.0,2,3060.0,13
rb1805,20170707,20170706,211502000,3061.0,1834,75026,56230340.0,3061.0,2,3060.0,14
rb1805,20170707,20170706,211502500,3061.0,1834,75026,56230340.0,3061.0,2,3060.0,9
rb1805,20170707,20170706,211503000,3061.0,1834,75026,56230340.0,3061.0,2,3060.0,9
rb1805,20170707,20170706,211503500,3061.0,1834,75026,56230340.0,3061.0,2,3060.0,8
rb1805,20170707,20170706,211504500,3060.0,1836,75028,56291540.0,3061.0,2,3060.0,7
rb1805,20170707,20170706,211506500,3060.0,1836,75028,56291540.0,3061.0,7,3060.0,7
rb1805,20170707,20170706,211507000,3060.0,1836,75028,56291540.0,3061.0,7,3060.0,7
rb1805,20170707,20170706,211508000,3060.0,1836,75028,56291540.0,3061.0,7,3060.0,7
rb1805,20170707,20170706,211508500,3060.0,1836,75028,56291540.0,3061.0,7,3060.0,7
rb1805,20170707,20170706,211509000,3061.0,1840,75028,56413980.0,3061.0,5,3060.0,7
rb1805,20170707,20170706,211509500,3060.0,1854,75024,56842380.0,3061.0,5,3059.0,4
rb1805,20170707,20170706,211510500,3060.0,1854,75024,56842380.0,3061.0,5,3059.0,9
rb1805,20170707,20170706,211511500,3060.0,1854,75024,56842380.0,3061.0,5,3059.0,9
rb1805,20170707,20170706,211512000,3060.0,1854,75024,56842380.0,3061.0,5,3059.0,9
rb1805,20170707,20170706,211514500,3060.0,1854,75024,56842380.0,3061.0,5,3059.0,10
rb1805,20170707,20170706,211515500,3060.0,1854,75024,56842380.0,3061.0,5,3059.0,9
rb1805,20170707,20170706,211517000,3060.0,1854,75024,56842380.0,3061.0,5,3059.0,10
rb1805,20170707,20170706,211517500,3060.0,1854,75024,56842380.0,3061.0,5,3060.0,1
rb1805,20170707,20170706,211519000,3060.0,1854,75024,56842380.0,3061.0,5,3060.0,3
rb1805,20170707,20170706,211520500,3060.0,1854,75024,56842380.0,3061.0,5,3060.0,3
rb1805,20170707,20170706,211521500,3060.0,1854,75024,56842380.0,3061.0,5,3060.0,3
rb1805,20170707,20170706,211522500,3060.0,1860,75030,57025980.0,3061.0,5,3059.0,10
rb1805,20170707,20170706,211524000,3060.0,1860,75030,57025980.0,3061.0,5,3060.0,1
rb1805,20170707,20170706,211526000,3060.0,1860,75030,57025980.0,3061.0,5,3060.0,1
rb1805,20170707,20170706,211526500,3060.0,1860,75030,57025980.0,3061.0,5,3060.0,3
rb1805,20170707,20170706,211527000,3060.0,1860,75030,57025980.0,3061.0,5,3060.0,2
rb1805,20170707,20170706,211528000,3060.0,1860,75030,57025980.0,3061.0,5,3060.0,2
rb1805,20170707,20170706,211529500,3060.0,1860,75030,57025980.0,3061.0,5,3060.0,2
rb1805,20170707,20170706,211530000,3060.0,1862,75030,57087180.0,3061.0,5,3060.0,1
rb1805,20170707,20170706,211530500,3060.0,1864,75032,57148380.0,3060.0,19,3059.0,12
rb1805,20170707,20170706,211531000,3060.0,1864,75032,57148380.0,3060.0,19,3059.0,7
rb1805,20170707,20170706,211531500,3060.0,1864,75032,57148380.0,3060.0,20,3059.0,8
rb1805,20170707,20170706,211533000,3060.0,1864,75032,57148380.0,3060.0,21,3059.0,8
rb1805,20170707,20170706,211533500,3060.0,1864,75032,57148380.0,3060.0,21,3059.0,8
rb1805,20170707,20170706,211534000,3060.0,1864,75032,57148380.0,3060.0,22,3059.0,8
rb1805,20170707,20170706,211534500,3060.0,1864,75032,57148380.0,3060.0,22,3059.0,8
rb1805,20170707,20170706,211539000,3060.0,1864,75032,57148380.0,3060.0,22,3059.0,8
rb1805,20170707,20170706,211540000,3060.0,1864,75032,57148380.0,3060.0,22,3059.0,8
rb1805,20170707,20170706,211543500,3060.0,1864,75032,57148380.0,3060.0,22,3059.0,8
rb1805,20170707,20170706,211544000,3060.0,1868,75032,57270780.0,3060.0,20,3059.0,6
rb1805,20170707,20170706,211545000,3060.0,1868,75032,57270780.0,3060.0,20,3059.0,7
rb1805,20170707,20170706,211545500,3060.0,1868,75032,57270780.0,3060.0,20,3059.0,7
rb1805,20170707,20170706,211547500,3059.0,1870,75034,57331960.0,3060.0,20,3059.0,6
rb1805,20170707,20170706,211548500,3059.0,1870,75034,57331960.0,3060.0,20,3059.0,6
rb1805,20170707,20170706,211549000,3059.0,1870,75034,57331960.0,3060.0,21,3059.0,7
rb1805,20170707,20170706,211549500,3059.0,1870,75034,57331960.0,3060.0,21,3059.0,6
rb1805,20170707,20170706,211550000,3059.0,1870,75034,57331960.0,3060.0,21,3059.0,6
rb1805,20170707,20170706,211550500,3059.0,1872,75034,57393140.0,3060.0,21,3059.0,5
rb1805,20170707,20170706,211554000,3060.0,1874,75036,57454340.0,3060.0,20,3059.0,5
rb1805,20170707,20170706,211554500,3060.0,1874,75036,57454340.0,3060.0,20,3059.0,5
rb1805,20170707,20170706,211556500,3060.0,1874,75036,57454340.0,3060.0,20,3059.0,15
rb1805,20170707,20170706,211559000,3060.0,1874,75036,57454340.0,3060.0,20,3059.0,15
rb1805,20170707,20170706,211600500,3060.0,1874,75036,57454340.0,3060.0,20,3059.0,15
rb1805,20170707,20170706,211602500,3060.0,1874,75036,57454340.0,3060.0,20,3059.0,15
rb1805,20170707,20170706,211603500,3060.0,1874,75036,57454340.0,3060.0,19,3059.0,15
rb1805,20170707,20170706,211606000,3060.0,1874,75036,57454340.0,3060.0,19,3059.0,15
rb1805,20170707,20170706,211606500,3060.0,1874,75036,57454340.0,3060.0,19,3059.0,16
rb1805,20170707,20170706,211607000,3060.0,1874,75036,57454340.0,3060.0,19,3059.0,15
rb1805,20170707,20170706,211607500,3060.0,1874,75036,57454340.0,3060.0,19,3059.0,16
rb1805,20170707,20170706,211613500,3060.0,1874,75036,57454340.0,3060.0,20,3059.0,15
rb1805,20170707,20170706,211616000,3060.0,1876,75036,57515540.0,3060.0,19,3059.0,16
rb1805,20170707,20170706,211616500,3060.0,1876,75036,57515540.0,3060.0,19,3059.0,15
rb1805,20170707,20170706,211617000,3060.0,1876,75036,57515540.0,3060.0,19,3059.0,16
rb1805,20170707,20170706,211618000,3060.0,1876,75036,57515540.0,3060.0,19,3059.0,16
rb1805,20170707,20170706,211619000,3060.0,1876,75036,57515540.0,3060.0,19,3059.0,17
rb1805,20170707,20170706,211619500,3060.0,1876,75036,57515540.0,3060.0,4,3059.0,17
rb1805,20170707,20170706,211620000,3060.0,1878,75038,57576740.0,3060.0,3,3059.0,17
rb1805,20170707,20170706,211620500,3060.0,1878,75038,57576740.0,3060.0,3,3059.0,16
rb1805,20170707,20170706,211622000,3060.0,1878,75038,57576740.0,3060.0,13,3059.0,16
rb1805,20170707,20170706,211623500,3060.0,1880,75040,57637940.0,3060.0,12,3059.0,16
rb1805,20170707,20170706,211624500,3060.0,1880,75040,57637940.0,3060.0,12,3059.0,16
rb1805,20170707,20170706,211626000,3060.0,1880,75040,57637940.0,3060.0,12,3059.0,15
rb1805,20170707,20170706,211627500,3060.0,1880,75040,57637940.0,3060.0,12,3059.0,15
rb1805,20170707,20170706,211631500,3060.0,1880,75040,57637940.0,3060.0,12,3059.0,15
rb1805,20170707,20170706,211632000,3060.0,1880,75040,57637940.0,3060.0,12,3059.0,15
rb1805,20170707,20170706,211633000,3059.0,1882,75040,57699120.0,3060.0,12,3059.0,14
rb1805,20170707,20170706,211634500,3059.0,1882,75040,57699120.0,3060.0,12,3059.0,14
rb1805,20170707,20170706,211638000,3059.0,1882,75040,57699120.0,3060.0,12,3059.0,14
rb1805,20170707,20170706,211638500,3059.0,1884,75038,57760300.0,3060.0,12,3059.0,13
rb1805,20170707,20170706,211642500,3059.0,1884,75038,57760300.0,3060.0,13,3059.0,13
rb1805,20170707,20170706,211643000,3059.0,1884,75038,57760300.0,3060.0,13,3059.0,13
rb1805,20170707,20170706,211644500,3059.0,1884,75038,57760300.0,3060.0,13,3059.0,14
rb1805,20170707,20170706,211647500,3059.0,1884,75038,57760300.0,3060.0,13,3059.0,13
rb1805,20170707,20170706,211648000,3059.0,1884,75038,57760300.0,3060.0,13,3059.0,13
rb1805,20170707,20170706,211649000,3060.0,1886,75038,57821500.0,3060.0,12,3059.0,13
rb1805,20170707,20170706,211651500,3060.0,1886,75038,57821500.0,3060.0,12,3059.0,13
rb1805,20170707,20170706,211652000,3060.0,1886,75038,57821500.0,3060.0,12,3059.0,13
rb1805,20170707,20170706,211655500,3060.0,1886,75038,57821500.0,3060.0,12,3059.0,13
rb1805,20170707,20170706,211656000,3060.0,1886,75038,57821500.0,3060.0,12,3059.0,13
rb1805,20170707,20170706,211656500,3060.0,1886,75038,57821500.0,3060.0,12,3059.0,13
rb1805,20170707,20170706,211658500,3059.0,1888,75036,57882680.0,3060.0,12,3059.0,12
rb1805,20170707,20170706,211659500,3059.0,1888,75036,57882680.0,3060.0,12,3059.0,18
rb1805,20170707,20170706,211700000,3060.0,1904,75036,58372280.0,3060.0,4,3059.0,19
rb1805,20170707,20170706,211700500,3060.0,1912,75034,58617080.0,3061.0,4,3060.0,5
rb1805,20170707,20170706,211701000,3060.0,1914,75034,58678280.0,3061.0,4,3060.0,4
rb1805,20170707,20170706,211704500,3060.0,1914,75034,58678280.0,3061.0,4,3060.0,4
rb1805,20170707,20170706,211705500,3060.0,1914,75034,58678280.0,3061.0,4,3060.0,4
rb1805,20170707,20170706,211706000,3060.0,1914,75034,58678280.0,3061.0,4,3059.0,18
rb1805,20170707,20170706,211706500,3060.0,1914,75034,58678280.0,3061.0,9,3059.0,18
rb1805,20170707,20170706,211707000,3060.0,1914,75034,58678280.0,3061.0,9,3059.0,18
rb1805,20170707,20170706,211708000,3060.0,1914,75034,58678280.0,3061.0,4,3060.0,3
rb1805,20170707,20170706,211708500,3060.0,1914,75034,58678280.0,3061.0,4,3059.0,18
rb1805,20170707,20170706,211709000,3061.0,1916,75034,58739500.0,3061.0,3,3059.0,18
rb1805,20170707,20170706,211710000,3061.0,1916,75034,58739500.0,3061.0,3,3059.0,19
rb1805,20170707,20170706,211710500,3061.0,1916,75034,58739500.0,3061.0,3,3059.0,18
rb1805,20170707,20170706,211711500,3061.0,1916,75034,58739500.0,3061.0,8,3059.0,18
rb1805,20170707,20170706,211712500,3061.0,1916,75034,58739500.0,3061.0,8,3059.0,18
rb1805,20170707,20170706,211713000,3061.0,1916,75034,58739500.0,3061.0,8,3060.0,1
rb1805,20170707,20170706,211713500,3061.0,1916,75034,58739500.0,3061.0,3,3060.0,1
rb1805,20170707,20170706,211717000,3061.0,1916,75034,58739500.0,3061.0,3,3060.0,2
rb1805,20170707,20170706,211721000,3061.0,1916,75034,58739500.0,3061.0,3,3060.0,3
rb1805,20170707,20170706,211724000,3061.0,1916,75034,58739500.0,3061.0,13,3060.0,3
rb1805,20170707,20170706,211725000,3061.0,1916,75034,58739500.0,3061.0,14,3060.0,3
rb1805,20170707,20170706,211725500,3061.0,1916,75034,58739500.0,3061.0,14,3060.0,3
rb1805,20170707,20170706,211726000,3061.0,1916,75034,58739500.0,3061.0,13,3060.0,3
rb1805,20170707,20170706,211727000,3061.0,1916,75034,58739500.0,3061.0,13,3060.0,3
rb1805,20170707,20170706,211729500,3061.0,1916,75034,58739500.0,3061.0,13,3060.0,3
rb1805,20170707,20170706,211730000,3061.0,1942,75034,59535360.0,3062.0,8,3061.0,7
rb1805,20170707,20170706,211730500,3061.0,1950,75036,59780240.0,3062.0,3,3061.0,3
rb1805,20170707,20170706,211734000,3061.0,1950,75036,59780240.0,3062.0,3,3061.0,3
rb1805,20170707,20170706,211739500,3061.0,1950,75036,59780240.0,3062.0,3,3061.0,3
rb1805,20170707,20170706,211740500,3061.0,1950,75036,59780240.0,3062.0,3,3061.0,3
rb1805,20170707,20170706,211741000,3061.0,1956,75042,59963900.0,3062.0,3,3060.0,3
rb1805,20170707,20170706,211741500,3061.0,1956,75042,59963900.0,3062.0,8,3060.0,3
rb1805,20170707,20170706,211743500,3061.0,1956,75042,59963900.0,3062.0,8,3060.0,3
rb1805,20170707,20170706,211744000,3061.0,1956,75042,59963900.0,3062.0,8,3060.0,3
rb1805,20170707,20170706,211745500,3061.0,1956,75042,59963900.0,3062.0,8,3060.0,9
rb1805,20170707,20170706,211748000,3061.0,1956,75042,59963900.0,3062.0,8,3061.0,1
rb1805,20170707,20170706,211748500,3061.0,1958,75042,60025120.0,3061.0,2,3060.0,9
rb1805,20170707,20170706,211749000,3061.0,1958,75042,60025120.0,3061.0,2,3060.0,9
rb1805,20170707,20170706,211750000,3061.0,1960,75042,60086340.0,3061.0,1,3060.0,9
rb1805,20170707,20170706,211751000,3061.0,1960,75042,60086340.0,3061.0,1,3060.0,9
rb1805,20170707,20170706,211752000,3061.0,1960,75042,60086340.0,3061.0,1,3060.0,9
rb1805,20170707,20170706,211754500,3061.0,1960,75042,60086340.0,3061.0,1,3060.0,9
rb1805,20170707,20170706,211757000,3061.0,1960,75042,60086340.0,3061.0,1,3060.0,3
rb1805,20170707,20170706,211800000,3061.0,1960,75042,60086340.0,3061.0,1,3060.0,6
rb1805,20170707,20170706,211800500,3061.0,1960,75042,60086340.0,3061.0,1,3060.0,6
rb1805,20170707,20170706,211802000,3061.0,1962,75044,60147560.0,3062.0,3,3060.0,6
rb1805,20170707,20170706,211803000,3061.0,1962,75044,60147560.0,3062.0,3,3060.0,6
rb1805,20170707,20170706,211808500,3061.0,1962,75044,60147560.0,3062.0,3,3060.0,6
rb1805,20170707,20170706,211810000,3061.0,1962,75044,60147560.0,3062.0,3,3060.0,11
rb1805,20170707,20170706,211811500,3061.0,1962,75044,60147560.0,3062.0,8,3060.0,11
rb1805,20170707,20170706,211815500,3061.0,1962,75044,60147560.0,3062.0,8,3060.0,12
rb1805,20170707,20170706,211816000,3061.0,1962,75044,60147560.0,3062.0,8,3060.0,13
rb1805,20170707,20170706,211817000,3061.0,1962,75044,60147560.0,3062.0,8,3061.0,1
rb1805,20170707,20170706,211817500,3061.0,1962,75044,60147560.0,3062.0,8,3060.0,13
rb1805,20170707,20170706,211819000,3061.0,1962,75044,60147560.0,3062.0,8,3061.0,1
rb1805,20170707,20170706,211819500,3061.0,1962,75044,60147560.0,3062.0,8,3061.0,1
rb1805,20170707,20170706,211821000,3061.0,1962,75044,60147560.0,3062.0,3,3061.0,3
rb1805,20170707,20170706,211821500,3061.0,1962,75044,60147560.0,3062.0,3,3061.0,3
rb1805,20170707,20170706,211822500,3061.0,1962,75044,60147560.0,3062.0,3,3061.0,4
rb1805,20170707,20170706,211829500,3062.0,1968,75044,60331280.0,3063.0,4,3062.0,37
rb1805,20170707,20170706,211831500,3062.0,1968,75044,60331280.0,3063.0,4,3062.0,37
rb1805,20170707,20170706,211833500,3062.0,1968,75044,60331280.0,3063.0,9,3062.0,37
rb1805,20170707,20170706,211834000,3062.0,1968,75044,60331280.0,3063.0,10,3062.0,37
rb1805,20170707,20170706,211834500,3062.0,1970,75044,60392520.0,3063.0,10,3062.0,36
rb1805,20170707,20170706,211835000,3063.0,1972,75044,60453780.0,3063.0,9,3062.0,36
rb1805,20170707,20170706,211835500,3062.0,1996,75064,61188660.0,3063.0,9,3062.0,24
rb1805,20170707,20170706,211836500,3062.0,1996,75064,61188660.0,3063.0,9,3062.0,24
rb1805,20170707,20170706,211839500,3062.0,2002,75070,61372380.0,3063.0,12,3062.0,21
rb1805,20170707,20170706,211841000,3062.0,2002,75070,61372380.0,3063.0,11,3062.0,21
rb1805,20170707,20170706,211841500,3062.0,2002,75070,61372380.0,3063.0,11,3062.0,21
rb1805,20170707,20170706,211843500,3062.0,2002,75070,61372380.0,3063.0,11,3062.0,21
rb1805,20170707,20170706,211845000,3062.0,2042,75110,62597180.0,3063.0,11,3062.0,1
rb1805,20170707,20170706,211846000,3062.0,2042,75110,62597180.0,3063.0,11,3062.0,1
rb1805,20170707,20170706,211848000,3062.0,2042,75110,62597180.0,3063.0,11,3062.0,1
rb1805,20170707,20170706,211849000,3062.0,2044,75112,62658420.0,3063.0,11,3061.0,3
rb1805,20170707,20170706,211849500,3062.0,2044,75112,62658420.0,3063.0,11,3061.0,3
rb1805,20170707,20170706,211851500,3062.0,2044,75112,62658420.0,3063.0,11,3061.0,3
rb1805,20170707,20170706,211852000,3062.0,2044,75112,62658420.0,3063.0,14,3061.0,3
rb1805,20170707,20170706,211852500,3062.0,2044,75112,62658420.0,3062.0,1,3061.0,3
rb1805,20170707,20170706,211853000,3062.0,2044,75112,62658420.0,3062.0,9,3061.0,3
rb1805,20170707,20170706,211853500,3062.0,2044,75112,62658420.0,3062.0,9,3061.0,3
rb1805,20170707,20170706,211854000,3062.0,2044,75112,62658420.0,3062.0,6,3061.0,3
rb1805,20170707,20170706,211854500,3062.0,2044,75112,62658420.0,3062.0,6,3061.0,3
rb1805,20170707,20170706,211855000,3062.0,2044,75112,62658420.0,3062.0,14,3061.0,3
rb1805,20170707,20170706,211856000,3062.0,2044,75112,62658420.0,3062.0,17,3061.0,3
rb1805,20170707,20170706,211856500,3062.0,2044,75112,62658420.0,3062.0,17,3061.0,4
rb1805,20170707,20170706,211857000,3062.0,2044,75112,62658420.0,3062.0,17,3061.0,4
rb1805,20170707,20170706,211857500,3061.0,2052,75118,62903300.0,3062.0,20,3060.0,10
rb1805,20170707,20170706,211858000,3061.0,2052,75118,62903300.0,3061.0,7,3060.0,10
rb1805,20170707,20170706,211858500,3060.0,2058,75122,63086900.0,3061.0,12,3060.0,7
rb1805,20170707,20170706,211859000,3060.0,2058,75122,63086900.0,3061.0,12,3060.0,7
rb1805,20170707,20170706,211859500,3060.0,2058,75122,63086900.0,3061.0,15,3060.0,7
rb1805,20170707,20170706,211900000,3060.0,2058,75122,63086900.0,3061.0,15,3060.0,7
rb1805,20170707,20170706,211900500,3060.0,2058,75122,63086900.0,3061.0,18,3060.0,7
rb1805,20170707,20170706,211901000,3060.0,2058,75122,63086900.0,3061.0,15,3060.0,7
rb1805,20170707,20170706,211901500,3060.0,2066,75122,63331740.0,3061.0,17,3060.0,5
rb1805,20170707,20170706,211902000,3060.0,2076,75128,63637740.0,3060.0,24,3059.0,8
rb1805,20170707,20170706,211902500,3060.0,2076,75128,63637740.0,3060.0,30,3059.0,8
rb1805,20170707,20170706,211903000,3059.0,2078,75130,63698920.0,3060.0,30,3059.0,2
rb1805,20170707,20170706,211903500,3060.0,2098,75150,64310920.0,3060.0,20,3059.0,2
rb1805,20170707,20170706,211904500,3060.0,2098,75150,64310920.0,3060.0,20,3059.0,1
rb1805,20170707,20170706,211905000,3060.0,2100,75150,64372120.0,3060.0,19,3059.0,1
rb1805,20170707,20170706,211905500,3059.0,2102,75150,64433300.0,3060.0,13,3059.0,5
rb1805,20170707,20170706,211906500,3059.0,2102,75150,64433300.0,3060.0,19,3059.0,5
rb1805,20170707,20170706,211907000,3059.0,2102,75150,64433300.0,3060.0,19,3059.0,5
rb1805,20170707,20170706,211907500,3059.0,2102,75150,64433300.0,3060.0,19,3059.0,2
rb1805,20170707,20170706,211908000,3059.0,2102,75150,64433300.0,3060.0,19,3059.0,2
rb1805,20170707,20170706,211909000,3060.0,2122,75160,65045300.0,3060.0,9,3059.0,2
rb1805,20170707,20170706,211909500,3059.0,2124,75162,65106480.0,3060.0,9,3059.0,1
rb1805,20170707,20170706,211910000,3059.0,2124,75162,65106480.0,3060.0,9,3059.0,1
rb1805,20170707,20170706,211912000,3059.0,2126,75162,65167660.0,3059.0,3,3058.0,7
rb1805,20170707,20170706,211912500,3059.0,2138,75156,65534740.0,3060.0,3,3059.0,6
rb1805,20170707,20170706,211913000,3059.0,2138,75156,65534740.0,3060.0,3,3058.0,12
rb1805,20170707,20170706,211913500,3059.0,2138,75156,65534740.0,3060.0,3,3059.0,2
rb1805,20170707,20170706,211914000,3060.0,2144,75154,65718340.0,3061.0,6,3060.0,3
rb1805,20170707,20170706,211914500,3060.0,2144,75154,65718340.0,3061.0,3,3059.0,3
rb1805,20170707,20170706,211915000,3059.0,2146,75154,65779520.0,3061.0,3,3059.0,2
rb1805,20170707,20170706,211915500,3059.0,2146,75154,65779520.0,3061.0,3,3059.0,1
rb1805,20170707,20170706,211916000,3059.0,2146,75154,65779520.0,3061.0,3,3059.0,1
rb1805,20170707,20170706,211917500,3059.0,2146,75154,65779520.0,3061.0,11,3058.0,18
rb1805,20170707,20170706,211918000,3059.0,2146,75154,65779520.0,3061.0,11,3059.0,2
rb1805,20170707,20170706,211918500,3059.0,2146,75154,65779520.0,3061.0,8,3059.0,2
rb1805,20170707,20170706,211919000,3059.0,2148,75154,65840700.0,3061.0,8,3059.0,1
rb1805,20170707,20170706,211920000,3059.0,2148,75154,65840700.0,3061.0,11,3059.0,1
rb1805,20170707,20170706,211920500,3059.0,2148,75154,65840700.0,3061.0,8,3059.0,1
rb1805,20170707,20170706,211922500,3059.0,2148,75154,65840700.0,3061.0,11,3059.0,1
rb1805,20170707,20170706,211923000,3059.0,2148,75154,65840700.0,3061.0,11,3059.0,2
rb1805,20170707,20170706,211924000,3059.0,2152,75156,65963060.0,3059.0,3,3058.0,12
rb1805,20170707,20170706,211924500,3059.0,2158,75156,66146600.0,3059.0,5,3058.0,7
rb1805,20170707,20170706,211925000,3059.0,2158,75156,66146600.0,3059.0,5,3058.0,7
rb1805,20170707,20170706,211925500,3058.0,2166,75162,66391240.0,3059.0,9,3058.0,3
rb1805,20170707,20170706,211926500,3058.0,2166,75162,66391240.0,3059.0,9,3058.0,3
rb1805,20170707,20170706,211927000,3058.0,2168,75164,66452400.0,3059.0,9,3058.0,2
rb1805,20170707,20170706,211927500,3058.0,2168,75164,66452400.0,3059.0,9,3058.0,2
rb1805,20170707,20170706,211928000,3058.0,2168,75164,66452400.0,3059.0,9,3058.0,2
rb1805,20170707,20170706,211928500,3059.0,2178,75154,66758300.0,3059.0,4,3058.0,2
rb1805,20170707,20170706,211929000,3059.0,2178,75154,66758300.0,3059.0,4,3058.0,2
rb1805,20170707,20170706,211929500,3059.0,2178,75154,66758300.0,3059.0,8,3058.0,2
rb1805,20170707,20170706,211930500,3059.0,2178,75154,66758300.0,3059.0,11,3058.0,2
rb1805,20170707,20170706,211931000,3059.0,2178,75154,66758300.0,3059.0,11,3058.0,2
rb1805,20170707,20170706,211931500,3059.0,2196,75172,67308920.0,3060.0,2,3059.0,1
rb1805,20170707,20170706,211932000,3059.0,2198,75174,67370100.0,3059.0,5,3058.0,2
rb1805,20170707,20170706,211932500,3059.0,2198,75174,67370100.0,3060.0,2,3058.0,2
rb1805,20170707,20170706,211933000,3059.0,2198,75174,67370100.0,3059.0,6,3058.0,2
rb1805,20170707,20170706,211934500,3058.0,2202,75174,67492420.0,3058.0,6,3057.0,1
rb1805,20170707,20170706,211935000,3058.0,2218,75162,67981700.0,3058.0,1,3057.0,1
rb1805,20170707,20170706,211935500,3058.0,2218,75162,67981700.0,3058.0,1,3057.0,1
rb1805,20170707,20170706,211936000,3058.0,2220,75162,68042860.0,3060.0,7,3057.0,6
rb1805,20170707,20170706,211936500,3058.0,2220,75162,68042860.0,3059.0,2,3057.0,6
rb1805,20170707,20170706,211937000,3057.0,2222,75164,68104000.0,3059.0,2,3057.0,5
rb1805,20170707,20170706,211937500,3057.0,2222,75164,68104000.0,3059.0,24,3057.0,5
rb1805,20170707,20170706,211938000,3057.0,2226,75164,68226280.0,3059.0,24,3057.0,3
rb1805,20170707,20170706,211938500,3057.0,2226,75164,68226280.0,3059.0,22,3057.0,3
rb1805,20170707,20170706,211939000,3057.0,2226,75164,68226280.0,3058.0,1,3057.0,3
rb1805,20170707,20170706,211939500,3057.0,2226,75164,68226280.0,3058.0,1,3056.0,6
rb1805,20170707,20170706,211940000,3057.0,2226,75164,68226280.0,3058.0,1,3056.0,11
rb1805,20170707,20170706,211940500,3057.0,2226,75164,68226280.0,3058.0,1,3057.0,1
rb1805,20170707,20170706,211941000,3057.0,2226,75164,68226280.0,3058.0,2,3057.0,6
rb1805,20170707,20170706,211941500,3058.0,2230,75162,68348600.0,3059.0,22,3058.0,7
rb1805,20170707,20170706,211942000,3058.0,2230,75162,68348600.0,3059.0,22,3058.0,4
rb1805,20170707,20170706,211942500,3058.0,2230,75162,68348600.0,3059.0,22,3058.0,4
rb1805,20170707,20170706,211943000,3058.0,2230,75162,68348600.0,3059.0,24,3058.0,4
rb1805,20170707,20170706,211943500,3058.0,2230,75162,68348600.0,3059.0,24,3058.0,4
rb1805,20170707,20170706,211944500,3059.0,2250,75182,68960400.0,3059.0,12,3058.0,4
rb1805,20170707,20170706,211945000,3058.0,2252,75182,69021560.0,3059.0,12,3058.0,3
rb1805,20170707,20170706,211946000,3058.0,2252,75182,69021560.0,3060.0,8,3058.0,3
rb1805,20170707,20170706,211946500,3058.0,2252,75182,69021560.0,3060.0,8,3058.0,3
rb1805,20170707,20170706,211947000,3058.0,2252,75182,69021560.0,3060.0,10,3058.0,3
rb1805,20170707,20170706,211947500,3058.0,2252,75182,69021560.0,3060.0,10,3058.0,4
rb1805,20170707,20170706,211949000,3058.0,2252,75182,69021560.0,3060.0,10,3058.0,4
rb1805,20170707,20170706,211951500,3058.0,2252,75182,69021560.0,3060.0,10,3058.0,4
rb1805,20170707,20170706,211952500,3060.0,2272,75200,69633560.0,3061.0,13,3058.0,4
rb1805,20170707,20170706,211953000,3060.0,2272,75200,69633560.0,3061.0,13,3058.0,9
rb1805,20170707,20170706,211953500,3060.0,2272,75200,69633560.0,3061.0,13,3060.0,1
rb1805,20170707,20170706,211954000,3060.0,2274,75200,69694760.0,3061.0,13,3058.0,15
rb1805,20170707,20170706,211954500,3060.0,2274,75200,69694760.0,3061.0,3,3059.0,2
rb1805,20170707,20170706,211955000,3060.0,2274,75200,69694760.0,3061.0,3,3059.0,2
rb1805,20170707,20170706,211955500,3060.0,2274,75200,69694760.0,3061.0,3,3059.0,7
rb1805,20170707,20170706,211956000,3060.0,2274,75200,69694760.0,3061.0,3,3059.0,8
rb1805,20170707,20170706,211957500,3060.0,2274,75200,69694760.0,3061.0,3,3059.0,3
rb1805,20170707,20170706,211958000,3060.0,2274,75200,69694760.0,3061.0,3,3059.0,3
rb1805,20170707,20170706,211958500,3060.0,2274,75200,69694760.0,3061.0,3,3059.0,3
rb1805,20170707,20170706,211959000,3060.0,2274,75200,69694760.0,3061.0,4,3059.0,3
rb1805,20170707,20170706,211959500,3060.0,2274,75200,69694760.0,3061.0,6,3059.0,3
rb1805,20170707,20170706,212002000,3060.0,2274,75200,69694760.0,3061.0,6,3059.0,3
rb1805,20170707,20170706,212002500,3060.0,2274,75200,69694760.0,3061.0,4,3059.0,3
rb1805,20170707,20170706,212003500,3060.0,2274,75200,69694760.0,3061.0,4,3059.0,3
rb1805,20170707,20170706,212004000,3060.0,2274,75200,69694760.0,3061.0,6,3059.0,3
rb1805,20170707,20170706,212004500,3060.0,2274,75200,69694760.0,3060.0,21,3059.0,3
rb1805,20170707,20170706,212005000,3060.0,2274,75200,69694760.0,3060.0,21,3059.0,3
rb1805,20170707,20170706,212006500,3060.0,2274,75200,69694760.0,3060.0,21,3059.0,5
rb1805,20170707,20170706,212007500,3060.0,2274,75200,69694760.0,3060.0,21,3059.0,3
rb1805,20170707,20170706,212008500,3059.0,2276,75202,69755940.0,3060.0,21,3059.0,2
