instrument,tradingday,calendarday,time,lastp,volume,openinterest,turnover,ask1,asksz1,bid1,bidsz1
rb1805,20170619,20170616,183120500,2837.0,0,78132,0.0,0.0,0,0.0,0
rb1805,20170619,20170616,205900500,2837.0,12,78120,340440.0,2839.0,1,2831.0,1
rb1805,20170619,20170616,210000500,2839.0,14,78120,397220.0,2839.0,1,2831.0,1
rb1805,20170619,20170616,210001000,2841.0,18,78122,510820.0,2839.0,1,2833.0,4
rb1805,20170619,20170616,210001500,2841.0,18,78122,510820.0,2838.0,1,2833.0,4
rb1805,20170619,20170616,210002000,2841.0,18,78122,510820.0,2838.0,1,2833.0,4
rb1805,20170619,20170616,210002500,2838.0,20,78124,567580.0,2839.0,1,2838.0,4
rb1805,20170619,20170616,210003000,2838.0,20,78124,567580.0,2839.0,1,2834.0,1
rb1805,20170619,20170616,210003500,2838.0,20,78124,567580.0,2839.0,1,2834.0,1
rb1805,20170619,20170616,210004000,2838.0,20,78124,567580.0,2837.0,2,2834.0,1
rb1805,20170619,20170616,210004500,2837.0,24,78122,681060.0,2839.0,1,2837.0,3
rb1805,20170619,20170616,210005000,2839.0,26,78122,737840.0,2841.0,1,2835.0,1
rb1805,20170619,20170616,210005500,2839.0,26,78122,737840.0,2841.0,1,2839.0,3
rb1805,20170619,20170616,210006000,2841.0,28,78122,794660.0,2844.0,1,2835.0,1
rb1805,20170619,20170616,210006500,2841.0,28,78122,794660.0,2844.0,1,2836.0,8
rb1805,20170619,20170616,210007000,2841.0,28,78122,794660.0,2844.0,1,2835.0,1
rb1805,20170619,20170616,210007500,2841.0,28,78122,794660.0,2844.0,13,2835.0,1
rb1805,20170619,20170616,210008000,2841.0,28,78122,794660.0,2839.0,1,2835.0,1
rb1805,20170619,20170616,210008500,2839.0,30,78122,851440.0,2844.0,1,2839.0,2
rb1805,20170619,20170616,210009000,2839.0,34,78122,965000.0,2839.0,5,2834.0,1
rb1805,20170619,20170616,210009500,2839.0,34,78122,965000.0,2843.0,12,2835.0,1
rb1805,20170619,20170616,210010000,2839.0,34,78122,965000.0,2844.0,1,2835.0,1
rb1805,20170619,20170616,210010500,2839.0,34,78122,965000.0,2843.0,17,2835.0,1
rb1805,20170619,20170616,210011000,2839.0,34,78122,965000.0,2844.0,1,2836.0,4
rb1805,20170619,20170616,210011500,2839.0,34,78122,965000.0,2842.0,10,2836.0,4
rb1805,20170619,20170616,210012000,2839.0,34,78122,965000.0,2844.0,1,2836.0,4
rb1805,20170619,20170616,210012500,2839.0,34,78122,965000.0,2841.0,16,2836.0,4
rb1805,20170619,20170616,210013000,2836.0,42,78118,1191880.0,2836.0,2,2835.0,1
rb1805,20170619,20170616,210013500,2836.0,42,78118,1191880.0,2841.0,16,2835.0,1
rb1805,20170619,20170616,210014000,2836.0,42,78118,1191880.0,2841.0,16,2835.0,1
rb1805,20170619,20170616,210014500,2836.0,42,78118,1191880.0,2841.0,16,2835.0,1
rb1805,20170619,20170616,210015500,2836.0,42,78118,1191880.0,2841.0,16,2836.0,1
rb1805,20170619,20170616,210016000,2836.0,42,78118,1191880.0,2841.0,16,2836.0,1
rb1805,20170619,20170616,210017000,2836.0,42,78118,1191880.0,2841.0,16,2836.0,1
rb1805,20170619,20170616,210017500,2836.0,42,78118,1191880.0,2841.0,16,2836.0,1
rb1805,20170619,20170616,210018000,2836.0,42,78118,1191880.0,2837.0,1,2836.0,1
rb1805,20170619,20170616,210018500,2837.0,44,78118,1248620.0,2842.0,14,2837.0,1
rb1805,20170619,20170616,210019000,2837.0,44,78118,1248620.0,2844.0,1,2837.0,1
rb1805,20170619,20170616,210019500,2837.0,44,78118,1248620.0,2842.0,10,2837.0,1
rb1805,20170619,20170616,210020000,2837.0,44,78118,1248620.0,2842.0,10,2837.0,1
rb1805,20170619,20170616,210020500,2837.0,44,78118,1248620.0,2844.0,2,2837.0,1
rb1805,20170619,20170616,210021000,2837.0,44,78118,1248620.0,2843.0,20,2837.0,1
rb1805,20170619,20170616,210021500,2837.0,44,78118,1248620.0,2843.0,20,2837.0,1
rb1805,20170619,20170616,210022000,2837.0,44,78118,1248620.0,2844.0,3,2837.0,1
rb1805,20170619,20170616,210022500,2837.0,44,78118,1248620.0,2842.0,20,2837.0,1
rb1805,20170619,20170616,210023000,2837.0,44,78118,1248620.0,2841.0,3,2837.0,1
rb1805,20170619,20170616,210024500,2837.0,44,78118,1248620.0,2841.0,4,2837.0,1
rb1805,20170619,20170616,210025500,2837.0,44,78118,1248620.0,2841.0,4,2837.0,1
rb1805,20170619,20170616,210026000,2837.0,44,78118,1248620.0,2841.0,4,2837.0,1
rb1805,20170619,20170616,210026500,2837.0,44,78118,1248620.0,2841.0,4,2837.0,1
rb1805,20170619,20170616,210027000,2837.0,44,78118,1248620.0,2840.0,1,2837.0,1
rb1805,20170619,20170616,210027500,2837.0,44,78118,1248620.0,2840.0,1,2837.0,2
rb1805,20170619,20170616,210029500,2837.0,44,78118,1248620.0,2840.0,2,2837.0,2
rb1805,20170619,20170616,210030000,2837.0,44,78118,1248620.0,2840.0,6,2837.0,2
rb1805,20170619,20170616,210032500,2837.0,44,78118,1248620.0,2840.0,6,2837.0,2
rb1805,20170619,20170616,210033000,2837.0,44,78118,1248620.0,2839.0,1,2837.0,1
rb1805,20170619,20170616,210033500,2837.0,44,78118,1248620.0,2839.0,12,2837.0,1
rb1805,20170619,20170616,210034000,2837.0,44,78118,1248620.0,2839.0,1,2837.0,1
rb1805,20170619,20170616,210034500,2837.0,44,78118,1248620.0,2839.0,10,2837.0,1
rb1805,20170619,20170616,210035000,2837.0,46,78120,1305360.0,2837.0,1,2836.0,2
rb1805,20170619,20170616,210035500,2837.0,46,78120,1305360.0,2837.0,1,2836.0,2
rb1805,20170619,20170616,210036000,2837.0,48,78118,1362100.0,2839.0,1,2837.0,4
rb1805,20170619,20170616,210036500,2837.0,48,78118,1362100.0,2838.0,6,2837.0,2
rb1805,20170619,20170616,210037000,2837.0,48,78118,1362100.0,2839.0,1,2837.0,2
rb1805,20170619,20170616,210037500,2837.0,48,78118,1362100.0,2839.0,17,2837.0,2
rb1805,20170619,20170616,210038500,2837.0,48,78118,1362100.0,2839.0,17,2837.0,2
rb1805,20170619,20170616,210039500,2837.0,48,78118,1362100.0,2839.0,17,2837.0,2
rb1805,20170619,20170616,210040500,2837.0,48,78118,1362100.0,2839.0,1,2837.0,2
rb1805,20170619,20170616,210041000,2837.0,48,78118,1362100.0,2839.0,13,2837.0,2
rb1805,20170619,20170616,210042000,2837.0,48,78118,1362100.0,2839.0,1,2837.0,2
rb1805,20170619,20170616,210042500,2837.0,48,78118,1362100.0,2838.0,10,2837.0,2
rb1805,20170619,20170616,210043000,2837.0,48,78118,1362100.0,2838.0,10,2837.0,2
rb1805,20170619,20170616,210044000,2837.0,52,78122,1475580.0,2837.0,8,2836.0,1
rb1805,20170619,20170616,210044500,2837.0,52,78122,1475580.0,2837.0,8,2836.0,1
rb1805,20170619,20170616,210045000,2837.0,52,78122,1475580.0,2837.0,8,2836.0,1
rb1805,20170619,20170616,210045500,2837.0,52,78122,1475580.0,2837.0,8,2836.0,1
rb1805,20170619,20170616,210047000,2837.0,52,78122,1475580.0,2837.0,8,2836.0,1
rb1805,20170619,20170616,210047500,2837.0,52,78122,1475580.0,2837.0,8,2836.0,1
rb1805,20170619,20170616,210048500,2837.0,52,78122,1475580.0,2837.0,11,2836.0,1
rb1805,20170619,20170616,210049000,2836.0,54,78122,1532300.0,2837.0,11,2836.0,1
rb1805,20170619,20170616,210050000,2836.0,54,78122,1532300.0,2837.0,11,2836.0,1
rb1805,20170619,20170616,210050500,2836.0,54,78122,1532300.0,2837.0,11,2836.0,1
rb1805,20170619,20170616,210051000,2836.0,54,78122,1532300.0,2837.0,11,2836.0,1
rb1805,20170619,20170616,210051500,2836.0,54,78122,1532300.0,2837.0,11,2836.0,2
rb1805,20170619,20170616,210052500,2836.0,54,78122,1532300.0,2837.0,11,2836.0,2
rb1805,20170619,20170616,210053000,2836.0,54,78122,1532300.0,2837.0,11,2836.0,2
rb1805,20170619,20170616,210053500,2837.0,66,78130,1872740.0,2837.0,5,2836.0,2
rb1805,20170619,20170616,210054000,2837.0,68,78132,1929480.0,2837.0,4,2836.0,2
rb1805,20170619,20170616,210055500,2837.0,70,78134,1986220.0,2837.0,3,2836.0,2
rb1805,20170619,20170616,210056000,2837.0,76,78134,2156440.0,2838.0,1,2837.0,3
rb1805,20170619,20170616,210056500,2838.0,78,78136,2213200.0,2839.0,2,2836.0,2
rb1805,20170619,20170616,210057000,2838.0,78,78136,2213200.0,2839.0,2,2836.0,3
rb1805,20170619,20170616,210057500,2838.0,78,78136,2213200.0,2839.0,2,2836.0,3
rb1805,20170619,20170616,210058000,2838.0,78,78136,2213200.0,2839.0,2,2836.0,2
rb1805,20170619,20170616,210058500,2838.0,78,78136,2213200.0,2839.0,2,2836.0,3
rb1805,20170619,20170616,210101000,2838.0,78,78136,2213200.0,2839.0,2,2836.0,9
rb1805,20170619,20170616,210102000,2838.0,78,78136,2213200.0,2839.0,2,2836.0,9
rb1805,20170619,20170616,210105000,2838.0,78,78136,2213200.0,2839.0,2,2836.0,9
rb1805,20170619,20170616,210105500,2836.0,96,78152,2723680.0,2836.0,1,2835.0,32
rb1805,20170619,20170616,210106000,2836.0,98,78154,2780400.0,2839.0,2,2835.0,32
rb1805,20170619,20170616,210106500,2836.0,98,78154,2780400.0,2839.0,8,2835.0,32
rb1805,20170619,20170616,210109000,2836.0,98,78154,2780400.0,2839.0,8,2836.0,2
rb1805,20170619,20170616,210109500,2836.0,98,78154,2780400.0,2838.0,2,2836.0,2
rb1805,20170619,20170616,210110000,2836.0,98,78154,2780400.0,2838.0,7,2836.0,2
rb1805,20170619,20170616,210111000,2836.0,98,78154,2780400.0,2838.0,7,2836.0,2
rb1805,20170619,20170616,210113500,2836.0,98,78154,2780400.0,2838.0,2,2836.0,2
rb1805,20170619,20170616,210114000,2836.0,98,78154,2780400.0,2838.0,3,2836.0,2
rb1805,20170619,20170616,210115500,2836.0,98,78154,2780400.0,2838.0,3,2836.0,2
rb1805,20170619,20170616,210118000,2836.0,98,78154,2780400.0,2838.0,3,2836.0,2
rb1805,20170619,20170616,210118500,2836.0,98,78154,2780400.0,2838.0,3,2836.0,2
rb1805,20170619,20170616,210119000,2836.0,98,78154,2780400.0,2838.0,3,2836.0,2
rb1805,20170619,20170616,210119500,2838.0,102,78158,2893920.0,2838.0,1,2836.0,2
rb1805,20170619,20170616,210120000,2838.0,102,78158,2893920.0,2838.0,1,2837.0,1
rb1805,20170619,20170616,210120500,2838.0,102,78158,2893920.0,2838.0,1,2837.0,1
rb1805,20170619,20170616,210125000,2838.0,104,78160,2950680.0,2839.0,7,2838.0,1
rb1805,20170619,20170616,210125500,2838.0,106,78160,3007440.0,2838.0,1,2837.0,1
rb1805,20170619,20170616,210126000,2838.0,106,78160,3007440.0,2839.0,2,2837.0,1
rb1805,20170619,20170616,210126500,2838.0,106,78160,3007440.0,2839.0,2,2837.0,1
rb1805,20170619,20170616,210127000,2838.0,106,78160,3007440.0,2839.0,3,2837.0,1
rb1805,20170619,20170616,210127500,2838.0,106,78160,3007440.0,2839.0,3,2837.0,1
rb1805,20170619,20170616,210128000,2838.0,106,78160,3007440.0,2839.0,3,2838.0,1
rb1805,20170619,20170616,210129000,2838.0,108,78160,3064200.0,2838.0,2,2837.0,1
rb1805,20170619,20170616,210129500,2838.0,108,78160,3064200.0,2838.0,2,2837.0,1
rb1805,20170619,20170616,210130000,2838.0,108,78160,3064200.0,2838.0,2,2837.0,1
rb1805,20170619,20170616,210131000,2838.0,108,78160,3064200.0,2838.0,2,2837.0,1
rb1805,20170619,20170616,210131500,2838.0,108,78160,3064200.0,2838.0,2,2837.0,1
rb1805,20170619,20170616,210132000,2838.0,108,78160,3064200.0,2838.0,2,2837.0,1
rb1805,20170619,20170616,210133000,2838.0,108,78160,3064200.0,2838.0,8,2837.0,1
rb1805,20170619,20170616,210133500,2837.0,110,78162,3120940.0,2837.0,2,2836.0,3
rb1805,20170619,20170616,210134000,2837.0,110,78162,3120940.0,2838.0,9,2836.0,3
rb1805,20170619,20170616,210134500,2837.0,110,78162,3120940.0,2838.0,8,2836.0,3
rb1805,20170619,20170616,210135000,2837.0,110,78162,3120940.0,2838.0,8,2836.0,3
rb1805,20170619,20170616,210135500,2837.0,110,78162,3120940.0,2838.0,8,2836.0,3
rb1805,20170619,20170616,210136000,2837.0,110,78162,3120940.0,2838.0,7,2836.0,3
rb1805,20170619,20170616,210136500,2837.0,110,78162,3120940.0,2838.0,3,2836.0,3
rb1805,20170619,20170616,210137000,2837.0,110,78162,3120940.0,2838.0,2,2836.0,3
rb1805,20170619,20170616,210138500,2837.0,110,78162,3120940.0,2838.0,2,2836.0,3
rb1805,20170619,20170616,210139500,2837.0,110,78162,3120940.0,2838.0,2,2836.0,3
rb1805,20170619,20170616,210140500,2837.0,110,78162,3120940.0,2838.0,2,2836.0,3
rb1805,20170619,20170616,210141500,2838.0,112,78162,3177700.0,2838.0,1,2836.0,4
rb1805,20170619,20170616,210142500,2838.0,112,78162,3177700.0,2838.0,1,2836.0,4
rb1805,20170619,20170616,210143000,2838.0,114,78160,3234460.0,2839.0,53,2837.0,2
rb1805,20170619,20170616,210144500,2838.0,114,78160,3234460.0,2839.0,53,2837.0,2
rb1805,20170619,20170616,210145000,2838.0,114,78160,3234460.0,2839.0,53,2837.0,2
rb1805,20170619,20170616,210145500,2838.0,114,78160,3234460.0,2839.0,53,2837.0,2
rb1805,20170619,20170616,210147000,2838.0,114,78160,3234460.0,2839.0,53,2837.0,2
rb1805,20170619,20170616,210149500,2839.0,120,78156,3404800.0,2839.0,50,2837.0,2
rb1805,20170619,20170616,210151500,2839.0,122,78156,3461580.0,2839.0,49,2837.0,2
rb1805,20170619,20170616,210152000,2839.0,126,78152,3575140.0,2839.0,47,2837.0,2
rb1805,20170619,20170616,210153000,2839.0,126,78152,3575140.0,2839.0,47,2838.0,2
rb1805,20170619,20170616,210154500,2839.0,126,78152,3575140.0,2839.0,47,2838.0,2
rb1805,20170619,20170616,210155000,2838.0,132,78152,3745420.0,2838.0,2,2836.0,4
rb1805,20170619,20170616,210155500,2838.0,132,78152,3745420.0,2839.0,53,2836.0,4
rb1805,20170619,20170616,210156000,2839.0,134,78152,3802200.0,2839.0,51,2836.0,4
rb1805,20170619,20170616,210156500,2839.0,134,78152,3802200.0,2839.0,51,2837.0,1
rb1805,20170619,20170616,210157000,2839.0,134,78152,3802200.0,2839.0,51,2837.0,1
rb1805,20170619,20170616,210157500,2839.0,134,78152,3802200.0,2839.0,51,2838.0,2
rb1805,20170619,20170616,210158000,2838.0,136,78152,3858960.0,2839.0,47,2838.0,1
rb1805,20170619,20170616,210158500,2838.0,136,78152,3858960.0,2839.0,47,2838.0,1
rb1805,20170619,20170616,210200500,2838.0,136,78152,3858960.0,2839.0,46,2838.0,1
rb1805,20170619,20170616,210201000,2838.0,136,78152,3858960.0,2839.0,46,2838.0,1
rb1805,20170619,20170616,210201500,2838.0,136,78152,3858960.0,2839.0,47,2837.0,2
rb1805,20170619,20170616,210202000,2838.0,136,78152,3858960.0,2839.0,46,2837.0,2
rb1805,20170619,20170616,210203500,2838.0,136,78152,3858960.0,2839.0,46,2837.0,2
rb1805,20170619,20170616,210204500,2838.0,136,78152,3858960.0,2839.0,46,2837.0,1
rb1805,20170619,20170616,210205000,2838.0,136,78152,3858960.0,2839.0,46,2837.0,1
rb1805,20170619,20170616,210205500,2838.0,136,78152,3858960.0,2839.0,51,2837.0,1
rb1805,20170619,20170616,210206000,2838.0,136,78152,3858960.0,2839.0,52,2837.0,1
rb1805,20170619,20170616,210206500,2837.0,138,78152,3915700.0,2837.0,2,2836.0,3
rb1805,20170619,20170616,210207000,2837.0,138,78152,3915700.0,2839.0,52,2837.0,2
rb1805,20170619,20170616,210207500,2839.0,142,78148,4029260.0,2839.0,50,2836.0,3
rb1805,20170619,20170616,210208000,2839.0,142,78148,4029260.0,2838.0,1,2836.0,3
rb1805,20170619,20170616,210208500,2839.0,142,78148,4029260.0,2838.0,6,2837.0,2
rb1805,20170619,20170616,210209000,2837.0,146,78152,4142740.0,2837.0,3,2836.0,3
rb1805,20170619,20170616,210209500,2837.0,146,78152,4142740.0,2838.0,6,2836.0,3
rb1805,20170619,20170616,210210000,2837.0,146,78152,4142740.0,2838.0,6,2836.0,3
rb1805,20170619,20170616,210211500,2838.0,152,78150,4313020.0,2838.0,3,2836.0,3
rb1805,20170619,20170616,210212000,2838.0,152,78150,4313020.0,2838.0,4,2836.0,3
rb1805,20170619,20170616,210212500,2838.0,152,78150,4313020.0,2838.0,4,2837.0,2
rb1805,20170619,20170616,210213000,2837.0,156,78154,4426500.0,2837.0,1,2836.0,3
rb1805,20170619,20170616,210213500,2837.0,156,78154,4426500.0,2838.0,4,2836.0,3
rb1805,20170619,20170616,210214000,2836.0,158,78154,4483220.0,2837.0,6,2836.0,2
rb1805,20170619,20170616,210214500,2836.0,160,78156,4539940.0,2837.0,5,2836.0,1
rb1805,20170619,20170616,210215000,2836.0,160,78156,4539940.0,2838.0,5,2836.0,1
rb1805,20170619,20170616,210216000,2836.0,160,78156,4539940.0,2838.0,4,2836.0,1
rb1805,20170619,20170616,210216500,2836.0,160,78156,4539940.0,2838.0,3,2836.0,1
rb1805,20170619,20170616,210217000,2836.0,160,78156,4539940.0,2838.0,3,2836.0,1
rb1805,20170619,20170616,210217500,2836.0,160,78156,4539940.0,2838.0,3,2836.0,1
rb1805,20170619,20170616,210219000,2836.0,160,78156,4539940.0,2838.0,4,2836.0,3
rb1805,20170619,20170616,210219500,2836.0,160,78156,4539940.0,2838.0,5,2836.0,3
rb1805,20170619,20170616,210221500,2836.0,160,78156,4539940.0,2838.0,5,2836.0,3
rb1805,20170619,20170616,210222000,2836.0,160,78156,4539940.0,2838.0,5,2836.0,4
rb1805,20170619,20170616,210222500,2836.0,160,78156,4539940.0,2838.0,5,2836.0,4
rb1805,20170619,20170616,210224000,2838.0,180,78152,5107540.0,2838.0,2,2836.0,4
rb1805,20170619,20170616,210224500,2838.0,180,78152,5107540.0,2838.0,1,2836.0,4
rb1805,20170619,20170616,210225000,2838.0,180,78152,5107540.0,2839.0,95,2836.0,4
rb1805,20170619,20170616,210225500,2838.0,180,78152,5107540.0,2839.0,96,2836.0,10
rb1805,20170619,20170616,210226000,2838.0,180,78152,5107540.0,2839.0,96,2837.0,2
rb1805,20170619,20170616,210226500,2838.0,180,78152,5107540.0,2839.0,95,2837.0,7
rb1805,20170619,20170616,210229000,2838.0,180,78152,5107540.0,2839.0,95,2837.0,2
rb1805,20170619,20170616,210229500,2838.0,180,78152,5107540.0,2839.0,96,2837.0,2
rb1805,20170619,20170616,210230000,2838.0,180,78152,5107540.0,2839.0,97,2837.0,2
rb1805,20170619,20170616,210231000,2838.0,180,78152,5107540.0,2838.0,1,2837.0,2
rb1805,20170619,20170616,210231500,2838.0,180,78152,5107540.0,2838.0,2,2837.0,2
rb1805,20170619,20170616,210232000,2838.0,180,78152,5107540.0,2838.0,7,2837.0,2
rb1805,20170619,20170616,210233000,2838.0,182,78152,5164300.0,2838.0,6,2837.0,2
rb1805,20170619,20170616,210233500,2838.0,182,78152,5164300.0,2838.0,5,2837.0,7
rb1805,20170619,20170616,210234000,2838.0,182,78152,5164300.0,2838.0,5,2837.0,7
rb1805,20170619,20170616,210234500,2838.0,182,78152,5164300.0,2838.0,5,2837.0,2
rb1805,20170619,20170616,210235000,2838.0,182,78152,5164300.0,2838.0,6,2837.0,4
rb1805,20170619,20170616,210237000,2838.0,182,78152,5164300.0,2838.0,5,2837.0,4
rb1805,20170619,20170616,210238500,2838.0,182,78152,5164300.0,2838.0,5,2837.0,2
rb1805,20170619,20170616,210239000,2838.0,182,78152,5164300.0,2838.0,6,2837.0,2
rb1805,20170619,20170616,210240000,2838.0,182,78152,5164300.0,2838.0,5,2837.0,2
rb1805,20170619,20170616,210241000,2838.0,182,78152,5164300.0,2838.0,6,2837.0,2
rb1805,20170619,20170616,210242000,2838.0,182,78152,5164300.0,2838.0,6,2837.0,2
rb1805,20170619,20170616,210242500,2837.0,186,78156,5277780.0,2838.0,6,2836.0,10
rb1805,20170619,20170616,210243000,2837.0,186,78156,5277780.0,2838.0,5,2836.0,13
rb1805,20170619,20170616,210243500,2837.0,186,78156,5277780.0,2838.0,6,2836.0,8
rb1805,20170619,20170616,210247000,2837.0,186,78156,5277780.0,2838.0,6,2836.0,8
rb1805,20170619,20170616,210248000,2837.0,186,78156,5277780.0,2837.0,1,2836.0,8
rb1805,20170619,20170616,210250000,2837.0,186,78156,5277780.0,2837.0,1,2836.0,8
rb1805,20170619,20170616,210250500,2837.0,186,78156,5277780.0,2837.0,1,2836.0,6
rb1805,20170619,20170616,210251000,2837.0,186,78156,5277780.0,2837.0,1,2836.0,6
rb1805,20170619,20170616,210253000,2837.0,190,78154,5391260.0,2838.0,5,2836.0,11
rb1805,20170619,20170616,210253500,2837.0,190,78154,5391260.0,2838.0,5,2836.0,11
rb1805,20170619,20170616,210254000,2838.0,200,78154,5675060.0,2839.0,95,2838.0,2
rb1805,20170619,20170616,210254500,2838.0,200,78154,5675060.0,2839.0,90,2836.0,11
rb1805,20170619,20170616,210255500,2838.0,200,78154,5675060.0,2839.0,92,2836.0,16
rb1805,20170619,20170616,210258500,2838.0,200,78154,5675060.0,2838.0,1,2836.0,16
rb1805,20170619,20170616,210259500,2838.0,200,78154,5675060.0,2838.0,1,2836.0,16
rb1805,20170619,20170616,210300500,2838.0,200,78154,5675060.0,2838.0,1,2837.0,5
rb1805,20170619,20170616,210301000,2838.0,200,78154,5675060.0,2838.0,1,2837.0,7
rb1805,20170619,20170616,210302500,2838.0,202,78154,5731820.0,2839.0,92,2838.0,1
rb1805,20170619,20170616,210303000,2838.0,204,78154,5788580.0,2838.0,5,2837.0,5
rb1805,20170619,20170616,210303500,2838.0,204,78154,5788580.0,2838.0,2,2837.0,5
rb1805,20170619,20170616,210304000,2837.0,214,78154,6072280.0,2838.0,2,2836.0,21
rb1805,20170619,20170616,210305000,2837.0,214,78154,6072280.0,2838.0,2,2836.0,21
rb1805,20170619,20170616,210306000,2837.0,214,78154,6072280.0,2838.0,2,2836.0,71
rb1805,20170619,20170616,210307000,2837.0,214,78154,6072280.0,2839.0,92,2836.0,71
rb1805,20170619,20170616,210307500,2837.0,214,78154,6072280.0,2839.0,90,2836.0,71
rb1805,20170619,20170616,210308500,2837.0,214,78154,6072280.0,2839.0,92,2836.0,71
rb1805,20170619,20170616,210309000,2837.0,214,78154,6072280.0,2839.0,92,2837.0,2
rb1805,20170619,20170616,210312000,2837.0,214,78154,6072280.0,2839.0,92,2837.0,7
rb1805,20170619,20170616,210313000,2837.0,214,78154,6072280.0,2839.0,92,2837.0,7
rb1805,20170619,20170616,210314000,2837.0,214,78154,6072280.0,2839.0,92,2837.0,7
rb1805,20170619,20170616,210315000,2837.0,214,78154,6072280.0,2839.0,90,2837.0,7
rb1805,20170619,20170616,210316000,2837.0,214,78154,6072280.0,2839.0,90,2837.0,7
rb1805,20170619,20170616,210320000,2837.0,214,78154,6072280.0,2839.0,91,2837.0,7
rb1805,20170619,20170616,210322000,2837.0,214,78154,6072280.0,2839.0,91,2837.0,7
rb1805,20170619,20170616,210334000,2837.0,214,78154,6072280.0,2839.0,91,2837.0,7
rb1805,20170619,20170616,210335000,2837.0,214,78154,6072280.0,2839.0,91,2837.0,7
rb1805,20170619,20170616,210335500,2837.0,214,78154,6072280.0,2839.0,91,2837.0,7
rb1805,20170619,20170616,210339500,2837.0,214,78154,6072280.0,2839.0,91,2837.0,8
rb1805,20170619,20170616,210340000,2839.0,216,78154,6129060.0,2839.0,90,2837.0,7
rb1805,20170619,20170616,210340500,2839.0,216,78154,6129060.0,2839.0,90,2837.0,7
rb1805,20170619,20170616,210341000,2839.0,216,78154,6129060.0,2839.0,90,2837.0,8
rb1805,20170619,20170616,210342000,2839.0,216,78154,6129060.0,2839.0,90,2837.0,7
rb1805,20170619,20170616,210343500,2839.0,216,78154,6129060.0,2839.0,92,2837.0,2
rb1805,20170619,20170616,210347000,2839.0,216,78154,6129060.0,2839.0,92,2837.0,2
rb1805,20170619,20170616,210347500,2839.0,216,78154,6129060.0,2839.0,92,2837.0,2
rb1805,20170619,20170616,210350500,2839.0,216,78154,6129060.0,2839.0,92,2837.0,2
rb1805,20170619,20170616,210353500,2839.0,216,78154,6129060.0,2839.0,92,2837.0,2
rb1805,20170619,20170616,210354000,2839.0,216,78154,6129060.0,2839.0,92,2838.0,1
rb1805,20170619,20170616,210354500,2838.0,218,78156,6185820.0,2839.0,92,2837.0,2
rb1805,20170619,20170616,210355500,2838.0,218,78156,6185820.0,2839.0,92,2837.0,3
rb1805,20170619,20170616,210356000,2837.0,224,78156,6356040.0,2839.0,92,2836.0,69
rb1805,20170619,20170616,210356500,2837.0,224,78156,6356040.0,2839.0,92,2837.0,2
rb1805,20170619,20170616,210357000,2837.0,224,78156,6356040.0,2839.0,92,2837.0,2
rb1805,20170619,20170616,210400000,2837.0,224,78156,6356040.0,2839.0,92,2837.0,2
rb1805,20170619,20170616,210400500,2837.0,224,78156,6356040.0,2839.0,92,2837.0,2
rb1805,20170619,20170616,210403000,2837.0,224,78156,6356040.0,2839.0,92,2837.0,2
rb1805,20170619,20170616,210404000,2837.0,224,78156,6356040.0,2839.0,92,2837.0,2
rb1805,20170619,20170616,210405000,2837.0,224,78156,6356040.0,2839.0,90,2837.0,7
rb1805,20170619,20170616,210406500,2837.0,224,78156,6356040.0,2839.0,92,2837.0,7
rb1805,20170619,20170616,210407000,2837.0,224,78156,6356040.0,2839.0,92,2837.0,7
rb1805,20170619,20170616,210407500,2837.0,224,78156,6356040.0,2839.0,92,2837.0,7
rb1805,20170619,20170616,210408500,2837.0,224,78156,6356040.0,2839.0,92,2837.0,5
rb1805,20170619,20170616,210409500,2837.0,224,78156,6356040.0,2839.0,92,2837.0,5
rb1805,20170619,20170616,210412000,2837.0,224,78156,6356040.0,2839.0,92,2837.0,5
rb1805,20170619,20170616,210413500,2837.0,224,78156,6356040.0,2839.0,92,2837.0,5
rb1805,20170619,20170616,210414000,2837.0,224,78156,6356040.0,2839.0,92,2836.0,19
rb1805,20170619,20170616,210414500,2837.0,224,78156,6356040.0,2839.0,92,2837.0,2
rb1805,20170619,20170616,210416000,2837.0,224,78156,6356040.0,2839.0,92,2837.0,2
rb1805,20170619,20170616,210417500,2837.0,224,78156,6356040.0,2839.0,92,2837.0,2
rb1805,20170619,20170616,210418000,2837.0,224,78156,6356040.0,2839.0,92,2837.0,3
rb1805,20170619,20170616,210418500,2839.0,226,78156,6412820.0,2839.0,91,2837.0,3
rb1805,20170619,20170616,210419500,2839.0,226,78156,6412820.0,2839.0,91,2837.0,3
rb1805,20170619,20170616,210420500,2837.0,228,78154,6469560.0,2839.0,91,2837.0,2
rb1805,20170619,20170616,210421000,2837.0,228,78154,6469560.0,2839.0,91,2837.0,2
rb1805,20170619,20170616,210421500,2837.0,228,78154,6469560.0,2839.0,91,2837.0,2
rb1805,20170619,20170616,210426500,2837.0,228,78154,6469560.0,2839.0,91,2837.0,3
rb1805,20170619,20170616,210427000,2837.0,228,78154,6469560.0,2839.0,91,2837.0,2
rb1805,20170619,20170616,210429000,2837.0,228,78154,6469560.0,2839.0,91,2837.0,2
rb1805,20170619,20170616,210430000,2837.0,228,78154,6469560.0,2839.0,93,2837.0,3
rb1805,20170619,20170616,210431500,2837.0,228,78154,6469560.0,2838.0,3,2837.0,3
rb1805,20170619,20170616,210432500,2838.0,234,78160,6639840.0,2839.0,93,2838.0,1
rb1805,20170619,20170616,210434000,2838.0,234,78160,6639840.0,2839.0,93,2838.0,1
rb1805,20170619,20170616,210435000,2838.0,234,78160,6639840.0,2839.0,93,2838.0,1
rb1805,20170619,20170616,210435500,2838.0,234,78160,6639840.0,2839.0,93,2838.0,1
rb1805,20170619,20170616,210436500,2838.0,234,78160,6639840.0,2839.0,94,2838.0,1
rb1805,20170619,20170616,210437500,2838.0,234,78160,6639840.0,2839.0,94,2838.0,1
rb1805,20170619,20170616,210438500,2838.0,234,78160,6639840.0,2839.0,93,2838.0,1
rb1805,20170619,20170616,210439000,2839.0,242,78160,6866960.0,2839.0,89,2838.0,1
rb1805,20170619,20170616,210439500,2839.0,242,78160,6866960.0,2839.0,89,2838.0,1
rb1805,20170619,20170616,210440500,2839.0,242,78160,6866960.0,2839.0,90,2838.0,1
rb1805,20170619,20170616,210442000,2839.0,242,78160,6866960.0,2839.0,90,2838.0,1
rb1805,20170619,20170616,210442500,2839.0,242,78160,6866960.0,2839.0,90,2838.0,1
rb1805,20170619,20170616,210443500,2838.0,244,78162,6923720.0,2838.0,2,2837.0,5
rb1805,20170619,20170616,210444500,2838.0,246,78162,6980480.0,2838.0,1,2837.0,5
rb1805,20170619,20170616,210446500,2838.0,246,78162,6980480.0,2838.0,1,2837.0,5
rb1805,20170619,20170616,210447000,2838.0,246,78162,6980480.0,2838.0,1,2837.0,5
rb1805,20170619,20170616,210448500,2838.0,248,78162,7037240.0,2839.0,88,2837.0,10
rb1805,20170619,20170616,210449000,2838.0,248,78162,7037240.0,2839.0,87,2837.0,10
rb1805,20170619,20170616,210450000,2838.0,248,78162,7037240.0,2839.0,87,2837.0,10
rb1805,20170619,20170616,210451000,2838.0,248,78162,7037240.0,2839.0,87,2837.0,14
rb1805,20170619,20170616,210452000,2838.0,248,78162,7037240.0,2839.0,87,2837.0,14
rb1805,20170619,20170616,210453000,2838.0,248,78162,7037240.0,2838.0,5,2837.0,14
rb1805,20170619,20170616,210453500,2838.0,248,78162,7037240.0,2838.0,5,2837.0,9
rb1805,20170619,20170616,210454500,2838.0,248,78162,7037240.0,2838.0,5,2837.0,10
rb1805,20170619,20170616,210455000,2839.0,264,78156,7491380.0,2839.0,90,2837.0,10
rb1805,20170619,20170616,210456500,2839.0,264,78156,7491380.0,2839.0,93,2837.0,10
rb1805,20170619,20170616,210457000,2839.0,264,78156,7491380.0,2839.0,93,2837.0,10
rb1805,20170619,20170616,210457500,2839.0,264,78156,7491380.0,2839.0,93,2837.0,9
rb1805,20170619,20170616,210458000,2839.0,264,78156,7491380.0,2839.0,90,2837.0,14
rb1805,20170619,20170616,210500500,2839.0,264,78156,7491380.0,2838.0,4,2837.0,14
rb1805,20170619,20170616,210501000,2839.0,264,78156,7491380.0,2838.0,4,2837.0,9
rb1805,20170619,20170616,210503500,2839.0,264,78156,7491380.0,2838.0,4,2837.0,9
rb1805,20170619,20170616,210506000,2839.0,264,78156,7491380.0,2838.0,4,2837.0,9
rb1805,20170619,20170616,210507500,2838.0,268,78152,7604900.0,2838.0,2,2837.0,15
rb1805,20170619,20170616,210508000,2838.0,272,78152,7718420.0,2839.0,92,2837.0,15
rb1805,20170619,20170616,210508500,2838.0,272,78152,7718420.0,2839.0,92,2837.0,14
rb1805,20170619,20170616,210509500,2838.0,272,78152,7718420.0,2839.0,92,2837.0,14
rb1805,20170619,20170616,210510500,2838.0,272,78152,7718420.0,2839.0,92,2837.0,14
rb1805,20170619,20170616,210514500,2838.0,272,78152,7718420.0,2838.0,5,2837.0,14
rb1805,20170619,20170616,210516000,2838.0,272,78152,7718420.0,2838.0,5,2837.0,15
rb1805,20170619,20170616,210516500,2838.0,272,78152,7718420.0,2838.0,5,2837.0,15
rb1805,20170619,20170616,210517000,2838.0,272,78152,7718420.0,2838.0,5,2837.0,15
rb1805,20170619,20170616,210517500,2838.0,272,78152,7718420.0,2838.0,5,2837.0,15
rb1805,20170619,20170616,210520000,2838.0,284,78164,8058920.0,2838.0,2,2837.0,12
rb1805,20170619,20170616,210520500,2838.0,286,78166,8115680.0,2838.0,1,2837.0,13
rb1805,20170619,20170616,210521000,2838.0,286,78166,8115680.0,2838.0,1,2837.0,13
rb1805,20170619,20170616,210521500,2838.0,286,78166,8115680.0,2838.0,1,2837.0,8
rb1805,20170619,20170616,210522000,2838.0,286,78166,8115680.0,2838.0,1,2837.0,8
rb1805,20170619,20170616,210523000,2838.0,286,78166,8115680.0,2838.0,1,2837.0,8
rb1805,20170619,20170616,210524000,2838.0,286,78166,8115680.0,2838.0,1,2837.0,8
rb1805,20170619,20170616,210524500,2838.0,286,78166,8115680.0,2838.0,1,2837.0,8
rb1805,20170619,20170616,210525500,2838.0,286,78166,8115680.0,2838.0,1,2837.0,8
rb1805,20170619,20170616,210526000,2838.0,286,78166,8115680.0,2838.0,1,2837.0,8
rb1805,20170619,20170616,210526500,2838.0,286,78166,8115680.0,2838.0,1,2837.0,8
rb1805,20170619,20170616,210527500,2838.0,286,78166,8115680.0,2838.0,1,2837.0,8
rb1805,20170619,20170616,210528000,2838.0,286,78166,8115680.0,2838.0,1,2837.0,8
rb1805,20170619,20170616,210528500,2838.0,286,78166,8115680.0,2838.0,1,2837.0,8
rb1805,20170619,20170616,210529500,2838.0,286,78166,8115680.0,2838.0,1,2837.0,13
rb1805,20170619,20170616,210530500,2838.0,286,78166,8115680.0,2838.0,1,2837.0,13
rb1805,20170619,20170616,210531000,2838.0,286,78166,8115680.0,2838.0,1,2837.0,13
rb1805,20170619,20170616,210532500,2838.0,286,78166,8115680.0,2838.0,1,2837.0,13
rb1805,20170619,20170616,210533000,2838.0,288,78168,8172440.0,2839.0,92,2838.0,2
rb1805,20170619,20170616,210533500,2838.0,288,78168,8172440.0,2839.0,92,2837.0,13
rb1805,20170619,20170616,210534500,2838.0,288,78168,8172440.0,2839.0,92,2838.0,3
rb1805,20170619,20170616,210538500,2838.0,288,78168,8172440.0,2839.0,92,2838.0,8
rb1805,20170619,20170616,210539500,2838.0,304,78184,8626520.0,2839.0,92,2837.0,13
rb1805,20170619,20170616,210540000,2838.0,304,78184,8626520.0,2839.0,92,2838.0,3
rb1805,20170619,20170616,210540500,2838.0,304,78184,8626520.0,2839.0,92,2838.0,3
rb1805,20170619,20170616,210541000,2838.0,304,78184,8626520.0,2839.0,92,2838.0,3
rb1805,20170619,20170616,210546500,2838.0,304,78184,8626520.0,2839.0,92,2838.0,3
rb1805,20170619,20170616,210548000,2839.0,310,78184,8796860.0,2839.0,89,2838.0,3
rb1805,20170619,20170616,210548500,2839.0,314,78184,8910420.0,2839.0,87,2838.0,3
rb1805,20170619,20170616,210550000,2839.0,314,78184,8910420.0,2839.0,87,2838.0,3
rb1805,20170619,20170616,210552000,2839.0,314,78184,8910420.0,2839.0,87,2838.0,3
rb1805,20170619,20170616,210554000,2839.0,314,78184,8910420.0,2839.0,88,2838.0,3
rb1805,20170619,20170616,210554500,2839.0,314,78184,8910420.0,2839.0,88,2838.0,3
rb1805,20170619,20170616,210556000,2839.0,314,78184,8910420.0,2839.0,42,2838.0,3
rb1805,20170619,20170616,210557500,2839.0,314,78184,8910420.0,2839.0,42,2838.0,3
rb1805,20170619,20170616,210558500,2839.0,314,78184,8910420.0,2839.0,42,2838.0,3
rb1805,20170619,20170616,210604000,2839.0,322,78182,9137540.0,2839.0,38,2837.0,16
rb1805,20170619,20170616,210604500,2839.0,322,78182,9137540.0,2839.0,38,2837.0,17
rb1805,20170619,20170616,210605000,2839.0,324,78182,9194320.0,2839.0,37,2837.0,17
rb1805,20170619,20170616,210605500,2839.0,340,78166,9648560.0,2839.0,29,2837.0,17
rb1805,20170619,20170616,210606500,2839.0,340,78166,9648560.0,2839.0,29,2837.0,17
rb1805,20170619,20170616,210607500,2839.0,340,78166,9648560.0,2839.0,29,2837.0,17
rb1805,20170619,20170616,210608500,2839.0,340,78166,9648560.0,2839.0,29,2838.0,2
rb1805,20170619,20170616,210609500,2839.0,340,78166,9648560.0,2839.0,29,2838.0,2
rb1805,20170619,20170616,210611000,2839.0,344,78166,9762120.0,2839.0,27,2838.0,2
rb1805,20170619,20170616,210613500,2839.0,344,78166,9762120.0,2839.0,27,2838.0,2
rb1805,20170619,20170616,210614500,2838.0,346,78166,9818880.0,2839.0,27,2838.0,1
rb1805,20170619,20170616,210616000,2839.0,348,78166,9875660.0,2839.0,26,2838.0,1
rb1805,20170619,20170616,210616500,2839.0,356,78158,10102780.0,2839.0,22,2837.0,22
rb1805,20170619,20170616,210617000,2839.0,356,78158,10102780.0,2839.0,22,2838.0,1
rb1805,20170619,20170616,210618000,2839.0,358,78158,10159560.0,2839.0,21,2838.0,1
rb1805,20170619,20170616,210618500,2839.0,380,78158,10784140.0,2839.0,10,2838.0,2
rb1805,20170619,20170616,210619000,2839.0,400,78154,11351940.0,2840.0,71,2838.0,2
rb1805,20170619,20170616,210619500,2840.0,402,78152,11408740.0,2840.0,70,2839.0,2
rb1805,20170619,20170616,210620000,2840.0,520,78034,14759940.0,2840.0,11,2839.0,2
rb1805,20170619,20170616,210620500,2840.0,542,78012,15384740.0,2841.0,2,2839.0,2
rb1805,20170619,20170616,210621000,2840.0,542,78012,15384740.0,2841.0,2,2840.0,1
rb1805,20170619,20170616,210621500,2840.0,542,78012,15384740.0,2841.0,2,2840.0,1
rb1805,20170619,20170616,210623000,2840.0,542,78012,15384740.0,2841.0,2,2840.0,1
rb1805,20170619,20170616,210625500,2840.0,542,78012,15384740.0,2841.0,7,2840.0,1
rb1805,20170619,20170616,210626000,2840.0,546,78012,15498340.0,2840.0,1,2839.0,2
rb1805,20170619,20170616,210626500,2841.0,560,78002,15896080.0,2843.0,6,2840.0,10
rb1805,20170619,20170616,210627000,2841.0,560,78002,15896080.0,2842.0,1,2840.0,5
rb1805,20170619,20170616,210628000,2841.0,560,78002,15896080.0,2842.0,2,2840.0,6
rb1805,20170619,20170616,210629000,2841.0,560,78002,15896080.0,2842.0,2,2840.0,6
rb1805,20170619,20170616,210630000,2841.0,560,78002,15896080.0,2842.0,7,2840.0,6
rb1805,20170619,20170616,210630500,2841.0,560,78002,15896080.0,2842.0,7,2840.0,1
rb1805,20170619,20170616,210631000,2840.0,562,78002,15952880.0,2840.0,2,2839.0,2
rb1805,20170619,20170616,210631500,2840.0,562,78002,15952880.0,2842.0,8,2839.0,2
rb1805,20170619,20170616,210632000,2840.0,562,78002,15952880.0,2842.0,7,2839.0,7
rb1805,20170619,20170616,210632500,2840.0,562,78002,15952880.0,2842.0,6,2840.0,1
rb1805,20170619,20170616,210633000,2840.0,562,78002,15952880.0,2842.0,6,2840.0,1
rb1805,20170619,20170616,210633500,2840.0,562,78002,15952880.0,2842.0,6,2840.0,1
rb1805,20170619,20170616,210634000,2840.0,562,78002,15952880.0,2842.0,6,2840.0,1
rb1805,20170619,20170616,210634500,2841.0,564,78002,16009700.0,2841.0,1,2840.0,1
rb1805,20170619,20170616,210635500,2841.0,564,78002,16009700.0,2841.0,1,2840.0,1
rb1805,20170619,20170616,210636000,2840.0,566,78000,16066500.0,2841.0,1,2839.0,12
rb1805,20170619,20170616,210637000,2840.0,566,78000,16066500.0,2841.0,1,2839.0,12
rb1805,20170619,20170616,210637500,2840.0,566,78000,16066500.0,2841.0,1,2839.0,12
rb1805,20170619,20170616,210638000,2840.0,566,78000,16066500.0,2841.0,1,2840.0,1
rb1805,20170619,20170616,210640000,2840.0,566,78000,16066500.0,2841.0,1,2840.0,1
rb1805,20170619,20170616,210642000,2840.0,566,78000,16066500.0,2841.0,1,2840.0,6
rb1805,20170619,20170616,210642500,2840.0,566,78000,16066500.0,2841.0,1,2840.0,1
rb1805,20170619,20170616,210643000,2840.0,566,78000,16066500.0,2841.0,1,2840.0,2
rb1805,20170619,20170616,210644000,2840.0,566,78000,16066500.0,2841.0,1,2840.0,7
rb1805,20170619,20170616,210646000,2840.0,566,78000,16066500.0,2841.0,1,2840.0,7
rb1805,20170619,20170616,210646500,2840.0,566,78000,16066500.0,2841.0,1,2840.0,7
rb1805,20170619,20170616,210647500,2840.0,566,78000,16066500.0,2841.0,1,2840.0,7
rb1805,20170619,20170616,210648500,2841.0,568,78000,16123320.0,2842.0,7,2841.0,1
rb1805,20170619,20170616,210649000,2841.0,570,78000,16180140.0,2841.0,1,2840.0,7
rb1805,20170619,20170616,210649500,2841.0,570,78000,16180140.0,2842.0,2,2840.0,7
rb1805,20170619,20170616,210650000,2841.0,570,78000,16180140.0,2842.0,2,2840.0,7
rb1805,20170619,20170616,210650500,2841.0,570,78000,16180140.0,2842.0,2,2841.0,1
rb1805,20170619,20170616,210652000,2842.0,572,78000,16236980.0,2842.0,1,2841.0,1
rb1805,20170619,20170616,210652500,2842.0,572,78000,16236980.0,2842.0,1,2841.0,1
rb1805,20170619,20170616,210653000,2842.0,572,78000,16236980.0,2842.0,1,2841.0,6
rb1805,20170619,20170616,210653500,2842.0,572,78000,16236980.0,2842.0,1,2841.0,6
rb1805,20170619,20170616,210655000,2842.0,572,78000,16236980.0,2842.0,1,2841.0,6
rb1805,20170619,20170616,210657000,2842.0,572,78000,16236980.0,2842.0,1,2841.0,6
rb1805,20170619,20170616,210659000,2842.0,574,77998,16293820.0,2843.0,12,2841.0,6
rb1805,20170619,20170616,210700000,2842.0,574,77998,16293820.0,2843.0,7,2841.0,6
rb1805,20170619,20170616,210702000,2842.0,574,77998,16293820.0,2843.0,7,2841.0,6
rb1805,20170619,20170616,210702500,2842.0,574,77998,16293820.0,2843.0,7,2841.0,6
rb1805,20170619,20170616,210703500,2842.0,574,77998,16293820.0,2843.0,7,2842.0,10
rb1805,20170619,20170616,210705000,2842.0,574,77998,16293820.0,2843.0,7,2842.0,10
rb1805,20170619,20170616,210705500,2842.0,574,77998,16293820.0,2843.0,7,2842.0,11
rb1805,20170619,20170616,210707000,2842.0,574,77998,16293820.0,2843.0,7,2842.0,11
rb1805,20170619,20170616,210708000,2842.0,574,77998,16293820.0,2843.0,7,2842.0,16
rb1805,20170619,20170616,210710500,2842.0,574,77998,16293820.0,2843.0,7,2842.0,16
rb1805,20170619,20170616,210711000,2842.0,574,77998,16293820.0,2843.0,7,2842.0,16
rb1805,20170619,20170616,210712000,2842.0,590,78008,16748680.0,2845.0,20,2842.0,16
rb1805,20170619,20170616,210712500,2842.0,590,78008,16748680.0,2845.0,20,2843.0,1
rb1805,20170619,20170616,210713000,2842.0,590,78008,16748680.0,2845.0,20,2843.0,3
rb1805,20170619,20170616,210713500,2842.0,590,78008,16748680.0,2844.0,2,2843.0,1
rb1805,20170619,20170616,210714500,2842.0,590,78008,16748680.0,2844.0,2,2843.0,1
rb1805,20170619,20170616,210716000,2842.0,590,78008,16748680.0,2844.0,2,2843.0,6
rb1805,20170619,20170616,210716500,2842.0,590,78008,16748680.0,2844.0,2,2843.0,6
rb1805,20170619,20170616,210717000,2844.0,592,78010,16805560.0,2844.0,1,2843.0,6
rb1805,20170619,20170616,210717500,2844.0,594,78010,16862440.0,2845.0,20,2843.0,12
rb1805,20170619,20170616,210718000,2844.0,594,78010,16862440.0,2845.0,25,2843.0,7
rb1805,20170619,20170616,210718500,2844.0,594,78010,16862440.0,2845.0,25,2843.0,3
rb1805,20170619,20170616,210719000,2844.0,594,78010,16862440.0,2845.0,26,2843.0,5
rb1805,20170619,20170616,210719500,2844.0,594,78010,16862440.0,2845.0,26,2843.0,3
rb1805,20170619,20170616,210720000,2843.0,598,78010,16976160.0,2845.0,26,2844.0,3
rb1805,20170619,20170616,210720500,2844.0,604,78016,17146800.0,2844.0,13,2843.0,6
rb1805,20170619,20170616,210721000,2844.0,604,78016,17146800.0,2844.0,9,2843.0,6
rb1805,20170619,20170616,210721500,2843.0,612,78024,17374240.0,2844.0,10,2843.0,2
rb1805,20170619,20170616,210722000,2843.0,616,78026,17487960.0,2844.0,15,2842.0,8
rb1805,20170619,20170616,210723000,2843.0,616,78026,17487960.0,2844.0,14,2842.0,8
rb1805,20170619,20170616,210723500,2843.0,616,78026,17487960.0,2844.0,14,2842.0,7
rb1805,20170619,20170616,210724000,2843.0,616,78026,17487960.0,2844.0,9,2842.0,7
rb1805,20170619,20170616,210726000,2844.0,620,78022,17601720.0,2844.0,7,2843.0,1
rb1805,20170619,20170616,210726500,2844.0,620,78022,17601720.0,2844.0,7,2843.0,1
rb1805,20170619,20170616,210728000,2844.0,620,78022,17601720.0,2844.0,7,2843.0,6
rb1805,20170619,20170616,210729500,2844.0,632,78012,17943000.0,2844.0,1,2843.0,6
rb1805,20170619,20170616,210730000,2843.0,636,78014,18056740.0,2845.0,26,2842.0,7
rb1805,20170619,20170616,210730500,2843.0,636,78014,18056740.0,2845.0,25,2844.0,23
rb1805,20170619,20170616,210731000,2843.0,636,78014,18056740.0,2845.0,20,2844.0,23
rb1805,20170619,20170616,210731500,2843.0,636,78014,18056740.0,2845.0,23,2844.0,23
rb1805,20170619,20170616,210732000,2843.0,636,78014,18056740.0,2845.0,23,2844.0,23
rb1805,20170619,20170616,210733500,2843.0,636,78014,18056740.0,2845.0,23,2844.0,23
rb1805,20170619,20170616,210734000,2843.0,636,78014,18056740.0,2845.0,23,2844.0,23
rb1805,20170619,20170616,210735000,2843.0,636,78014,18056740.0,2845.0,23,2844.0,23
rb1805,20170619,20170616,210735500,2843.0,636,78014,18056740.0,2845.0,23,2844.0,23
rb1805,20170619,20170616,210736000,2843.0,636,78014,18056740.0,2845.0,23,2844.0,23
rb1805,20170619,20170616,210737000,2844.0,638,78014,18113620.0,2845.0,23,2844.0,22
rb1805,20170619,20170616,210737500,2845.0,640,78014,18170520.0,2845.0,22,2844.0,22
rb1805,20170619,20170616,210738000,2845.0,640,78014,18170520.0,2845.0,23,2844.0,22
rb1805,20170619,20170616,210738500,2845.0,640,78014,18170520.0,2845.0,23,2844.0,22
rb1805,20170619,20170616,210739000,2844.0,644,78014,18284280.0,2845.0,28,2844.0,20
rb1805,20170619,20170616,210741000,2845.0,646,78014,18341180.0,2845.0,27,2844.0,20
rb1805,20170619,20170616,210743000,2845.0,646,78014,18341180.0,2845.0,27,2844.0,20
rb1805,20170619,20170616,210745000,2845.0,658,78018,18682480.0,2845.0,27,2844.0,15
rb1805,20170619,20170616,210745500,2844.0,664,78024,18853120.0,2845.0,26,2844.0,12
rb1805,20170619,20170616,210746000,2844.0,680,78034,19308160.0,2845.0,26,2844.0,4
rb1805,20170619,20170616,210746500,2844.0,682,78036,19365040.0,2845.0,27,2844.0,3
rb1805,20170619,20170616,210747500,2844.0,684,78036,19421920.0,2845.0,27,2844.0,2
rb1805,20170619,20170616,210748000,2844.0,688,78040,19535680.0,2845.0,27,2843.0,1
rb1805,20170619,20170616,210748500,2844.0,688,78040,19535680.0,2845.0,26,2843.0,1
rb1805,20170619,20170616,210749000,2844.0,688,78040,19535680.0,2845.0,26,2843.0,1
rb1805,20170619,20170616,210749500,2843.0,690,78040,19592540.0,2845.0,26,2842.0,8
rb1805,20170619,20170616,210750500,2843.0,690,78040,19592540.0,2845.0,28,2842.0,8
rb1805,20170619,20170616,210751000,2843.0,690,78040,19592540.0,2845.0,23,2843.0,2
rb1805,20170619,20170616,210751500,2843.0,690,78040,19592540.0,2845.0,22,2843.0,8
rb1805,20170619,20170616,210754000,2843.0,690,78040,19592540.0,2845.0,22,2843.0,7
rb1805,20170619,20170616,210755000,2843.0,690,78040,19592540.0,2845.0,21,2843.0,7
rb1805,20170619,20170616,210757000,2843.0,690,78040,19592540.0,2845.0,21,2843.0,8
rb1805,20170619,20170616,210758000,2843.0,690,78040,19592540.0,2845.0,21,2843.0,8
rb1805,20170619,20170616,210759500,2843.0,690,78040,19592540.0,2844.0,1,2843.0,8
rb1805,20170619,20170616,210800000,2844.0,692,78038,19649420.0,2845.0,21,2844.0,4
rb1805,20170619,20170616,210800500,2844.0,700,78030,19876940.0,2844.0,1,2843.0,4
rb1805,20170619,20170616,210801000,2844.0,702,78028,19933820.0,2845.0,26,2844.0,1
rb1805,20170619,20170616,210801500,2844.0,702,78028,19933820.0,2845.0,21,2843.0,4
rb1805,20170619,20170616,210802000,2844.0,702,78028,19933820.0,2845.0,21,2843.0,9
rb1805,20170619,20170616,210803500,2844.0,702,78028,19933820.0,2845.0,21,2843.0,7
rb1805,20170619,20170616,210804000,2844.0,702,78028,19933820.0,2845.0,21,2843.0,7
rb1805,20170619,20170616,210806000,2844.0,702,78028,19933820.0,2845.0,21,2843.0,8
rb1805,20170619,20170616,210806500,2844.0,702,78028,19933820.0,2845.0,21,2843.0,9
rb1805,20170619,20170616,210807000,2844.0,702,78028,19933820.0,2845.0,21,2843.0,9
rb1805,20170619,20170616,210808000,2844.0,702,78028,19933820.0,2845.0,21,2843.0,17
rb1805,20170619,20170616,210810000,2844.0,702,78028,19933820.0,2845.0,21,2843.0,8
rb1805,20170619,20170616,210810500,2844.0,702,78028,19933820.0,2845.0,21,2843.0,7
rb1805,20170619,20170616,210811000,2844.0,702,78028,19933820.0,2845.0,21,2844.0,1
rb1805,20170619,20170616,210811500,2845.0,722,78028,20502820.0,2845.0,11,2844.0,1
rb1805,20170619,20170616,210812000,2845.0,724,78028,20559720.0,2845.0,10,2844.0,1
rb1805,20170619,20170616,210812500,2845.0,724,78028,20559720.0,2845.0,10,2844.0,2
rb1805,20170619,20170616,210813000,2845.0,724,78028,20559720.0,2845.0,10,2844.0,2
rb1805,20170619,20170616,210813500,2845.0,728,78028,20673520.0,2845.0,8,2844.0,2
rb1805,20170619,20170616,210814000,2845.0,728,78028,20673520.0,2845.0,8,2844.0,7
rb1805,20170619,20170616,210815000,2844.0,730,78026,20730400.0,2845.0,8,2844.0,6
rb1805,20170619,20170616,210815500,2844.0,732,78026,20787280.0,2845.0,8,2844.0,5
rb1805,20170619,20170616,210816000,2845.0,740,78026,21014840.0,2845.0,5,2844.0,3
rb1805,20170619,20170616,210817000,2845.0,740,78026,21014840.0,2845.0,5,2844.0,3
rb1805,20170619,20170616,210817500,2845.0,740,78026,21014840.0,2845.0,5,2844.0,3
rb1805,20170619,20170616,210818000,2844.0,742,78026,21071720.0,2845.0,5,2844.0,2
rb1805,20170619,20170616,210819000,2845.0,744,78026,21128620.0,2845.0,4,2844.0,2
rb1805,20170619,20170616,210821000,2845.0,744,78026,21128620.0,2845.0,4,2844.0,2
rb1805,20170619,20170616,210822000,2845.0,744,78026,21128620.0,2845.0,4,2844.0,2
rb1805,20170619,20170616,210824000,2845.0,744,78026,21128620.0,2845.0,4,2844.0,3
rb1805,20170619,20170616,210824500,2845.0,744,78026,21128620.0,2845.0,4,2844.0,3
rb1805,20170619,20170616,210825000,2845.0,744,78026,21128620.0,2845.0,4,2844.0,3
rb1805,20170619,20170616,210825500,2845.0,744,78026,21128620.0,2845.0,4,2844.0,3
rb1805,20170619,20170616,210826000,2845.0,744,78026,21128620.0,2845.0,4,2844.0,3
rb1805,20170619,20170616,210826500,2845.0,744,78026,21128620.0,2845.0,4,2844.0,13
rb1805,20170619,20170616,210827000,2845.0,744,78026,21128620.0,2845.0,4,2844.0,14
rb1805,20170619,20170616,210828000,2844.0,748,78026,21242380.0,2845.0,4,2844.0,2
rb1805,20170619,20170616,210828500,2844.0,748,78026,21242380.0,2845.0,4,2844.0,1
rb1805,20170619,20170616,210829000,2844.0,748,78026,21242380.0,2845.0,4,2844.0,11
rb1805,20170619,20170616,210830000,2844.0,748,78026,21242380.0,2845.0,4,2844.0,1
rb1805,20170619,20170616,210831500,2846.0,758,78020,21526900.0,2847.0,7,2844.0,7
rb1805,20170619,20170616,210832000,2846.0,758,78020,21526900.0,2847.0,7,2845.0,2
rb1805,20170619,20170616,210832500,2846.0,758,78020,21526900.0,2847.0,7,2845.0,10
rb1805,20170619,20170616,210833000,2846.0,758,78020,21526900.0,2847.0,7,2845.0,10
rb1805,20170619,20170616,210833500,2846.0,758,78020,21526900.0,2847.0,7,2846.0,8
rb1805,20170619,20170616,210834000,2847.0,766,78016,21754660.0,2847.0,3,2846.0,6
rb1805,20170619,20170616,210834500,2847.0,772,78016,21925480.0,2848.0,7,2846.0,6
rb1805,20170619,20170616,210835000,2847.0,772,78016,21925480.0,2848.0,7,2846.0,5
rb1805,20170619,20170616,210836500,2847.0,772,78016,21925480.0,2848.0,7,2846.0,5
rb1805,20170619,20170616,210837000,2847.0,772,78016,21925480.0,2848.0,7,2847.0,10
rb1805,20170619,20170616,210837500,2848.0,774,78014,21982440.0,2848.0,6,2847.0,15
rb1805,20170619,20170616,210838500,2848.0,778,78014,22096360.0,2848.0,4,2847.0,5
rb1805,20170619,20170616,210839000,2848.0,778,78014,22096360.0,2848.0,4,2847.0,5
rb1805,20170619,20170616,210839500,2848.0,786,78006,22324200.0,2849.0,7,2847.0,5
rb1805,20170619,20170616,210840000,2848.0,786,78006,22324200.0,2849.0,7,2848.0,2
rb1805,20170619,20170616,210840500,2848.0,786,78006,22324200.0,2849.0,7,2848.0,2
rb1805,20170619,20170616,210841000,2849.0,800,78002,22723060.0,2850.0,68,2849.0,6
rb1805,20170619,20170616,210841500,2850.0,806,77996,22894060.0,2850.0,65,2849.0,10
rb1805,20170619,20170616,210842000,2850.0,822,78000,23350060.0,2850.0,57,2849.0,5
rb1805,20170619,20170616,210842500,2850.0,904,77926,25687040.0,2850.0,17,2849.0,4
rb1805,20170619,20170616,210843000,2848.0,960,77936,27282800.0,2854.0,14,2848.0,2
rb1805,20170619,20170616,210843500,2854.0,962,77936,27339880.0,2854.0,5,2849.0,1
rb1805,20170619,20170616,210844000,2854.0,962,77936,27339880.0,2854.0,7,2850.0,1
rb1805,20170619,20170616,210844500,2850.0,964,77934,27396880.0,2849.0,49,2848.0,2
rb1805,20170619,20170616,210845000,2849.0,996,77902,28308560.0,2849.0,33,2848.0,2
rb1805,20170619,20170616,210845500,2849.0,996,77902,28308560.0,2849.0,33,2847.0,28
rb1805,20170619,20170616,210846000,2849.0,996,77902,28308560.0,2849.0,33,2847.0,28
rb1805,20170619,20170616,210846500,2849.0,996,77902,28308560.0,2849.0,33,2847.0,28
rb1805,20170619,20170616,210847000,2849.0,996,77902,28308560.0,2849.0,33,2847.0,28
rb1805,20170619,20170616,210847500,2849.0,996,77902,28308560.0,2849.0,38,2847.0,23
rb1805,20170619,20170616,210848000,2849.0,996,77902,28308560.0,2849.0,38,2847.0,23
rb1805,20170619,20170616,210848500,2849.0,996,77902,28308560.0,2849.0,33,2847.0,25
rb1805,20170619,20170616,210849000,2849.0,996,77902,28308560.0,2849.0,33,2847.0,25
rb1805,20170619,20170616,210850000,2849.0,998,77902,28365540.0,2849.0,32,2847.0,22
rb1805,20170619,20170616,210851000,2849.0,1000,77900,28422520.0,2849.0,31,2847.0,23
rb1805,20170619,20170616,210851500,2849.0,1000,77900,28422520.0,2849.0,31,2847.0,22
rb1805,20170619,20170616,210852000,2849.0,1000,77900,28422520.0,2849.0,31,2847.0,22
rb1805,20170619,20170616,210852500,2849.0,1000,77900,28422520.0,2849.0,32,2847.0,22
rb1805,20170619,20170616,210853000,2849.0,1000,77900,28422520.0,2849.0,32,2847.0,22
rb1805,20170619,20170616,210853500,2849.0,1000,77900,28422520.0,2849.0,37,2847.0,22
rb1805,20170619,20170616,210854000,2847.0,1012,77888,28764160.0,2849.0,37,2847.0,16
rb1805,20170619,20170616,210854500,2847.0,1012,77888,28764160.0,2849.0,38,2847.0,16
rb1805,20170619,20170616,210855000,2849.0,1014,77886,28821140.0,2848.0,1,2847.0,16
rb1805,20170619,20170616,210855500,2848.0,1016,77884,28878100.0,2849.0,37,2847.0,16
rb1805,20170619,20170616,210858500,2848.0,1016,77884,28878100.0,2849.0,37,2848.0,1
rb1805,20170619,20170616,210859000,2848.0,1018,77884,28935060.0,2849.0,32,2847.0,16
rb1805,20170619,20170616,210900500,2848.0,1018,77884,28935060.0,2849.0,32,2847.0,16
rb1805,20170619,20170616,210901000,2849.0,1020,77884,28992040.0,2849.0,31,2848.0,1
rb1805,20170619,20170616,210901500,2849.0,1024,77884,29106000.0,2849.0,29,2848.0,1
rb1805,20170619,20170616,210903000,2849.0,1024,77884,29106000.0,2849.0,30,2848.0,1
rb1805,20170619,20170616,210903500,2848.0,1026,77884,29162960.0,2848.0,14,2847.0,16
rb1805,20170619,20170616,210905000,2848.0,1026,77884,29162960.0,2848.0,14,2847.0,16
rb1805,20170619,20170616,210906500,2848.0,1034,77876,29390800.0,2848.0,10,2847.0,16
rb1805,20170619,20170616,210907000,2848.0,1034,77876,29390800.0,2848.0,15,2847.0,16
rb1805,20170619,20170616,210907500,2848.0,1034,77876,29390800.0,2848.0,15,2847.0,16
rb1805,20170619,20170616,210908000,2848.0,1034,77876,29390800.0,2848.0,16,2847.0,16
rb1805,20170619,20170616,210908500,2848.0,1034,77876,29390800.0,2848.0,18,2847.0,16
rb1805,20170619,20170616,210909000,2847.0,1036,77874,29447740.0,2848.0,18,2847.0,15
rb1805,20170619,20170616,210909500,2847.0,1038,77874,29504680.0,2848.0,13,2847.0,14
rb1805,20170619,20170616,210910500,2847.0,1038,77874,29504680.0,2848.0,13,2847.0,14
rb1805,20170619,20170616,210911000,2847.0,1038,77874,29504680.0,2848.0,13,2847.0,14
rb1805,20170619,20170616,210911500,2848.0,1040,77874,29561640.0,2848.0,12,2847.0,14
rb1805,20170619,20170616,210912000,2848.0,1042,77874,29618600.0,2848.0,11,2847.0,14
rb1805,20170619,20170616,210912500,2848.0,1042,77874,29618600.0,2848.0,11,2847.0,14
rb1805,20170619,20170616,210913000,2848.0,1042,77874,29618600.0,2848.0,11,2847.0,14
rb1805,20170619,20170616,210913500,2848.0,1042,77874,29618600.0,2848.0,11,2847.0,14
rb1805,20170619,20170616,210914000,2848.0,1042,77874,29618600.0,2848.0,11,2847.0,14
rb1805,20170619,20170616,210914500,2848.0,1042,77874,29618600.0,2848.0,11,2847.0,14
rb1805,20170619,20170616,210915000,2848.0,1044,77874,29675560.0,2848.0,10,2847.0,14
rb1805,20170619,20170616,210916000,2848.0,1044,77874,29675560.0,2848.0,11,2847.0,14
rb1805,20170619,20170616,210916500,2848.0,1046,77874,29732520.0,2848.0,10,2847.0,14
rb1805,20170619,20170616,210918000,2848.0,1046,77874,29732520.0,2848.0,10,2847.0,14
rb1805,20170619,20170616,210918500,2848.0,1048,77872,29789480.0,2848.0,9,2847.0,14
rb1805,20170619,20170616,210919500,2848.0,1066,77856,30302120.0,2849.0,29,2848.0,11
rb1805,20170619,20170616,210920000,2848.0,1066,77856,30302120.0,2849.0,28,2848.0,10
rb1805,20170619,20170616,210920500,2848.0,1066,77856,30302120.0,2849.0,28,2847.0,14
rb1805,20170619,20170616,210921000,2848.0,1066,77856,30302120.0,2849.0,33,2847.0,14
rb1805,20170619,20170616,210921500,2848.0,1066,77856,30302120.0,2849.0,35,2847.0,14
rb1805,20170619,20170616,210922500,2848.0,1066,77856,30302120.0,2849.0,30,2847.0,14
rb1805,20170619,20170616,210923000,2848.0,1066,77856,30302120.0,2848.0,1,2847.0,14
rb1805,20170619,20170616,210923500,2848.0,1068,77856,30359080.0,2849.0,30,2848.0,6
rb1805,20170619,20170616,210924000,2848.0,1068,77856,30359080.0,2849.0,30,2848.0,6
rb1805,20170619,20170616,210924500,2849.0,1070,77856,30416060.0,2849.0,29,2848.0,6
rb1805,20170619,20170616,210925000,2849.0,1070,77856,30416060.0,2849.0,29,2848.0,9
rb1805,20170619,20170616,210927500,2849.0,1070,77856,30416060.0,2849.0,29,2847.0,14
rb1805,20170619,20170616,210928000,2849.0,1070,77856,30416060.0,2848.0,1,2847.0,14
rb1805,20170619,20170616,210928500,2848.0,1072,77856,30473020.0,2849.0,29,2848.0,3
rb1805,20170619,20170616,210929000,2848.0,1072,77856,30473020.0,2848.0,2,2847.0,14
rb1805,20170619,20170616,210929500,2849.0,1080,77850,30700900.0,2849.0,27,2847.0,15
rb1805,20170619,20170616,210930000,2849.0,1082,77850,30757880.0,2849.0,26,2847.0,14
rb1805,20170619,20170616,210930500,2849.0,1082,77850,30757880.0,2849.0,26,2847.0,14
rb1805,20170619,20170616,210931500,2849.0,1122,77810,31897480.0,2849.0,6,2847.0,15
rb1805,20170619,20170616,210932000,2849.0,1134,77802,32239360.0,2850.0,3,2847.0,15
rb1805,20170619,20170616,210932500,2849.0,1134,77802,32239360.0,2850.0,3,2849.0,1
rb1805,20170619,20170616,210933000,2850.0,1140,77798,32410360.0,2854.0,7,2849.0,1
rb1805,20170619,20170616,210933500,2850.0,1140,77798,32410360.0,2854.0,7,2849.0,1
rb1805,20170619,20170616,210934000,2850.0,1140,77798,32410360.0,2854.0,6,2849.0,1
rb1805,20170619,20170616,210934500,2849.0,1142,77798,32467340.0,2854.0,6,2847.0,15
rb1805,20170619,20170616,210935000,2849.0,1142,77798,32467340.0,2853.0,1,2850.0,1
rb1805,20170619,20170616,210935500,2849.0,1142,77798,32467340.0,2852.0,2,2848.0,9
rb1805,20170619,20170616,210936000,2852.0,1146,77794,32581420.0,2852.0,5,2849.0,14
rb1805,20170619,20170616,210936500,2852.0,1146,77794,32581420.0,2852.0,5,2850.0,2
rb1805,20170619,20170616,210937000,2852.0,1146,77794,32581420.0,2852.0,5,2850.0,2
rb1805,20170619,20170616,210937500,2852.0,1146,77794,32581420.0,2852.0,5,2850.0,2
rb1805,20170619,20170616,210938000,2850.0,1148,77792,32638420.0,2852.0,5,2850.0,1
rb1805,20170619,20170616,210939000,2850.0,1148,77792,32638420.0,2852.0,5,2850.0,1
rb1805,20170619,20170616,210939500,2850.0,1150,77790,32695420.0,2852.0,5,2848.0,5
rb1805,20170619,20170616,210940000,2850.0,1150,77790,32695420.0,2852.0,5,2849.0,1
rb1805,20170619,20170616,210940500,2850.0,1150,77790,32695420.0,2851.0,2,2849.0,1
rb1805,20170619,20170616,210941000,2851.0,1154,77790,32809460.0,2852.0,5,2849.0,1
rb1805,20170619,20170616,210941500,2851.0,1154,77790,32809460.0,2852.0,5,2850.0,2
rb1805,20170619,20170616,210942000,2851.0,1154,77790,32809460.0,2852.0,5,2850.0,2
rb1805,20170619,20170616,210942500,2851.0,1154,77790,32809460.0,2852.0,5,2850.0,2
rb1805,20170619,20170616,210943000,2851.0,1154,77790,32809460.0,2852.0,5,2850.0,2
rb1805,20170619,20170616,210943500,2849.0,1166,77780,33151380.0,2849.0,4,2848.0,7
rb1805,20170619,20170616,210944000,2849.0,1174,77780,33379300.0,2852.0,5,2851.0,1
rb1805,20170619,20170616,210944500,2849.0,1174,77780,33379300.0,2853.0,2,2851.0,1
rb1805,20170619,20170616,210945000,2849.0,1174,77780,33379300.0,2853.0,2,2851.0,1
rb1805,20170619,20170616,210945500,2851.0,1176,77780,33436320.0,2853.0,2,2850.0,1
rb1805,20170619,20170616,210946000,2853.0,1178,77778,33493380.0,2853.0,6,2851.0,1
rb1805,20170619,20170616,210946500,2853.0,1178,77778,33493380.0,2853.0,6,2851.0,3
rb1805,20170619,20170616,210947000,2853.0,1178,77778,33493380.0,2853.0,6,2850.0,1
rb1805,20170619,20170616,210947500,2853.0,1178,77778,33493380.0,2852.0,3,2850.0,1
rb1805,20170619,20170616,210948500,2853.0,1178,77778,33493380.0,2852.0,3,2850.0,1
rb1805,20170619,20170616,210949000,2852.0,1184,77778,33664500.0,2853.0,6,2851.0,10
rb1805,20170619,20170616,210949500,2852.0,1184,77778,33664500.0,2852.0,1,2849.0,2
rb1805,20170619,20170616,210950000,2852.0,1184,77778,33664500.0,2852.0,1,2850.0,3
rb1805,20170619,20170616,210950500,2852.0,1186,77778,33721540.0,2852.0,5,2850.0,3
rb1805,20170619,20170616,210951000,2852.0,1186,77778,33721540.0,2852.0,5,2850.0,3
rb1805,20170619,20170616,210951500,2852.0,1186,77778,33721540.0,2852.0,5,2850.0,12
rb1805,20170619,20170616,210952000,2852.0,1186,77778,33721540.0,2852.0,5,2850.0,2
rb1805,20170619,20170616,210952500,2852.0,1186,77778,33721540.0,2853.0,6,2850.0,2
rb1805,20170619,20170616,210953000,2852.0,1186,77778,33721540.0,2853.0,6,2850.0,2
rb1805,20170619,20170616,210953500,2852.0,1186,77778,33721540.0,2853.0,6,2850.0,2
rb1805,20170619,20170616,210954000,2852.0,1186,77778,33721540.0,2853.0,6,2850.0,11
rb1805,20170619,20170616,210955500,2852.0,1186,77778,33721540.0,2853.0,1,2850.0,2
rb1805,20170619,20170616,210956000,2852.0,1186,77778,33721540.0,2853.0,1,2850.0,2
rb1805,20170619,20170616,210956500,2852.0,1186,77778,33721540.0,2853.0,6,2850.0,2
rb1805,20170619,20170616,210957000,2852.0,1186,77778,33721540.0,2853.0,6,2850.0,2
rb1805,20170619,20170616,210958000,2852.0,1186,77778,33721540.0,2853.0,6,2850.0,4
rb1805,20170619,20170616,210958500,2852.0,1186,77778,33721540.0,2853.0,6,2850.0,4
rb1805,20170619,20170616,210959500,2852.0,1186,77778,33721540.0,2853.0,6,2850.0,4
rb1805,20170619,20170616,211000000,2852.0,1186,77778,33721540.0,2853.0,6,2850.0,5
rb1805,20170619,20170616,211000500,2852.0,1186,77778,33721540.0,2853.0,6,2850.0,14
rb1805,20170619,20170616,211001000,2852.0,1186,77778,33721540.0,2853.0,6,2850.0,5
rb1805,20170619,20170616,211002000,2852.0,1186,77778,33721540.0,2853.0,6,2851.0,2
rb1805,20170619,20170616,211003000,2852.0,1186,77778,33721540.0,2853.0,1,2851.0,2
rb1805,20170619,20170616,211004000,2852.0,1186,77778,33721540.0,2852.0,1,2851.0,2
rb1805,20170619,20170616,211004500,2852.0,1188,77778,33778580.0,2853.0,1,2851.0,2
rb1805,20170619,20170616,211005000,2852.0,1188,77778,33778580.0,2853.0,1,2851.0,2
rb1805,20170619,20170616,211006000,2852.0,1188,77778,33778580.0,2853.0,1,2851.0,2
rb1805,20170619,20170616,211006500,2853.0,1190,77776,33835640.0,2854.0,12,2852.0,3
rb1805,20170619,20170616,211007000,2854.0,1192,77778,33892720.0,2854.0,6,2852.0,4
rb1805,20170619,20170616,211007500,2854.0,1204,77766,34235200.0,2855.0,124,2852.0,104
rb1805,20170619,20170616,211008000,2854.0,1204,77766,34235200.0,2855.0,129,2852.0,104
rb1805,20170619,20170616,211009000,2855.0,1216,77760,34577800.0,2855.0,123,2852.0,104
rb1805,20170619,20170616,211009500,2855.0,1216,77760,34577800.0,2853.0,1,2852.0,104
rb1805,20170619,20170616,211010000,2853.0,1218,77758,34634860.0,2855.0,123,2852.0,104
rb1805,20170619,20170616,211010500,2853.0,1224,77758,34806040.0,2853.0,2,2852.0,104
rb1805,20170619,20170616,211011000,2853.0,1224,77758,34806040.0,2853.0,2,2852.0,103
rb1805,20170619,20170616,211011500,2853.0,1224,77758,34806040.0,2855.0,124,2853.0,1
rb1805,20170619,20170616,211012000,2853.0,1230,77758,34977220.0,2855.0,124,2852.0,103
rb1805,20170619,20170616,211012500,2855.0,1234,77758,35091420.0,2855.0,122,2852.0,103
rb1805,20170619,20170616,211013000,2855.0,1234,77758,35091420.0,2855.0,122,2852.0,103
rb1805,20170619,20170616,211014500,2855.0,1234,77758,35091420.0,2855.0,122,2852.0,103
rb1805,20170619,20170616,211015500,2855.0,1234,77758,35091420.0,2855.0,122,2852.0,103
rb1805,20170619,20170616,211016000,2855.0,1234,77758,35091420.0,2855.0,122,2852.0,103
rb1805,20170619,20170616,211016500,2855.0,1234,77758,35091420.0,2855.0,122,2852.0,103
rb1805,20170619,20170616,211017000,2855.0,1234,77758,35091420.0,2855.0,123,2852.0,103
rb1805,20170619,20170616,211017500,2855.0,1234,77758,35091420.0,2855.0,122,2852.0,103
rb1805,20170619,20170616,211018000,2855.0,1234,77758,35091420.0,2855.0,122,2852.0,103
rb1805,20170619,20170616,211018500,2855.0,1234,77758,35091420.0,2855.0,122,2852.0,103
rb1805,20170619,20170616,211019500,2855.0,1238,77758,35205620.0,2855.0,120,2852.0,103
rb1805,20170619,20170616,211020000,2855.0,1238,77758,35205620.0,2855.0,121,2853.0,1
rb1805,20170619,20170616,211020500,2855.0,1238,77758,35205620.0,2855.0,123,2853.0,2
rb1805,20170619,20170616,211022000,2853.0,1240,77758,35262680.0,2855.0,128,2853.0,1
rb1805,20170619,20170616,211022500,2853.0,1244,77756,35376800.0,2855.0,129,2852.0,104
rb1805,20170619,20170616,211023000,2853.0,1244,77756,35376800.0,2853.0,1,2852.0,104
rb1805,20170619,20170616,211023500,2853.0,1244,77756,35376800.0,2853.0,1,2852.0,104
rb1805,20170619,20170616,211024000,2853.0,1244,77756,35376800.0,2853.0,1,2852.0,104
rb1805,20170619,20170616,211025000,2853.0,1246,77756,35433860.0,2854.0,2,2853.0,99
rb1805,20170619,20170616,211026000,2853.0,1250,77756,35547980.0,2854.0,2,2853.0,97
rb1805,20170619,20170616,211026500,2853.0,1250,77756,35547980.0,2854.0,2,2853.0,97
rb1805,20170619,20170616,211027000,2854.0,1252,77756,35605060.0,2854.0,1,2853.0,97
rb1805,20170619,20170616,211027500,2854.0,1252,77756,35605060.0,2854.0,1,2853.0,97
rb1805,20170619,20170616,211028000,2853.0,1256,77756,35719180.0,2854.0,3,2853.0,95
rb1805,20170619,20170616,211029000,2853.0,1260,77756,35833300.0,2854.0,3,2853.0,93
rb1805,20170619,20170616,211029500,2853.0,1260,77756,35833300.0,2854.0,3,2853.0,93
rb1805,20170619,20170616,211030000,2854.0,1264,77756,35947440.0,2854.0,2,2853.0,92
rb1805,20170619,20170616,211030500,2853.0,1270,77756,36118620.0,2854.0,2,2853.0,89
rb1805,20170619,20170616,211031000,2853.0,1274,77756,36232740.0,2854.0,2,2853.0,87
rb1805,20170619,20170616,211031500,2853.0,1274,77756,36232740.0,2854.0,3,2853.0,87
rb1805,20170619,20170616,211032000,2853.0,1294,77756,36803340.0,2854.0,3,2853.0,77
rb1805,20170619,20170616,211032500,2853.0,1294,77756,36803340.0,2854.0,4,2853.0,77
rb1805,20170619,20170616,211033000,2853.0,1294,77756,36803340.0,2854.0,4,2853.0,77
rb1805,20170619,20170616,211033500,2853.0,1294,77756,36803340.0,2854.0,5,2853.0,77
rb1805,20170619,20170616,211034500,2853.0,1300,77758,36974520.0,2854.0,5,2853.0,74
rb1805,20170619,20170616,211035000,2853.0,1300,77758,36974520.0,2854.0,4,2853.0,74
rb1805,20170619,20170616,211035500,2853.0,1304,77758,37088640.0,2854.0,4,2853.0,72
rb1805,20170619,20170616,211036000,2853.0,1304,77758,37088640.0,2854.0,5,2853.0,72
rb1805,20170619,20170616,211036500,2853.0,1304,77758,37088640.0,2854.0,6,2853.0,73
rb1805,20170619,20170616,211037500,2853.0,1304,77758,37088640.0,2854.0,6,2853.0,73
rb1805,20170619,20170616,211039500,2853.0,1304,77758,37088640.0,2854.0,6,2853.0,73
rb1805,20170619,20170616,211040000,2853.0,1304,77758,37088640.0,2854.0,6,2853.0,73
rb1805,20170619,20170616,211041000,2854.0,1306,77758,37145720.0,2854.0,6,2853.0,73
rb1805,20170619,20170616,211042000,2854.0,1306,77758,37145720.0,2854.0,7,2853.0,73
rb1805,20170619,20170616,211042500,2854.0,1306,77758,37145720.0,2854.0,7,2853.0,73
rb1805,20170619,20170616,211043000,2854.0,1306,77758,37145720.0,2854.0,8,2853.0,73
rb1805,20170619,20170616,211043500,2853.0,1312,77758,37316900.0,2854.0,8,2853.0,70
rb1805,20170619,20170616,211044000,2853.0,1322,77768,37602200.0,2854.0,13,2853.0,65
rb1805,20170619,20170616,211045000,2853.0,1322,77768,37602200.0,2854.0,14,2853.0,65
rb1805,20170619,20170616,211045500,2853.0,1342,77784,38172800.0,2854.0,14,2853.0,55
rb1805,20170619,20170616,211046500,2853.0,1434,77784,40797560.0,2854.0,14,2853.0,9
rb1805,20170619,20170616,211047000,2853.0,1436,77786,40854620.0,2854.0,14,2853.0,8
rb1805,20170619,20170616,211048000,2853.0,1436,77786,40854620.0,2854.0,8,2853.0,8
rb1805,20170619,20170616,211049000,2853.0,1440,77786,40968740.0,2854.0,8,2853.0,6
rb1805,20170619,20170616,211049500,2853.0,1440,77786,40968740.0,2854.0,13,2853.0,6
rb1805,20170619,20170616,211050000,2853.0,1444,77786,41082860.0,2854.0,13,2853.0,4
rb1805,20170619,20170616,211050500,2853.0,1444,77786,41082860.0,2854.0,8,2853.0,4
rb1805,20170619,20170616,211051000,2853.0,1444,77786,41082860.0,2854.0,8,2853.0,9
rb1805,20170619,20170616,211052000,2853.0,1450,77786,41254040.0,2854.0,8,2853.0,6
rb1805,20170619,20170616,211053000,2853.0,1450,77786,41254040.0,2854.0,8,2853.0,6
rb1805,20170619,20170616,211054000,2853.0,1450,77786,41254040.0,2854.0,9,2853.0,1
rb1805,20170619,20170616,211054500,2853.0,1450,77786,41254040.0,2854.0,8,2853.0,1
rb1805,20170619,20170616,211055000,2853.0,1452,77786,41311100.0,2854.0,8,2852.0,3
rb1805,20170619,20170616,211055500,2854.0,1454,77786,41368180.0,2854.0,12,2852.0,3
rb1805,20170619,20170616,211056000,2854.0,1454,77786,41368180.0,2853.0,1,2852.0,3
rb1805,20170619,20170616,211056500,2854.0,1454,77786,41368180.0,2853.0,1,2852.0,3
rb1805,20170619,20170616,211100000,2853.0,1456,77786,41425240.0,2854.0,12,2852.0,4
rb1805,20170619,20170616,211101000,2853.0,1456,77786,41425240.0,2854.0,7,2852.0,10
rb1805,20170619,20170616,211102000,2853.0,1456,77786,41425240.0,2854.0,7,2852.0,10
rb1805,20170619,20170616,211103000,2853.0,1456,77786,41425240.0,2853.0,2,2852.0,10
rb1805,20170619,20170616,211103500,2853.0,1460,77782,41539360.0,2854.0,7,2853.0,4
rb1805,20170619,20170616,211104000,2853.0,1460,77782,41539360.0,2854.0,7,2853.0,1
rb1805,20170619,20170616,211106000,2853.0,1460,77782,41539360.0,2854.0,8,2853.0,1
rb1805,20170619,20170616,211106500,2853.0,1460,77782,41539360.0,2854.0,8,2853.0,1
rb1805,20170619,20170616,211107500,2853.0,1462,77782,41596420.0,2854.0,8,2852.0,11
rb1805,20170619,20170616,211108000,2853.0,1462,77782,41596420.0,2854.0,8,2852.0,10
rb1805,20170619,20170616,211109000,2853.0,1462,77782,41596420.0,2854.0,13,2852.0,5
rb1805,20170619,20170616,211109500,2853.0,1462,77782,41596420.0,2853.0,1,2852.0,5
rb1805,20170619,20170616,211110000,2853.0,1470,77774,41824660.0,2854.0,13,2852.0,11
rb1805,20170619,20170616,211110500,2853.0,1470,77774,41824660.0,2854.0,8,2852.0,11
rb1805,20170619,20170616,211111000,2854.0,1486,77774,42281300.0,2855.0,187,2854.0,2
rb1805,20170619,20170616,211111500,2854.0,1486,77774,42281300.0,2855.0,182,2854.0,5
rb1805,20170619,20170616,211113000,2854.0,1488,77774,42338380.0,2855.0,182,2854.0,4
rb1805,20170619,20170616,211113500,2854.0,1488,77774,42338380.0,2855.0,182,2854.0,4
rb1805,20170619,20170616,211114500,2855.0,1494,77774,42509680.0,2855.0,179,2854.0,4
rb1805,20170619,20170616,211115000,2855.0,1494,77774,42509680.0,2855.0,179,2854.0,4
rb1805,20170619,20170616,211116500,2855.0,1494,77774,42509680.0,2855.0,179,2853.0,2
rb1805,20170619,20170616,211117000,2855.0,1494,77774,42509680.0,2855.0,185,2853.0,2
rb1805,20170619,20170616,211118000,2853.0,1498,77774,42623800.0,2853.0,3,2852.0,20
rb1805,20170619,20170616,211118500,2853.0,1504,77774,42794980.0,2854.0,2,2853.0,1
rb1805,20170619,20170616,211119500,2853.0,1504,77774,42794980.0,2854.0,2,2852.0,20
rb1805,20170619,20170616,211120000,2853.0,1504,77774,42794980.0,2854.0,7,2852.0,16
rb1805,20170619,20170616,211120500,2853.0,1504,77774,42794980.0,2854.0,7,2852.0,15
rb1805,20170619,20170616,211121000,2853.0,1504,77774,42794980.0,2854.0,2,2852.0,19
rb1805,20170619,20170616,211122500,2853.0,1504,77774,42794980.0,2854.0,3,2852.0,19
rb1805,20170619,20170616,211123000,2852.0,1506,77774,42852020.0,2854.0,3,2852.0,18
rb1805,20170619,20170616,211124000,2852.0,1506,77774,42852020.0,2854.0,3,2852.0,18
rb1805,20170619,20170616,211125000,2852.0,1506,77774,42852020.0,2854.0,8,2852.0,14
rb1805,20170619,20170616,211125500,2852.0,1506,77774,42852020.0,2854.0,9,2852.0,14
rb1805,20170619,20170616,211126500,2852.0,1506,77774,42852020.0,2854.0,9,2852.0,14
rb1805,20170619,20170616,211127000,2852.0,1506,77774,42852020.0,2854.0,9,2852.0,14
rb1805,20170619,20170616,211127500,2852.0,1506,77774,42852020.0,2854.0,10,2852.0,14
rb1805,20170619,20170616,211128000,2852.0,1506,77774,42852020.0,2854.0,10,2852.0,14
rb1805,20170619,20170616,211128500,2852.0,1508,77774,42909060.0,2854.0,10,2852.0,13
rb1805,20170619,20170616,211129000,2852.0,1508,77774,42909060.0,2854.0,11,2852.0,13
rb1805,20170619,20170616,211132000,2852.0,1508,77774,42909060.0,2854.0,12,2852.0,13
rb1805,20170619,20170616,211132500,2854.0,1510,77774,42966140.0,2854.0,11,2852.0,13
rb1805,20170619,20170616,211133000,2854.0,1510,77774,42966140.0,2854.0,11,2852.0,13
rb1805,20170619,20170616,211135500,2854.0,1510,77774,42966140.0,2854.0,11,2852.0,13
rb1805,20170619,20170616,211136000,2854.0,1510,77774,42966140.0,2854.0,11,2852.0,14
rb1805,20170619,20170616,211139000,2854.0,1510,77774,42966140.0,2854.0,11,2852.0,14
rb1805,20170619,20170616,211139500,2854.0,1510,77774,42966140.0,2854.0,11,2852.0,14
rb1805,20170619,20170616,211140000,2854.0,1510,77774,42966140.0,2854.0,12,2852.0,14
rb1805,20170619,20170616,211142000,2854.0,1510,77774,42966140.0,2854.0,12,2852.0,14
rb1805,20170619,20170616,211142500,2854.0,1510,77774,42966140.0,2854.0,12,2853.0,1
rb1805,20170619,20170616,211143000,2853.0,1512,77774,43023200.0,2854.0,14,2852.0,14
rb1805,20170619,20170616,211143500,2853.0,1512,77774,43023200.0,2854.0,13,2852.0,14
rb1805,20170619,20170616,211147000,2853.0,1512,77774,43023200.0,2853.0,3,2852.0,14
rb1805,20170619,20170616,211147500,2853.0,1512,77774,43023200.0,2853.0,3,2852.0,17
rb1805,20170619,20170616,211148000,2853.0,1512,77774,43023200.0,2854.0,14,2852.0,17
rb1805,20170619,20170616,211148500,2853.0,1512,77774,43023200.0,2854.0,13,2852.0,17
rb1805,20170619,20170616,211150000,2853.0,1512,77774,43023200.0,2854.0,13,2852.0,21
rb1805,20170619,20170616,211151000,2853.0,1512,77774,43023200.0,2854.0,13,2852.0,21
rb1805,20170619,20170616,211152000,2853.0,1512,77774,43023200.0,2854.0,13,2852.0,21
rb1805,20170619,20170616,211153000,2853.0,1512,77774,43023200.0,2854.0,13,2852.0,22
rb1805,20170619,20170616,211155500,2853.0,1512,77774,43023200.0,2854.0,13,2852.0,18
rb1805,20170619,20170616,211157000,2853.0,1512,77774,43023200.0,2854.0,14,2852.0,17
rb1805,20170619,20170616,211157500,2853.0,1512,77774,43023200.0,2854.0,15,2852.0,17
rb1805,20170619,20170616,211158500,2852.0,1514,77774,43080240.0,2854.0,20,2852.0,16
rb1805,20170619,20170616,211200000,2854.0,1516,77774,43137320.0,2854.0,19,2852.0,16
rb1805,20170619,20170616,211200500,2854.0,1516,77774,43137320.0,2854.0,20,2852.0,16
rb1805,20170619,20170616,211201000,2854.0,1516,77774,43137320.0,2854.0,19,2852.0,16
rb1805,20170619,20170616,211202000,2854.0,1516,77774,43137320.0,2853.0,2,2852.0,16
rb1805,20170619,20170616,211202500,2853.0,1518,77776,43194380.0,2853.0,1,2852.0,17
rb1805,20170619,20170616,211203000,2852.0,1538,77776,43764780.0,2853.0,1,2852.0,7
rb1805,20170619,20170616,211204500,2852.0,1538,77776,43764780.0,2853.0,1,2852.0,7
rb1805,20170619,20170616,211205500,2852.0,1538,77776,43764780.0,2853.0,7,2852.0,7
rb1805,20170619,20170616,211206000,2852.0,1538,77776,43764780.0,2853.0,7,2852.0,7
rb1805,20170619,20170616,211207500,2852.0,1538,77776,43764780.0,2853.0,8,2852.0,7
rb1805,20170619,20170616,211208000,2852.0,1552,77780,44164060.0,2852.0,25,2851.0,2
rb1805,20170619,20170616,211208500,2852.0,1552,77780,44164060.0,2852.0,21,2851.0,2
rb1805,20170619,20170616,211209000,2851.0,1554,77780,44221080.0,2852.0,21,2851.0,1
rb1805,20170619,20170616,211209500,2851.0,1556,77778,44278100.0,2852.0,21,2851.0,4
rb1805,20170619,20170616,211210000,2851.0,1556,77778,44278100.0,2852.0,21,2851.0,4
rb1805,20170619,20170616,211210500,2851.0,1556,77778,44278100.0,2852.0,21,2851.0,4
rb1805,20170619,20170616,211212500,2851.0,1558,77776,44335120.0,2852.0,21,2851.0,3
rb1805,20170619,20170616,211213000,2851.0,1558,77776,44335120.0,2852.0,21,2850.0,5
rb1805,20170619,20170616,211214500,2851.0,1558,77776,44335120.0,2852.0,26,2850.0,5
rb1805,20170619,20170616,211215000,2851.0,1558,77776,44335120.0,2852.0,26,2850.0,5
rb1805,20170619,20170616,211216000,2851.0,1558,77776,44335120.0,2852.0,26,2850.0,5
rb1805,20170619,20170616,211216500,2851.0,1558,77776,44335120.0,2852.0,26,2850.0,5
rb1805,20170619,20170616,211217500,2851.0,1558,77776,44335120.0,2852.0,26,2850.0,5
rb1805,20170619,20170616,211218000,2851.0,1558,77776,44335120.0,2851.0,3,2850.0,5
rb1805,20170619,20170616,211218500,2851.0,1558,77776,44335120.0,2851.0,13,2850.0,5
rb1805,20170619,20170616,211219000,2850.0,1566,77776,44563120.0,2851.0,13,2850.0,1
rb1805,20170619,20170616,211219500,2850.0,1566,77776,44563120.0,2851.0,13,2850.0,1
rb1805,20170619,20170616,211220000,2850.0,1566,77776,44563120.0,2851.0,13,2850.0,4
rb1805,20170619,20170616,211221000,2850.0,1566,77776,44563120.0,2851.0,13,2850.0,4
rb1805,20170619,20170616,211221500,2850.0,1566,77776,44563120.0,2851.0,13,2850.0,5
rb1805,20170619,20170616,211222500,2850.0,1566,77776,44563120.0,2851.0,13,2850.0,5
rb1805,20170619,20170616,211223000,2851.0,1572,77776,44734180.0,2851.0,10,2850.0,5
rb1805,20170619,20170616,211223500,2851.0,1572,77776,44734180.0,2851.0,11,2850.0,5
rb1805,20170619,20170616,211225500,2851.0,1576,77774,44848220.0,2851.0,9,2850.0,5
rb1805,20170619,20170616,211226500,2851.0,1578,77774,44905240.0,2851.0,8,2850.0,5
rb1805,20170619,20170616,211227000,2851.0,1594,77776,45361400.0,2852.0,26,2850.0,6
rb1805,20170619,20170616,211227500,2851.0,1594,77776,45361400.0,2852.0,21,2850.0,4
rb1805,20170619,20170616,211228500,2851.0,1594,77776,45361400.0,2851.0,1,2850.0,4
rb1805,20170619,20170616,211229000,2850.0,1596,77778,45418400.0,2851.0,1,2850.0,3
rb1805,20170619,20170616,211230000,2850.0,1598,77776,45475400.0,2851.0,1,2850.0,2
rb1805,20170619,20170616,211231000,2850.0,1602,77772,45589400.0,2850.0,18,2849.0,4
rb1805,20170619,20170616,211231500,2850.0,1602,77772,45589400.0,2850.0,18,2849.0,5
rb1805,20170619,20170616,211233000,2850.0,1602,77772,45589400.0,2850.0,18,2849.0,8
rb1805,20170619,20170616,211233500,2850.0,1602,77772,45589400.0,2850.0,23,2849.0,9
rb1805,20170619,20170616,211234500,2850.0,1602,77772,45589400.0,2850.0,18,2849.0,10
rb1805,20170619,20170616,211235000,2850.0,1602,77772,45589400.0,2850.0,18,2849.0,9
rb1805,20170619,20170616,211235500,2850.0,1602,77772,45589400.0,2850.0,18,2849.0,9
rb1805,20170619,20170616,211236000,2850.0,1602,77772,45589400.0,2850.0,18,2849.0,9
rb1805,20170619,20170616,211236500,2850.0,1602,77772,45589400.0,2850.0,18,2849.0,9
rb1805,20170619,20170616,211237500,2850.0,1606,77772,45703400.0,2850.0,16,2849.0,9
rb1805,20170619,20170616,211238000,2850.0,1610,77772,45817400.0,2850.0,14,2849.0,9
rb1805,20170619,20170616,211239000,2849.0,1616,77774,45988380.0,2850.0,12,2849.0,8
rb1805,20170619,20170616,211239500,2850.0,1620,77774,46102380.0,2850.0,10,2849.0,8
rb1805,20170619,20170616,211240500,2850.0,1620,77774,46102380.0,2850.0,10,2849.0,8
rb1805,20170619,20170616,211241000,2850.0,1624,77774,46216380.0,2850.0,8,2849.0,8
rb1805,20170619,20170616,211241500,2850.0,1624,77774,46216380.0,2850.0,8,2849.0,8
rb1805,20170619,20170616,211242500,2850.0,1630,77774,46387360.0,2850.0,6,2849.0,7
rb1805,20170619,20170616,211243000,2850.0,1630,77774,46387360.0,2850.0,11,2849.0,7
rb1805,20170619,20170616,211244000,2850.0,1630,77774,46387360.0,2850.0,11,2849.0,9
rb1805,20170619,20170616,211244500,2850.0,1632,77774,46444360.0,2850.0,5,2849.0,9
rb1805,20170619,20170616,211245000,2850.0,1632,77774,46444360.0,2850.0,5,2849.0,9
rb1805,20170619,20170616,211247000,2849.0,1634,77776,46501340.0,2850.0,5,2849.0,8
rb1805,20170619,20170616,211248500,2849.0,1634,77776,46501340.0,2850.0,5,2849.0,8
rb1805,20170619,20170616,211249000,2849.0,1634,77776,46501340.0,2850.0,5,2849.0,8
rb1805,20170619,20170616,211249500,2849.0,1634,77776,46501340.0,2850.0,5,2849.0,8
rb1805,20170619,20170616,211250500,2849.0,1634,77776,46501340.0,2850.0,5,2849.0,8
rb1805,20170619,20170616,211251000,2849.0,1640,77776,46672320.0,2850.0,3,2849.0,7
rb1805,20170619,20170616,211253000,2849.0,1640,77776,46672320.0,2850.0,5,2849.0,7
rb1805,20170619,20170616,211253500,2849.0,1642,77774,46729300.0,2850.0,5,2849.0,6
rb1805,20170619,20170616,211255500,2849.0,1652,77770,47014200.0,2850.0,10,2849.0,2
rb1805,20170619,20170616,211256000,2849.0,1656,77770,47128160.0,2849.0,4,2848.0,7
rb1805,20170619,20170616,211256500,2849.0,1656,77770,47128160.0,2849.0,5,2848.0,7
rb1805,20170619,20170616,211257500,2849.0,1656,77770,47128160.0,2849.0,5,2848.0,7
rb1805,20170619,20170616,211258500,2849.0,1656,77770,47128160.0,2849.0,5,2848.0,7
rb1805,20170619,20170616,211300000,2849.0,1658,77772,47185140.0,2849.0,4,2848.0,7
rb1805,20170619,20170616,211301000,2849.0,1658,77772,47185140.0,2849.0,4,2848.0,7
rb1805,20170619,20170616,211302000,2849.0,1658,77772,47185140.0,2849.0,4,2848.0,7
rb1805,20170619,20170616,211302500,2849.0,1658,77772,47185140.0,2849.0,4,2848.0,8
rb1805,20170619,20170616,211304000,2849.0,1660,77774,47242120.0,2849.0,3,2848.0,8
rb1805,20170619,20170616,211304500,2849.0,1660,77774,47242120.0,2849.0,3,2848.0,8
rb1805,20170619,20170616,211305000,2849.0,1660,77774,47242120.0,2849.0,3,2848.0,8
rb1805,20170619,20170616,211306500,2849.0,1660,77774,47242120.0,2849.0,3,2848.0,8
rb1805,20170619,20170616,211307500,2849.0,1660,77774,47242120.0,2849.0,3,2848.0,9
rb1805,20170619,20170616,211309000,2849.0,1660,77774,47242120.0,2849.0,3,2848.0,19
rb1805,20170619,20170616,211309500,2848.0,1680,77772,47811760.0,2849.0,1,2848.0,11
rb1805,20170619,20170616,211310500,2848.0,1680,77772,47811760.0,2849.0,2,2848.0,11
rb1805,20170619,20170616,211311000,2848.0,1680,77772,47811760.0,2849.0,2,2848.0,11
rb1805,20170619,20170616,211312500,2848.0,1688,77774,48039600.0,2849.0,2,2848.0,7
rb1805,20170619,20170616,211313000,2848.0,1688,77774,48039600.0,2849.0,2,2848.0,8
rb1805,20170619,20170616,211313500,2849.0,1692,77776,48153560.0,2850.0,15,2849.0,3
rb1805,20170619,20170616,211314000,2849.0,1698,77776,48324500.0,2849.0,6,2848.0,8
rb1805,20170619,20170616,211314500,2849.0,1698,77776,48324500.0,2850.0,10,2848.0,8
rb1805,20170619,20170616,211315000,2849.0,1698,77776,48324500.0,2850.0,9,2848.0,8
rb1805,20170619,20170616,211318500,2849.0,1698,77776,48324500.0,2850.0,10,2848.0,8
rb1805,20170619,20170616,211319500,2849.0,1698,77776,48324500.0,2850.0,9,2848.0,8
rb1805,20170619,20170616,211321000,2849.0,1698,77776,48324500.0,2850.0,9,2848.0,14
rb1805,20170619,20170616,211322500,2850.0,1708,77766,48609500.0,2850.0,4,2848.0,14
rb1805,20170619,20170616,211323000,2850.0,1716,77766,48837500.0,2851.0,4,2850.0,1
rb1805,20170619,20170616,211323500,2850.0,1716,77766,48837500.0,2851.0,4,2848.0,14
rb1805,20170619,20170616,211324000,2850.0,1716,77766,48837500.0,2850.0,1,2849.0,2
rb1805,20170619,20170616,211324500,2850.0,1718,77766,48894500.0,2851.0,4,2850.0,2
rb1805,20170619,20170616,211325000,2850.0,1718,77766,48894500.0,2851.0,4,2849.0,1
rb1805,20170619,20170616,211325500,2850.0,1718,77766,48894500.0,2851.0,9,2848.0,15
rb1805,20170619,20170616,211326000,2850.0,1718,77766,48894500.0,2851.0,9,2848.0,16
rb1805,20170619,20170616,211326500,2850.0,1718,77766,48894500.0,2850.0,2,2848.0,16
rb1805,20170619,20170616,211328500,2850.0,1718,77766,48894500.0,2850.0,2,2849.0,2
rb1805,20170619,20170616,211330000,2850.0,1718,77766,48894500.0,2850.0,2,2849.0,2
rb1805,20170619,20170616,211331000,2850.0,1720,77768,48951500.0,2850.0,1,2849.0,2
rb1805,20170619,20170616,211331500,2850.0,1720,77768,48951500.0,2850.0,4,2849.0,2
rb1805,20170619,20170616,211332000,2850.0,1720,77768,48951500.0,2850.0,4,2849.0,2
rb1805,20170619,20170616,211333000,2850.0,1720,77768,48951500.0,2850.0,4,2849.0,2
rb1805,20170619,20170616,211335000,2850.0,1720,77768,48951500.0,2850.0,4,2849.0,2
rb1805,20170619,20170616,211336000,2850.0,1720,77768,48951500.0,2850.0,4,2849.0,7
rb1805,20170619,20170616,211338000,2850.0,1720,77768,48951500.0,2850.0,4,2849.0,2
rb1805,20170619,20170616,211338500,2850.0,1720,77768,48951500.0,2850.0,9,2849.0,2
rb1805,20170619,20170616,211339000,2850.0,1720,77768,48951500.0,2850.0,8,2849.0,2
rb1805,20170619,20170616,211339500,2850.0,1720,77768,48951500.0,2850.0,8,2849.0,2
rb1805,20170619,20170616,211340000,2849.0,1724,77768,49065460.0,2849.0,4,2848.0,15
rb1805,20170619,20170616,211340500,2850.0,1726,77770,49122460.0,2850.0,7,2848.0,10
rb1805,20170619,20170616,211341500,2850.0,1728,77772,49179460.0,2850.0,7,2848.0,10
rb1805,20170619,20170616,211344500,2850.0,1730,77774,49236460.0,2850.0,6,2848.0,10
rb1805,20170619,20170616,211345500,2850.0,1730,77774,49236460.0,2850.0,6,2848.0,10
rb1805,20170619,20170616,211347000,2848.0,1732,77774,49293420.0,2850.0,6,2848.0,9
rb1805,20170619,20170616,211347500,2848.0,1732,77774,49293420.0,2850.0,6,2848.0,9
rb1805,20170619,20170616,211349000,2848.0,1732,77774,49293420.0,2850.0,6,2848.0,9
rb1805,20170619,20170616,211349500,2848.0,1732,77774,49293420.0,2850.0,1,2848.0,15
rb1805,20170619,20170616,211350000,2848.0,1732,77774,49293420.0,2850.0,1,2849.0,1
rb1805,20170619,20170616,211351000,2848.0,1732,77774,49293420.0,2850.0,1,2849.0,7
rb1805,20170619,20170616,211351500,2850.0,1734,77774,49350420.0,2851.0,9,2849.0,7
rb1805,20170619,20170616,211352500,2850.0,1734,77774,49350420.0,2851.0,4,2849.0,7
rb1805,20170619,20170616,211354500,2850.0,1734,77774,49350420.0,2851.0,4,2849.0,16
rb1805,20170619,20170616,211355000,2850.0,1734,77774,49350420.0,2851.0,4,2849.0,15
rb1805,20170619,20170616,211355500,2850.0,1734,77774,49350420.0,2851.0,9,2849.0,1
rb1805,20170619,20170616,211357000,2850.0,1734,77774,49350420.0,2851.0,9,2849.0,22
rb1805,20170619,20170616,211359000,2849.0,1736,77774,49407400.0,2851.0,9,2849.0,26
rb1805,20170619,20170616,211400500,2849.0,1736,77774,49407400.0,2851.0,4,2849.0,26
rb1805,20170619,20170616,211401500,2849.0,1736,77774,49407400.0,2851.0,4,2849.0,26
rb1805,20170619,20170616,211402500,2849.0,1736,77774,49407400.0,2851.0,4,2850.0,1
rb1805,20170619,20170616,211404000,2849.0,1736,77774,49407400.0,2851.0,4,2850.0,1
rb1805,20170619,20170616,211404500,2849.0,1736,77774,49407400.0,2851.0,4,2850.0,1
rb1805,20170619,20170616,211406500,2849.0,1736,77774,49407400.0,2851.0,5,2850.0,18
rb1805,20170619,20170616,211407500,2850.0,1746,77774,49692400.0,2851.0,5,2850.0,13
rb1805,20170619,20170616,211408000,2850.0,1746,77774,49692400.0,2851.0,5,2850.0,18
rb1805,20170619,20170616,211408500,2850.0,1746,77774,49692400.0,2851.0,5,2850.0,19
rb1805,20170619,20170616,211409000,2851.0,1752,77772,49863460.0,2851.0,2,2850.0,19
rb1805,20170619,20170616,211409500,2851.0,1756,77768,49977500.0,2852.0,21,2850.0,19
rb1805,20170619,20170616,211410500,2852.0,1764,77760,50205660.0,2852.0,17,2851.0,1
rb1805,20170619,20170616,211411000,2852.0,1764,77760,50205660.0,2852.0,17,2850.0,19
rb1805,20170619,20170616,211411500,2852.0,1768,77756,50319740.0,2852.0,15,2851.0,3
rb1805,20170619,20170616,211412000,2852.0,1768,77756,50319740.0,2852.0,15,2851.0,2
rb1805,20170619,20170616,211412500,2852.0,1768,77756,50319740.0,2852.0,15,2851.0,3
rb1805,20170619,20170616,211413000,2852.0,1768,77756,50319740.0,2852.0,15,2851.0,3
rb1805,20170619,20170616,211413500,2852.0,1774,77752,50490860.0,2852.0,12,2851.0,3
rb1805,20170619,20170616,211415500,2852.0,1774,77752,50490860.0,2852.0,12,2851.0,3
rb1805,20170619,20170616,211417500,2852.0,1774,77752,50490860.0,2852.0,12,2851.0,3
rb1805,20170619,20170616,211418000,2852.0,1776,77750,50547900.0,2852.0,11,2851.0,3
rb1805,20170619,20170616,211419000,2852.0,1776,77750,50547900.0,2852.0,11,2851.0,3
rb1805,20170619,20170616,211419500,2852.0,1776,77750,50547900.0,2852.0,11,2851.0,3
rb1805,20170619,20170616,211420000,2852.0,1776,77750,50547900.0,2852.0,11,2851.0,4
rb1805,20170619,20170616,211423500,2852.0,1776,77750,50547900.0,2852.0,11,2851.0,4
rb1805,20170619,20170616,211424000,2852.0,1776,77750,50547900.0,2852.0,11,2851.0,4
rb1805,20170619,20170616,211424500,2852.0,1776,77750,50547900.0,2852.0,11,2851.0,3
rb1805,20170619,20170616,211425500,2852.0,1798,77750,51175340.0,2853.0,9,2852.0,2
rb1805,20170619,20170616,211426000,2852.0,1798,77750,51175340.0,2853.0,4,2852.0,7
rb1805,20170619,20170616,211426500,2852.0,1798,77750,51175340.0,2853.0,4,2852.0,2
rb1805,20170619,20170616,211431000,2852.0,1800,77750,51232380.0,2853.0,4,2852.0,1
rb1805,20170619,20170616,211431500,2852.0,1800,77750,51232380.0,2853.0,4,2852.0,1
rb1805,20170619,20170616,211433500,2852.0,1800,77750,51232380.0,2853.0,5,2852.0,1
rb1805,20170619,20170616,211434000,2852.0,1800,77750,51232380.0,2853.0,4,2852.0,1
rb1805,20170619,20170616,211434500,2852.0,1800,77750,51232380.0,2853.0,4,2852.0,3
rb1805,20170619,20170616,211435000,2853.0,1802,77752,51289440.0,2853.0,3,2852.0,3
rb1805,20170619,20170616,211435500,2853.0,1802,77752,51289440.0,2853.0,8,2852.0,3
rb1805,20170619,20170616,211436000,2853.0,1802,77752,51289440.0,2853.0,9,2852.0,3
rb1805,20170619,20170616,211436500,2853.0,1834,77738,52202260.0,2854.0,9,2853.0,7
rb1805,20170619,20170616,211437000,2853.0,1848,77736,52601680.0,2853.0,2,2852.0,1
rb1805,20170619,20170616,211437500,2853.0,1848,77736,52601680.0,2854.0,9,2852.0,1
rb1805,20170619,20170616,211438000,2852.0,1850,77738,52658720.0,2854.0,10,2851.0,8
rb1805,20170619,20170616,211438500,2852.0,1850,77738,52658720.0,2853.0,1,2851.0,8
rb1805,20170619,20170616,211439500,2852.0,1850,77738,52658720.0,2853.0,1,2851.0,9
rb1805,20170619,20170616,211440500,2852.0,1850,77738,52658720.0,2853.0,1,2852.0,2
rb1805,20170619,20170616,211443500,2852.0,1850,77738,52658720.0,2853.0,1,2852.0,3
rb1805,20170619,20170616,211444000,2852.0,1850,77738,52658720.0,2853.0,1,2852.0,3
rb1805,20170619,20170616,211444500,2852.0,1856,77738,52829840.0,2852.0,1,2851.0,11
rb1805,20170619,20170616,211445000,2852.0,1856,77738,52829840.0,2852.0,7,2851.0,6
rb1805,20170619,20170616,211445500,2852.0,1856,77738,52829840.0,2852.0,3,2851.0,6
rb1805,20170619,20170616,211447000,2852.0,1856,77738,52829840.0,2852.0,3,2851.0,6
rb1805,20170619,20170616,211447500,2852.0,1858,77740,52886880.0,2852.0,2,2851.0,6
rb1805,20170619,20170616,211449500,2852.0,1858,77740,52886880.0,2852.0,2,2851.0,7
rb1805,20170619,20170616,211450000,2852.0,1858,77740,52886880.0,2852.0,2,2851.0,7
rb1805,20170619,20170616,211450500,2853.0,1864,77738,53058020.0,2854.0,9,2853.0,17
rb1805,20170619,20170616,211451000,2853.0,1876,77730,53400380.0,2854.0,9,2853.0,11
rb1805,20170619,20170616,211451500,2853.0,1876,77730,53400380.0,2854.0,10,2853.0,11
rb1805,20170619,20170616,211452000,2853.0,1876,77730,53400380.0,2854.0,10,2853.0,11
rb1805,20170619,20170616,211453000,2853.0,1876,77730,53400380.0,2854.0,15,2853.0,11
rb1805,20170619,20170616,211454500,2853.0,1880,77726,53514500.0,2854.0,15,2853.0,9
rb1805,20170619,20170616,211455000,2853.0,1880,77726,53514500.0,2854.0,15,2853.0,9
rb1805,20170619,20170616,211455500,2853.0,1880,77726,53514500.0,2854.0,15,2853.0,9
rb1805,20170619,20170616,211456500,2853.0,1880,77726,53514500.0,2854.0,15,2853.0,9
rb1805,20170619,20170616,211457000,2853.0,1890,77716,53799800.0,2854.0,15,2853.0,4
rb1805,20170619,20170616,211457500,2853.0,1890,77716,53799800.0,2854.0,15,2853.0,4
rb1805,20170619,20170616,211459000,2853.0,1894,77714,53913920.0,2854.0,15,2853.0,2
rb1805,20170619,20170616,211459500,2854.0,1898,77714,54028060.0,2854.0,13,2853.0,1
rb1805,20170619,20170616,211500000,2853.0,1900,77714,54085120.0,2854.0,14,2852.0,1
rb1805,20170619,20170616,211500500,2853.0,1900,77714,54085120.0,2854.0,15,2852.0,6
rb1805,20170619,20170616,211501500,2853.0,1900,77714,54085120.0,2854.0,13,2852.0,1
rb1805,20170619,20170616,211502000,2853.0,1900,77714,54085120.0,2854.0,14,2852.0,1
rb1805,20170619,20170616,211502500,2853.0,1900,77714,54085120.0,2853.0,2,2852.0,1
rb1805,20170619,20170616,211503000,2853.0,1900,77714,54085120.0,2853.0,4,2852.0,1
rb1805,20170619,20170616,211503500,2853.0,1900,77714,54085120.0,2853.0,4,2852.0,1
rb1805,20170619,20170616,211504000,2853.0,1900,77714,54085120.0,2853.0,5,2852.0,1
rb1805,20170619,20170616,211504500,2853.0,1902,77712,54142180.0,2853.0,3,2852.0,1
rb1805,20170619,20170616,211505500,2853.0,1902,77712,54142180.0,2853.0,4,2852.0,1
rb1805,20170619,20170616,211506000,2853.0,1902,77712,54142180.0,2853.0,3,2852.0,1
rb1805,20170619,20170616,211507000,2852.0,1904,77712,54199220.0,2853.0,3,2851.0,8
rb1805,20170619,20170616,211509000,2852.0,1904,77712,54199220.0,2852.0,12,2851.0,8
rb1805,20170619,20170616,211509500,2855.0,2024,77598,57624100.0,2855.0,169,2851.0,8
rb1805,20170619,20170616,211510000,2855.0,2024,77598,57624100.0,2855.0,169,2851.0,13
rb1805,20170619,20170616,211511000,2855.0,2024,77598,57624100.0,2854.0,2,2851.0,13
rb1805,20170619,20170616,211512000,2855.0,2024,77598,57624100.0,2854.0,2,2851.0,11
rb1805,20170619,20170616,211514000,2855.0,2024,77598,57624100.0,2854.0,3,2851.0,11
rb1805,20170619,20170616,211514500,2855.0,2024,77598,57624100.0,2854.0,3,2851.0,11
rb1805,20170619,20170616,211515000,2855.0,2024,77598,57624100.0,2854.0,3,2852.0,2
rb1805,20170619,20170616,211515500,2855.0,2024,77598,57624100.0,2853.0,1,2852.0,2
rb1805,20170619,20170616,211516000,2855.0,2024,77598,57624100.0,2853.0,1,2852.0,2
rb1805,20170619,20170616,211519000,2855.0,2024,77598,57624100.0,2853.0,1,2852.0,2
rb1805,20170619,20170616,211519500,2855.0,2024,77598,57624100.0,2853.0,1,2852.0,14
rb1805,20170619,20170616,211521500,2855.0,2024,77598,57624100.0,2853.0,1,2852.0,14
rb1805,20170619,20170616,211523000,2853.0,2026,77598,57681160.0,2854.0,4,2852.0,14
rb1805,20170619,20170616,211523500,2853.0,2026,77598,57681160.0,2853.0,2,2852.0,14
rb1805,20170619,20170616,211524000,2853.0,2028,77598,57738220.0,2853.0,1,2852.0,14
rb1805,20170619,20170616,211525000,2852.0,2032,77602,57852300.0,2853.0,1,2852.0,12
rb1805,20170619,20170616,211526000,2852.0,2042,77592,58137500.0,2853.0,1,2852.0,8
rb1805,20170619,20170616,211526500,2853.0,2044,77592,58194560.0,2854.0,3,2852.0,8
rb1805,20170619,20170616,211528500,2853.0,2044,77592,58194560.0,2854.0,1,2852.0,8
rb1805,20170619,20170616,211529000,2853.0,2044,77592,58194560.0,2853.0,2,2852.0,8
rb1805,20170619,20170616,211529500,2853.0,2044,77592,58194560.0,2853.0,2,2852.0,8
rb1805,20170619,20170616,211530000,2853.0,2044,77592,58194560.0,2853.0,2,2852.0,8
rb1805,20170619,20170616,211532500,2852.0,2046,77590,58251600.0,2853.0,2,2852.0,7
rb1805,20170619,20170616,211533500,2852.0,2046,77590,58251600.0,2853.0,2,2852.0,7
rb1805,20170619,20170616,211534000,2852.0,2046,77590,58251600.0,2853.0,2,2852.0,7
rb1805,20170619,20170616,211535500,2852.0,2046,77590,58251600.0,2853.0,2,2852.0,7
rb1805,20170619,20170616,211536000,2852.0,2046,77590,58251600.0,2853.0,8,2852.0,7
rb1805,20170619,20170616,211536500,2852.0,2046,77590,58251600.0,2853.0,2,2852.0,7
rb1805,20170619,20170616,211538500,2852.0,2054,77582,58479760.0,2853.0,2,2852.0,3
rb1805,20170619,20170616,211539500,2852.0,2054,77582,58479760.0,2853.0,3,2852.0,3
rb1805,20170619,20170616,211540000,2852.0,2054,77582,58479760.0,2853.0,23,2852.0,3
rb1805,20170619,20170616,211542000,2852.0,2054,77582,58479760.0,2853.0,23,2852.0,2
rb1805,20170619,20170616,211542500,2852.0,2054,77582,58479760.0,2853.0,3,2852.0,2
rb1805,20170619,20170616,211543000,2852.0,2056,77580,58536800.0,2853.0,3,2852.0,1
rb1805,20170619,20170616,211543500,2852.0,2058,77578,58593840.0,2853.0,3,2851.0,12
rb1805,20170619,20170616,211544000,2852.0,2058,77578,58593840.0,2853.0,23,2851.0,12
rb1805,20170619,20170616,211544500,2852.0,2058,77578,58593840.0,2853.0,25,2851.0,12
rb1805,20170619,20170616,211548500,2852.0,2058,77578,58593840.0,2853.0,25,2851.0,12
rb1805,20170619,20170616,211549000,2852.0,2058,77578,58593840.0,2853.0,25,2851.0,13
rb1805,20170619,20170616,211550500,2852.0,2058,77578,58593840.0,2853.0,30,2851.0,13
rb1805,20170619,20170616,211551000,2852.0,2058,77578,58593840.0,2853.0,10,2851.0,8
rb1805,20170619,20170616,211551500,2852.0,2058,77578,58593840.0,2853.0,10,2851.0,8
rb1805,20170619,20170616,211553000,2852.0,2058,77578,58593840.0,2853.0,11,2851.0,8
rb1805,20170619,20170616,211553500,2852.0,2058,77578,58593840.0,2852.0,2,2851.0,8
rb1805,20170619,20170616,211554000,2852.0,2058,77578,58593840.0,2852.0,2,2851.0,8
rb1805,20170619,20170616,211555000,2852.0,2060,77578,58650880.0,2852.0,1,2851.0,8
rb1805,20170619,20170616,211556000,2852.0,2060,77578,58650880.0,2852.0,1,2851.0,8
rb1805,20170619,20170616,211556500,2852.0,2060,77578,58650880.0,2852.0,1,2851.0,8
rb1805,20170619,20170616,211557000,2852.0,2060,77578,58650880.0,2852.0,1,2851.0,8
rb1805,20170619,20170616,211557500,2852.0,2060,77578,58650880.0,2852.0,1,2851.0,8
rb1805,20170619,20170616,211558500,2852.0,2062,77578,58707920.0,2853.0,10,2851.0,8
rb1805,20170619,20170616,211559500,2852.0,2062,77578,58707920.0,2853.0,10,2851.0,8
rb1805,20170619,20170616,211600500,2851.0,2064,77578,58764940.0,2853.0,10,2851.0,7
rb1805,20170619,20170616,211602000,2851.0,2064,77578,58764940.0,2853.0,10,2851.0,7
rb1805,20170619,20170616,211603500,2851.0,2064,77578,58764940.0,2853.0,10,2851.0,12
rb1805,20170619,20170616,211604000,2851.0,2064,77578,58764940.0,2853.0,9,2851.0,12
rb1805,20170619,20170616,211605000,2851.0,2064,77578,58764940.0,2853.0,9,2851.0,12
rb1805,20170619,20170616,211605500,2851.0,2064,77578,58764940.0,2853.0,9,2851.0,13
rb1805,20170619,20170616,211607000,2851.0,2064,77578,58764940.0,2853.0,9,2851.0,13
rb1805,20170619,20170616,211607500,2855.0,2264,77398,64474200.0,2855.0,101,2851.0,13
rb1805,20170619,20170616,211608000,2855.0,2264,77398,64474200.0,2853.0,1,2851.0,14
rb1805,20170619,20170616,211609500,2855.0,2264,77398,64474200.0,2853.0,1,2851.0,15
rb1805,20170619,20170616,211610500,2855.0,2264,77398,64474200.0,2853.0,1,2851.0,15
rb1805,20170619,20170616,211612000,2855.0,2264,77398,64474200.0,2853.0,3,2851.0,15
rb1805,20170619,20170616,211612500,2855.0,2264,77398,64474200.0,2853.0,3,2851.0,15
rb1805,20170619,20170616,211613000,2855.0,2264,77398,64474200.0,2853.0,4,2851.0,15
rb1805,20170619,20170616,211613500,2855.0,2264,77398,64474200.0,2853.0,10,2851.0,15
rb1805,20170619,20170616,211615000,2855.0,2264,77398,64474200.0,2853.0,10,2851.0,16
rb1805,20170619,20170616,211615500,2855.0,2264,77398,64474200.0,2853.0,10,2851.0,16
rb1805,20170619,20170616,211616000,2855.0,2264,77398,64474200.0,2853.0,10,2851.0,16
rb1805,20170619,20170616,211616500,2855.0,2264,77398,64474200.0,2853.0,10,2851.0,16
rb1805,20170619,20170616,211617500,2855.0,2264,77398,64474200.0,2853.0,10,2851.0,16
rb1805,20170619,20170616,211618000,2855.0,2264,77398,64474200.0,2853.0,10,2851.0,16
rb1805,20170619,20170616,211619000,2855.0,2264,77398,64474200.0,2853.0,10,2851.0,16
rb1805,20170619,20170616,211620000,2855.0,2264,77398,64474200.0,2853.0,10,2851.0,16
rb1805,20170619,20170616,211620500,2855.0,2264,77398,64474200.0,2853.0,10,2851.0,17
rb1805,20170619,20170616,211621500,2855.0,2264,77398,64474200.0,2853.0,10,2851.0,17
rb1805,20170619,20170616,211622000,2855.0,2264,77398,64474200.0,2853.0,10,2851.0,17
rb1805,20170619,20170616,211623000,2855.0,2264,77398,64474200.0,2853.0,10,2851.0,17
rb1805,20170619,20170616,211623500,2855.0,2264,77398,64474200.0,2853.0,10,2851.0,17
rb1805,20170619,20170616,211624000,2855.0,2264,77398,64474200.0,2853.0,10,2851.0,17
rb1805,20170619,20170616,211624500,2855.0,2264,77398,64474200.0,2853.0,10,2851.0,17
rb1805,20170619,20170616,211625000,2855.0,2264,77398,64474200.0,2853.0,10,2851.0,18
rb1805,20170619,20170616,211626500,2855.0,2264,77398,64474200.0,2853.0,10,2851.0,13
rb1805,20170619,20170616,211627000,2855.0,2264,77398,64474200.0,2853.0,10,2851.0,13
rb1805,20170619,20170616,211627500,2855.0,2264,77398,64474200.0,2853.0,10,2851.0,13
rb1805,20170619,20170616,211628000,2855.0,2264,77398,64474200.0,2853.0,10,2851.0,18
rb1805,20170619,20170616,211628500,2851.0,2284,77396,65044400.0,2853.0,10,2851.0,8
rb1805,20170619,20170616,211630000,2851.0,2284,77396,65044400.0,2853.0,10,2851.0,8
rb1805,20170619,20170616,211630500,2851.0,2284,77396,65044400.0,2853.0,10,2851.0,8
rb1805,20170619,20170616,211631000,2851.0,2284,77396,65044400.0,2853.0,3,2851.0,9
rb1805,20170619,20170616,211631500,2851.0,2284,77396,65044400.0,2853.0,3,2851.0,9
rb1805,20170619,20170616,211632000,2851.0,2284,77396,65044400.0,2853.0,5,2851.0,9
rb1805,20170619,20170616,211633000,2851.0,2284,77396,65044400.0,2853.0,5,2851.0,10
rb1805,20170619,20170616,211633500,2851.0,2284,77396,65044400.0,2853.0,5,2851.0,11
rb1805,20170619,20170616,211634500,2851.0,2284,77396,65044400.0,2853.0,5,2851.0,11
rb1805,20170619,20170616,211635000,2851.0,2284,77396,65044400.0,2853.0,5,2851.0,10
rb1805,20170619,20170616,211635500,2851.0,2284,77396,65044400.0,2853.0,5,2851.0,9
rb1805,20170619,20170616,211636000,2851.0,2284,77396,65044400.0,2853.0,5,2851.0,9
rb1805,20170619,20170616,211637500,2851.0,2284,77396,65044400.0,2853.0,5,2851.0,9
rb1805,20170619,20170616,211638500,2851.0,2284,77396,65044400.0,2853.0,5,2851.0,9
rb1805,20170619,20170616,211639000,2851.0,2284,77396,65044400.0,2853.0,5,2851.0,10
rb1805,20170619,20170616,211639500,2851.0,2284,77396,65044400.0,2853.0,5,2851.0,10
rb1805,20170619,20170616,211640000,2851.0,2284,77396,65044400.0,2853.0,5,2851.0,11
rb1805,20170619,20170616,211641500,2851.0,2284,77396,65044400.0,2853.0,5,2851.0,11
rb1805,20170619,20170616,211642000,2851.0,2284,77396,65044400.0,2853.0,5,2851.0,11
rb1805,20170619,20170616,211642500,2851.0,2284,77396,65044400.0,2853.0,5,2851.0,11
rb1805,20170619,20170616,211643000,2851.0,2284,77396,65044400.0,2853.0,5,2851.0,11
rb1805,20170619,20170616,211643500,2851.0,2284,77396,65044400.0,2853.0,5,2851.0,11
rb1805,20170619,20170616,211644000,2851.0,2284,77396,65044400.0,2853.0,5,2851.0,11
rb1805,20170619,20170616,211645000,2851.0,2284,77396,65044400.0,2853.0,5,2851.0,11
rb1805,20170619,20170616,211645500,2851.0,2284,77396,65044400.0,2853.0,5,2851.0,11
rb1805,20170619,20170616,211646500,2851.0,2284,77396,65044400.0,2853.0,5,2851.0,11
rb1805,20170619,20170616,211647000,2851.0,2284,77396,65044400.0,2853.0,5,2851.0,11
rb1805,20170619,20170616,211647500,2851.0,2284,77396,65044400.0,2853.0,5,2851.0,11
rb1805,20170619,20170616,211649000,2851.0,2284,77396,65044400.0,2853.0,5,2851.0,11
rb1805,20170619,20170616,211651500,2851.0,2284,77396,65044400.0,2853.0,5,2851.0,11
rb1805,20170619,20170616,211652000,2851.0,2284,77396,65044400.0,2853.0,5,2851.0,11
rb1805,20170619,20170616,211654000,2851.0,2284,77396,65044400.0,2853.0,5,2851.0,11
rb1805,20170619,20170616,211654500,2851.0,2294,77390,65329500.0,2853.0,5,2851.0,6
rb1805,20170619,20170616,211655000,2851.0,2294,77390,65329500.0,2853.0,5,2851.0,6
rb1805,20170619,20170616,211656500,2851.0,2302,77384,65557580.0,2853.0,7,2851.0,2
rb1805,20170619,20170616,211657000,2851.0,2302,77384,65557580.0,2853.0,7,2851.0,1
rb1805,20170619,20170616,211657500,2851.0,2302,77384,65557580.0,2853.0,7,2851.0,1
rb1805,20170619,20170616,211658500,2851.0,2302,77384,65557580.0,2853.0,7,2851.0,1
rb1805,20170619,20170616,211659000,2851.0,2302,77384,65557580.0,2853.0,7,2851.0,2
rb1805,20170619,20170616,211659500,2851.0,2302,77384,65557580.0,2853.0,7,2851.0,1
rb1805,20170619,20170616,211701000,2851.0,2302,77384,65557580.0,2853.0,7,2851.0,1
rb1805,20170619,20170616,211702500,2851.0,2302,77384,65557580.0,2853.0,7,2851.0,3
rb1805,20170619,20170616,211703500,2851.0,2302,77384,65557580.0,2853.0,7,2851.0,2
rb1805,20170619,20170616,211704500,2851.0,2302,77384,65557580.0,2853.0,7,2852.0,1
rb1805,20170619,20170616,211705000,2851.0,2302,77384,65557580.0,2853.0,7,2851.0,2
rb1805,20170619,20170616,211706500,2851.0,2302,77384,65557580.0,2852.0,1,2851.0,2
rb1805,20170619,20170616,211708000,2851.0,2302,77384,65557580.0,2852.0,1,2851.0,2
rb1805,20170619,20170616,211708500,2851.0,2302,77384,65557580.0,2852.0,1,2851.0,2
rb1805,20170619,20170616,211710000,2851.0,2302,77384,65557580.0,2852.0,1,2851.0,2
rb1805,20170619,20170616,211711500,2851.0,2302,77384,65557580.0,2852.0,1,2851.0,2
rb1805,20170619,20170616,211712000,2851.0,2302,77384,65557580.0,2852.0,1,2851.0,2
rb1805,20170619,20170616,211713000,2851.0,2302,77384,65557580.0,2852.0,1,2851.0,2
rb1805,20170619,20170616,211713500,2851.0,2302,77384,65557580.0,2852.0,1,2851.0,3
rb1805,20170619,20170616,211716000,2851.0,2302,77384,65557580.0,2852.0,1,2851.0,3
rb1805,20170619,20170616,211718000,2851.0,2302,77384,65557580.0,2852.0,1,2851.0,3
rb1805,20170619,20170616,211722000,2851.0,2302,77384,65557580.0,2852.0,6,2851.0,3
rb1805,20170619,20170616,211722500,2851.0,2302,77384,65557580.0,2852.0,6,2851.0,4
rb1805,20170619,20170616,211723000,2851.0,2302,77384,65557580.0,2852.0,6,2851.0,4
rb1805,20170619,20170616,211723500,2851.0,2302,77384,65557580.0,2852.0,6,2851.0,4
rb1805,20170619,20170616,211724500,2851.0,2302,77384,65557580.0,2852.0,6,2851.0,5
rb1805,20170619,20170616,211726500,2851.0,2302,77384,65557580.0,2852.0,6,2851.0,6
rb1805,20170619,20170616,211727000,2851.0,2302,77384,65557580.0,2852.0,9,2851.0,6
rb1805,20170619,20170616,211728000,2852.0,2306,77386,65671660.0,2852.0,7,2851.0,6
rb1805,20170619,20170616,211729000,2852.0,2306,77386,65671660.0,2852.0,7,2851.0,6
rb1805,20170619,20170616,211730500,2852.0,2306,77386,65671660.0,2852.0,7,2851.0,6
rb1805,20170619,20170616,211731500,2852.0,2306,77386,65671660.0,2852.0,7,2851.0,6
rb1805,20170619,20170616,211733000,2852.0,2306,77386,65671660.0,2852.0,7,2851.0,6
rb1805,20170619,20170616,211734000,2852.0,2306,77386,65671660.0,2852.0,7,2851.0,6
rb1805,20170619,20170616,211734500,2852.0,2308,77388,65728700.0,2852.0,6,2851.0,6
rb1805,20170619,20170616,211735000,2852.0,2308,77388,65728700.0,2852.0,3,2851.0,6
rb1805,20170619,20170616,211735500,2852.0,2314,77384,65899800.0,2852.0,1,2851.0,5
rb1805,20170619,20170616,211737000,2852.0,2314,77384,65899800.0,2852.0,1,2851.0,5
rb1805,20170619,20170616,211738000,2852.0,2314,77384,65899800.0,2852.0,4,2851.0,5
rb1805,20170619,20170616,211738500,2852.0,2314,77384,65899800.0,2852.0,4,2851.0,5
rb1805,20170619,20170616,211739000,2852.0,2314,77384,65899800.0,2852.0,1,2851.0,5
rb1805,20170619,20170616,211742000,2852.0,2316,77384,65956840.0,2853.0,5,2851.0,5
rb1805,20170619,20170616,211742500,2852.0,2316,77384,65956840.0,2852.0,6,2851.0,5
rb1805,20170619,20170616,211743000,2852.0,2316,77384,65956840.0,2852.0,8,2851.0,5
rb1805,20170619,20170616,211744000,2851.0,2326,77384,66241940.0,2851.0,5,2850.0,13
