instrument,tradingday,calendarday,time,lastp,volume,openinterest,turnover,ask1,asksz1,bid1,bidsz1
rb1805,20171124,20171123,183440500,3826.0,0,2394930,0.0,0.0,0,0.0,0
rb1805,20171124,20171123,205900500,3830.0,3278,2394868,125547400.0,3831.0,31,3830.0,495
rb1805,20171124,20171123,210000500,3830.0,5004,2395364,191662120.0,3831.0,11,3830.0,164
rb1805,20171124,20171123,210001000,3832.0,6674,2395464,255632120.0,3832.0,191,3829.0,350
rb1805,20171124,20171123,210001500,3831.0,8698,2395796,333158420.0,3831.0,8,3829.0,62
rb1805,20171124,20171123,210002000,3829.0,9120,2395824,349318680.0,3829.0,60,3828.0,100
rb1805,20171124,20171123,210002500,3827.0,9492,2395836,363558060.0,3828.0,121,3827.0,101
rb1805,20171124,20171123,210003000,3826.0,9904,2395824,379326740.0,3827.0,17,3826.0,237
rb1805,20171124,20171123,210003500,3826.0,10572,2395332,404884700.0,3826.0,5,3825.0,592
rb1805,20171124,20171123,210004000,3825.0,10798,2395296,413531700.0,3827.0,174,3826.0,6
rb1805,20171124,20171123,210004500,3826.0,11094,2395248,424858100.0,3827.0,113,3826.0,148
rb1805,20171124,20171123,210005000,3827.0,11528,2395306,441465920.0,3828.0,235,3827.0,229
rb1805,20171124,20171123,210005500,3827.0,12630,2395088,483633960.0,3826.0,9,3825.0,561
rb1805,20171124,20171123,210006000,3826.0,12942,2395210,495572340.0,3827.0,61,3826.0,3
rb1805,20171124,20171123,210006500,3826.0,13104,2395272,501771320.0,3827.0,280,3826.0,109
rb1805,20171124,20171123,210007000,3826.0,13574,2395378,519753540.0,3826.0,202,3825.0,517
rb1805,20171124,20171123,210007500,3826.0,14474,2395508,554179460.0,3826.0,166,3825.0,114
rb1805,20171124,20171123,210008000,3824.0,14872,2395504,569401740.0,3825.0,25,3824.0,84
rb1805,20171124,20171123,210008500,3824.0,15538,2395644,594865800.0,3825.0,324,3824.0,4
rb1805,20171124,20171123,210009000,3824.0,15818,2395660,605572960.0,3824.0,127,3823.0,401
rb1805,20171124,20171123,210009500,3824.0,16104,2395568,616507680.0,3825.0,257,3824.0,4
rb1805,20171124,20171123,210010000,3824.0,16816,2395070,643728220.0,3824.0,412,3823.0,50
rb1805,20171124,20171123,210010500,3823.0,17112,2395182,655044420.0,3823.0,374,3822.0,250
rb1805,20171124,20171123,210011000,3822.0,17842,2395506,682944680.0,3822.0,561,3821.0,55
rb1805,20171124,20171123,210011500,3821.0,18510,2395562,708472300.0,3821.0,24,3820.0,541
rb1805,20171124,20171123,210012000,3821.0,18832,2395520,720776260.0,3822.0,328,3821.0,17
rb1805,20171124,20171123,210012500,3820.0,20108,2396382,769520500.0,3820.0,395,3819.0,84
rb1805,20171124,20171123,210013000,3820.0,20550,2396550,786403500.0,3820.0,263,3819.0,17
rb1805,20171124,20171123,210013500,3818.0,20848,2396634,797785560.0,3820.0,251,3818.0,157
rb1805,20171124,20171123,210014000,3820.0,22072,2397020,844533920.0,3820.0,2,3818.0,34
rb1805,20171124,20171123,210014500,3819.0,22344,2396896,854920120.0,3819.0,11,3818.0,164
rb1805,20171124,20171123,210015000,3819.0,22508,2396926,861183900.0,3821.0,679,3820.0,1
rb1805,20171124,20171123,210015500,3821.0,22802,2396878,872415620.0,3821.0,601,3820.0,14
rb1805,20171124,20171123,210016000,3821.0,23170,2396910,886474080.0,3821.0,531,3820.0,9
rb1805,20171124,20171123,210016500,3821.0,23372,2396944,894190260.0,3821.0,528,3820.0,199
rb1805,20171124,20171123,210017000,3821.0,23902,2397012,914438140.0,3821.0,430,3820.0,38
rb1805,20171124,20171123,210017500,3820.0,24368,2396854,932238920.0,3820.0,405,3819.0,205
rb1805,20171124,20171123,210018000,3820.0,24566,2396810,939801960.0,3820.0,491,3819.0,181
rb1805,20171124,20171123,210018500,3820.0,24946,2396630,954317060.0,3820.0,390,3819.0,139
rb1805,20171124,20171123,210019000,3820.0,25342,2396376,969441500.0,3820.0,346,3819.0,53
rb1805,20171124,20171123,210019500,3819.0,25656,2396484,981433360.0,3819.0,52,3818.0,325
rb1805,20171124,20171123,210020000,3819.0,25710,2396490,983495540.0,3819.0,32,3818.0,322
rb1805,20171124,20171123,210020500,3819.0,25872,2396468,989682560.0,3820.0,346,3819.0,18
rb1805,20171124,20171123,210021000,3820.0,25964,2396476,993196480.0,3820.0,334,3819.0,25
rb1805,20171124,20171123,210021500,3819.0,26116,2396490,999001780.0,3819.0,85,3818.0,362
rb1805,20171124,20171123,210022000,3820.0,26590,2396518,1017104640.0,3820.0,270,3819.0,1
rb1805,20171124,20171123,210022500,3819.0,26798,2396634,1025048020.0,3820.0,251,3819.0,10
rb1805,20171124,20171123,210023000,3820.0,27108,2396528,1036887400.0,3820.0,233,3819.0,32
rb1805,20171124,20171123,210023500,3820.0,27250,2396552,1042311120.0,3820.0,215,3819.0,27
rb1805,20171124,20171123,210024000,3819.0,27398,2396546,1047963980.0,3820.0,195,3819.0,16
rb1805,20171124,20171123,210024500,3820.0,27506,2396610,1052089200.0,3820.0,165,3819.0,124
rb1805,20171124,20171123,210025000,3820.0,27638,2396568,1057130720.0,3820.0,143,3819.0,115
rb1805,20171124,20171123,210025500,3820.0,28146,2396686,1076533240.0,3820.0,43,3819.0,30
rb1805,20171124,20171123,210026000,3820.0,28374,2396754,1085242220.0,3820.0,255,3819.0,20
rb1805,20171124,20171123,210026500,3819.0,28516,2396792,1090665180.0,3819.0,92,3818.0,458
rb1805,20171124,20171123,210027000,3819.0,28716,2396796,1098303180.0,3819.0,59,3818.0,494
rb1805,20171124,20171123,210027500,3820.0,29082,2396550,1112282260.0,3820.0,190,3818.0,467
rb1805,20171124,20171123,210028000,3818.0,29182,2396560,1116100860.0,3819.0,23,3818.0,446
rb1805,20171124,20171123,210028500,3819.0,29280,2396582,1119843420.0,3819.0,543,3818.0,550
rb1805,20171124,20171123,210029000,3819.0,30514,2397512,1166970400.0,3819.0,61,3818.0,551
rb1805,20171124,20171123,210029500,3819.0,31834,2397336,1217374860.0,3819.0,18,3818.0,178
rb1805,20171124,20171123,210030000,3818.0,32344,2397410,1236848140.0,3818.0,126,3817.0,932
rb1805,20171124,20171123,210030500,3816.0,34504,2396326,1319295360.0,3818.0,122,3816.0,217
rb1805,20171124,20171123,210031000,3815.0,35762,2396448,1367304360.0,3816.0,151,3815.0,179
rb1805,20171124,20171123,210031500,3816.0,37152,2396146,1420347140.0,3816.0,161,3815.0,38
rb1805,20171124,20171123,210032000,3815.0,38572,2396566,1474516720.0,3815.0,5,3814.0,112
rb1805,20171124,20171123,210032500,3815.0,38884,2396470,1486417460.0,3815.0,399,3814.0,63
rb1805,20171124,20171123,210033000,3814.0,39356,2396768,1504419420.0,3814.0,229,3813.0,283
rb1805,20171124,20171123,210033500,3813.0,40530,2397224,1549187620.0,3813.0,12,3812.0,231
rb1805,20171124,20171123,210034000,3814.0,41666,2397726,1592499780.0,3812.0,1,3811.0,546
rb1805,20171124,20171123,210034500,3811.0,43140,2398126,1648677200.0,3811.0,120,3810.0,245
rb1805,20171124,20171123,210035000,3808.0,45182,2398168,1726443860.0,3807.0,24,3806.0,407
rb1805,20171124,20171123,210035500,3800.0,55274,2396522,2110301940.0,3805.0,148,3800.0,827
rb1805,20171124,20171123,210036000,3802.0,71660,2391318,2732648820.0,3803.0,1,3802.0,195
rb1805,20171124,20171123,210036500,3790.0,77032,2391124,2936683520.0,3792.0,32,3791.0,58
rb1805,20171124,20171123,210037000,3786.0,90638,2387342,3451891500.0,3791.0,698,3781.0,2
rb1805,20171124,20171123,210037500,3771.0,100494,2387290,3824737260.0,3771.0,1,3768.0,146
rb1805,20171124,20171123,210038000,3761.0,114504,2385338,4352586440.0,3763.0,65,3761.0,254
rb1805,20171124,20171123,210038500,3754.0,127262,2382560,4832497800.0,3756.0,91,3754.0,66
rb1805,20171124,20171123,210039000,3756.0,143508,2377980,5441586360.0,3757.0,39,3756.0,3
rb1805,20171124,20171123,210039500,3732.0,151764,2377546,5751015200.0,3741.0,2,3733.0,12
rb1805,20171124,20171123,210040000,3739.0,172716,2373876,6534262480.0,3751.0,48,3749.0,1
rb1805,20171124,20171123,210040500,3741.0,178290,2372286,6743277500.0,3750.0,6,3741.0,187
rb1805,20171124,20171123,210041000,3746.0,184152,2372058,6962864280.0,3746.0,113,3744.0,8
rb1805,20171124,20171123,210041500,3749.0,188524,2371404,7126575420.0,3749.0,148,3747.0,12
rb1805,20171124,20171123,210042000,3750.0,193760,2370918,7322812700.0,3750.0,4,3749.0,240
rb1805,20171124,20171123,210042500,3750.0,194998,2370898,7369253900.0,3753.0,95,3751.0,80
rb1805,20171124,20171123,210043000,3754.0,198682,2371722,7507432920.0,3754.0,130,3753.0,301
rb1805,20171124,20171123,210043500,3754.0,201230,2371182,7603076820.0,3756.0,124,3754.0,286
rb1805,20171124,20171123,210044000,3757.0,202794,2370740,7661806340.0,3757.0,38,3756.0,17
rb1805,20171124,20171123,210044500,3757.0,204682,2370460,7732753940.0,3760.0,419,3757.0,106
rb1805,20171124,20171123,210045000,3760.0,206558,2369952,7803269540.0,3760.0,251,3758.0,232
rb1805,20171124,20171123,210045500,3760.0,207802,2369618,7850041780.0,3761.0,516,3760.0,100
rb1805,20171124,20171123,210046000,3762.0,210384,2368940,7947164140.0,3763.0,36,3762.0,49
rb1805,20171124,20171123,210046500,3763.0,211542,2368992,7990741240.0,3765.0,84,3763.0,414
rb1805,20171124,20171123,210047000,3768.0,212806,2368776,8038320900.0,3768.0,318,3765.0,55
rb1805,20171124,20171123,210047500,3766.0,215808,2367460,8151372980.0,3767.0,42,3766.0,19
rb1805,20171124,20171123,210048000,3764.0,217008,2366720,8196544100.0,3764.0,592,3763.0,649
rb1805,20171124,20171123,210048500,3763.0,219700,2365618,8297856460.0,3764.0,33,3763.0,82
rb1805,20171124,20171123,210049000,3764.0,222776,2363320,8413655880.0,3765.0,51,3763.0,157
rb1805,20171124,20171123,210049500,3766.0,224176,2362572,8466371940.0,3767.0,222,3766.0,22
rb1805,20171124,20171123,210050000,3766.0,225840,2362462,8529026800.0,3766.0,138,3765.0,3
rb1805,20171124,20171123,210050500,3765.0,227124,2361754,8577369960.0,3765.0,229,3764.0,913
rb1805,20171124,20171123,210051000,3764.0,231426,2361296,8739362060.0,3767.0,15,3766.0,95
rb1805,20171124,20171123,210051500,3771.0,232046,2361234,8762723440.0,3771.0,106,3769.0,2
rb1805,20171124,20171123,210052000,3769.0,233776,2361006,8827908580.0,3769.0,301,3767.0,465
rb1805,20171124,20171123,210052500,3767.0,235336,2360420,8886697360.0,3770.0,52,3769.0,1
rb1805,20171124,20171123,210053000,3767.0,237062,2359954,8951724480.0,3767.0,131,3766.0,462
rb1805,20171124,20171123,210053500,3769.0,238804,2359852,9017363180.0,3769.0,106,3767.0,167
rb1805,20171124,20171123,210054000,3770.0,239796,2359880,9054741480.0,3770.0,55,3769.0,191
rb1805,20171124,20171123,210054500,3770.0,240446,2359726,9079245520.0,3771.0,278,3770.0,217
rb1805,20171124,20171123,210055000,3769.0,242290,2358984,9148772540.0,3771.0,6,3770.0,3
rb1805,20171124,20171123,210055500,3770.0,242766,2358790,9166716980.0,3770.0,32,3769.0,299
rb1805,20171124,20171123,210056000,3770.0,243830,2358178,9206834800.0,3772.0,7,3770.0,14
rb1805,20171124,20171123,210056500,3770.0,245498,2357430,9269712060.0,3770.0,588,3769.0,195
rb1805,20171124,20171123,210057000,3768.0,246946,2356856,9324291300.0,3769.0,1,3767.0,464
rb1805,20171124,20171123,210057500,3766.0,249634,2356230,9425582180.0,3767.0,4,3766.0,607
rb1805,20171124,20171123,210058000,3767.0,250832,2356470,9470720600.0,3767.0,447,3766.0,612
rb1805,20171124,20171123,210058500,3766.0,253032,2356194,9553581200.0,3766.0,187,3765.0,619
rb1805,20171124,20171123,210059000,3765.0,254638,2355458,9614056060.0,3767.0,1,3766.0,5
rb1805,20171124,20171123,210059500,3766.0,255928,2355168,9662645420.0,3766.0,14,3765.0,83
rb1805,20171124,20171123,210100000,3765.0,256630,2354830,9689080160.0,3765.0,14,3764.0,607
rb1805,20171124,20171123,210100500,3764.0,260928,2353046,9850864480.0,3764.0,234,3762.0,195
rb1805,20171124,20171123,210101000,3762.0,262098,2352696,9894879240.0,3762.0,3,3761.0,446
rb1805,20171124,20171123,210101500,3761.0,263616,2352764,9951989100.0,3763.0,198,3761.0,223
rb1805,20171124,20171123,210102000,3761.0,265164,2352004,10010223780.0,3761.0,110,3760.0,676
rb1805,20171124,20171123,210102500,3760.0,267610,2351432,10102204360.0,3760.0,176,3759.0,35
rb1805,20171124,20171123,210103000,3758.0,268894,2351148,10150471860.0,3759.0,5,3758.0,55
rb1805,20171124,20171123,210103500,3761.0,270580,2351368,10213865400.0,3762.0,88,3761.0,28
rb1805,20171124,20171123,210104000,3762.0,271512,2351490,10248925300.0,3763.0,21,3762.0,90
rb1805,20171124,20171123,210104500,3763.0,272256,2351458,10276918000.0,3764.0,219,3763.0,50
rb1805,20171124,20171123,210105000,3764.0,273226,2351264,10313426800.0,3765.0,70,3764.0,286
rb1805,20171124,20171123,210105500,3765.0,275024,2352006,10381105820.0,3767.0,105,3765.0,130
rb1805,20171124,20171123,210106000,3765.0,276290,2352132,10428773900.0,3766.0,40,3765.0,10
rb1805,20171124,20171123,210106500,3766.0,277198,2351674,10462958480.0,3766.0,201,3765.0,1
rb1805,20171124,20171123,210107000,3764.0,278260,2351666,10502939460.0,3765.0,112,3764.0,10
rb1805,20171124,20171123,210107500,3763.0,278650,2351494,10517621880.0,3764.0,2,3763.0,163
rb1805,20171124,20171123,210108000,3764.0,279190,2351362,10537950420.0,3766.0,150,3765.0,70
rb1805,20171124,20171123,210108500,3766.0,279840,2351626,10562425780.0,3767.0,72,3766.0,14
rb1805,20171124,20171123,210109000,3765.0,280624,2351528,10591951220.0,3765.0,41,3764.0,467
rb1805,20171124,20171123,210109500,3765.0,281360,2351214,10619674300.0,3768.0,32,3766.0,200
rb1805,20171124,20171123,210110000,3768.0,281754,2351152,10634517600.0,3769.0,175,3767.0,1
rb1805,20171124,20171123,210110500,3768.0,282238,2351060,10652757360.0,3768.0,4,3767.0,145
rb1805,20171124,20171123,210111000,3770.0,282948,2350920,10679509020.0,3770.0,195,3769.0,52
rb1805,20171124,20171123,210111500,3769.0,283624,2350608,10704991840.0,3769.0,6,3768.0,378
rb1805,20171124,20171123,210112000,3769.0,283974,2350614,10718184760.0,3771.0,338,3769.0,253
rb1805,20171124,20171123,210112500,3771.0,285054,2350080,10758893320.0,3771.0,269,3769.0,4
rb1805,20171124,20171123,210113000,3771.0,285666,2349722,10781962000.0,3771.0,157,3770.0,141
rb1805,20171124,20171123,210113500,3771.0,286232,2349354,10803303200.0,3771.0,7,3770.0,35
rb1805,20171124,20171123,210114000,3770.0,286868,2349042,10827280120.0,3770.0,4,3769.0,128
rb1805,20171124,20171123,210114500,3770.0,287582,2348564,10854204460.0,3772.0,109,3771.0,8
rb1805,20171124,20171123,210115000,3772.0,288000,2348340,10869969000.0,3772.0,106,3771.0,400
rb1805,20171124,20171123,210115500,3772.0,289316,2347466,10919602820.0,3773.0,53,3772.0,12
rb1805,20171124,20171123,210116000,3773.0,289856,2347116,10939971900.0,3774.0,299,3773.0,114
rb1805,20171124,20171123,210116500,3773.0,290720,2347218,10972574740.0,3774.0,79,3773.0,5
rb1805,20171124,20171123,210117000,3773.0,291264,2347198,10993103320.0,3773.0,15,3772.0,124
rb1805,20171124,20171123,210117500,3774.0,291852,2346944,11015290000.0,3774.0,148,3773.0,90
rb1805,20171124,20171123,210118000,3778.0,293142,2346110,11063992720.0,3778.0,107,3774.0,77
rb1805,20171124,20171123,210118500,3779.0,293910,2345952,11092998040.0,3779.0,98,3778.0,2
rb1805,20171124,20171123,210119000,3778.0,294496,2345798,11115135760.0,3778.0,557,3777.0,19
rb1805,20171124,20171123,210119500,3778.0,295600,2345276,11156833060.0,3777.0,127,3776.0,6
rb1805,20171124,20171123,210120000,3776.0,296002,2345088,11172013080.0,3776.0,10,3775.0,47
rb1805,20171124,20171123,210120500,3776.0,296938,2344892,11207354500.0,3776.0,28,3774.0,479
rb1805,20171124,20171123,210121000,3774.0,297432,2344584,11226009060.0,3776.0,258,3774.0,470
rb1805,20171124,20171123,210121500,3776.0,297962,2344258,11246019620.0,3776.0,178,3774.0,392
rb1805,20171124,20171123,210122000,3777.0,298622,2343954,11270943180.0,3777.0,14,3776.0,25
rb1805,20171124,20171123,210122500,3777.0,299784,2343460,11314815920.0,3777.0,56,3776.0,2
rb1805,20171124,20171123,210123000,3776.0,300106,2343468,11326974600.0,3776.0,24,3775.0,52
rb1805,20171124,20171123,210123500,3776.0,300422,2343320,11338908080.0,3777.0,106,3776.0,33
rb1805,20171124,20171123,210124000,3777.0,300704,2343308,11349557860.0,3777.0,72,3776.0,56
rb1805,20171124,20171123,210124500,3777.0,301210,2343246,11368669460.0,3778.0,598,3777.0,122
rb1805,20171124,20171123,210125000,3777.0,302082,2342898,11401609600.0,3778.0,333,3777.0,9
rb1805,20171124,20171123,210125500,3777.0,302628,2342640,11422236420.0,3778.0,104,3777.0,12
rb1805,20171124,20171123,210126000,3777.0,303020,2342722,11437046040.0,3779.0,121,3778.0,7
rb1805,20171124,20171123,210126500,3779.0,303284,2342726,11447020400.0,3778.0,1,3777.0,160
rb1805,20171124,20171123,210127000,3778.0,303538,2342778,11456616960.0,3779.0,84,3778.0,73
rb1805,20171124,20171123,210127500,3778.0,303698,2342786,11462662780.0,3779.0,35,3778.0,332
rb1805,20171124,20171123,210128000,3779.0,303968,2342778,11472866180.0,3780.0,728,3779.0,124
rb1805,20171124,20171123,210128500,3778.0,304906,2342298,11508309860.0,3779.0,51,3778.0,252
rb1805,20171124,20171123,210129000,3779.0,305560,2342280,11533027620.0,3780.0,573,3779.0,32
rb1805,20171124,20171123,210129500,3779.0,305664,2342296,11536958200.0,3780.0,554,3779.0,154
rb1805,20171124,20171123,210130000,3779.0,306032,2342388,11550865840.0,3780.0,517,3779.0,101
rb1805,20171124,20171123,210130500,3780.0,306730,2342300,11577247600.0,3780.0,304,3779.0,67
rb1805,20171124,20171123,210131000,3779.0,307116,2342324,11591836640.0,3780.0,210,3779.0,201
rb1805,20171124,20171123,210131500,3780.0,307742,2342186,11615498200.0,3780.0,66,3779.0,172
rb1805,20171124,20171123,210132000,3780.0,308924,2342024,11660190820.0,3781.0,9,3780.0,360
rb1805,20171124,20171123,210132500,3781.0,309654,2341954,11687792500.0,3782.0,254,3781.0,276
rb1805,20171124,20171123,210133000,3780.0,310902,2341734,11734984960.0,3781.0,136,3780.0,597
rb1805,20171124,20171123,210133500,3781.0,311348,2341458,11751846920.0,3781.0,29,3780.0,744
rb1805,20171124,20171123,210134000,3780.0,312186,2340900,11783526960.0,3781.0,20,3780.0,571
rb1805,20171124,20171123,210134500,3781.0,313410,2339982,11829798080.0,3782.0,54,3781.0,65
rb1805,20171124,20171123,210135000,3781.0,314052,2339858,11854076000.0,3783.0,199,3782.0,1
rb1805,20171124,20171123,210135500,3781.0,314564,2340018,11873436440.0,3782.0,111,3781.0,118
rb1805,20171124,20171123,210136000,3781.0,315006,2339912,11890149140.0,3782.0,219,3780.0,275
rb1805,20171124,20171123,210136500,3782.0,316174,2339916,11934301160.0,3782.0,164,3781.0,2
rb1805,20171124,20171123,210137000,3781.0,316802,2339934,11958040500.0,3781.0,409,3780.0,1
rb1805,20171124,20171123,210137500,3781.0,317512,2340104,11984882600.0,3781.0,331,3780.0,13
rb1805,20171124,20171123,210138000,3780.0,318100,2339758,12007110700.0,3780.0,50,3779.0,140
rb1805,20171124,20171123,210138500,3779.0,318918,2339530,12038027860.0,3779.0,77,3778.0,283
rb1805,20171124,20171123,210139000,3779.0,319584,2339620,12063193840.0,3779.0,213,3778.0,177
rb1805,20171124,20171123,210139500,3778.0,320176,2339640,12085560580.0,3778.0,155,3777.0,602
rb1805,20171124,20171123,210140000,3777.0,320674,2339598,12104373680.0,3778.0,346,3777.0,535
rb1805,20171124,20171123,210140500,3777.0,322106,2339756,12158459260.0,3777.0,44,3776.0,200
rb1805,20171124,20171123,210141000,3777.0,322896,2339686,12188292880.0,3777.0,323,3775.0,92
rb1805,20171124,20171123,210141500,3775.0,323578,2339470,12214040980.0,3775.0,169,3774.0,331
rb1805,20171124,20171123,210142000,3776.0,324292,2339284,12240995960.0,3776.0,8,3775.0,21
rb1805,20171124,20171123,210142500,3776.0,325184,2338946,12274673660.0,3776.0,19,3775.0,4
rb1805,20171124,20171123,210143000,3777.0,325614,2339142,12290909000.0,3777.0,256,3776.0,9
rb1805,20171124,20171123,210143500,3775.0,326146,2339356,12310991960.0,3776.0,27,3775.0,28
rb1805,20171124,20171123,210144000,3775.0,326478,2339346,12323525120.0,3775.0,73,3774.0,103
rb1805,20171124,20171123,210144500,3775.0,327020,2339258,12343982780.0,3775.0,63,3774.0,8
rb1805,20171124,20171123,210145000,3774.0,327498,2339116,12362019440.0,3774.0,63,3773.0,117
rb1805,20171124,20171123,210145500,3774.0,327982,2339148,12380287500.0,3774.0,1,3773.0,87
rb1805,20171124,20171123,210146000,3774.0,328438,2339034,12397497620.0,3774.0,11,3773.0,61
rb1805,20171124,20171123,210146500,3773.0,328818,2338942,12411837900.0,3774.0,53,3773.0,14
rb1805,20171124,20171123,210147000,3774.0,329092,2338924,12422176580.0,3775.0,127,3774.0,1
rb1805,20171124,20171123,210147500,3774.0,329364,2338982,12432441460.0,3774.0,326,3773.0,22
rb1805,20171124,20171123,210148000,3774.0,330198,2339102,12463915280.0,3774.0,300,3773.0,26
rb1805,20171124,20171123,210148500,3773.0,330408,2339008,12471839260.0,3773.0,31,3772.0,504
rb1805,20171124,20171123,210149000,3774.0,330956,2338560,12492519680.0,3774.0,109,3773.0,3
rb1805,20171124,20171123,210149500,3773.0,331308,2338368,12505800800.0,3773.0,2,3772.0,453
rb1805,20171124,20171123,210150000,3774.0,331788,2338156,12523914780.0,3775.0,180,3774.0,59
rb1805,20171124,20171123,210150500,3774.0,332006,2338034,12532141720.0,3775.0,165,3774.0,15
rb1805,20171124,20171123,210151000,3774.0,332230,2338084,12540595540.0,3774.0,223,3773.0,223
rb1805,20171124,20171123,210151500,3774.0,332966,2338016,12568367580.0,3774.0,202,3773.0,21
rb1805,20171124,20171123,210152000,3774.0,333162,2338120,12575764060.0,3774.0,164,3773.0,7
rb1805,20171124,20171123,210152500,3773.0,333346,2338070,12582708060.0,3774.0,93,3773.0,38
rb1805,20171124,20171123,210153000,3774.0,333904,2338026,12603762740.0,3774.0,39,3772.0,471
rb1805,20171124,20171123,210153500,3774.0,334082,2337960,12610480240.0,3775.0,255,3774.0,2
rb1805,20171124,20171123,210154000,3774.0,334220,2337888,12615687680.0,3774.0,47,3773.0,18
rb1805,20171124,20171123,210154500,3773.0,334400,2337772,12622480180.0,3773.0,8,3772.0,529
rb1805,20171124,20171123,210155000,3773.0,334540,2337786,12627762960.0,3774.0,11,3773.0,3
rb1805,20171124,20171123,210155500,3774.0,334748,2337738,12635612700.0,3774.0,5,3773.0,89
rb1805,20171124,20171123,210156000,3775.0,335012,2337802,12645576880.0,3775.0,214,3774.0,11
rb1805,20171124,20171123,210156500,3774.0,335500,2337742,12663994260.0,3774.0,5,3773.0,284
rb1805,20171124,20171123,210157000,3773.0,335686,2337688,12671013760.0,3775.0,162,3773.0,289
rb1805,20171124,20171123,210157500,3775.0,336074,2337584,12685660520.0,3776.0,270,3775.0,303
rb1805,20171124,20171123,210158000,3775.0,336396,2337488,12697816580.0,3776.0,152,3775.0,218
rb1805,20171124,20171123,210158500,3774.0,337092,2337032,12724089880.0,3775.0,3,3774.0,109
rb1805,20171124,20171123,210159000,3774.0,337240,2336924,12729677060.0,3775.0,1,3774.0,112
rb1805,20171124,20171123,210159500,3776.0,337524,2336818,12740398700.0,3776.0,53,3775.0,24
rb1805,20171124,20171123,210200000,3775.0,337860,2336538,12753082440.0,3775.0,10,3774.0,136
rb1805,20171124,20171123,210200500,3773.0,339526,2335640,12815948120.0,3774.0,1,3773.0,19
rb1805,20171124,20171123,210201000,3773.0,340398,2335266,12848844900.0,3773.0,4,3772.0,328
rb1805,20171124,20171123,210201500,3772.0,340704,2335228,12860389580.0,3774.0,40,3772.0,276
rb1805,20171124,20171123,210202000,3773.0,341028,2335340,12872616380.0,3773.0,5,3772.0,251
rb1805,20171124,20171123,210202500,3772.0,341342,2335222,12884464240.0,3773.0,40,3772.0,244
rb1805,20171124,20171123,210203000,3772.0,342050,2335154,12911178800.0,3775.0,45,3774.0,8
rb1805,20171124,20171123,210203500,3773.0,342266,2335038,12919329300.0,3774.0,149,3773.0,84
rb1805,20171124,20171123,210204000,3773.0,343256,2335164,12956674860.0,3774.0,164,3773.0,221
rb1805,20171124,20171123,210204500,3773.0,343856,2335320,12979313940.0,3773.0,120,3772.0,45
rb1805,20171124,20171123,210205000,3772.0,344052,2335242,12986708700.0,3773.0,87,3772.0,37
rb1805,20171124,20171123,210205500,3771.0,344254,2335082,12994328500.0,3772.0,60,3771.0,114
rb1805,20171124,20171123,210206000,3773.0,344864,2334676,13017337700.0,3773.0,49,3772.0,14
rb1805,20171124,20171123,210206500,3772.0,345110,2334504,13026617320.0,3773.0,57,3772.0,60
rb1805,20171124,20171123,210207000,3773.0,345480,2334508,13040575180.0,3773.0,138,3772.0,222
rb1805,20171124,20171123,210207500,3772.0,345712,2334476,13049326960.0,3773.0,102,3772.0,170
rb1805,20171124,20171123,210208000,3773.0,345850,2334422,13054533280.0,3773.0,56,3772.0,223
rb1805,20171124,20171123,210208500,3773.0,346058,2334400,13062380160.0,3773.0,3,3772.0,229
rb1805,20171124,20171123,210209000,3773.0,346462,2334228,13077619460.0,3773.0,2,3772.0,66
rb1805,20171124,20171123,210209500,3772.0,346986,2334310,13097389760.0,3774.0,323,3772.0,66
rb1805,20171124,20171123,210210000,3773.0,347138,2334236,13103124180.0,3773.0,45,3772.0,38
rb1805,20171124,20171123,210210500,3772.0,347428,2334248,13114063780.0,3772.0,34,3771.0,241
rb1805,20171124,20171123,210211000,3773.0,348134,2333868,13140688840.0,3773.0,186,3772.0,1
rb1805,20171124,20171123,210211500,3772.0,348244,2333826,13144838080.0,3771.0,3,3770.0,599
rb1805,20171124,20171123,210212000,3772.0,348592,2333664,13157966140.0,3772.0,9,3771.0,39
rb1805,20171124,20171123,210212500,3772.0,348810,2333638,13166188900.0,3772.0,1,3771.0,36
rb1805,20171124,20171123,210213000,3772.0,349186,2333538,13180370000.0,3772.0,434,3771.0,35
rb1805,20171124,20171123,210213500,3771.0,349456,2333414,13190551880.0,3771.0,2,3770.0,611
rb1805,20171124,20171123,210214000,3771.0,351220,2332262,13257092140.0,3772.0,33,3771.0,30
rb1805,20171124,20171123,210214500,3771.0,351598,2332038,13271350220.0,3773.0,16,3771.0,615
rb1805,20171124,20171123,210215000,3772.0,351788,2332054,13278517900.0,3774.0,118,3772.0,100
rb1805,20171124,20171123,210215500,3772.0,351954,2332006,13284779680.0,3773.0,2,3772.0,199
rb1805,20171124,20171123,210216000,3772.0,352292,2331816,13297529740.0,3773.0,15,3772.0,72
rb1805,20171124,20171123,210216500,3772.0,352438,2331726,13303037940.0,3774.0,117,3772.0,146
rb1805,20171124,20171123,210217000,3773.0,352746,2331794,13314660280.0,3774.0,47,3773.0,126
rb1805,20171124,20171123,210217500,3773.0,353256,2331556,13333904720.0,3775.0,142,3773.0,81
rb1805,20171124,20171123,210218000,3773.0,353402,2331560,13339415020.0,3775.0,56,3773.0,104
rb1805,20171124,20171123,210218500,3775.0,353580,2331524,13346132780.0,3775.0,20,3774.0,93
rb1805,20171124,20171123,210219000,3774.0,353828,2331442,13355494620.0,3776.0,129,3774.0,255
rb1805,20171124,20171123,210219500,3774.0,354050,2331426,13363875780.0,3776.0,5,3775.0,54
rb1805,20171124,20171123,210220000,3776.0,354210,2331448,13369916460.0,3777.0,139,3776.0,19
rb1805,20171124,20171123,210220500,3776.0,354348,2331432,13375128380.0,3777.0,32,3776.0,349
rb1805,20171124,20171123,210221000,3778.0,356858,2329950,13469877080.0,3778.0,182,3777.0,56
rb1805,20171124,20171123,210221500,3776.0,357146,2329838,13480754540.0,3777.0,614,3776.0,5
rb1805,20171124,20171123,210222000,3776.0,357728,2330074,13502730620.0,3776.0,41,3775.0,70
rb1805,20171124,20171123,210222500,3776.0,358220,2330118,13521308520.0,3776.0,5,3775.0,77
rb1805,20171124,20171123,210223000,3776.0,358574,2330250,13534678280.0,3777.0,300,3776.0,15
rb1805,20171124,20171123,210223500,3776.0,359860,2329540,13583216740.0,3776.0,40,3775.0,1
rb1805,20171124,20171123,210224000,3775.0,360102,2329550,13592351920.0,3775.0,36,3774.0,1
rb1805,20171124,20171123,210224500,3775.0,360248,2329572,13597863060.0,3775.0,12,3774.0,2
rb1805,20171124,20171123,210225000,3776.0,360616,2329586,13611757140.0,3776.0,42,3775.0,14
rb1805,20171124,20171123,210225500,3776.0,361036,2329400,13627611280.0,3776.0,8,3775.0,1
rb1805,20171124,20171123,210226000,3772.0,361994,2328726,13663759080.0,3772.0,47,3771.0,555
rb1805,20171124,20171123,210226500,3773.0,362208,2328754,13671832960.0,3774.0,92,3773.0,9
rb1805,20171124,20171123,210227000,3775.0,362440,2328766,13680590060.0,3775.0,135,3774.0,25
rb1805,20171124,20171123,210227500,3772.0,363540,2328256,13722087860.0,3775.0,375,3774.0,5
rb1805,20171124,20171123,210228000,3774.0,363920,2328292,13736428640.0,3773.0,36,3772.0,126
rb1805,20171124,20171123,210228500,3772.0,364728,2328090,13766912400.0,3772.0,164,3771.0,543
rb1805,20171124,20171123,210229000,3772.0,365218,2327762,13785396340.0,3773.0,230,3772.0,185
rb1805,20171124,20171123,210229500,3773.0,365398,2327788,13792186940.0,3773.0,218,3772.0,172
rb1805,20171124,20171123,210230000,3773.0,365870,2327392,13809995360.0,3774.0,210,3773.0,3
rb1805,20171124,20171123,210230500,3774.0,365956,2327438,13813240380.0,3774.0,204,3773.0,17
rb1805,20171124,20171123,210231000,3773.0,366316,2327482,13826826620.0,3774.0,33,3773.0,249
rb1805,20171124,20171123,210231500,3773.0,366546,2327542,13835506460.0,3774.0,1,3773.0,279
rb1805,20171124,20171123,210232000,3775.0,366632,2327528,13838752620.0,3775.0,57,3774.0,280
rb1805,20171124,20171123,210232500,3776.0,366768,2327544,13843886560.0,3776.0,186,3775.0,22
rb1805,20171124,20171123,210233000,3775.0,367026,2327580,13853628100.0,3776.0,128,3775.0,17
rb1805,20171124,20171123,210233500,3774.0,367406,2327526,13867969860.0,3775.0,300,3774.0,268
rb1805,20171124,20171123,210234000,3774.0,367704,2327454,13879218280.0,3775.0,208,3774.0,204
rb1805,20171124,20171123,210234500,3775.0,367860,2327448,13885107120.0,3775.0,185,3774.0,239
rb1805,20171124,20171123,210235000,3774.0,368000,2327502,13890391960.0,3775.0,126,3774.0,266
rb1805,20171124,20171123,210235500,3775.0,368414,2327486,13906018780.0,3775.0,22,3774.0,321
rb1805,20171124,20171123,210236000,3775.0,368496,2327516,13909114220.0,3776.0,173,3775.0,101
rb1805,20171124,20171123,210236500,3775.0,368654,2327470,13915078820.0,3776.0,168,3775.0,71
rb1805,20171124,20171123,210237000,3776.0,368784,2327410,13919987340.0,3776.0,121,3775.0,111
rb1805,20171124,20171123,210237500,3776.0,368964,2327352,13926782680.0,3776.0,105,3775.0,84
rb1805,20171124,20171123,210238000,3775.0,369100,2327372,13931917100.0,3776.0,89,3775.0,150
rb1805,20171124,20171123,210238500,3776.0,369350,2327282,13941355760.0,3776.0,48,3775.0,109
rb1805,20171124,20171123,210239000,3775.0,369636,2327390,13952153240.0,3777.0,279,3775.0,42
rb1805,20171124,20171123,210239500,3777.0,370038,2327302,13967332520.0,3777.0,288,3776.0,4
rb1805,20171124,20171123,210240000,3776.0,370202,2327328,13973525040.0,3776.0,78,3775.0,34
rb1805,20171124,20171123,210240500,3776.0,370382,2327230,13980321220.0,3776.0,92,3775.0,22
rb1805,20171124,20171123,210241000,3775.0,370568,2327278,13987344060.0,3776.0,98,3775.0,6
rb1805,20171124,20171123,210241500,3776.0,370836,2327238,13997462380.0,3776.0,215,3775.0,1
rb1805,20171124,20171123,210242000,3775.0,370920,2327218,14000633100.0,3775.0,94,3774.0,293
rb1805,20171124,20171123,210242500,3775.0,371332,2326946,14016185640.0,3775.0,16,3774.0,276
rb1805,20171124,20171123,210243000,3776.0,371882,2326560,14036946060.0,3776.0,214,3775.0,5
rb1805,20171124,20171123,210243500,3776.0,372102,2326620,14045251660.0,3776.0,187,3775.0,1
rb1805,20171124,20171123,210244000,3776.0,372530,2326560,14061412700.0,3777.0,246,3776.0,347
rb1805,20171124,20171123,210244500,3776.0,372680,2326456,14067076760.0,3777.0,184,3776.0,288
rb1805,20171124,20171123,210245000,3777.0,373024,2326406,14080067820.0,3777.0,133,3776.0,251
rb1805,20171124,20171123,210245500,3777.0,373346,2326304,14092227460.0,3777.0,80,3776.0,166
rb1805,20171124,20171123,210246000,3777.0,373598,2326324,14101745720.0,3778.0,278,3777.0,64
rb1805,20171124,20171123,210246500,3778.0,373646,2326342,14103558760.0,3778.0,274,3777.0,78
rb1805,20171124,20171123,210247000,3777.0,373794,2326418,14109148840.0,3778.0,278,3777.0,127
rb1805,20171124,20171123,210247500,3777.0,374104,2326194,14120857680.0,3778.0,272,3777.0,32
rb1805,20171124,20171123,210248000,3778.0,374358,2326276,14130453120.0,3778.0,290,3777.0,31
rb1805,20171124,20171123,210248500,3777.0,374708,2326320,14143675640.0,3778.0,160,3777.0,21
rb1805,20171124,20171123,210249000,3778.0,375588,2326418,14176922380.0,3779.0,275,3778.0,227
rb1805,20171124,20171123,210249500,3778.0,375826,2326506,14185914380.0,3779.0,260,3778.0,147
rb1805,20171124,20171123,210250000,3778.0,376184,2326774,14199439680.0,3779.0,256,3778.0,71
rb1805,20171124,20171123,210250500,3777.0,376494,2326686,14211151100.0,3779.0,206,3777.0,86
rb1805,20171124,20171123,210251000,3777.0,376818,2326466,14223389420.0,3777.0,73,3776.0,298
rb1805,20171124,20171123,210251500,3779.0,377584,2326370,14252330880.0,3779.0,29,3778.0,2
rb1805,20171124,20171123,210252000,3778.0,378018,2326038,14268730380.0,3778.0,28,3777.0,210
rb1805,20171124,20171123,210252500,3779.0,378262,2325900,14277950100.0,3780.0,470,3779.0,20
rb1805,20171124,20171123,210253000,3779.0,378356,2325934,14281502280.0,3779.0,79,3778.0,90
rb1805,20171124,20171123,210253500,3779.0,378642,2325974,14292310240.0,3780.0,473,3779.0,475
rb1805,20171124,20171123,210254000,3779.0,378922,2326052,14302893600.0,3780.0,353,3779.0,524
rb1805,20171124,20171123,210254500,3779.0,379394,2326250,14320733420.0,3780.0,177,3779.0,443
rb1805,20171124,20171123,210255000,3780.0,380074,2326266,14346433180.0,3780.0,61,3779.0,266
rb1805,20171124,20171123,210255500,3780.0,380308,2326240,14355277780.0,3780.0,6,3779.0,252
rb1805,20171124,20171123,210256000,3780.0,380466,2326282,14361249480.0,3781.0,403,3780.0,48
rb1805,20171124,20171123,210256500,3780.0,380978,2326282,14380602340.0,3780.0,261,3779.0,210
rb1805,20171124,20171123,210257000,3779.0,381342,2326468,14394361120.0,3780.0,131,3779.0,189
rb1805,20171124,20171123,210257500,3780.0,381682,2326462,14407212620.0,3780.0,106,3779.0,167
rb1805,20171124,20171123,210258000,3780.0,381956,2326574,14417569000.0,3780.0,39,3779.0,139
rb1805,20171124,20171123,210258500,3780.0,382210,2326524,14427168680.0,3780.0,22,3779.0,73
rb1805,20171124,20171123,210259000,3779.0,382792,2326464,14449163540.0,3779.0,244,3778.0,69
rb1805,20171124,20171123,210259500,3779.0,383200,2326114,14464581680.0,3779.0,80,3778.0,61
rb1805,20171124,20171123,210300000,3779.0,383640,2326020,14481209560.0,3779.0,6,3778.0,73
rb1805,20171124,20171123,210300500,3778.0,384268,2325944,14504935460.0,3779.0,36,3777.0,93
rb1805,20171124,20171123,210301000,3777.0,384958,2325970,14531001780.0,3777.0,13,3776.0,273
rb1805,20171124,20171123,210301500,3777.0,385258,2325954,14542333040.0,3778.0,77,3777.0,22
rb1805,20171124,20171123,210302000,3777.0,385650,2325628,14557138020.0,3777.0,1,3776.0,225
rb1805,20171124,20171123,210302500,3777.0,385992,2325646,14570056360.0,3777.0,56,3776.0,219
rb1805,20171124,20171123,210303000,3776.0,386452,2325532,14587426140.0,3776.0,176,3775.0,346
rb1805,20171124,20171123,210303500,3775.0,386872,2325238,14603284060.0,3776.0,109,3775.0,290
rb1805,20171124,20171123,210304000,3776.0,387070,2325160,14610759940.0,3776.0,602,3775.0,283
rb1805,20171124,20171123,210304500,3775.0,387766,2325264,14637035020.0,3775.0,126,3774.0,345
rb1805,20171124,20171123,210305000,3775.0,388966,2324360,14682319460.0,3774.0,20,3773.0,163
rb1805,20171124,20171123,210305500,3773.0,389396,2324160,14698546360.0,3774.0,20,3773.0,101
rb1805,20171124,20171123,210306000,3774.0,389716,2324138,14710622880.0,3774.0,2,3773.0,93
rb1805,20171124,20171123,210306500,3774.0,389912,2324232,14718020720.0,3775.0,229,3774.0,2
rb1805,20171124,20171123,210307000,3774.0,390214,2324306,14729417820.0,3775.0,219,3774.0,49
rb1805,20171124,20171123,210307500,3774.0,390438,2324284,14737872640.0,3774.0,139,3773.0,143
rb1805,20171124,20171123,210308000,3774.0,390800,2323984,14751534740.0,3775.0,150,3774.0,7
rb1805,20171124,20171123,210308500,3775.0,391146,2324048,14764596060.0,3776.0,648,3775.0,378
rb1805,20171124,20171123,210309000,3775.0,391240,2324134,14768144580.0,3776.0,647,3775.0,440
rb1805,20171124,20171123,210309500,3775.0,391310,2324150,14770787160.0,3776.0,643,3775.0,380
rb1805,20171124,20171123,210310000,3776.0,391480,2324266,14777205080.0,3776.0,622,3775.0,379
rb1805,20171124,20171123,210310500,3775.0,391774,2324308,14788303620.0,3776.0,620,3775.0,288
rb1805,20171124,20171123,210311000,3776.0,391906,2324332,14793287340.0,3776.0,584,3775.0,260
rb1805,20171124,20171123,210311500,3775.0,392434,2324596,14813219380.0,3775.0,7,3774.0,186
rb1805,20171124,20171123,210312000,3774.0,392590,2324604,14819107500.0,3775.0,4,3774.0,122
rb1805,20171124,20171123,210312500,3775.0,392678,2324590,14822429240.0,3775.0,76,3774.0,107
rb1805,20171124,20171123,210313000,3775.0,392836,2324570,14828393660.0,3775.0,188,3774.0,98
rb1805,20171124,20171123,210313500,3774.0,393080,2324358,14837604480.0,3775.0,134,3774.0,104
rb1805,20171124,20171123,210314000,3775.0,393468,2324390,14852249060.0,3775.0,63,3774.0,19
rb1805,20171124,20171123,210314500,3775.0,393558,2324406,14855646000.0,3775.0,57,3774.0,17
rb1805,20171124,20171123,210315000,3775.0,393810,2324276,14865155620.0,3775.0,38,3774.0,8
rb1805,20171124,20171123,210315500,3774.0,394138,2324396,14877534580.0,3774.0,5,3773.0,204
rb1805,20171124,20171123,210316000,3775.0,394328,2324358,14884705860.0,3775.0,209,3774.0,67
rb1805,20171124,20171123,210316500,3774.0,394426,2324368,14888405100.0,3775.0,169,3774.0,100
rb1805,20171124,20171123,210317000,3775.0,394606,2324316,14895199620.0,3775.0,89,3774.0,95
rb1805,20171124,20171123,210317500,3774.0,394738,2324394,14900182460.0,3775.0,33,3774.0,100
rb1805,20171124,20171123,210318000,3774.0,395278,2324344,14920563400.0,3774.0,41,3773.0,232
rb1805,20171124,20171123,210318500,3775.0,395446,2324246,14926904220.0,3775.0,72,3774.0,105
rb1805,20171124,20171123,210319000,3775.0,395516,2324220,14929546680.0,3776.0,664,3775.0,1
rb1805,20171124,20171123,210319500,3773.0,395868,2324266,14942832320.0,3774.0,381,3773.0,258
rb1805,20171124,20171123,210320000,3773.0,395922,2324266,14944870100.0,3774.0,371,3773.0,245
rb1805,20171124,20171123,210320500,3774.0,396102,2324400,14951663100.0,3774.0,293,3773.0,252
rb1805,20171124,20171123,210321000,3774.0,396174,2324412,14954380380.0,3774.0,258,3773.0,264
rb1805,20171124,20171123,210321500,3774.0,396438,2324554,14964341760.0,3774.0,230,3773.0,168
rb1805,20171124,20171123,210322000,3773.0,396508,2324568,14966983440.0,3774.0,201,3773.0,167
rb1805,20171124,20171123,210322500,3773.0,396888,2324554,14981321740.0,3774.0,158,3773.0,25
rb1805,20171124,20171123,210323000,3774.0,397098,2324660,14989246180.0,3773.0,20,3772.0,662
rb1805,20171124,20171123,210323500,3773.0,397310,2324638,14997245360.0,3773.0,376,3772.0,668
rb1805,20171124,20171123,210324000,3772.0,397458,2324612,15002828480.0,3773.0,352,3772.0,630
rb1805,20171124,20171123,210324500,3772.0,398048,2324644,15025088500.0,3773.0,107,3772.0,602
rb1805,20171124,20171123,210325000,3773.0,398514,2324654,15042670260.0,3774.0,62,3773.0,25
rb1805,20171124,20171123,210325500,3774.0,398692,2324746,15049387360.0,3774.0,46,3773.0,143
rb1805,20171124,20171123,210326000,3774.0,398828,2324650,15054520080.0,3775.0,1263,3774.0,134
rb1805,20171124,20171123,210326500,3774.0,399126,2324444,15065766500.0,3774.0,58,3773.0,549
rb1805,20171124,20171123,210327000,3774.0,399366,2324322,15074823940.0,3775.0,1223,3774.0,101
rb1805,20171124,20171123,210327500,3775.0,399512,2324308,15080334120.0,3775.0,1291,3774.0,272
rb1805,20171124,20171123,210328000,3775.0,399838,2324074,15092639840.0,3775.0,1092,3774.0,268
rb1805,20171124,20171123,210328500,3774.0,400318,2323694,15110756540.0,3775.0,1023,3774.0,152
rb1805,20171124,20171123,210329000,3775.0,401224,2323710,15144957860.0,3775.0,579,3774.0,162
rb1805,20171124,20171123,210329500,3775.0,402468,2323448,15191918900.0,3776.0,615,3775.0,32
rb1805,20171124,20171123,210330000,3775.0,403066,2323454,15214495440.0,3776.0,513,3775.0,55
rb1805,20171124,20171123,210330500,3775.0,403216,2323542,15220158920.0,3776.0,465,3775.0,447
rb1805,20171124,20171123,210331000,3777.0,404178,2324090,15256483960.0,3777.0,81,3776.0,306
rb1805,20171124,20171123,210331500,3777.0,404424,2324276,15265775720.0,3778.0,105,3777.0,414
rb1805,20171124,20171123,210332000,3778.0,404692,2324444,15275900660.0,3779.0,270,3778.0,216
rb1805,20171124,20171123,210332500,3778.0,405192,2324548,15294792500.0,3778.0,144,3777.0,64
rb1805,20171124,20171123,210333000,3778.0,405562,2324204,15308771780.0,3779.0,142,3778.0,3
rb1805,20171124,20171123,210333500,3779.0,405954,2324334,15323584100.0,3780.0,315,3779.0,340
rb1805,20171124,20171123,210334000,3779.0,406030,2324330,15326456480.0,3780.0,344,3779.0,340
rb1805,20171124,20171123,210334500,3779.0,406388,2324256,15339986820.0,3780.0,268,3779.0,251
rb1805,20171124,20171123,210335000,3779.0,406536,2324256,15345580660.0,3780.0,220,3779.0,281
rb1805,20171124,20171123,210335500,3780.0,406888,2324258,15358884120.0,3780.0,153,3779.0,222
rb1805,20171124,20171123,210336000,3781.0,407246,2324154,15372416340.0,3781.0,468,3780.0,200
rb1805,20171124,20171123,210336500,3780.0,407882,2323772,15396458280.0,3780.0,155,3779.0,140
rb1805,20171124,20171123,210337000,3780.0,408072,2323690,15403639860.0,3780.0,87,3779.0,180
rb1805,20171124,20171123,210337500,3780.0,408304,2323578,15412409140.0,3781.0,374,3780.0,5
rb1805,20171124,20171123,210338000,3780.0,408632,2323710,15424806380.0,3780.0,76,3779.0,109
rb1805,20171124,20171123,210338500,3779.0,408700,2323738,15427376580.0,3780.0,97,3779.0,109
rb1805,20171124,20171123,210339000,3780.0,408998,2323664,15438641600.0,3780.0,12,3779.0,116
rb1805,20171124,20171123,210339500,3780.0,409074,2323664,15441514140.0,3780.0,2,3779.0,104
rb1805,20171124,20171123,210340000,3780.0,409214,2323662,15446805420.0,3780.0,2,3779.0,131
rb1805,20171124,20171123,210340500,3780.0,409386,2323576,15453306960.0,3781.0,347,3780.0,27
rb1805,20171124,20171123,210341000,3780.0,409508,2323508,15457918540.0,3780.0,27,3779.0,142
rb1805,20171124,20171123,210341500,3779.0,409598,2323466,15461320160.0,3780.0,59,3779.0,129
rb1805,20171124,20171123,210342000,3780.0,409936,2323510,15474096480.0,3781.0,330,3780.0,7
rb1805,20171124,20171123,210342500,3780.0,410028,2323528,15477573940.0,3780.0,82,3779.0,171
rb1805,20171124,20171123,210343000,3780.0,410252,2323414,15486041160.0,3781.0,337,3780.0,528
rb1805,20171124,20171123,210343500,3781.0,410362,2323364,15490199620.0,3781.0,315,3780.0,531
rb1805,20171124,20171123,210344000,3781.0,410452,2323348,15493602080.0,3781.0,295,3780.0,551
rb1805,20171124,20171123,210344500,3781.0,410742,2323082,15504566760.0,3781.0,163,3780.0,655
rb1805,20171124,20171123,210345000,3782.0,411106,2323248,15518329620.0,3782.0,234,3781.0,233
rb1805,20171124,20171123,210345500,3781.0,411298,2323302,15525590520.0,3782.0,169,3781.0,237
rb1805,20171124,20171123,210346000,3782.0,411448,2323310,15531262720.0,3782.0,135,3781.0,270
rb1805,20171124,20171123,210346500,3781.0,411684,2323362,15540187780.0,3782.0,44,3781.0,281
rb1805,20171124,20171123,210347000,3782.0,411848,2323372,15546390060.0,3783.0,478,3782.0,75
rb1805,20171124,20171123,210347500,3783.0,411910,2323400,15548735120.0,3783.0,408,3782.0,98
rb1805,20171124,20171123,210348000,3784.0,413026,2322842,15590954940.0,3784.0,126,3783.0,120
rb1805,20171124,20171123,210348500,3783.0,413300,2322840,15601322160.0,3784.0,49,3783.0,89
rb1805,20171124,20171123,210349000,3783.0,413406,2322790,15605332640.0,3784.0,44,3783.0,218
rb1805,20171124,20171123,210349500,3783.0,413614,2322752,15613202960.0,3785.0,308,3784.0,10
rb1805,20171124,20171123,210350000,3784.0,413758,2322698,15618652160.0,3785.0,296,3783.0,231
rb1805,20171124,20171123,210350500,3785.0,414080,2322706,15630838400.0,3785.0,189,3783.0,213
rb1805,20171124,20171123,210351000,3785.0,414732,2322566,15655517580.0,3785.0,30,3784.0,74
rb1805,20171124,20171123,210351500,3785.0,414868,2322586,15660665240.0,3786.0,48,3785.0,52
rb1805,20171124,20171123,210352000,3785.0,415178,2322736,15672398360.0,3785.0,68,3784.0,173
rb1805,20171124,20171123,210352500,3786.0,416112,2322348,15707759320.0,3788.0,343,3786.0,89
rb1805,20171124,20171123,210353000,3785.0,416518,2322432,15723130920.0,3786.0,49,3785.0,339
rb1805,20171124,20171123,210353500,3786.0,416746,2322484,15731762220.0,3787.0,20,3786.0,4
rb1805,20171124,20171123,210354000,3787.0,417016,2322428,15741985240.0,3787.0,112,3786.0,16
rb1805,20171124,20171123,210354500,3786.0,417326,2322266,15753721160.0,3786.0,74,3785.0,441
rb1805,20171124,20171123,210355000,3785.0,417516,2322288,15760914120.0,3786.0,12,3785.0,441
rb1805,20171124,20171123,210355500,3786.0,417782,2322140,15770986760.0,3787.0,199,3786.0,25
rb1805,20171124,20171123,210356000,3786.0,418462,2321846,15796735100.0,3787.0,81,3786.0,12
rb1805,20171124,20171123,210356500,3786.0,418878,2321608,15812486080.0,3786.0,3,3785.0,462
rb1805,20171124,20171123,210357000,3786.0,419232,2321678,15825891160.0,3787.0,2,3786.0,36
rb1805,20171124,20171123,210357500,3788.0,419596,2321778,15839674860.0,3788.0,328,3787.0,28
rb1805,20171124,20171123,210358000,3787.0,420152,2321462,15860732740.0,3788.0,265,3786.0,702
rb1805,20171124,20171123,210358500,3787.0,420778,2321508,15884444000.0,3788.0,30,3787.0,75
rb1805,20171124,20171123,210359000,3789.0,421272,2321362,15903159040.0,3790.0,205,3789.0,306
rb1805,20171124,20171123,210359500,3790.0,422090,2321234,15934158600.0,3791.0,203,3790.0,11
rb1805,20171124,20171123,210400000,3791.0,422764,2320944,15959703620.0,3791.0,125,3790.0,7
rb1805,20171124,20171123,210400500,3788.0,423942,2320756,16004342320.0,3790.0,52,3788.0,778
rb1805,20171124,20171123,210401000,3790.0,424538,2320734,16026930020.0,3790.0,79,3789.0,31
rb1805,20171124,20171123,210401500,3790.0,425794,2321456,16074539940.0,3792.0,214,3790.0,458
rb1805,20171124,20171123,210402000,3791.0,426016,2321472,16082955560.0,3792.0,246,3791.0,145
rb1805,20171124,20171123,210402500,3791.0,426438,2321396,16098955000.0,3792.0,169,3791.0,28
rb1805,20171124,20171123,210403000,3790.0,426998,2321014,16120180260.0,3791.0,47,3790.0,369
rb1805,20171124,20171123,210403500,3790.0,427402,2320708,16135494160.0,3791.0,91,3790.0,292
rb1805,20171124,20171123,210404000,3790.0,427846,2320562,16152323780.0,3791.0,698,3790.0,193
rb1805,20171124,20171123,210404500,3790.0,428560,2320672,16179383720.0,3790.0,479,3789.0,156
rb1805,20171124,20171123,210405000,3790.0,429004,2320612,16196208420.0,3790.0,701,3788.0,1028
rb1805,20171124,20171123,210405500,3790.0,429456,2320322,16213337540.0,3790.0,691,3788.0,988
rb1805,20171124,20171123,210406000,3790.0,429712,2320266,16223037900.0,3790.0,645,3788.0,946
rb1805,20171124,20171123,210406500,3788.0,429952,2320140,16232130920.0,3790.0,536,3788.0,901
rb1805,20171124,20171123,210407000,3788.0,430530,2319812,16254031220.0,3789.0,1,3788.0,772
rb1805,20171124,20171123,210407500,3790.0,431432,2320216,16288213740.0,3790.0,151,3788.0,726
rb1805,20171124,20171123,210408000,3788.0,431610,2320186,16294958000.0,3790.0,146,3788.0,699
rb1805,20171124,20171123,210408500,3788.0,432150,2320590,16315413960.0,3789.0,132,3788.0,452
rb1805,20171124,20171123,210409000,3788.0,432678,2320510,16335419320.0,3789.0,2,3788.0,493
rb1805,20171124,20171123,210409500,3790.0,432878,2320426,16342997020.0,3790.0,169,3789.0,124
rb1805,20171124,20171123,210410000,3790.0,433418,2320296,16363461320.0,3791.0,997,3790.0,93
rb1805,20171124,20171123,210410500,3791.0,433656,2320246,16372481340.0,3791.0,995,3790.0,9
rb1805,20171124,20171123,210411000,3790.0,434166,2320012,16391808040.0,3790.0,159,3789.0,247
rb1805,20171124,20171123,210411500,3789.0,434300,2319928,16396885480.0,3790.0,181,3789.0,260
rb1805,20171124,20171123,210412000,3790.0,434518,2319824,16405146160.0,3790.0,319,3789.0,187
rb1805,20171124,20171123,210412500,3790.0,434684,2319850,16411436480.0,3790.0,386,3789.0,215
rb1805,20171124,20171123,210413000,3790.0,435056,2319670,16425531900.0,3790.0,396,3789.0,49
rb1805,20171124,20171123,210413500,3789.0,435808,2319342,16454024720.0,3789.0,239,3788.0,407
rb1805,20171124,20171123,210414000,3788.0,435998,2319314,16461223120.0,3789.0,385,3788.0,393
rb1805,20171124,20171123,210414500,3788.0,437046,2319812,16500923680.0,3788.0,59,3787.0,196
rb1805,20171124,20171123,210415000,3788.0,437174,2319854,16505772060.0,3788.0,85,3787.0,124
rb1805,20171124,20171123,210415500,3788.0,437966,2319584,16535768520.0,3788.0,109,3787.0,3
rb1805,20171124,20171123,210416000,3787.0,438222,2319446,16545463000.0,3788.0,126,3787.0,9
rb1805,20171124,20171123,210416500,3788.0,438520,2319234,16556748160.0,3787.0,3,3786.0,827
rb1805,20171124,20171123,210417000,3787.0,438728,2319080,16564624220.0,3788.0,168,3787.0,77
rb1805,20171124,20171123,210417500,3787.0,439436,2318792,16591440320.0,3788.0,157,3787.0,7
rb1805,20171124,20171123,210418000,3788.0,439648,2318692,16599469880.0,3788.0,123,3787.0,16
rb1805,20171124,20171123,210418500,3787.0,439776,2318698,16604317480.0,3788.0,176,3787.0,14
rb1805,20171124,20171123,210419000,3788.0,440028,2318644,16613860060.0,3788.0,170,3787.0,11
rb1805,20171124,20171123,210419500,3787.0,440152,2318576,16618555700.0,3787.0,29,3786.0,719
rb1805,20171124,20171123,210420000,3788.0,440366,2318642,16626660100.0,3787.0,1,3786.0,704
rb1805,20171124,20171123,210420500,3788.0,440550,2318612,16633628560.0,3787.0,79,3786.0,703
rb1805,20171124,20171123,210421000,3786.0,440576,2318604,16634613120.0,3787.0,88,3786.0,700
rb1805,20171124,20171123,210421500,3787.0,440870,2318438,16645746600.0,3787.0,53,3786.0,695
rb1805,20171124,20171123,210422000,3787.0,441022,2318346,16651502820.0,3788.0,195,3787.0,4
rb1805,20171124,20171123,210422500,3787.0,441122,2318320,16655289920.0,3788.0,235,3787.0,321
rb1805,20171124,20171123,210423000,3787.0,441404,2318298,16665970120.0,3788.0,209,3787.0,240
rb1805,20171124,20171123,210423500,3787.0,441872,2317962,16683695400.0,3788.0,194,3787.0,166
rb1805,20171124,20171123,210424000,3787.0,442040,2317854,16690057640.0,3788.0,375,3787.0,95
rb1805,20171124,20171123,210424500,3787.0,442218,2317882,16696798720.0,3788.0,420,3787.0,73
rb1805,20171124,20171123,210425000,3787.0,442362,2317828,16702252140.0,3788.0,436,3787.0,12
rb1805,20171124,20171123,210425500,3787.0,442698,2317624,16714977940.0,3787.0,231,3786.0,771
rb1805,20171124,20171123,210426000,3786.0,442924,2317454,16723534580.0,3787.0,230,3786.0,672
rb1805,20171124,20171123,210426500,3786.0,444144,2318048,16769734300.0,3787.0,269,3786.0,601
rb1805,20171124,20171123,210427000,3786.0,444852,2317706,16796539600.0,3787.0,316,3786.0,219
rb1805,20171124,20171123,210427500,3786.0,445366,2317444,16815999920.0,3786.0,102,3785.0,454
rb1805,20171124,20171123,210428000,3785.0,445606,2317312,16825084940.0,3786.0,95,3785.0,382
rb1805,20171124,20171123,210428500,3786.0,445990,2317062,16839623080.0,3787.0,436,3786.0,95
rb1805,20171124,20171123,210429000,3786.0,446206,2316922,16847800940.0,3786.0,12,3785.0,445
rb1805,20171124,20171123,210429500,3785.0,446314,2316948,16851889120.0,3786.0,88,3785.0,441
rb1805,20171124,20171123,210430000,3785.0,446382,2316948,16854463380.0,3786.0,125,3785.0,441
rb1805,20171124,20171123,210430500,3785.0,446580,2317112,16861958140.0,3786.0,121,3785.0,369
rb1805,20171124,20171123,210431000,3785.0,446692,2317176,16866197480.0,3786.0,199,3785.0,317
rb1805,20171124,20171123,210431500,3785.0,446918,2317232,16874752300.0,3786.0,184,3785.0,240
rb1805,20171124,20171123,210432000,3785.0,447178,2317340,16884593900.0,3786.0,167,3785.0,143
rb1805,20171124,20171123,210432500,3786.0,447280,2317352,16888454780.0,3786.0,160,3785.0,110
rb1805,20171124,20171123,210433000,3785.0,447614,2317352,16901096960.0,3785.0,12,3784.0,467
rb1805,20171124,20171123,210433500,3785.0,447776,2317370,16907227540.0,3785.0,70,3784.0,479
rb1805,20171124,20171123,210434000,3785.0,448092,2317546,16919187800.0,3785.0,89,3784.0,462
rb1805,20171124,20171123,210434500,3785.0,448330,2317536,16928195100.0,3785.0,141,3784.0,415
rb1805,20171124,20171123,210435000,3785.0,448426,2317546,16931828240.0,3785.0,233,3784.0,394
rb1805,20171124,20171123,210435500,3784.0,448994,2317158,16953322620.0,3785.0,172,3784.0,175
rb1805,20171124,20171123,210436000,3784.0,449392,2316856,16968383140.0,3784.0,36,3783.0,189
rb1805,20171124,20171123,210436500,3784.0,449574,2316830,16975268720.0,3784.0,96,3783.0,130
rb1805,20171124,20171123,210437000,3783.0,449678,2316792,16979203500.0,3784.0,121,3783.0,227
rb1805,20171124,20171123,210437500,3783.0,449710,2316786,16980414120.0,3784.0,121,3783.0,300
rb1805,20171124,20171123,210438000,3783.0,449774,2316798,16982835420.0,3784.0,135,3783.0,295
rb1805,20171124,20171123,210438500,3784.0,449822,2316804,16984651620.0,3784.0,122,3783.0,296
rb1805,20171124,20171123,210439000,3784.0,450712,2316484,17018324360.0,3785.0,266,3784.0,541
rb1805,20171124,20171123,210439500,3784.0,451262,2316098,17039137060.0,3785.0,239,3784.0,310
rb1805,20171124,20171123,210440000,3784.0,451888,2315736,17062825220.0,3785.0,269,3784.0,208
rb1805,20171124,20171123,210440500,3784.0,452490,2316050,17085605720.0,3785.0,254,3784.0,8
rb1805,20171124,20171123,210441000,3783.0,452690,2315968,17093174340.0,3784.0,2,3783.0,141
rb1805,20171124,20171123,210441500,3783.0,452822,2315972,17098169100.0,3784.0,51,3783.0,159
rb1805,20171124,20171123,210442000,3784.0,452960,2315958,17103390260.0,3784.0,336,3783.0,131
rb1805,20171124,20171123,210442500,3783.0,453090,2315902,17108308320.0,3783.0,13,3782.0,232
rb1805,20171124,20171123,210443000,3783.0,453324,2315850,17117160540.0,3783.0,134,3782.0,232
rb1805,20171124,20171123,210443500,3782.0,453466,2315804,17122531740.0,3783.0,184,3782.0,220
rb1805,20171124,20171123,210444000,3782.0,453540,2315792,17125330600.0,3783.0,217,3782.0,197
rb1805,20171124,20171123,210444500,3783.0,454036,2316070,17144090680.0,3783.0,188,3782.0,23
rb1805,20171124,20171123,210445000,3782.0,454140,2316092,17148023500.0,3782.0,27,3781.0,329
rb1805,20171124,20171123,210445500,3782.0,454928,2315962,17177823320.0,3782.0,25,3781.0,120
rb1805,20171124,20171123,210446000,3783.0,455736,2315826,17208388340.0,3784.0,402,3783.0,75
rb1805,20171124,20171123,210446500,3782.0,456014,2315718,17218904480.0,3783.0,66,3782.0,11
rb1805,20171124,20171123,210447000,3782.0,456172,2315696,17224880160.0,3783.0,89,3782.0,6
rb1805,20171124,20171123,210447500,3782.0,456744,2315908,17246508720.0,3783.0,134,3782.0,319
rb1805,20171124,20171123,210448000,3782.0,457380,2316064,17270562300.0,3783.0,713,3782.0,27
rb1805,20171124,20171123,210448500,3782.0,458406,2315970,17309356040.0,3782.0,239,3781.0,1
rb1805,20171124,20171123,210449000,3781.0,458638,2315962,17318126540.0,3781.0,9,3780.0,101
rb1805,20171124,20171123,210449500,3780.0,458988,2315748,17331356460.0,3780.0,66,3779.0,145
rb1805,20171124,20171123,210450000,3779.0,459388,2315558,17346472960.0,3780.0,75,3778.0,135
rb1805,20171124,20171123,210450500,3778.0,459750,2315580,17360150020.0,3778.0,16,3777.0,132
rb1805,20171124,20171123,210451000,3778.0,460048,2315600,17371409060.0,3780.0,176,3778.0,226
rb1805,20171124,20171123,210451500,3778.0,460242,2315550,17378739300.0,3780.0,66,3778.0,208
rb1805,20171124,20171123,210452000,3780.0,460824,2315700,17400730200.0,3780.0,2,3778.0,61
rb1805,20171124,20171123,210452500,3779.0,461220,2315664,17415698480.0,3780.0,67,3779.0,62
rb1805,20171124,20171123,210453000,3780.0,461484,2315736,17425674480.0,3780.0,125,3779.0,55
rb1805,20171124,20171123,210453500,3780.0,461662,2315708,17432401420.0,3780.0,135,3779.0,31
rb1805,20171124,20171123,210454000,3780.0,461852,2315640,17439582840.0,3780.0,80,3779.0,70
rb1805,20171124,20171123,210454500,3780.0,461966,2315682,17443891340.0,3780.0,59,3779.0,138
rb1805,20171124,20171123,210455000,3779.0,462158,2315674,17451147760.0,3780.0,253,3779.0,141
rb1805,20171124,20171123,210455500,3780.0,462548,2315768,17465886780.0,3779.0,1,3778.0,258
rb1805,20171124,20171123,210456000,3779.0,462718,2315682,17472309920.0,3779.0,249,3778.0,277
rb1805,20171124,20171123,210456500,3779.0,462812,2315718,17475862140.0,3779.0,223,3778.0,299
rb1805,20171124,20171123,210457000,3779.0,462936,2315662,17480547540.0,3779.0,345,3778.0,375
rb1805,20171124,20171123,210457500,3779.0,463100,2315582,17486744560.0,3779.0,349,3778.0,351
rb1805,20171124,20171123,210458000,3779.0,463230,2315464,17491656980.0,3779.0,305,3778.0,314
rb1805,20171124,20171123,210458500,3779.0,463664,2315232,17508054760.0,3779.0,247,3778.0,182
rb1805,20171124,20171123,210459000,3779.0,463738,2315228,17510850820.0,3779.0,235,3778.0,165
rb1805,20171124,20171123,210459500,3778.0,464024,2315332,17521656040.0,3779.0,230,3778.0,125
rb1805,20171124,20171123,210500000,3778.0,464510,2315204,17540020420.0,3779.0,163,3778.0,58
rb1805,20171124,20171123,210500500,3778.0,465380,2314950,17572887660.0,3779.0,167,3778.0,48
rb1805,20171124,20171123,210501000,3778.0,466218,2314794,17604546960.0,3778.0,130,3777.0,100
rb1805,20171124,20171123,210501500,3778.0,466948,2314554,17632121180.0,3777.0,3,3776.0,887
rb1805,20171124,20171123,210502000,3777.0,467842,2314592,17665888120.0,3778.0,335,3777.0,166
rb1805,20171124,20171123,210502500,3777.0,468944,2314732,17707512260.0,3777.0,146,3776.0,917
rb1805,20171124,20171123,210503000,3776.0,469234,2314668,17718465320.0,3777.0,306,3776.0,909
rb1805,20171124,20171123,210503500,3776.0,469624,2314582,17733193480.0,3777.0,234,3776.0,814
rb1805,20171124,20171123,210504000,3777.0,469836,2314448,17741199460.0,3777.0,194,3776.0,752
rb1805,20171124,20171123,210504500,3777.0,470144,2314254,17752830720.0,3777.0,217,3776.0,663
rb1805,20171124,20171123,210505000,3776.0,470234,2314222,17756229360.0,3777.0,221,3776.0,635
rb1805,20171124,20171123,210505500,3777.0,470454,2314084,17764537560.0,3777.0,180,3776.0,590
rb1805,20171124,20171123,210506000,3776.0,470666,2313934,17772543560.0,3777.0,148,3776.0,536
rb1805,20171124,20171123,210506500,3778.0,471460,2313954,17802535140.0,3778.0,283,3777.0,163
rb1805,20171124,20171123,210507000,3777.0,471646,2313960,17809561500.0,3778.0,211,3777.0,257
rb1805,20171124,20171123,210507500,3777.0,471766,2314000,17814093960.0,3778.0,220,3777.0,232
rb1805,20171124,20171123,210508000,3778.0,473286,2313682,17871493980.0,3778.0,218,3777.0,1
rb1805,20171124,20171123,210508500,3776.0,473528,2313694,17880633480.0,3776.0,371,3775.0,447
rb1805,20171124,20171123,210509000,3776.0,474020,2313720,17899209420.0,3776.0,239,3775.0,391
rb1805,20171124,20171123,210509500,3776.0,474134,2313770,17903513640.0,3776.0,206,3775.0,431
rb1805,20171124,20171123,210510000,3777.0,474554,2313780,17919372820.0,3777.0,457,3776.0,2
rb1805,20171124,20171123,210510500,3776.0,475340,2313488,17949046160.0,3777.0,432,3776.0,4
rb1805,20171124,20171123,210511000,3777.0,475480,2313482,17954332640.0,3777.0,398,3776.0,67
rb1805,20171124,20171123,210511500,3776.0,476152,2313200,17979707460.0,3776.0,70,3775.0,378
rb1805,20171124,20171123,210512000,3776.0,476614,2312992,17997151360.0,3776.0,33,3775.0,330
rb1805,20171124,20171123,210512500,3776.0,476882,2313060,18007271300.0,3777.0,378,3776.0,34
rb1805,20171124,20171123,210513000,3776.0,477102,2312874,18015578080.0,3776.0,162,3775.0,463
rb1805,20171124,20171123,210513500,3775.0,477324,2312710,18023959100.0,3776.0,143,3775.0,379
rb1805,20171124,20171123,210514000,3775.0,478194,2311886,18056801440.0,3775.0,24,3774.0,238
rb1805,20171124,20171123,210514500,3775.0,478358,2311850,18062991900.0,3775.0,309,3774.0,201
rb1805,20171124,20171123,210515000,3775.0,478830,2311744,18080806700.0,3775.0,295,3774.0,42
rb1805,20171124,20171123,210515500,3775.0,479192,2311674,18094470680.0,3774.0,47,3773.0,726
rb1805,20171124,20171123,210516000,3773.0,479532,2311652,18107302100.0,3775.0,148,3773.0,693
rb1805,20171124,20171123,210516500,3775.0,479660,2311650,18112132580.0,3775.0,145,3773.0,726
rb1805,20171124,20171123,210517000,3775.0,479836,2311542,18118775620.0,3775.0,103,3773.0,705
rb1805,20171124,20171123,210517500,3774.0,479898,2311554,18121115600.0,3775.0,101,3774.0,13
rb1805,20171124,20171123,210518000,3774.0,479960,2311536,18123455780.0,3775.0,102,3774.0,84
rb1805,20171124,20171123,210518500,3775.0,480026,2311534,18125947080.0,3775.0,79,3774.0,127
rb1805,20171124,20171123,210519000,3774.0,480638,2311852,18149043600.0,3775.0,188,3774.0,14
rb1805,20171124,20171123,210519500,3774.0,481044,2311938,18164368480.0,3774.0,1,3773.0,772
rb1805,20171124,20171123,210520000,3774.0,481346,2311914,18175766640.0,3775.0,27,3774.0,163
rb1805,20171124,20171123,210520500,3774.0,481846,2311682,18194636900.0,3775.0,32,3774.0,83
rb1805,20171124,20171123,210521000,3774.0,482230,2311802,18209129140.0,3774.0,110,3773.0,810
rb1805,20171124,20171123,210521500,3774.0,482702,2311944,18226941920.0,3774.0,171,3773.0,780
rb1805,20171124,20171123,210522000,3775.0,483110,2312270,18242340220.0,3775.0,22,3774.0,204
rb1805,20171124,20171123,210522500,3775.0,483194,2312298,18245510880.0,3776.0,221,3774.0,200
rb1805,20171124,20171123,210523000,3776.0,483788,2312486,18267927740.0,3776.0,222,3774.0,4
rb1805,20171124,20171123,210523500,3775.0,484008,2312500,18276232440.0,3775.0,492,3774.0,529
rb1805,20171124,20171123,210524000,3775.0,484084,2312552,18279100800.0,3775.0,494,3774.0,513
rb1805,20171124,20171123,210524500,3775.0,484772,2312778,18305072300.0,3775.0,176,3774.0,536
rb1805,20171124,20171123,210525000,3775.0,485274,2312862,18324021880.0,3776.0,220,3775.0,45
rb1805,20171124,20171123,210525500,3776.0,485798,2313234,18343807680.0,3777.0,283,3776.0,159
rb1805,20171124,20171123,210526000,3776.0,486266,2313270,18361482680.0,3777.0,115,3776.0,163
rb1805,20171124,20171123,210526500,3775.0,486970,2313560,18388068520.0,3778.0,66,3775.0,104
rb1805,20171124,20171123,210527000,3775.0,487524,2313828,18408983060.0,3775.0,220,3774.0,762
rb1805,20171124,20171123,210527500,3775.0,488112,2314268,18431182240.0,3776.0,2,3775.0,124
rb1805,20171124,20171123,210528000,3777.0,488244,2314268,18436166700.0,3777.0,3,3776.0,97
rb1805,20171124,20171123,210528500,3776.0,488386,2314266,18441529080.0,3777.0,42,3776.0,64
rb1805,20171124,20171123,210529000,3776.0,488424,2314264,18442964220.0,3777.0,177,3776.0,138
rb1805,20171124,20171123,210529500,3776.0,488522,2314266,18446664860.0,3777.0,205,3776.0,106
rb1805,20171124,20171123,210530000,3776.0,488618,2314250,18450290080.0,3777.0,222,3776.0,97
rb1805,20171124,20171123,210530500,3777.0,489018,2314060,18465395160.0,3777.0,184,3776.0,3
rb1805,20171124,20171123,210531000,3777.0,489082,2314054,18467811980.0,3777.0,150,3775.0,203
rb1805,20171124,20171123,210531500,3776.0,489196,2313986,18472116980.0,3777.0,108,3776.0,72
rb1805,20171124,20171123,210532000,3777.0,489312,2313960,18476497680.0,3777.0,95,3776.0,52
rb1805,20171124,20171123,210532500,3776.0,489408,2313904,18480123120.0,3777.0,118,3776.0,163
rb1805,20171124,20171123,210533000,3777.0,489468,2313866,18482389220.0,3777.0,135,3776.0,166
rb1805,20171124,20171123,210533500,3777.0,489594,2313896,18487147560.0,3777.0,107,3776.0,143
rb1805,20171124,20171123,210534000,3777.0,489818,2313872,18495607980.0,3778.0,95,3777.0,95
rb1805,20171124,20171123,210534500,3777.0,489840,2313868,18496438980.0,3778.0,131,3777.0,105
rb1805,20171124,20171123,210535000,3777.0,490030,2313876,18503616500.0,3778.0,73,3777.0,127
rb1805,20171124,20171123,210535500,3778.0,490188,2313844,18509585520.0,3778.0,28,3777.0,137
rb1805,20171124,20171123,210536000,3778.0,490384,2313760,18516990260.0,3778.0,16,3777.0,107
rb1805,20171124,20171123,210536500,3778.0,490620,2313736,18525906740.0,3779.0,68,3778.0,70
rb1805,20171124,20171123,210537000,3779.0,490836,2313686,18534068160.0,3779.0,71,3778.0,27
rb1805,20171124,20171123,210537500,3778.0,491074,2313508,18543059280.0,3778.0,41,3777.0,76
rb1805,20171124,20171123,210538000,3778.0,491346,2313374,18553336000.0,3778.0,185,3777.0,78
rb1805,20171124,20171123,210538500,3778.0,491492,2313254,18558851820.0,3778.0,181,3777.0,84
rb1805,20171124,20171123,210539000,3778.0,491658,2313102,18565122940.0,3778.0,147,3777.0,71
rb1805,20171124,20171123,210539500,3778.0,491800,2313056,18570487020.0,3778.0,122,3777.0,39
rb1805,20171124,20171123,210540000,3779.0,492252,2312870,18587563180.0,3779.0,33,3777.0,196
rb1805,20171124,20171123,210540500,3779.0,492366,2312852,18591869800.0,3779.0,16,3778.0,78
rb1805,20171124,20171123,210541000,3779.0,492482,2312886,18596253000.0,3780.0,237,3779.0,10
rb1805,20171124,20171123,210541500,3778.0,492814,2312952,18608797200.0,3779.0,114,3778.0,452
rb1805,20171124,20171123,210542000,3779.0,492886,2312948,18611517520.0,3779.0,115,3778.0,471
rb1805,20171124,20171123,210542500,3778.0,492976,2312934,18614918000.0,3779.0,126,3778.0,443
rb1805,20171124,20171123,210543000,3779.0,493340,2312924,18628672460.0,3779.0,87,3778.0,391
rb1805,20171124,20171123,210543500,3780.0,493678,2312788,18641444140.0,3780.0,255,3779.0,1
rb1805,20171124,20171123,210544000,3780.0,493720,2312784,18643031260.0,3780.0,264,3779.0,167
rb1805,20171124,20171123,210544500,3780.0,493782,2312766,18645374840.0,3780.0,235,3779.0,327
rb1805,20171124,20171123,210545000,3779.0,493994,2312890,18653386520.0,3780.0,242,3779.0,289
rb1805,20171124,20171123,210545500,3780.0,494082,2312936,18656712320.0,3780.0,227,3779.0,315
rb1805,20171124,20171123,210546000,3780.0,494388,2312944,18668278380.0,3780.0,113,3779.0,293
rb1805,20171124,20171123,210546500,3780.0,494540,2312948,18674023120.0,3780.0,120,3779.0,217
rb1805,20171124,20171123,210547000,3780.0,494850,2313172,18685741060.0,3781.0,225,3780.0,70
rb1805,20171124,20171123,210547500,3780.0,494904,2313198,18687782400.0,3781.0,303,3780.0,119
rb1805,20171124,20171123,210548000,3780.0,495446,2312794,18708270120.0,3780.0,127,3779.0,170
rb1805,20171124,20171123,210548500,3780.0,495520,2312778,18711067320.0,3780.0,110,3779.0,185
rb1805,20171124,20171123,210549000,3779.0,495600,2312724,18714090840.0,3780.0,97,3779.0,172
rb1805,20171124,20171123,210549500,3779.0,496032,2312680,18730421620.0,3781.0,497,3779.0,153
rb1805,20171124,20171123,210550000,3780.0,496166,2312616,18735487380.0,3780.0,481,3779.0,149
rb1805,20171124,20171123,210550500,3780.0,496398,2312686,18744255300.0,3780.0,517,3779.0,82
rb1805,20171124,20171123,210551000,3779.0,496742,2312506,18757255060.0,3779.0,89,3778.0,324
rb1805,20171124,20171123,210551500,3779.0,496790,2312524,18759068860.0,3779.0,180,3778.0,320
rb1805,20171124,20171123,210552000,3779.0,496854,2312554,18761487420.0,3779.0,467,3778.0,354
rb1805,20171124,20171123,210552500,3779.0,496996,2312602,18766853540.0,3779.0,416,3778.0,357
rb1805,20171124,20171123,210553000,3778.0,497044,2312626,18768667080.0,3779.0,478,3778.0,339
rb1805,20171124,20171123,210553500,3778.0,497104,2312586,18770934360.0,3779.0,456,3778.0,334
rb1805,20171124,20171123,210554000,3779.0,497242,2312572,18776148900.0,3779.0,482,3778.0,312
rb1805,20171124,20171123,210554500,3778.0,497360,2312538,18780608020.0,3779.0,445,3778.0,312
rb1805,20171124,20171123,210555000,3779.0,497414,2312502,18782648560.0,3779.0,531,3778.0,325
rb1805,20171124,20171123,210555500,3779.0,497544,2312486,18787560420.0,3779.0,517,3778.0,288
rb1805,20171124,20171123,210556000,3779.0,497712,2312376,18793909100.0,3779.0,441,3778.0,291
rb1805,20171124,20171123,210556500,3779.0,497768,2312392,18796024980.0,3779.0,534,3778.0,278
rb1805,20171124,20171123,210557000,3778.0,497948,2312388,18802826140.0,3779.0,501,3778.0,243
rb1805,20171124,20171123,210557500,3778.0,498698,2312750,18831163040.0,3778.0,60,3777.0,330
rb1805,20171124,20171123,210558000,3778.0,498844,2312746,18836678540.0,3778.0,30,3777.0,311
rb1805,20171124,20171123,210558500,3778.0,498876,2312750,18837887480.0,3778.0,37,3777.0,319
rb1805,20171124,20171123,210559000,3778.0,498910,2312760,18839172000.0,3778.0,66,3777.0,318
rb1805,20171124,20171123,210559500,3778.0,498974,2312744,18841589920.0,3778.0,39,3777.0,320
rb1805,20171124,20171123,210600000,3778.0,499040,2312724,18844083220.0,3778.0,49,3777.0,314
rb1805,20171124,20171123,210600500,3777.0,499618,2312384,18865914960.0,3778.0,34,3777.0,60
rb1805,20171124,20171123,210601000,3776.0,500228,2312368,18888957800.0,3779.0,324,3778.0,1
rb1805,20171124,20171123,210601500,3778.0,500366,2312296,18894171820.0,3779.0,311,3777.0,4
rb1805,20171124,20171123,210602000,3778.0,500450,2312296,18897345560.0,3779.0,384,3778.0,80
rb1805,20171124,20171123,210602500,3779.0,500564,2312320,18901652680.0,3779.0,374,3778.0,38
rb1805,20171124,20171123,210603000,3778.0,500768,2312326,18909361240.0,3779.0,328,3778.0,19
rb1805,20171124,20171123,210603500,3778.0,500776,2312324,18909663500.0,3779.0,338,3778.0,69
rb1805,20171124,20171123,210604000,3779.0,500890,2312334,18913970480.0,3779.0,546,3778.0,16
rb1805,20171124,20171123,210604500,3778.0,500944,2312358,18916010560.0,3778.0,35,3777.0,195
rb1805,20171124,20171123,210605000,3778.0,501006,2312396,18918352900.0,3778.0,119,3777.0,196
rb1805,20171124,20171123,210605500,3777.0,501028,2312396,18919183980.0,3778.0,185,3777.0,203
rb1805,20171124,20171123,210606000,3778.0,501150,2312364,18923793120.0,3778.0,190,3777.0,174
rb1805,20171124,20171123,210606500,3778.0,501184,2312338,18925077620.0,3778.0,205,3777.0,208
rb1805,20171124,20171123,210607000,3777.0,501234,2312340,18926966540.0,3778.0,236,3777.0,206
rb1805,20171124,20171123,210607500,3778.0,501586,2312154,18940265000.0,3778.0,34,3777.0,206
rb1805,20171124,20171123,210608000,3778.0,501696,2312102,18944420500.0,3778.0,129,3777.0,195
rb1805,20171124,20171123,210608500,3778.0,501738,2312110,18946006920.0,3778.0,129,3777.0,184
rb1805,20171124,20171123,210609000,3778.0,501764,2312102,18946989160.0,3778.0,286,3777.0,208
rb1805,20171124,20171123,210609500,3778.0,501824,2312122,18949255740.0,3778.0,268,3777.0,234
rb1805,20171124,20171123,210610000,3778.0,501962,2312234,18954468820.0,3778.0,237,3777.0,226
rb1805,20171124,20171123,210610500,3778.0,501978,2312248,18955073260.0,3778.0,233,3777.0,225
rb1805,20171124,20171123,210611000,3777.0,502466,2312518,18973505060.0,3777.0,222,3776.0,253
rb1805,20171124,20171123,210611500,3776.0,502846,2312858,18987857360.0,3777.0,61,3776.0,238
rb1805,20171124,20171123,210612000,3776.0,502892,2312866,18989594500.0,3777.0,59,3776.0,235
rb1805,20171124,20171123,210612500,3777.0,502960,2312870,18992162680.0,3777.0,109,3776.0,276
rb1805,20171124,20171123,210613000,3777.0,503168,2312944,19000018480.0,3777.0,31,3776.0,258
rb1805,20171124,20171123,210613500,3777.0,503294,2312874,19004776660.0,3777.0,15,3776.0,217
rb1805,20171124,20171123,210614000,3776.0,503408,2312916,19009081380.0,3777.0,27,3776.0,168
rb1805,20171124,20171123,210614500,3777.0,503452,2312936,19010743180.0,3777.0,26,3776.0,167
rb1805,20171124,20171123,210615000,3777.0,503488,2312948,19012102820.0,3777.0,53,3776.0,164
rb1805,20171124,20171123,210615500,3776.0,503578,2312930,19015501880.0,3777.0,110,3776.0,167
rb1805,20171124,20171123,210616000,3776.0,503674,2312940,19019127160.0,3777.0,133,3776.0,134
rb1805,20171124,20171123,210616500,3776.0,503744,2313006,19021770400.0,3777.0,191,3776.0,101
rb1805,20171124,20171123,210617000,3776.0,503872,2312976,19026603800.0,3777.0,189,3776.0,46
rb1805,20171124,20171123,210617500,3776.0,503998,2312930,19031361820.0,3777.0,155,3776.0,31
rb1805,20171124,20171123,210618000,3777.0,504198,2312944,19038914540.0,3777.0,124,3776.0,34
rb1805,20171124,20171123,210618500,3777.0,504244,2312950,19040651720.0,3777.0,115,3776.0,126
rb1805,20171124,20171123,210619000,3777.0,504290,2312950,19042389020.0,3777.0,107,3776.0,141
rb1805,20171124,20171123,210619500,3777.0,504318,2312948,19043446460.0,3777.0,100,3776.0,192
rb1805,20171124,20171123,210620000,3776.0,504386,2312968,19046014520.0,3777.0,88,3776.0,187
rb1805,20171124,20171123,210620500,3777.0,504596,2312892,19053946160.0,3778.0,272,3777.0,10
rb1805,20171124,20171123,210621000,3777.0,504620,2312912,19054852640.0,3778.0,272,3777.0,8
rb1805,20171124,20171123,210621500,3777.0,504620,2312912,19054852640.0,3778.0,265,3777.0,26
rb1805,20171124,20171123,210622000,3777.0,504774,2313012,19060670500.0,3778.0,203,3777.0,21
rb1805,20171124,20171123,210622500,3777.0,504802,2312996,19061728060.0,3778.0,207,3777.0,25
rb1805,20171124,20171123,210623000,3778.0,504868,2313032,19064221300.0,3778.0,197,3777.0,136
rb1805,20171124,20171123,210623500,3777.0,504894,2313048,19065203460.0,3778.0,193,3777.0,151
rb1805,20171124,20171123,210624000,3778.0,504914,2313058,19065959000.0,3778.0,187,3777.0,179
rb1805,20171124,20171123,210624500,3778.0,504990,2313116,19068830000.0,3778.0,167,3777.0,169
rb1805,20171124,20171123,210625000,3777.0,505288,2313108,19080086060.0,3778.0,126,3777.0,89
rb1805,20171124,20171123,210625500,3777.0,505492,2313118,19087791340.0,3778.0,136,3777.0,1
rb1805,20171124,20171123,210626000,3777.0,505528,2313152,19089151060.0,3777.0,62,3776.0,164
rb1805,20171124,20171123,210626500,3778.0,505674,2313224,19094665540.0,3778.0,136,3777.0,29
rb1805,20171124,20171123,210627000,3778.0,505692,2313222,19095345480.0,3778.0,135,3777.0,25
rb1805,20171124,20171123,210627500,3777.0,505896,2313360,19103052160.0,3778.0,55,3777.0,55
rb1805,20171124,20171123,210628000,3777.0,505946,2313362,19104940880.0,3778.0,57,3777.0,52
rb1805,20171124,20171123,210628500,3778.0,506096,2313310,19110607840.0,3779.0,333,3778.0,58
rb1805,20171124,20171123,210629000,3778.0,506236,2313222,19115896960.0,3778.0,14,3777.0,50
rb1805,20171124,20171123,210629500,3778.0,506262,2313230,19116879120.0,3778.0,15,3777.0,49
rb1805,20171124,20171123,210630000,3777.0,506314,2313204,19118843300.0,3778.0,112,3777.0,73
rb1805,20171124,20171123,210630500,3777.0,506336,2313200,19119674320.0,3778.0,122,3777.0,76
rb1805,20171124,20171123,210631000,3777.0,506526,2313248,19126850920.0,3777.0,33,3776.0,364
rb1805,20171124,20171123,210631500,3778.0,506652,2313242,19131610240.0,3777.0,2,3776.0,365
rb1805,20171124,20171123,210632000,3777.0,506698,2313232,19133347900.0,3778.0,89,3777.0,16
rb1805,20171124,20171123,210632500,3778.0,506778,2313228,19136369940.0,3778.0,91,3777.0,8
rb1805,20171124,20171123,210633000,3776.0,507094,2313184,19148305860.0,3777.0,1,3776.0,327
rb1805,20171124,20171123,210633500,3776.0,507112,2313184,19148985680.0,3777.0,30,3776.0,329
rb1805,20171124,20171123,210634000,3777.0,507450,2313240,19161748940.0,3777.0,39,3776.0,181
rb1805,20171124,20171123,210634500,3777.0,507468,2313242,19162428760.0,3777.0,47,3776.0,182
rb1805,20171124,20171123,210635000,3777.0,507532,2313260,19164845560.0,3777.0,49,3776.0,160
rb1805,20171124,20171123,210635500,3777.0,507546,2313262,19165374280.0,3777.0,59,3776.0,156
rb1805,20171124,20171123,210636000,3777.0,507792,2313420,19174663660.0,3777.0,63,3776.0,55
rb1805,20171124,20171123,210636500,3777.0,507984,2313378,19181915000.0,3778.0,44,3777.0,4
rb1805,20171124,20171123,210637000,3778.0,508200,2313418,19190073600.0,3778.0,52,3777.0,21
rb1805,20171124,20171123,210637500,3778.0,508556,2313404,19203525180.0,3779.0,249,3778.0,1
rb1805,20171124,20171123,210638000,3776.0,508770,2313450,19211607820.0,3777.0,18,3776.0,65
rb1805,20171124,20171123,210638500,3778.0,509216,2313546,19228453500.0,3778.0,201,3776.0,11
rb1805,20171124,20171123,210639000,3777.0,509232,2313548,19229057800.0,3777.0,12,3776.0,81
rb1805,20171124,20171123,210639500,3777.0,509260,2313560,19230115320.0,3777.0,1,3776.0,108
rb1805,20171124,20171123,210640000,3777.0,509270,2313558,19230493060.0,3778.0,182,3777.0,69
rb1805,20171124,20171123,210640500,3777.0,509292,2313548,19231324160.0,3778.0,181,3777.0,47
rb1805,20171124,20171123,210641000,3778.0,509314,2313538,19232155260.0,3778.0,173,3777.0,57
rb1805,20171124,20171123,210641500,3777.0,509342,2313564,19233212840.0,3778.0,182,3777.0,72
rb1805,20171124,20171123,210642000,3777.0,509348,2313568,19233439460.0,3778.0,187,3777.0,144
rb1805,20171124,20171123,210642500,3778.0,509660,2313516,19245224780.0,3778.0,139,3777.0,215
rb1805,20171124,20171123,210643000,3778.0,509758,2313466,19248926620.0,3778.0,121,3777.0,228
rb1805,20171124,20171123,210643500,3778.0,509902,2313376,19254366540.0,3778.0,69,3777.0,209
rb1805,20171124,20171123,210644000,3778.0,509956,2313380,19256406380.0,3778.0,55,3777.0,244
rb1805,20171124,20171123,210644500,3777.0,510086,2313342,19261317520.0,3778.0,7,3777.0,231
rb1805,20171124,20171123,210645000,3778.0,510114,2313356,19262375380.0,3779.0,337,3778.0,231
rb1805,20171124,20171123,210645500,3778.0,510306,2313296,19269629260.0,3779.0,332,3778.0,126
rb1805,20171124,20171123,210646000,3779.0,510492,2313296,19276657040.0,3779.0,291,3778.0,91
rb1805,20171124,20171123,210646500,3778.0,510582,2313290,19280057320.0,3779.0,304,3778.0,63
rb1805,20171124,20171123,210647000,3778.0,510612,2313288,19281190800.0,3779.0,300,3778.0,60
rb1805,20171124,20171123,210647500,3779.0,510658,2313276,19282928900.0,3779.0,306,3778.0,58
rb1805,20171124,20171123,210648000,3778.0,510710,2313280,19284893780.0,3779.0,292,3778.0,71
rb1805,20171124,20171123,210648500,3778.0,510876,2313288,19291165320.0,3778.0,5,3777.0,289
rb1805,20171124,20171123,210649000,3779.0,511098,2313286,19299554580.0,3778.0,1,3777.0,309
rb1805,20171124,20171123,210649500,3779.0,511158,2313282,19301821880.0,3779.0,152,3778.0,111
rb1805,20171124,20171123,210650000,3778.0,511238,2313352,19304844380.0,3779.0,147,3778.0,13
rb1805,20171124,20171123,210650500,3778.0,511248,2313360,19305222200.0,3779.0,144,3778.0,46
rb1805,20171124,20171123,210651000,3779.0,511298,2313378,19307111460.0,3779.0,152,3778.0,71
rb1805,20171124,20171123,210651500,3779.0,511326,2313366,19308169420.0,3779.0,147,3778.0,109
rb1805,20171124,20171123,210652000,3779.0,511396,2313312,19310814220.0,3779.0,144,3778.0,334
rb1805,20171124,20171123,210652500,3779.0,511840,2313560,19327592980.0,3780.0,656,3779.0,390
rb1805,20171124,20171123,210653000,3780.0,511958,2313536,19332052800.0,3780.0,627,3779.0,344
rb1805,20171124,20171123,210653500,3779.0,512096,2313626,19337269020.0,3780.0,570,3779.0,345
rb1805,20171124,20171123,210654000,3780.0,512186,2313670,19340670820.0,3780.0,553,3779.0,438
rb1805,20171124,20171123,210654500,3779.0,512604,2314058,19356471060.0,3780.0,353,3779.0,504
rb1805,20171124,20171123,210655000,3780.0,513326,2314308,19383762660.0,3781.0,142,3780.0,421
rb1805,20171124,20171123,210655500,3781.0,513642,2314336,19395710620.0,3782.0,390,3781.0,200
rb1805,20171124,20171123,210656000,3782.0,514480,2314294,19427403040.0,3782.0,17,3781.0,407
rb1805,20171124,20171123,210656500,3782.0,515284,2314368,19457811080.0,3783.0,132,3782.0,379
rb1805,20171124,20171123,210657000,3783.0,515638,2314170,19471203100.0,3784.0,129,3782.0,380
rb1805,20171124,20171123,210657500,3783.0,515690,2314134,19473170220.0,3783.0,197,3782.0,389
rb1805,20171124,20171123,210658000,3782.0,515780,2314102,19476574800.0,3783.0,245,3782.0,389
rb1805,20171124,20171123,210658500,3782.0,515866,2314042,19479827540.0,3783.0,247,3782.0,367
rb1805,20171124,20171123,210659000,3781.0,516800,2313604,19515149980.0,3782.0,10,3781.0,2
rb1805,20171124,20171123,210659500,3782.0,516866,2313582,19517645580.0,3782.0,145,3780.0,225
rb1805,20171124,20171123,210700000,3782.0,516948,2313548,19520746820.0,3782.0,150,3780.0,224
rb1805,20171124,20171123,210700500,3781.0,517130,2313466,19527627520.0,3782.0,228,3781.0,4
rb1805,20171124,20171123,210701000,3781.0,517428,2313328,19538896400.0,3781.0,65,3780.0,163
rb1805,20171124,20171123,210701500,3780.0,517622,2313418,19546230080.0,3781.0,52,3780.0,91
rb1805,20171124,20171123,210702000,3780.0,518092,2313096,19564003400.0,3781.0,70,3780.0,126
rb1805,20171124,20171123,210702500,3781.0,518174,2313100,19567103560.0,3781.0,88,3780.0,120
rb1805,20171124,20171123,210703000,3781.0,518270,2313138,19570733220.0,3781.0,64,3780.0,114
rb1805,20171124,20171123,210703500,3781.0,518374,2313150,19574665360.0,3781.0,49,3780.0,232
rb1805,20171124,20171123,210704000,3780.0,518494,2313156,19579202400.0,3781.0,14,3780.0,236
rb1805,20171124,20171123,210704500,3781.0,518800,2313294,19590770820.0,3781.0,68,3780.0,142
rb1805,20171124,20171123,210705000,3781.0,518954,2313304,19596593520.0,3782.0,87,3781.0,70
rb1805,20171124,20171123,210705500,3781.0,518992,2313324,19598030300.0,3782.0,98,3781.0,68
rb1805,20171124,20171123,210706000,3780.0,519366,2313540,19612172980.0,3781.0,7,3780.0,133
rb1805,20171124,20171123,210706500,3781.0,519392,2313538,19613155860.0,3781.0,5,3780.0,140
rb1805,20171124,20171123,210707000,3781.0,519422,2313528,19614290180.0,3782.0,14,3781.0,15
rb1805,20171124,20171123,210707500,3781.0,519490,2313500,19616861320.0,3781.0,45,3780.0,150
rb1805,20171124,20171123,210708000,3781.0,519562,2313516,19619583460.0,3781.0,39,3780.0,155
rb1805,20171124,20171123,210708500,3781.0,519626,2313530,19622003060.0,3781.0,26,3780.0,145
rb1805,20171124,20171123,210709000,3781.0,519646,2313532,19622759240.0,3781.0,87,3780.0,153
rb1805,20171124,20171123,210709500,3781.0,519778,2313458,19627749860.0,3781.0,128,3780.0,177
rb1805,20171124,20171123,210710000,3780.0,519956,2313406,19634478700.0,3781.0,118,3780.0,112
rb1805,20171124,20171123,210710500,3781.0,520012,2313386,19636595840.0,3781.0,132,3780.0,104
rb1805,20171124,20171123,210711000,3780.0,520074,2313416,19638939780.0,3781.0,117,3780.0,105
rb1805,20171124,20171123,210711500,3781.0,520118,2313454,19640603320.0,3781.0,105,3780.0,111
rb1805,20171124,20171123,210712000,3781.0,520312,2313598,19647938180.0,3781.0,77,3780.0,99
rb1805,20171124,20171123,210712500,3780.0,520342,2313614,19649072280.0,3781.0,79,3780.0,98
rb1805,20171124,20171123,210713000,3780.0,520478,2313646,19654213280.0,3781.0,76,3780.0,53
rb1805,20171124,20171123,210713500,3780.0,520522,2313650,19655876800.0,3781.0,68,3780.0,47
rb1805,20171124,20171123,210714000,3781.0,520556,2313654,19657162100.0,3781.0,75,3780.0,52
rb1805,20171124,20171123,210714500,3780.0,520612,2313634,19659279080.0,3781.0,64,3780.0,34
rb1805,20171124,20171123,210715000,3780.0,520654,2313650,19660866720.0,3781.0,68,3780.0,21
rb1805,20171124,20171123,210715500,3781.0,520794,2313724,19666160080.0,3782.0,147,3781.0,11
rb1805,20171124,20171123,210716000,3780.0,520900,2313738,19670167840.0,3781.0,10,3780.0,34
rb1805,20171124,20171123,210716500,3781.0,520950,2313770,19672058200.0,3782.0,140,3781.0,115
rb1805,20171124,20171123,210717000,3781.0,521000,2313816,19673948720.0,3782.0,139,3781.0,101
rb1805,20171124,20171123,210717500,3780.0,521412,2313606,19689526420.0,3781.0,149,3780.0,59
rb1805,20171124,20171123,210718000,3780.0,521512,2313576,19693306880.0,3781.0,130,3780.0,26
rb1805,20171124,20171123,210718500,3780.0,521732,2313476,19701624020.0,3780.0,1,3779.0,121
rb1805,20171124,20171123,210719000,3781.0,521836,2313392,19705556200.0,3781.0,30,3780.0,56
rb1805,20171124,20171123,210719500,3780.0,521914,2313412,19708505260.0,3781.0,47,3780.0,73
rb1805,20171124,20171123,210720000,3780.0,521944,2313402,19709639500.0,3781.0,37,3780.0,81
rb1805,20171124,20171123,210720500,3781.0,522104,2313432,19715689040.0,3782.0,170,3781.0,29
rb1805,20171124,20171123,210721000,3781.0,522156,2313478,19717655160.0,3782.0,168,3781.0,8
rb1805,20171124,20171123,210721500,3781.0,522190,2313476,19718940740.0,3782.0,165,3781.0,9
rb1805,20171124,20171123,210722000,3781.0,522220,2313480,19720075220.0,3782.0,157,3781.0,139
rb1805,20171124,20171123,210722500,3781.0,522292,2313478,19722797540.0,3782.0,161,3781.0,160
rb1805,20171124,20171123,210723000,3782.0,522340,2313454,19724612500.0,3782.0,158,3781.0,165
rb1805,20171124,20171123,210723500,3782.0,522384,2313458,19726276400.0,3782.0,148,3781.0,178
rb1805,20171124,20171123,210724000,3781.0,522434,2313422,19728166940.0,3782.0,150,3781.0,156
rb1805,20171124,20171123,210724500,3781.0,522516,2313444,19731268000.0,3782.0,119,3781.0,100
rb1805,20171124,20171123,210725000,3782.0,522800,2313348,19742008540.0,3782.0,5,3781.0,85
rb1805,20171124,20171123,210725500,3782.0,522866,2313360,19744504560.0,3783.0,250,3782.0,14
rb1805,20171124,20171123,210726000,3783.0,522942,2313330,19747378700.0,3783.0,249,3782.0,32
rb1805,20171124,20171123,210726500,3782.0,522978,2313326,19748740320.0,3783.0,244,3782.0,45
rb1805,20171124,20171123,210727000,3781.0,523232,2313332,19758346320.0,3782.0,32,3781.0,79
rb1805,20171124,20171123,210727500,3782.0,523250,2313330,19759027020.0,3782.0,123,3781.0,91
rb1805,20171124,20171123,210728000,3781.0,523488,2313450,19768028060.0,3782.0,13,3781.0,86
rb1805,20171124,20171123,210728500,3781.0,523586,2313480,19771734160.0,3783.0,248,3781.0,95
rb1805,20171124,20171123,210729000,3781.0,523604,2313486,19772414860.0,3782.0,3,3781.0,92
rb1805,20171124,20171123,210729500,3782.0,523632,2313482,19773473820.0,3782.0,74,3781.0,94
rb1805,20171124,20171123,210730000,3782.0,523696,2313436,19775894200.0,3782.0,57,3781.0,100
rb1805,20171124,20171123,210730500,3781.0,523848,2313452,19781642680.0,3782.0,32,3781.0,92
rb1805,20171124,20171123,210731000,3782.0,523900,2313402,19783609300.0,3782.0,56,3781.0,82
rb1805,20171124,20171123,210731500,3782.0,524026,2313406,19788374540.0,3783.0,272,3782.0,18
rb1805,20171124,20171123,210732000,3783.0,524076,2313446,19790265680.0,3783.0,266,3782.0,5
rb1805,20171124,20171123,210732500,3781.0,524166,2313390,19793669820.0,3783.0,248,3781.0,82
rb1805,20171124,20171123,210733000,3782.0,524176,2313390,19794048000.0,3782.0,24,3781.0,83
rb1805,20171124,20171123,210733500,3782.0,524212,2313380,19795409380.0,3782.0,28,3781.0,79
rb1805,20171124,20171123,210734000,3782.0,524296,2313338,19798586040.0,3783.0,252,3782.0,1
rb1805,20171124,20171123,210734500,3783.0,524342,2313314,19800325980.0,3783.0,257,3781.0,82
rb1805,20171124,20171123,210735000,3781.0,524362,2313326,19801082360.0,3782.0,1,3781.0,86
rb1805,20171124,20171123,210735500,3781.0,524432,2313378,19803729300.0,3783.0,266,3782.0,1
rb1805,20171124,20171123,210736000,3782.0,524506,2313334,19806528240.0,3782.0,56,3781.0,54
rb1805,20171124,20171123,210736500,3782.0,524542,2313338,19807889740.0,3782.0,37,3781.0,68
rb1805,20171124,20171123,210737000,3782.0,524626,2313406,19811066620.0,3782.0,2,3781.0,80
rb1805,20171124,20171123,210737500,3782.0,524738,2313302,19815302480.0,3783.0,259,3782.0,6
rb1805,20171124,20171123,210738000,3782.0,524806,2313290,19817874080.0,3782.0,127,3781.0,117
rb1805,20171124,20171123,210738500,3782.0,525250,2313082,19834666020.0,3782.0,55,3781.0,87
rb1805,20171124,20171123,210739000,3782.0,525384,2313052,19839733660.0,3783.0,272,3782.0,98
rb1805,20171124,20171123,210739500,3782.0,525430,2313084,19841473380.0,3783.0,274,3782.0,87
rb1805,20171124,20171123,210740000,3782.0,525510,2313134,19844499100.0,3783.0,270,3782.0,66
rb1805,20171124,20171123,210740500,3782.0,525556,2313158,19846238920.0,3783.0,266,3782.0,76
rb1805,20171124,20171123,210741000,3782.0,525764,2313204,19854107500.0,3783.0,165,3782.0,105
rb1805,20171124,20171123,210741500,3783.0,526096,2313434,19866666940.0,3783.0,6,3782.0,120
rb1805,20171124,20171123,210742000,3783.0,526152,2313458,19868785320.0,3784.0,291,3783.0,64
rb1805,20171124,20171123,210742500,3784.0,526302,2313512,19874459560.0,3784.0,287,3782.0,98
rb1805,20171124,20171123,210743000,3782.0,526358,2313490,19876577900.0,3784.0,286,3783.0,1
rb1805,20171124,20171123,210743500,3782.0,526544,2313358,19883613940.0,3783.0,3,3782.0,108
rb1805,20171124,20171123,210744000,3783.0,526604,2313312,19885883740.0,3784.0,338,3783.0,5
rb1805,20171124,20171123,210744500,3783.0,526630,2313318,19886867360.0,3784.0,336,3783.0,52
rb1805,20171124,20171123,210745000,3783.0,527336,2313358,19913580540.0,3784.0,64,3783.0,27
rb1805,20171124,20171123,210745500,3783.0,527376,2313382,19915094000.0,3784.0,59,3783.0,146
rb1805,20171124,20171123,210746000,3784.0,527572,2313442,19922509840.0,3784.0,6,3783.0,178
rb1805,20171124,20171123,210746500,3784.0,527598,2313436,19923493680.0,3785.0,452,3784.0,208
rb1805,20171124,20171123,210747000,3785.0,527640,2313456,19925083040.0,3785.0,410,3784.0,195
rb1805,20171124,20171123,210747500,3784.0,527704,2313434,19927505320.0,3785.0,388,3784.0,208
rb1805,20171124,20171123,210748000,3785.0,527784,2313428,19930532620.0,3785.0,384,3784.0,686
rb1805,20171124,20171123,210748500,3784.0,528596,2313214,19961266280.0,3785.0,17,3784.0,661
rb1805,20171124,20171123,210749000,3785.0,528636,2313246,19962780260.0,3786.0,259,3785.0,275
rb1805,20171124,20171123,210749500,3786.0,528678,2313242,19964370120.0,3786.0,215,3785.0,361
rb1805,20171124,20171123,210750000,3786.0,528802,2313206,19969064200.0,3786.0,182,3785.0,364
rb1805,20171124,20171123,210750500,3786.0,529058,2313218,19978755680.0,3786.0,87,3785.0,340
rb1805,20171124,20171123,210751000,3785.0,529288,2313178,19987462840.0,3786.0,65,3785.0,342
rb1805,20171124,20171123,210751500,3786.0,529454,2313200,19993747540.0,3787.0,170,3786.0,46
rb1805,20171124,20171123,210752000,3786.0,529760,2313156,20005332240.0,3787.0,263,3786.0,36
rb1805,20171124,20171123,210752500,3786.0,529930,2313238,20011768320.0,3787.0,259,3786.0,2
rb1805,20171124,20171123,210753000,3787.0,530118,2313298,20018885880.0,3787.0,266,3786.0,128
rb1805,20171124,20171123,210753500,3787.0,530224,2313320,20022899780.0,3787.0,233,3786.0,162
rb1805,20171124,20171123,210754000,3786.0,530598,2313362,20037060640.0,3787.0,175,3786.0,184
rb1805,20171124,20171123,210754500,3787.0,530784,2313364,20044103560.0,3787.0,145,3786.0,150
rb1805,20171124,20171123,210755000,3786.0,530936,2313394,20049859600.0,3787.0,84,3786.0,147
rb1805,20171124,20171123,210755500,3787.0,531140,2313244,20057584460.0,3787.0,14,3786.0,186
rb1805,20171124,20171123,210756000,3787.0,531230,2313236,20060992620.0,3787.0,24,3786.0,184
rb1805,20171124,20171123,210756500,3787.0,531272,2313220,20062583080.0,3787.0,209,3786.0,193
rb1805,20171124,20171123,210757000,3787.0,531458,2313050,20069625240.0,3787.0,330,3786.0,110
rb1805,20171124,20171123,210757500,3785.0,531962,2312952,20088706260.0,3787.0,305,3785.0,365
rb1805,20171124,20171123,210758000,3785.0,532270,2312772,20100365060.0,3786.0,63,3785.0,261
rb1805,20171124,20171123,210758500,3786.0,532392,2312788,20104983620.0,3786.0,73,3785.0,250
rb1805,20171124,20171123,210759000,3786.0,532474,2312766,20108088120.0,3786.0,99,3785.0,251
rb1805,20171124,20171123,210759500,3786.0,532686,2312692,20116113860.0,3786.0,58,3785.0,222
rb1805,20171124,20171123,210800000,3786.0,532774,2312718,20119445040.0,3786.0,171,3785.0,198
rb1805,20171124,20171123,210800500,3786.0,533040,2312750,20129513760.0,3786.0,187,3785.0,106
rb1805,20171124,20171123,210801000,3784.0,533432,2312738,20144349640.0,3785.0,118,3784.0,202
rb1805,20171124,20171123,210801500,3785.0,533530,2312728,20148058080.0,3785.0,215,3784.0,159
rb1805,20171124,20171123,210802000,3784.0,533670,2312604,20153356820.0,3785.0,228,3784.0,181
rb1805,20171124,20171123,210802500,3785.0,533698,2312596,20154416540.0,3785.0,230,3784.0,309
rb1805,20171124,20171123,210803000,3784.0,533952,2312598,20164030240.0,3785.0,118,3784.0,299
rb1805,20171124,20171123,210803500,3784.0,534150,2312716,20171523940.0,3785.0,58,3784.0,270
rb1805,20171124,20171123,210804000,3785.0,534282,2312664,20176520080.0,3786.0,273,3785.0,29
rb1805,20171124,20171123,210804500,3785.0,534316,2312686,20177807000.0,3786.0,280,3785.0,46
rb1805,20171124,20171123,210805000,3785.0,534804,2312782,20196277920.0,3786.0,300,3785.0,19
rb1805,20171124,20171123,210805500,3785.0,534886,2312814,20199381540.0,3785.0,332,3784.0,264
rb1805,20171124,20171123,210806000,3784.0,535074,2312774,20206495980.0,3785.0,334,3784.0,202
rb1805,20171124,20171123,210806500,3785.0,535336,2312740,20216412520.0,3785.0,375,3784.0,200
rb1805,20171124,20171123,210807000,3785.0,535382,2312732,20218153520.0,3785.0,368,3784.0,197
rb1805,20171124,20171123,210807500,3785.0,535410,2312758,20219213180.0,3785.0,370,3784.0,186
rb1805,20171124,20171123,210808000,3784.0,535878,2312778,20236924600.0,3785.0,270,3784.0,67
rb1805,20171124,20171123,210808500,3784.0,536026,2312760,20242525020.0,3784.0,174,3783.0,72
rb1805,20171124,20171123,210809000,3783.0,536180,2312738,20248351080.0,3783.0,36,3782.0,178
rb1805,20171124,20171123,210809500,3783.0,536428,2312730,20257730900.0,3783.0,13,3782.0,67
rb1805,20171124,20171123,210810000,3783.0,536526,2312670,20261438220.0,3783.0,3,3782.0,77
rb1805,20171124,20171123,210810500,3784.0,536968,2312370,20278163320.0,3784.0,61,3783.0,28
rb1805,20171124,20171123,210811000,3783.0,537026,2312396,20280357420.0,3783.0,68,3782.0,90
rb1805,20171124,20171123,210811500,3783.0,537044,2312398,20281038320.0,3783.0,71,3782.0,79
rb1805,20171124,20171123,210812000,3783.0,537070,2312410,20282021760.0,3783.0,65,3782.0,77
rb1805,20171124,20171123,210812500,3782.0,537244,2312406,20288603280.0,3783.0,98,3782.0,43
rb1805,20171124,20171123,210813000,3782.0,537262,2312402,20289284160.0,3783.0,94,3782.0,32
rb1805,20171124,20171123,210813500,3782.0,537392,2312478,20294200880.0,3783.0,90,3782.0,17
rb1805,20171124,20171123,210814000,3781.0,537448,2312480,20296318880.0,3783.0,87,3782.0,1
rb1805,20171124,20171123,210814500,3782.0,537464,2312482,20296924000.0,3782.0,12,3781.0,208
rb1805,20171124,20171123,210815000,3782.0,537602,2312510,20302143300.0,3783.0,82,3782.0,140
rb1805,20171124,20171123,210815500,3782.0,537820,2312684,20310389780.0,3784.0,96,3782.0,71
rb1805,20171124,20171123,210816000,3782.0,537856,2312682,20311751560.0,3784.0,88,3782.0,84
rb1805,20171124,20171123,210816500,3783.0,537876,2312682,20312508040.0,3783.0,16,3782.0,101
rb1805,20171124,20171123,210817000,3783.0,538014,2312630,20317728580.0,3784.0,75,3783.0,69
rb1805,20171124,20171123,210817500,3784.0,538044,2312622,20318863500.0,3784.0,76,3783.0,64
rb1805,20171124,20171123,210818000,3782.0,538210,2312508,20325142940.0,3783.0,39,3782.0,107
rb1805,20171124,20171123,210818500,3783.0,538232,2312516,20325975060.0,3784.0,77,3783.0,1
rb1805,20171124,20171123,210819000,3784.0,538276,2312478,20327639660.0,3784.0,76,3783.0,4
rb1805,20171124,20171123,210819500,3782.0,538290,2312476,20328169240.0,3783.0,53,3782.0,135
rb1805,20171124,20171123,210820000,3783.0,538516,2312418,20336716840.0,3783.0,51,3782.0,154
rb1805,20171124,20171123,210820500,3783.0,538632,2312378,20341105040.0,3783.0,1,3782.0,173
rb1805,20171124,20171123,210821000,3782.0,539072,2312714,20357747220.0,3783.0,3,3782.0,46
rb1805,20171124,20171123,210821500,3782.0,539216,2312728,20363195900.0,3784.0,36,3783.0,1
rb1805,20171124,20171123,210822000,3782.0,539238,2312736,20364028140.0,3783.0,7,3782.0,49
rb1805,20171124,20171123,210822500,3783.0,539258,2312744,20364784720.0,3784.0,78,3783.0,20
rb1805,20171124,20171123,210823000,3783.0,539292,2312756,20366070940.0,3784.0,87,3783.0,16
rb1805,20171124,20171123,210823500,3783.0,539334,2312774,20367659840.0,3784.0,95,3783.0,1
rb1805,20171124,20171123,210824000,3783.0,539368,2312782,20368945900.0,3783.0,19,3782.0,72
rb1805,20171124,20171123,210824500,3783.0,539404,2312768,20370307640.0,3783.0,44,3782.0,65
rb1805,20171124,20171123,210825000,3783.0,539454,2312724,20372199120.0,3783.0,43,3782.0,79
rb1805,20171124,20171123,210825500,3783.0,539690,2312840,20381126300.0,3784.0,107,3783.0,49
rb1805,20171124,20171123,210826000,3783.0,539780,2312770,20384531020.0,3784.0,125,3783.0,7
rb1805,20171124,20171123,210826500,3783.0,539902,2312778,20389146060.0,3783.0,80,3782.0,52
rb1805,20171124,20171123,210827000,3783.0,539904,2312780,20389221720.0,3783.0,102,3782.0,86
rb1805,20171124,20171123,210827500,3782.0,539962,2312812,20391415560.0,3783.0,129,3782.0,73
rb1805,20171124,20171123,210828000,3782.0,540006,2312824,20393079980.0,3783.0,113,3782.0,78
rb1805,20171124,20171123,210828500,3782.0,540024,2312836,20393760800.0,3783.0,93,3782.0,74
rb1805,20171124,20171123,210829000,3782.0,540064,2312830,20395273640.0,3783.0,104,3782.0,107
rb1805,20171124,20171123,210829500,3782.0,540114,2312826,20397164860.0,3783.0,94,3782.0,99
rb1805,20171124,20171123,210830000,3782.0,540144,2312826,20398299520.0,3783.0,93,3782.0,98
rb1805,20171124,20171123,210830500,3782.0,540158,2312836,20398829040.0,3783.0,105,3782.0,108
rb1805,20171124,20171123,210831000,3783.0,540250,2312890,20402309100.0,3783.0,86,3782.0,104
rb1805,20171124,20171123,210831500,3782.0,540276,2312914,20403292480.0,3783.0,84,3782.0,111
rb1805,20171124,20171123,210832000,3782.0,540304,2312928,20404351640.0,3783.0,79,3782.0,115
rb1805,20171124,20171123,210832500,3783.0,540832,2312590,20424321640.0,3782.0,5,3781.0,282
rb1805,20171124,20171123,210833000,3783.0,541002,2312654,20430751180.0,3783.0,31,3782.0,12
rb1805,20171124,20171123,210833500,3782.0,541122,2312606,20435290260.0,3782.0,55,3781.0,267
rb1805,20171124,20171123,210834000,3783.0,541424,2312786,20446712160.0,3784.0,368,3783.0,3
rb1805,20171124,20171123,210834500,3782.0,541514,2312780,20450116680.0,3783.0,50,3782.0,170
rb1805,20171124,20171123,210835000,3782.0,541680,2312944,20456394800.0,3783.0,218,3782.0,76
rb1805,20171124,20171123,210835500,3782.0,541716,2312940,20457756380.0,3783.0,221,3782.0,61
rb1805,20171124,20171123,210836000,3783.0,541748,2312964,20458966660.0,3783.0,225,3782.0,25
rb1805,20171124,20171123,210836500,3782.0,541970,2312948,20467362820.0,3783.0,227,3782.0,271
rb1805,20171124,20171123,210837000,3782.0,542072,2312848,20471220460.0,3783.0,232,3782.0,225
rb1805,20171124,20171123,210837500,3782.0,542240,2312854,20477575440.0,3783.0,173,3782.0,217
rb1805,20171124,20171123,210838000,3782.0,542438,2312696,20485063800.0,3783.0,176,3782.0,118
rb1805,20171124,20171123,210838500,3783.0,542456,2312698,20485744640.0,3783.0,30,3782.0,131
rb1805,20171124,20171123,210839000,3782.0,542690,2312542,20494595300.0,3784.0,353,3783.0,24
rb1805,20171124,20171123,210839500,3783.0,542788,2312536,20498302940.0,3783.0,36,3782.0,62
rb1805,20171124,20171123,210840000,3782.0,542812,2312530,20499210620.0,3783.0,41,3782.0,52
rb1805,20171124,20171123,210840500,3782.0,542820,2312528,20499513200.0,3783.0,42,3782.0,49
rb1805,20171124,20171123,210841000,3782.0,542998,2312584,20506244540.0,3783.0,73,3781.0,499
rb1805,20171124,20171123,210841500,3782.0,543004,2312586,20506471460.0,3782.0,10,3781.0,501
rb1805,20171124,20171123,210842000,3782.0,543078,2312630,20509270180.0,3783.0,53,3782.0,67
rb1805,20171124,20171123,210842500,3783.0,543088,2312630,20509648440.0,3783.0,57,3782.0,49
rb1805,20171124,20171123,210843000,3782.0,543228,2312748,20514943280.0,3782.0,295,3781.0,498
rb1805,20171124,20171123,210843500,3782.0,543356,2312832,20519784200.0,3782.0,247,3781.0,501
rb1805,20171124,20171123,210844000,3781.0,543970,2313384,20543004080.0,3782.0,26,3781.0,418
rb1805,20171124,20171123,210844500,3781.0,544154,2313448,20549962640.0,3783.0,260,3781.0,396
rb1805,20171124,20171123,210845000,3782.0,544178,2313450,20550870240.0,3783.0,260,3782.0,136
rb1805,20171124,20171123,210845500,3782.0,544212,2313466,20552156120.0,3783.0,260,3782.0,180
rb1805,20171124,20171123,210846000,3782.0,544220,2313472,20552458680.0,3783.0,260,3782.0,190
rb1805,20171124,20171123,210846500,3782.0,544250,2313480,20553593340.0,3783.0,258,3782.0,197
rb1805,20171124,20171123,210847000,3782.0,544458,2313616,20561459900.0,3783.0,263,3782.0,99
rb1805,20171124,20171123,210847500,3782.0,544482,2313596,20562367600.0,3783.0,264,3782.0,89
rb1805,20171124,20171123,210848000,3782.0,544518,2313594,20563729120.0,3783.0,266,3782.0,74
rb1805,20171124,20171123,210848500,3782.0,544568,2313582,20565620220.0,3783.0,266,3782.0,74
rb1805,20171124,20171123,210849000,3782.0,544660,2313610,20569100060.0,3783.0,248,3782.0,61
rb1805,20171124,20171123,210849500,3782.0,544854,2313494,20576438140.0,3783.0,201,3782.0,14
rb1805,20171124,20171123,210850000,3782.0,544868,2313500,20576967660.0,3783.0,208,3782.0,10
rb1805,20171124,20171123,210850500,3782.0,544974,2313600,20580976580.0,3782.0,20,3781.0,396
rb1805,20171124,20171123,210851000,3782.0,545446,2313258,20598831880.0,3783.0,17,3782.0,55
rb1805,20171124,20171123,210851500,3782.0,545578,2313252,20603824140.0,3782.0,36,3781.0,406
rb1805,20171124,20171123,210852000,3782.0,545698,2313248,20608362540.0,3783.0,28,3782.0,41
rb1805,20171124,20171123,210852500,3782.0,545834,2313294,20613506320.0,3783.0,17,3782.0,67
rb1805,20171124,20171123,210853000,3782.0,545880,2313312,20615246120.0,3783.0,63,3782.0,69
rb1805,20171124,20171123,210853500,3782.0,546016,2313308,20620390260.0,3783.0,37,3782.0,47
rb1805,20171124,20171123,210854000,3782.0,546016,2313308,20620390260.0,3783.0,46,3782.0,47
rb1805,20171124,20171123,210854500,3782.0,546140,2313294,20625080140.0,3782.0,64,3781.0,444
rb1805,20171124,20171123,210855000,3782.0,546300,2313294,20631131380.0,3783.0,49,3782.0,75
rb1805,20171124,20171123,210855500,3783.0,546346,2313310,20632871380.0,3783.0,34,3782.0,66
rb1805,20171124,20171123,210856000,3782.0,546386,2313336,20634384060.0,3782.0,14,3781.0,451
rb1805,20171124,20171123,210856500,3782.0,546414,2313336,20635443020.0,3783.0,37,3782.0,66
rb1805,20171124,20171123,210857000,3782.0,546558,2313396,20640890100.0,3782.0,89,3781.0,500
rb1805,20171124,20171123,210857500,3782.0,546738,2313434,20647697700.0,3782.0,16,3781.0,537
rb1805,20171124,20171123,210858000,3783.0,546798,2313430,20649966920.0,3783.0,113,3782.0,6
rb1805,20171124,20171123,210858500,3782.0,547622,2313228,20681122540.0,3783.0,116,3782.0,31
rb1805,20171124,20171123,210859000,3783.0,547990,2312922,20695042960.0,3784.0,337,3783.0,51
rb1805,20171124,20171123,210859500,3784.0,548116,2312838,20699809580.0,3784.0,336,3783.0,1
rb1805,20171124,20171123,210900000,3783.0,548132,2312826,20700414840.0,3783.0,11,3782.0,34
rb1805,20171124,20171123,210900500,3783.0,548208,2312822,20703289220.0,3783.0,11,3782.0,35
rb1805,20171124,20171123,210901000,3783.0,548292,2312848,20706466400.0,3784.0,345,3783.0,57
rb1805,20171124,20171123,210901500,3783.0,548420,2312956,20711308560.0,3783.0,10,3782.0,135
rb1805,20171124,20171123,210902000,3782.0,548436,2312964,20711913800.0,3783.0,16,3782.0,134
rb1805,20171124,20171123,210902500,3783.0,549082,2312768,20736357940.0,3783.0,5,3782.0,180
rb1805,20171124,20171123,210903000,3784.0,549110,2312762,20737417200.0,3784.0,57,3783.0,79
rb1805,20171124,20171123,210903500,3783.0,549186,2312752,20740292320.0,3784.0,53,3783.0,246
