instrument,tradingday,calendarday,time,lastp,volume,openinterest,turnover,ask1,asksz1,bid1,bidsz1
rb1805,20170725,20170724,183513500,3201.0,0,90488,0.0,0.0,0,0.0,0
rb1805,20170725,20170724,205900500,3200.0,22,90470,704000.0,3203.0,2,3200.0,3
rb1805,20170725,20170724,210000500,3203.0,26,90474,832120.0,3204.0,5,3202.0,2
rb1805,20170725,20170724,210001000,3204.0,30,90474,960280.0,3204.0,3,3202.0,2
rb1805,20170725,20170724,210001500,3204.0,38,90476,1216520.0,3204.0,1,3202.0,5
rb1805,20170725,20170724,210002000,3204.0,40,90476,1280600.0,3205.0,1,3204.0,1
rb1805,20170725,20170724,210002500,3205.0,42,90478,1344700.0,3209.0,2,3203.0,1
rb1805,20170725,20170724,210003000,3205.0,42,90478,1344700.0,3208.0,1,3203.0,13
rb1805,20170725,20170724,210003500,3205.0,42,90478,1344700.0,3208.0,1,3203.0,15
rb1805,20170725,20170724,210004000,3205.0,42,90478,1344700.0,3208.0,1,3203.0,15
rb1805,20170725,20170724,210004500,3208.0,44,90478,1408860.0,3209.0,2,3208.0,2
rb1805,20170725,20170724,210005000,3209.0,48,90478,1537220.0,3210.0,2,3209.0,1
rb1805,20170725,20170724,210005500,3209.0,50,90478,1601400.0,3208.0,6,3204.0,1
rb1805,20170725,20170724,210006000,3208.0,52,90478,1665560.0,3208.0,5,3205.0,2
rb1805,20170725,20170724,210006500,3208.0,52,90478,1665560.0,3208.0,5,3204.0,1
rb1805,20170725,20170724,210007000,3208.0,52,90478,1665560.0,3208.0,5,3205.0,3
rb1805,20170725,20170724,210007500,3208.0,54,90476,1729720.0,3208.0,5,3205.0,3
rb1805,20170725,20170724,210008000,3208.0,54,90476,1729720.0,3208.0,5,3205.0,3
rb1805,20170725,20170724,210008500,3208.0,54,90476,1729720.0,3207.0,1,3204.0,1
rb1805,20170725,20170724,210009000,3208.0,56,90476,1793880.0,3208.0,5,3204.0,1
rb1805,20170725,20170724,210009500,3208.0,56,90476,1793880.0,3208.0,5,3204.0,1
rb1805,20170725,20170724,210010000,3208.0,56,90476,1793880.0,3208.0,5,3204.0,4
rb1805,20170725,20170724,210010500,3208.0,56,90476,1793880.0,3208.0,5,3205.0,2
rb1805,20170725,20170724,210011000,3208.0,56,90476,1793880.0,3208.0,5,3204.0,1
rb1805,20170725,20170724,210011500,3208.0,56,90476,1793880.0,3208.0,5,3204.0,1
rb1805,20170725,20170724,210012000,3208.0,58,90476,1858040.0,3208.0,4,3205.0,2
rb1805,20170725,20170724,210012500,3208.0,58,90476,1858040.0,3208.0,4,3204.0,1
rb1805,20170725,20170724,210014000,3208.0,58,90476,1858040.0,3208.0,4,3204.0,1
rb1805,20170725,20170724,210014500,3208.0,58,90476,1858040.0,3208.0,4,3204.0,1
rb1805,20170725,20170724,210015000,3208.0,58,90476,1858040.0,3208.0,4,3204.0,1
rb1805,20170725,20170724,210016000,3208.0,60,90476,1922200.0,3208.0,3,3204.0,1
rb1805,20170725,20170724,210016500,3208.0,60,90476,1922200.0,3207.0,1,3204.0,1
rb1805,20170725,20170724,210017000,3208.0,60,90476,1922200.0,3207.0,1,3205.0,2
rb1805,20170725,20170724,210017500,3208.0,60,90476,1922200.0,3207.0,1,3205.0,2
rb1805,20170725,20170724,210018000,3204.0,66,90474,2114480.0,3204.0,2,3203.0,11
rb1805,20170725,20170724,210018500,3204.0,70,90474,2242640.0,3207.0,3,3203.0,10
rb1805,20170725,20170724,210019000,3204.0,70,90474,2242640.0,3207.0,1,3203.0,10
rb1805,20170725,20170724,210019500,3204.0,70,90474,2242640.0,3207.0,1,3203.0,10
rb1805,20170725,20170724,210020000,3204.0,70,90474,2242640.0,3207.0,1,3203.0,10
rb1805,20170725,20170724,210020500,3204.0,70,90474,2242640.0,3207.0,1,3203.0,10
rb1805,20170725,20170724,210022500,3204.0,70,90474,2242640.0,3207.0,1,3203.0,10
rb1805,20170725,20170724,210023000,3207.0,72,90474,2306780.0,3208.0,3,3207.0,1
rb1805,20170725,20170724,210023500,3207.0,74,90474,2370920.0,3207.0,4,3203.0,12
rb1805,20170725,20170724,210024000,3207.0,74,90474,2370920.0,3208.0,3,3203.0,12
rb1805,20170725,20170724,210024500,3207.0,74,90474,2370920.0,3208.0,5,3204.0,1
rb1805,20170725,20170724,210025000,3207.0,74,90474,2370920.0,3207.0,2,3204.0,1
rb1805,20170725,20170724,210025500,3204.0,76,90476,2435000.0,3207.0,2,3203.0,12
rb1805,20170725,20170724,210026000,3204.0,76,90476,2435000.0,3207.0,2,3203.0,10
rb1805,20170725,20170724,210027000,3204.0,76,90476,2435000.0,3207.0,2,3204.0,5
rb1805,20170725,20170724,210027500,3207.0,80,90476,2563280.0,3208.0,5,3207.0,2
rb1805,20170725,20170724,210028000,3207.0,84,90478,2691560.0,3207.0,5,3204.0,7
rb1805,20170725,20170724,210028500,3207.0,84,90478,2691560.0,3208.0,5,3205.0,2
rb1805,20170725,20170724,210029000,3207.0,84,90478,2691560.0,3208.0,5,3206.0,1
rb1805,20170725,20170724,210029500,3206.0,86,90480,2755680.0,3206.0,1,3205.0,2
rb1805,20170725,20170724,210030000,3206.0,86,90480,2755680.0,3207.0,1,3205.0,2
rb1805,20170725,20170724,210030500,3206.0,86,90480,2755680.0,3207.0,1,3205.0,2
rb1805,20170725,20170724,210031000,3206.0,86,90480,2755680.0,3207.0,1,3205.0,2
rb1805,20170725,20170724,210032000,3206.0,86,90480,2755680.0,3207.0,1,3205.0,2
rb1805,20170725,20170724,210032500,3207.0,88,90482,2819820.0,3208.0,5,3205.0,2
rb1805,20170725,20170724,210033000,3207.0,88,90482,2819820.0,3208.0,5,3205.0,2
rb1805,20170725,20170724,210034000,3207.0,88,90482,2819820.0,3208.0,5,3205.0,2
rb1805,20170725,20170724,210034500,3207.0,88,90482,2819820.0,3208.0,5,3205.0,2
rb1805,20170725,20170724,210035000,3207.0,88,90482,2819820.0,3208.0,5,3205.0,3
rb1805,20170725,20170724,210035500,3207.0,88,90482,2819820.0,3206.0,1,3205.0,3
rb1805,20170725,20170724,210036000,3205.0,96,90490,3076220.0,3205.0,2,3204.0,6
rb1805,20170725,20170724,210036500,3205.0,100,90494,3204420.0,3206.0,1,3204.0,6
rb1805,20170725,20170724,210037500,3205.0,100,90494,3204420.0,3205.0,8,3204.0,6
rb1805,20170725,20170724,210038000,3205.0,114,90506,3653120.0,3205.0,1,3204.0,6
rb1805,20170725,20170724,210038500,3206.0,118,90510,3781340.0,3207.0,1,3205.0,1
rb1805,20170725,20170724,210039000,3207.0,120,90512,3845480.0,3207.0,1,3204.0,6
rb1805,20170725,20170724,210039500,3207.0,122,90514,3909620.0,3208.0,5,3204.0,6
rb1805,20170725,20170724,210040000,3208.0,124,90514,3973780.0,3208.0,4,3204.0,6
rb1805,20170725,20170724,210040500,3208.0,126,90514,4037940.0,3208.0,1,3204.0,8
rb1805,20170725,20170724,210041000,3208.0,126,90514,4037940.0,3208.0,1,3205.0,2
rb1805,20170725,20170724,210042000,3208.0,126,90514,4037940.0,3208.0,1,3206.0,1
rb1805,20170725,20170724,210042500,3208.0,126,90514,4037940.0,3208.0,1,3206.0,1
rb1805,20170725,20170724,210043000,3208.0,126,90514,4037940.0,3208.0,1,3206.0,1
rb1805,20170725,20170724,210044000,3208.0,126,90514,4037940.0,3208.0,1,3206.0,1
rb1805,20170725,20170724,210044500,3208.0,126,90514,4037940.0,3208.0,1,3206.0,1
rb1805,20170725,20170724,210045000,3213.0,174,90542,5579380.0,3212.0,1,3206.0,1
rb1805,20170725,20170724,210045500,3213.0,174,90542,5579380.0,3211.0,6,3207.0,10
rb1805,20170725,20170724,210046000,3213.0,174,90542,5579380.0,3211.0,3,3207.0,10
rb1805,20170725,20170724,210046500,3207.0,176,90540,5643520.0,3210.0,2,3207.0,9
rb1805,20170725,20170724,210047000,3207.0,176,90540,5643520.0,3209.0,2,3207.0,9
rb1805,20170725,20170724,210047500,3207.0,176,90540,5643520.0,3209.0,2,3207.0,9
rb1805,20170725,20170724,210048000,3207.0,184,90532,5900080.0,3209.0,3,3207.0,5
rb1805,20170725,20170724,210048500,3207.0,184,90532,5900080.0,3208.0,2,3207.0,5
rb1805,20170725,20170724,210049000,3207.0,190,90532,6092500.0,3208.0,2,3207.0,2
rb1805,20170725,20170724,210049500,3207.0,194,90528,6220780.0,3208.0,2,3206.0,1
rb1805,20170725,20170724,210050000,3207.0,194,90528,6220780.0,3208.0,3,3206.0,1
rb1805,20170725,20170724,210052000,3207.0,194,90528,6220780.0,3208.0,3,3206.0,1
rb1805,20170725,20170724,210052500,3208.0,196,90528,6284940.0,3207.0,2,3206.0,1
rb1805,20170725,20170724,210053000,3206.0,198,90528,6349060.0,3208.0,2,3205.0,3
rb1805,20170725,20170724,210053500,3206.0,198,90528,6349060.0,3208.0,2,3205.0,3
rb1805,20170725,20170724,210054500,3206.0,198,90528,6349060.0,3208.0,2,3205.0,3
rb1805,20170725,20170724,210055000,3206.0,198,90528,6349060.0,3208.0,4,3205.0,3
rb1805,20170725,20170724,210055500,3206.0,198,90528,6349060.0,3207.0,1,3206.0,1
rb1805,20170725,20170724,210057000,3207.0,200,90530,6413200.0,3208.0,3,3206.0,1
rb1805,20170725,20170724,210057500,3206.0,202,90528,6477320.0,3208.0,3,3205.0,3
rb1805,20170725,20170724,210058000,3206.0,202,90528,6477320.0,3208.0,1,3205.0,3
rb1805,20170725,20170724,210100000,3206.0,202,90528,6477320.0,3208.0,1,3205.0,4
rb1805,20170725,20170724,210100500,3206.0,202,90528,6477320.0,3208.0,3,3205.0,2
rb1805,20170725,20170724,210101000,3208.0,204,90528,6541480.0,3210.0,1,3208.0,4
rb1805,20170725,20170724,210101500,3208.0,208,90524,6669800.0,3210.0,3,3208.0,7
rb1805,20170725,20170724,210102000,3208.0,208,90524,6669800.0,3209.0,2,3208.0,7
rb1805,20170725,20170724,210102500,3208.0,208,90524,6669800.0,3209.0,2,3208.0,7
rb1805,20170725,20170724,210103000,3208.0,208,90524,6669800.0,3210.0,3,3208.0,9
rb1805,20170725,20170724,210103500,3208.0,208,90524,6669800.0,3210.0,1,3208.0,9
rb1805,20170725,20170724,210104000,3208.0,208,90524,6669800.0,3210.0,1,3208.0,9
rb1805,20170725,20170724,210104500,3208.0,208,90524,6669800.0,3210.0,1,3208.0,9
rb1805,20170725,20170724,210105000,3208.0,208,90524,6669800.0,3210.0,1,3208.0,9
rb1805,20170725,20170724,210105500,3208.0,208,90524,6669800.0,3210.0,1,3209.0,1
rb1805,20170725,20170724,210106000,3208.0,208,90524,6669800.0,3210.0,1,3209.0,1
rb1805,20170725,20170724,210106500,3208.0,208,90524,6669800.0,3210.0,1,3209.0,1
rb1805,20170725,20170724,210107000,3210.0,210,90524,6734000.0,3212.0,3,3210.0,1
rb1805,20170725,20170724,210107500,3210.0,210,90524,6734000.0,3211.0,2,3210.0,1
rb1805,20170725,20170724,210108000,3210.0,212,90524,6798200.0,3211.0,2,3209.0,1
rb1805,20170725,20170724,210108500,3210.0,212,90524,6798200.0,3211.0,2,3209.0,1
rb1805,20170725,20170724,210109000,3210.0,212,90524,6798200.0,3212.0,10,3209.0,6
rb1805,20170725,20170724,210109500,3210.0,212,90524,6798200.0,3212.0,10,3209.0,6
rb1805,20170725,20170724,210110000,3210.0,212,90524,6798200.0,3212.0,3,3209.0,6
rb1805,20170725,20170724,210110500,3210.0,212,90524,6798200.0,3212.0,3,3209.0,8
rb1805,20170725,20170724,210111000,3210.0,212,90524,6798200.0,3212.0,3,3209.0,8
rb1805,20170725,20170724,210111500,3212.0,214,90522,6862440.0,3212.0,2,3209.0,8
rb1805,20170725,20170724,210112000,3212.0,218,90526,6990920.0,3213.0,1,3209.0,8
rb1805,20170725,20170724,210112500,3213.0,220,90526,7055180.0,3214.0,31,3213.0,4
rb1805,20170725,20170724,210113000,3214.0,234,90512,7505140.0,3215.0,6,3214.0,1
rb1805,20170725,20170724,210113500,3216.0,256,90522,8212500.0,3216.0,10,3215.0,1
rb1805,20170725,20170724,210114000,3216.0,264,90520,8469620.0,3216.0,7,3209.0,31
rb1805,20170725,20170724,210114500,3216.0,264,90520,8469620.0,3215.0,1,3209.0,31
rb1805,20170725,20170724,210115000,3215.0,274,90524,8791140.0,3215.0,1,3210.0,11
rb1805,20170725,20170724,210115500,3216.0,294,90528,9434320.0,3216.0,9,3215.0,4
rb1805,20170725,20170724,210116000,3216.0,312,90534,10013200.0,3218.0,3,3216.0,6
rb1805,20170725,20170724,210116500,3218.0,322,90534,10335000.0,3220.0,6,3218.0,1
rb1805,20170725,20170724,210117000,3218.0,324,90532,10399360.0,3218.0,1,3216.0,3
rb1805,20170725,20170724,210117500,3218.0,330,90530,10592440.0,3218.0,1,3216.0,1
rb1805,20170725,20170724,210118000,3218.0,330,90530,10592440.0,3219.0,1,3218.0,2
rb1805,20170725,20170724,210118500,3219.0,332,90532,10656820.0,3220.0,8,3216.0,3
rb1805,20170725,20170724,210119000,3219.0,332,90532,10656820.0,3220.0,8,3219.0,1
rb1805,20170725,20170724,210119500,3219.0,340,90534,10914400.0,3220.0,3,3216.0,8
rb1805,20170725,20170724,210120000,3216.0,348,90534,11171680.0,3220.0,3,3216.0,4
rb1805,20170725,20170724,210120500,3216.0,348,90534,11171680.0,3220.0,3,3216.0,4
rb1805,20170725,20170724,210121000,3216.0,348,90534,11171680.0,3220.0,6,3216.0,2
rb1805,20170725,20170724,210121500,3216.0,348,90534,11171680.0,3219.0,3,3216.0,2
rb1805,20170725,20170724,210122000,3216.0,348,90534,11171680.0,3219.0,3,3216.0,4
rb1805,20170725,20170724,210122500,3216.0,348,90534,11171680.0,3219.0,3,3216.0,2
rb1805,20170725,20170724,210123500,3216.0,348,90534,11171680.0,3219.0,3,3213.0,2
rb1805,20170725,20170724,210124000,3216.0,348,90534,11171680.0,3218.0,2,3213.0,9
rb1805,20170725,20170724,210124500,3216.0,348,90534,11171680.0,3218.0,2,3213.0,7
rb1805,20170725,20170724,210125000,3216.0,348,90534,11171680.0,3218.0,3,3214.0,3
rb1805,20170725,20170724,210125500,3216.0,348,90534,11171680.0,3218.0,3,3214.0,8
rb1805,20170725,20170724,210126000,3216.0,348,90534,11171680.0,3218.0,1,3214.0,8
rb1805,20170725,20170724,210126500,3216.0,348,90534,11171680.0,3218.0,1,3214.0,8
rb1805,20170725,20170724,210127000,3216.0,348,90534,11171680.0,3218.0,1,3214.0,8
rb1805,20170725,20170724,210127500,3216.0,348,90534,11171680.0,3218.0,1,3214.0,8
rb1805,20170725,20170724,210128000,3216.0,348,90534,11171680.0,3218.0,1,3214.0,8
rb1805,20170725,20170724,210128500,3216.0,348,90534,11171680.0,3218.0,2,3214.0,8
rb1805,20170725,20170724,210129000,3216.0,348,90534,11171680.0,3217.0,2,3214.0,8
rb1805,20170725,20170724,210129500,3214.0,350,90534,11235960.0,3217.0,2,3214.0,2
rb1805,20170725,20170724,210130000,3214.0,354,90534,11364520.0,3214.0,4,3213.0,7
rb1805,20170725,20170724,210130500,3213.0,376,90532,12071460.0,3217.0,4,3214.0,3
rb1805,20170725,20170724,210131000,3214.0,386,90530,12392860.0,3217.0,5,3214.0,3
rb1805,20170725,20170724,210131500,3214.0,392,90530,12585700.0,3216.0,1,3214.0,5
rb1805,20170725,20170724,210132000,3214.0,402,90540,12907100.0,3216.0,1,3214.0,2
rb1805,20170725,20170724,210132500,3214.0,406,90540,13035660.0,3216.0,2,3212.0,1
rb1805,20170725,20170724,210133000,3214.0,406,90540,13035660.0,3216.0,7,3212.0,1
rb1805,20170725,20170724,210134500,3214.0,406,90540,13035660.0,3216.0,7,3212.0,1
rb1805,20170725,20170724,210135000,3214.0,406,90540,13035660.0,3216.0,7,3212.0,1
rb1805,20170725,20170724,210135500,3214.0,406,90540,13035660.0,3216.0,7,3212.0,1
rb1805,20170725,20170724,210136000,3214.0,406,90540,13035660.0,3216.0,7,3212.0,1
rb1805,20170725,20170724,210136500,3214.0,406,90540,13035660.0,3215.0,3,3212.0,1
rb1805,20170725,20170724,210137000,3214.0,406,90540,13035660.0,3215.0,9,3212.0,1
rb1805,20170725,20170724,210137500,3214.0,406,90540,13035660.0,3215.0,9,3212.0,1
rb1805,20170725,20170724,210138000,3214.0,406,90540,13035660.0,3214.0,4,3212.0,1
rb1805,20170725,20170724,210138500,3214.0,406,90540,13035660.0,3214.0,7,3212.0,1
rb1805,20170725,20170724,210139000,3212.0,408,90542,13099900.0,3212.0,3,3211.0,2
rb1805,20170725,20170724,210139500,3212.0,414,90542,13292620.0,3214.0,9,3211.0,2
rb1805,20170725,20170724,210140000,3212.0,414,90542,13292620.0,3213.0,2,3211.0,2
rb1805,20170725,20170724,210140500,3211.0,418,90546,13421060.0,3211.0,1,3210.0,9
rb1805,20170725,20170724,210141000,3211.0,420,90546,13485280.0,3213.0,4,3211.0,3
rb1805,20170725,20170724,210141500,3213.0,426,90546,13678060.0,3214.0,5,3211.0,1
rb1805,20170725,20170724,210142000,3213.0,426,90546,13678060.0,3215.0,11,3211.0,1
rb1805,20170725,20170724,210142500,3211.0,428,90544,13742280.0,3214.0,2,3210.0,9
rb1805,20170725,20170724,210143000,3211.0,428,90544,13742280.0,3214.0,7,3211.0,4
rb1805,20170725,20170724,210144000,3211.0,428,90544,13742280.0,3214.0,7,3211.0,4
rb1805,20170725,20170724,210144500,3211.0,428,90544,13742280.0,3214.0,7,3211.0,2
rb1805,20170725,20170724,210145000,3211.0,428,90544,13742280.0,3214.0,7,3211.0,2
rb1805,20170725,20170724,210146000,3214.0,436,90540,13999400.0,3214.0,3,3211.0,2
rb1805,20170725,20170724,210146500,3214.0,436,90540,13999400.0,3213.0,1,3211.0,4
rb1805,20170725,20170724,210147000,3214.0,444,90548,14256520.0,3215.0,14,3214.0,2
rb1805,20170725,20170724,210147500,3214.0,448,90552,14385080.0,3215.0,14,3211.0,6
rb1805,20170725,20170724,210148000,3214.0,448,90552,14385080.0,3215.0,14,3211.0,4
rb1805,20170725,20170724,210148500,3214.0,448,90552,14385080.0,3215.0,13,3211.0,6
rb1805,20170725,20170724,210149500,3215.0,450,90554,14449380.0,3215.0,12,3211.0,6
rb1805,20170725,20170724,210150000,3215.0,450,90554,14449380.0,3215.0,12,3211.0,6
rb1805,20170725,20170724,210150500,3215.0,450,90554,14449380.0,3215.0,12,3211.0,6
rb1805,20170725,20170724,210151500,3212.0,452,90552,14513620.0,3215.0,12,3211.0,7
rb1805,20170725,20170724,210152500,3212.0,452,90552,14513620.0,3213.0,1,3211.0,7
rb1805,20170725,20170724,210153000,3212.0,454,90550,14577860.0,3213.0,1,3211.0,7
rb1805,20170725,20170724,210153500,3212.0,454,90550,14577860.0,3213.0,1,3211.0,5
rb1805,20170725,20170724,210154000,3213.0,456,90552,14642120.0,3215.0,12,3211.0,5
rb1805,20170725,20170724,210154500,3213.0,456,90552,14642120.0,3215.0,14,3211.0,5
rb1805,20170725,20170724,210155000,3213.0,456,90552,14642120.0,3215.0,14,3211.0,5
rb1805,20170725,20170724,210156000,3213.0,456,90552,14642120.0,3213.0,1,3211.0,5
rb1805,20170725,20170724,210156500,3213.0,456,90552,14642120.0,3213.0,2,3211.0,5
rb1805,20170725,20170724,210157000,3213.0,456,90552,14642120.0,3213.0,2,3211.0,5
rb1805,20170725,20170724,210157500,3213.0,456,90552,14642120.0,3213.0,6,3211.0,5
rb1805,20170725,20170724,210158000,3213.0,456,90552,14642120.0,3213.0,6,3211.0,3
rb1805,20170725,20170724,210158500,3213.0,456,90552,14642120.0,3213.0,6,3211.0,3
rb1805,20170725,20170724,210159500,3213.0,456,90552,14642120.0,3213.0,6,3211.0,3
rb1805,20170725,20170724,210200000,3213.0,456,90552,14642120.0,3213.0,6,3211.0,4
rb1805,20170725,20170724,210200500,3213.0,456,90552,14642120.0,3213.0,6,3211.0,2
rb1805,20170725,20170724,210201000,3213.0,456,90552,14642120.0,3213.0,7,3211.0,2
rb1805,20170725,20170724,210201500,3213.0,456,90552,14642120.0,3213.0,7,3211.0,2
rb1805,20170725,20170724,210202500,3213.0,456,90552,14642120.0,3213.0,3,3211.0,7
rb1805,20170725,20170724,210205000,3211.0,458,90552,14706340.0,3213.0,3,3211.0,6
rb1805,20170725,20170724,210205500,3211.0,458,90552,14706340.0,3213.0,3,3211.0,6
rb1805,20170725,20170724,210206000,3211.0,458,90552,14706340.0,3213.0,3,3211.0,6
rb1805,20170725,20170724,210207000,3211.0,458,90552,14706340.0,3213.0,3,3211.0,6
rb1805,20170725,20170724,210207500,3211.0,458,90552,14706340.0,3213.0,3,3211.0,6
rb1805,20170725,20170724,210208500,3213.0,460,90552,14770600.0,3213.0,2,3211.0,6
rb1805,20170725,20170724,210209500,3213.0,460,90552,14770600.0,3213.0,2,3211.0,8
rb1805,20170725,20170724,210212000,3213.0,460,90552,14770600.0,3213.0,6,3211.0,3
rb1805,20170725,20170724,210214000,3213.0,460,90552,14770600.0,3213.0,7,3211.0,3
rb1805,20170725,20170724,210214500,3213.0,460,90552,14770600.0,3213.0,7,3211.0,3
rb1805,20170725,20170724,210215500,3213.0,460,90552,14770600.0,3213.0,7,3211.0,3
rb1805,20170725,20170724,210216500,3213.0,462,90554,14834860.0,3213.0,6,3211.0,3
rb1805,20170725,20170724,210217500,3213.0,462,90554,14834860.0,3212.0,1,3211.0,3
rb1805,20170725,20170724,210218000,3212.0,464,90554,14899100.0,3213.0,7,3211.0,3
rb1805,20170725,20170724,210218500,3212.0,464,90554,14899100.0,3213.0,7,3211.0,3
rb1805,20170725,20170724,210219500,3213.0,466,90554,14963360.0,3213.0,6,3211.0,3
rb1805,20170725,20170724,210222000,3211.0,468,90552,15027580.0,3213.0,6,3211.0,2
rb1805,20170725,20170724,210223000,3211.0,468,90552,15027580.0,3213.0,6,3211.0,2
rb1805,20170725,20170724,210223500,3211.0,468,90552,15027580.0,3213.0,6,3211.0,2
rb1805,20170725,20170724,210224000,3211.0,468,90552,15027580.0,3213.0,6,3211.0,2
rb1805,20170725,20170724,210224500,3211.0,470,90552,15091800.0,3213.0,9,3211.0,6
rb1805,20170725,20170724,210225000,3211.0,470,90552,15091800.0,3213.0,9,3211.0,6
rb1805,20170725,20170724,210225500,3211.0,470,90552,15091800.0,3213.0,9,3211.0,6
rb1805,20170725,20170724,210226000,3211.0,470,90552,15091800.0,3212.0,1,3211.0,6
rb1805,20170725,20170724,210226500,3211.0,470,90552,15091800.0,3212.0,1,3211.0,1
rb1805,20170725,20170724,210227000,3212.0,472,90550,15156040.0,3213.0,9,3211.0,6
rb1805,20170725,20170724,210227500,3211.0,474,90550,15220260.0,3213.0,9,3211.0,5
rb1805,20170725,20170724,210228000,3211.0,476,90550,15284480.0,3213.0,9,3211.0,4
rb1805,20170725,20170724,210229000,3211.0,476,90550,15284480.0,3213.0,9,3211.0,7
rb1805,20170725,20170724,210229500,3211.0,476,90550,15284480.0,3212.0,5,3211.0,7
rb1805,20170725,20170724,210230000,3212.0,478,90552,15348720.0,3212.0,4,3211.0,7
rb1805,20170725,20170724,210230500,3212.0,486,90552,15605680.0,3213.0,2,3211.0,7
rb1805,20170725,20170724,210231000,3212.0,486,90552,15605680.0,3212.0,1,3211.0,7
rb1805,20170725,20170724,210231500,3212.0,492,90550,15798400.0,3212.0,1,3211.0,7
rb1805,20170725,20170724,210232000,3212.0,494,90550,15862640.0,3213.0,2,3212.0,1
rb1805,20170725,20170724,210232500,3213.0,496,90550,15926900.0,3213.0,1,3212.0,1
rb1805,20170725,20170724,210234000,3213.0,496,90550,15926900.0,3213.0,1,3212.0,2
rb1805,20170725,20170724,210234500,3213.0,496,90550,15926900.0,3213.0,1,3212.0,2
rb1805,20170725,20170724,210235000,3213.0,496,90550,15926900.0,3213.0,1,3212.0,2
rb1805,20170725,20170724,210235500,3213.0,496,90550,15926900.0,3213.0,1,3212.0,2
rb1805,20170725,20170724,210236000,3213.0,496,90550,15926900.0,3213.0,1,3212.0,2
rb1805,20170725,20170724,210236500,3213.0,496,90550,15926900.0,3213.0,1,3212.0,2
rb1805,20170725,20170724,210237500,3213.0,498,90548,15991160.0,3214.0,2,3213.0,7
rb1805,20170725,20170724,210238500,3213.0,498,90548,15991160.0,3214.0,2,3213.0,7
rb1805,20170725,20170724,210239000,3213.0,500,90548,16055420.0,3214.0,2,3213.0,2
rb1805,20170725,20170724,210240000,3213.0,500,90548,16055420.0,3214.0,2,3213.0,2
rb1805,20170725,20170724,210241500,3214.0,502,90546,16119700.0,3214.0,1,3213.0,2
rb1805,20170725,20170724,210242000,3214.0,502,90546,16119700.0,3214.0,1,3213.0,2
rb1805,20170725,20170724,210242500,3214.0,504,90544,16183980.0,3215.0,12,3214.0,7
rb1805,20170725,20170724,210243000,3214.0,504,90544,16183980.0,3215.0,12,3214.0,7
rb1805,20170725,20170724,210243500,3214.0,508,90546,16312540.0,3215.0,8,3214.0,5
rb1805,20170725,20170724,210244000,3214.0,512,90550,16441100.0,3215.0,8,3214.0,3
rb1805,20170725,20170724,210245500,3215.0,514,90550,16505400.0,3215.0,7,3214.0,7
rb1805,20170725,20170724,210246000,3215.0,524,90550,16826900.0,3215.0,3,3214.0,3
rb1805,20170725,20170724,210246500,3214.0,530,90548,17019740.0,3214.0,3,3213.0,4
rb1805,20170725,20170724,210247000,3214.0,530,90548,17019740.0,3214.0,8,3212.0,4
rb1805,20170725,20170724,210247500,3214.0,530,90548,17019740.0,3214.0,8,3212.0,3
rb1805,20170725,20170724,210248500,3214.0,530,90548,17019740.0,3214.0,8,3210.0,7
rb1805,20170725,20170724,210249000,3214.0,530,90548,17019740.0,3214.0,8,3211.0,3
rb1805,20170725,20170724,210249500,3214.0,530,90548,17019740.0,3214.0,8,3211.0,7
rb1805,20170725,20170724,210251500,3214.0,530,90548,17019740.0,3214.0,8,3212.0,3
rb1805,20170725,20170724,210252000,3214.0,530,90548,17019740.0,3214.0,8,3213.0,20
rb1805,20170725,20170724,210252500,3214.0,530,90548,17019740.0,3214.0,3,3213.0,20
rb1805,20170725,20170724,210253500,3214.0,530,90548,17019740.0,3215.0,11,3213.0,20
rb1805,20170725,20170724,210254000,3214.0,530,90548,17019740.0,3215.0,14,3213.0,20
rb1805,20170725,20170724,210254500,3214.0,530,90548,17019740.0,3215.0,12,3213.0,20
rb1805,20170725,20170724,210255000,3213.0,532,90548,17084000.0,3215.0,12,3213.0,19
rb1805,20170725,20170724,210255500,3213.0,532,90548,17084000.0,3214.0,3,3213.0,19
rb1805,20170725,20170724,210256000,3213.0,532,90548,17084000.0,3215.0,12,3213.0,19
rb1805,20170725,20170724,210256500,3213.0,532,90548,17084000.0,3214.0,1,3213.0,19
rb1805,20170725,20170724,210257000,3213.0,532,90548,17084000.0,3214.0,1,3213.0,19
rb1805,20170725,20170724,210257500,3213.0,532,90548,17084000.0,3214.0,1,3213.0,19
rb1805,20170725,20170724,210258500,3213.0,532,90548,17084000.0,3214.0,1,3213.0,19
rb1805,20170725,20170724,210259500,3213.0,532,90548,17084000.0,3214.0,1,3213.0,19
rb1805,20170725,20170724,210300500,3213.0,532,90548,17084000.0,3214.0,1,3213.0,19
rb1805,20170725,20170724,210301500,3213.0,532,90548,17084000.0,3214.0,9,3213.0,20
rb1805,20170725,20170724,210302000,3213.0,532,90548,17084000.0,3214.0,6,3213.0,20
rb1805,20170725,20170724,210302500,3213.0,532,90548,17084000.0,3214.0,1,3213.0,23
rb1805,20170725,20170724,210303500,3213.0,532,90548,17084000.0,3214.0,1,3213.0,23
rb1805,20170725,20170724,210304000,3214.0,534,90546,17148280.0,3215.0,9,3213.0,23
rb1805,20170725,20170724,210304500,3214.0,534,90546,17148280.0,3215.0,4,3213.0,27
rb1805,20170725,20170724,210305000,3214.0,534,90546,17148280.0,3215.0,4,3213.0,27
rb1805,20170725,20170724,210306000,3214.0,534,90546,17148280.0,3215.0,4,3213.0,27
rb1805,20170725,20170724,210306500,3214.0,534,90546,17148280.0,3215.0,4,3213.0,27
rb1805,20170725,20170724,210307500,3214.0,534,90546,17148280.0,3215.0,4,3213.0,27
rb1805,20170725,20170724,210308000,3214.0,534,90546,17148280.0,3215.0,4,3214.0,1
rb1805,20170725,20170724,210308500,3214.0,534,90546,17148280.0,3215.0,4,3214.0,2
rb1805,20170725,20170724,210310000,3214.0,534,90546,17148280.0,3215.0,4,3214.0,2
rb1805,20170725,20170724,210310500,3214.0,534,90546,17148280.0,3215.0,5,3214.0,2
rb1805,20170725,20170724,210311000,3214.0,534,90546,17148280.0,3215.0,15,3214.0,2
rb1805,20170725,20170724,210311500,3214.0,538,90548,17276840.0,3215.0,15,3213.0,27
rb1805,20170725,20170724,210312000,3214.0,538,90548,17276840.0,3215.0,15,3213.0,27
rb1805,20170725,20170724,210313000,3213.0,540,90546,17341100.0,3215.0,15,3213.0,26
rb1805,20170725,20170724,210316500,3215.0,542,90546,17405400.0,3215.0,14,3213.0,26
rb1805,20170725,20170724,210318000,3215.0,542,90546,17405400.0,3215.0,14,3213.0,26
rb1805,20170725,20170724,210319500,3215.0,542,90546,17405400.0,3215.0,14,3213.0,26
rb1805,20170725,20170724,210320000,3215.0,542,90546,17405400.0,3215.0,14,3213.0,26
rb1805,20170725,20170724,210321000,3215.0,542,90546,17405400.0,3215.0,14,3213.0,26
rb1805,20170725,20170724,210321500,3215.0,542,90546,17405400.0,3215.0,14,3213.0,22
rb1805,20170725,20170724,210322000,3215.0,542,90546,17405400.0,3215.0,14,3213.0,22
rb1805,20170725,20170724,210323500,3215.0,542,90546,17405400.0,3215.0,14,3213.0,23
rb1805,20170725,20170724,210324000,3215.0,542,90546,17405400.0,3215.0,14,3213.0,20
rb1805,20170725,20170724,210324500,3215.0,542,90546,17405400.0,3214.0,7,3213.0,20
rb1805,20170725,20170724,210325000,3213.0,552,90546,17726700.0,3214.0,12,3213.0,15
rb1805,20170725,20170724,210325500,3213.0,582,90550,18690600.0,3213.0,3,3212.0,14
rb1805,20170725,20170724,210326000,3213.0,582,90550,18690600.0,3213.0,3,3212.0,10
rb1805,20170725,20170724,210326500,3213.0,582,90550,18690600.0,3213.0,3,3212.0,10
rb1805,20170725,20170724,210327000,3213.0,582,90550,18690600.0,3213.0,3,3212.0,10
rb1805,20170725,20170724,210328500,3213.0,582,90550,18690600.0,3213.0,3,3212.0,10
rb1805,20170725,20170724,210329000,3213.0,582,90550,18690600.0,3213.0,3,3212.0,10
rb1805,20170725,20170724,210329500,3213.0,582,90550,18690600.0,3213.0,3,3212.0,10
rb1805,20170725,20170724,210330500,3213.0,582,90550,18690600.0,3213.0,3,3212.0,10
rb1805,20170725,20170724,210331500,3213.0,582,90550,18690600.0,3213.0,3,3212.0,10
rb1805,20170725,20170724,210332000,3213.0,582,90550,18690600.0,3213.0,3,3212.0,10
rb1805,20170725,20170724,210333000,3213.0,584,90552,18754860.0,3213.0,2,3212.0,10
rb1805,20170725,20170724,210333500,3213.0,584,90552,18754860.0,3213.0,2,3212.0,10
rb1805,20170725,20170724,210334500,3213.0,584,90552,18754860.0,3214.0,15,3212.0,10
rb1805,20170725,20170724,210335000,3213.0,584,90552,18754860.0,3214.0,15,3212.0,10
rb1805,20170725,20170724,210335500,3213.0,584,90552,18754860.0,3214.0,15,3212.0,10
rb1805,20170725,20170724,210336000,3212.0,586,90550,18819100.0,3214.0,15,3212.0,9
rb1805,20170725,20170724,210336500,3212.0,586,90550,18819100.0,3214.0,15,3212.0,9
rb1805,20170725,20170724,210337500,3212.0,586,90550,18819100.0,3214.0,15,3212.0,9
rb1805,20170725,20170724,210339500,3212.0,586,90550,18819100.0,3214.0,15,3212.0,9
rb1805,20170725,20170724,210340000,3212.0,586,90550,18819100.0,3214.0,15,3212.0,9
rb1805,20170725,20170724,210340500,3212.0,586,90550,18819100.0,3213.0,1,3212.0,12
rb1805,20170725,20170724,210341500,3212.0,608,90532,19525740.0,3213.0,1,3212.0,1
rb1805,20170725,20170724,210342000,3212.0,608,90532,19525740.0,3213.0,1,3212.0,3
rb1805,20170725,20170724,210342500,3212.0,614,90532,19718460.0,3212.0,47,3211.0,5
rb1805,20170725,20170724,210343000,3212.0,626,90528,20103900.0,3212.0,41,3211.0,5
rb1805,20170725,20170724,210344000,3212.0,626,90528,20103900.0,3212.0,41,3211.0,1
rb1805,20170725,20170724,210347000,3212.0,632,90528,20296620.0,3212.0,38,3211.0,1
rb1805,20170725,20170724,210347500,3212.0,638,90528,20489340.0,3212.0,35,3211.0,1
rb1805,20170725,20170724,210348000,3211.0,646,90528,20746280.0,3211.0,19,3210.0,9
rb1805,20170725,20170724,210348500,3211.0,660,90528,21195820.0,3211.0,12,3210.0,9
rb1805,20170725,20170724,210349000,3211.0,674,90526,21645340.0,3211.0,6,3210.0,8
rb1805,20170725,20170724,210349500,3211.0,680,90526,21838000.0,3211.0,3,3210.0,8
rb1805,20170725,20170724,210350000,3211.0,680,90526,21838000.0,3211.0,3,3210.0,8
rb1805,20170725,20170724,210351500,3211.0,680,90526,21838000.0,3211.0,3,3210.0,8
rb1805,20170725,20170724,210352000,3211.0,680,90526,21838000.0,3211.0,4,3210.0,12
rb1805,20170725,20170724,210352500,3211.0,688,90520,22094880.0,3212.0,32,3210.0,12
rb1805,20170725,20170724,210353500,3211.0,688,90520,22094880.0,3212.0,32,3210.0,12
rb1805,20170725,20170724,210354500,3211.0,688,90520,22094880.0,3212.0,32,3210.0,12
rb1805,20170725,20170724,210356000,3210.0,708,90516,22736880.0,3212.0,32,3210.0,2
rb1805,20170725,20170724,210356500,3210.0,708,90516,22736880.0,3212.0,32,3211.0,1
rb1805,20170725,20170724,210358000,3210.0,708,90516,22736880.0,3212.0,32,3211.0,2
rb1805,20170725,20170724,210358500,3211.0,712,90516,22865320.0,3212.0,32,3210.0,3
rb1805,20170725,20170724,210359000,3211.0,712,90516,22865320.0,3212.0,37,3210.0,4
rb1805,20170725,20170724,210400000,3211.0,712,90516,22865320.0,3212.0,38,3210.0,4
rb1805,20170725,20170724,210400500,3210.0,716,90520,22993720.0,3212.0,38,3210.0,2
rb1805,20170725,20170724,210401000,3210.0,716,90520,22993720.0,3212.0,38,3210.0,2
rb1805,20170725,20170724,210401500,3210.0,716,90520,22993720.0,3212.0,33,3210.0,4
rb1805,20170725,20170724,210402000,3210.0,716,90520,22993720.0,3212.0,33,3210.0,4
rb1805,20170725,20170724,210403000,3212.0,746,90490,23957320.0,3212.0,19,3210.0,4
rb1805,20170725,20170724,210403500,3212.0,746,90490,23957320.0,3212.0,19,3210.0,9
rb1805,20170725,20170724,210404500,3212.0,746,90490,23957320.0,3211.0,1,3210.0,9
rb1805,20170725,20170724,210405000,3212.0,746,90490,23957320.0,3211.0,1,3210.0,9
rb1805,20170725,20170724,210406000,3212.0,746,90490,23957320.0,3211.0,1,3210.0,12
rb1805,20170725,20170724,210407500,3212.0,746,90490,23957320.0,3211.0,1,3210.0,12
rb1805,20170725,20170724,210408000,3211.0,748,90490,24021540.0,3212.0,19,3210.0,12
rb1805,20170725,20170724,210408500,3211.0,748,90490,24021540.0,3212.0,19,3210.0,12
rb1805,20170725,20170724,210409000,3210.0,750,90490,24085740.0,3212.0,19,3210.0,11
rb1805,20170725,20170724,210409500,3210.0,750,90490,24085740.0,3212.0,19,3210.0,21
rb1805,20170725,20170724,210410500,3212.0,784,90456,25177820.0,3212.0,2,3210.0,21
rb1805,20170725,20170724,210412500,3212.0,784,90456,25177820.0,3212.0,2,3210.0,21
rb1805,20170725,20170724,210413000,3212.0,784,90456,25177820.0,3212.0,2,3210.0,21
rb1805,20170725,20170724,210413500,3212.0,784,90456,25177820.0,3212.0,3,3210.0,21
rb1805,20170725,20170724,210414000,3210.0,824,90450,26461820.0,3212.0,8,3208.0,7
rb1805,20170725,20170724,210414500,3210.0,824,90450,26461820.0,3211.0,3,3209.0,2
rb1805,20170725,20170724,210415000,3211.0,826,90448,26526040.0,3211.0,2,3209.0,4
rb1805,20170725,20170724,210415500,3211.0,830,90448,26654480.0,3212.0,8,3211.0,1
rb1805,20170725,20170724,210416000,3211.0,830,90448,26654480.0,3212.0,8,3211.0,1
rb1805,20170725,20170724,210416500,3211.0,830,90448,26654480.0,3212.0,8,3211.0,1
rb1805,20170725,20170724,210417000,3211.0,832,90448,26718700.0,3212.0,3,3209.0,3
rb1805,20170725,20170724,210417500,3211.0,832,90448,26718700.0,3212.0,8,3210.0,2
rb1805,20170725,20170724,210418000,3211.0,832,90448,26718700.0,3212.0,3,3210.0,4
rb1805,20170725,20170724,210419500,3211.0,832,90448,26718700.0,3212.0,3,3210.0,4
rb1805,20170725,20170724,210421500,3211.0,832,90448,26718700.0,3212.0,8,3210.0,2
rb1805,20170725,20170724,210422000,3211.0,832,90448,26718700.0,3212.0,8,3210.0,2
rb1805,20170725,20170724,210422500,3211.0,832,90448,26718700.0,3212.0,8,3210.0,2
rb1805,20170725,20170724,210423000,3211.0,840,90440,26975580.0,3212.0,8,3210.0,2
rb1805,20170725,20170724,210423500,3211.0,840,90440,26975580.0,3212.0,8,3210.0,2
rb1805,20170725,20170724,210424500,3211.0,840,90440,26975580.0,3212.0,8,3210.0,2
rb1805,20170725,20170724,210425000,3210.0,842,90440,27039780.0,3212.0,8,3210.0,1
rb1805,20170725,20170724,210426000,3210.0,842,90440,27039780.0,3212.0,3,3210.0,3
rb1805,20170725,20170724,210426500,3210.0,842,90440,27039780.0,3212.0,4,3210.0,3
rb1805,20170725,20170724,210428000,3210.0,842,90440,27039780.0,3212.0,4,3210.0,3
rb1805,20170725,20170724,210428500,3210.0,842,90440,27039780.0,3212.0,5,3210.0,3
rb1805,20170725,20170724,210429000,3210.0,842,90440,27039780.0,3212.0,10,3210.0,2
rb1805,20170725,20170724,210430500,3210.0,848,90436,27232380.0,3210.0,17,3209.0,3
rb1805,20170725,20170724,210431000,3210.0,848,90436,27232380.0,3210.0,17,3209.0,1
rb1805,20170725,20170724,210431500,3210.0,848,90436,27232380.0,3210.0,17,3209.0,1
rb1805,20170725,20170724,210432000,3210.0,848,90436,27232380.0,3210.0,17,3209.0,1
rb1805,20170725,20170724,210432500,3210.0,848,90436,27232380.0,3210.0,17,3209.0,1
rb1805,20170725,20170724,210433500,3210.0,848,90436,27232380.0,3210.0,17,3209.0,3
rb1805,20170725,20170724,210434000,3210.0,848,90436,27232380.0,3210.0,17,3209.0,3
rb1805,20170725,20170724,210435000,3210.0,848,90436,27232380.0,3210.0,17,3209.0,4
rb1805,20170725,20170724,210436500,3210.0,848,90436,27232380.0,3210.0,17,3209.0,4
rb1805,20170725,20170724,210437500,3210.0,848,90436,27232380.0,3210.0,17,3209.0,4
rb1805,20170725,20170724,210438000,3210.0,848,90436,27232380.0,3210.0,17,3209.0,4
rb1805,20170725,20170724,210439500,3210.0,848,90436,27232380.0,3210.0,17,3209.0,5
rb1805,20170725,20170724,210440500,3210.0,848,90436,27232380.0,3210.0,17,3209.0,5
rb1805,20170725,20170724,210441000,3210.0,848,90436,27232380.0,3210.0,17,3209.0,5
rb1805,20170725,20170724,210443000,3210.0,848,90436,27232380.0,3210.0,18,3209.0,3
rb1805,20170725,20170724,210443500,3210.0,848,90436,27232380.0,3210.0,18,3209.0,3
rb1805,20170725,20170724,210444000,3210.0,848,90436,27232380.0,3210.0,23,3209.0,3
rb1805,20170725,20170724,210444500,3209.0,852,90440,27360740.0,3210.0,23,3209.0,1
rb1805,20170725,20170724,210445000,3209.0,852,90440,27360740.0,3210.0,18,3209.0,1
rb1805,20170725,20170724,210445500,3210.0,858,90440,27553340.0,3210.0,15,3209.0,1
rb1805,20170725,20170724,210446000,3210.0,858,90440,27553340.0,3210.0,15,3209.0,1
rb1805,20170725,20170724,210448500,3210.0,864,90440,27745940.0,3210.0,12,3209.0,1
rb1805,20170725,20170724,210449000,3210.0,864,90440,27745940.0,3210.0,17,3209.0,1
rb1805,20170725,20170724,210450000,3210.0,864,90440,27745940.0,3210.0,17,3209.0,1
rb1805,20170725,20170724,210450500,3209.0,866,90440,27810120.0,3210.0,17,3208.0,12
rb1805,20170725,20170724,210451000,3210.0,872,90440,28002720.0,3210.0,9,3208.0,12
rb1805,20170725,20170724,210451500,3210.0,872,90440,28002720.0,3210.0,9,3208.0,14
rb1805,20170725,20170724,210452000,3210.0,872,90440,28002720.0,3210.0,9,3208.0,12
rb1805,20170725,20170724,210452500,3208.0,876,90438,28131080.0,3210.0,8,3208.0,13
rb1805,20170725,20170724,210453000,3208.0,878,90436,28195240.0,3210.0,8,3208.0,10
rb1805,20170725,20170724,210453500,3208.0,878,90436,28195240.0,3210.0,8,3208.0,10
rb1805,20170725,20170724,210454000,3208.0,878,90436,28195240.0,3210.0,8,3208.0,10
rb1805,20170725,20170724,210455000,3208.0,878,90436,28195240.0,3210.0,13,3208.0,10
rb1805,20170725,20170724,210455500,3208.0,878,90436,28195240.0,3210.0,13,3208.0,10
rb1805,20170725,20170724,210456000,3208.0,878,90436,28195240.0,3210.0,13,3208.0,8
rb1805,20170725,20170724,210457000,3208.0,878,90436,28195240.0,3210.0,13,3208.0,9
rb1805,20170725,20170724,210458000,3208.0,878,90436,28195240.0,3210.0,13,3208.0,9
rb1805,20170725,20170724,210459000,3208.0,878,90436,28195240.0,3210.0,16,3208.0,9
rb1805,20170725,20170724,210501000,3208.0,878,90436,28195240.0,3210.0,18,3208.0,9
rb1805,20170725,20170724,210501500,3208.0,878,90436,28195240.0,3210.0,18,3208.0,9
rb1805,20170725,20170724,210502000,3208.0,878,90436,28195240.0,3210.0,18,3208.0,9
rb1805,20170725,20170724,210503500,3208.0,878,90436,28195240.0,3210.0,18,3208.0,9
rb1805,20170725,20170724,210504500,3208.0,888,90440,28516040.0,3210.0,18,3208.0,4
rb1805,20170725,20170724,210507000,3208.0,888,90440,28516040.0,3210.0,18,3208.0,4
rb1805,20170725,20170724,210507500,3208.0,888,90440,28516040.0,3210.0,18,3208.0,4
rb1805,20170725,20170724,210508000,3208.0,888,90440,28516040.0,3210.0,18,3208.0,4
rb1805,20170725,20170724,210508500,3208.0,896,90440,28772680.0,3209.0,3,3207.0,1
rb1805,20170725,20170724,210509000,3208.0,896,90440,28772680.0,3209.0,8,3207.0,1
rb1805,20170725,20170724,210509500,3208.0,896,90440,28772680.0,3209.0,8,3207.0,1
rb1805,20170725,20170724,210510000,3208.0,896,90440,28772680.0,3208.0,3,3207.0,1
rb1805,20170725,20170724,210510500,3207.0,898,90442,28836820.0,3207.0,7,3206.0,3
rb1805,20170725,20170724,210511000,3206.0,904,90444,29029180.0,3206.0,2,3205.0,13
rb1805,20170725,20170724,210511500,3206.0,904,90444,29029180.0,3206.0,5,3205.0,15
rb1805,20170725,20170724,210512000,3206.0,904,90444,29029180.0,3206.0,5,3205.0,15
rb1805,20170725,20170724,210512500,3206.0,904,90444,29029180.0,3206.0,5,3205.0,13
rb1805,20170725,20170724,210513000,3205.0,910,90448,29221480.0,3206.0,5,3205.0,10
rb1805,20170725,20170724,210513500,3205.0,916,90454,29413780.0,3206.0,5,3205.0,8
rb1805,20170725,20170724,210514000,3205.0,924,90462,29670180.0,3206.0,5,3205.0,4
rb1805,20170725,20170724,210515000,3205.0,928,90464,29798380.0,3206.0,10,3205.0,2
rb1805,20170725,20170724,210515500,3205.0,932,90464,29926580.0,3206.0,10,3204.0,1
rb1805,20170725,20170724,210516000,3204.0,946,90476,30375380.0,3205.0,3,3203.0,12
rb1805,20170725,20170724,210516500,3204.0,946,90476,30375380.0,3205.0,3,3203.0,15
rb1805,20170725,20170724,210517000,3204.0,946,90476,30375380.0,3205.0,3,3203.0,9
rb1805,20170725,20170724,210517500,3205.0,948,90478,30439480.0,3205.0,2,3203.0,9
rb1805,20170725,20170724,210518000,3205.0,948,90478,30439480.0,3205.0,2,3203.0,8
rb1805,20170725,20170724,210518500,3205.0,948,90478,30439480.0,3205.0,2,3203.0,8
rb1805,20170725,20170724,210519000,3205.0,948,90478,30439480.0,3205.0,2,3203.0,11
rb1805,20170725,20170724,210519500,3205.0,952,90478,30567680.0,3208.0,8,3204.0,3
rb1805,20170725,20170724,210520000,3205.0,952,90478,30567680.0,3208.0,8,3204.0,9
rb1805,20170725,20170724,210520500,3205.0,952,90478,30567680.0,3208.0,8,3204.0,9
rb1805,20170725,20170724,210521000,3205.0,952,90478,30567680.0,3207.0,2,3204.0,9
rb1805,20170725,20170724,210521500,3205.0,952,90478,30567680.0,3207.0,5,3205.0,3
rb1805,20170725,20170724,210522000,3205.0,952,90478,30567680.0,3207.0,5,3204.0,9
rb1805,20170725,20170724,210522500,3205.0,952,90478,30567680.0,3207.0,5,3205.0,3
rb1805,20170725,20170724,210523000,3205.0,952,90478,30567680.0,3207.0,5,3204.0,11
rb1805,20170725,20170724,210523500,3205.0,952,90478,30567680.0,3207.0,5,3204.0,11
rb1805,20170725,20170724,210524000,3205.0,952,90478,30567680.0,3207.0,5,3205.0,3
rb1805,20170725,20170724,210525000,3205.0,952,90478,30567680.0,3207.0,5,3205.0,3
rb1805,20170725,20170724,210526000,3205.0,952,90478,30567680.0,3208.0,5,3206.0,3
rb1805,20170725,20170724,210526500,3205.0,952,90478,30567680.0,3208.0,5,3206.0,3
rb1805,20170725,20170724,210527000,3205.0,952,90478,30567680.0,3206.0,1,3205.0,6
rb1805,20170725,20170724,210527500,3205.0,952,90478,30567680.0,3206.0,1,3205.0,4
rb1805,20170725,20170724,210528000,3205.0,952,90478,30567680.0,3206.0,1,3205.0,4
rb1805,20170725,20170724,210528500,3205.0,952,90478,30567680.0,3206.0,1,3205.0,4
rb1805,20170725,20170724,210529000,3206.0,954,90480,30631800.0,3208.0,5,3207.0,1
rb1805,20170725,20170724,210529500,3207.0,956,90480,30695940.0,3208.0,5,3205.0,6
rb1805,20170725,20170724,210530000,3207.0,956,90480,30695940.0,3208.0,5,3205.0,6
rb1805,20170725,20170724,210530500,3207.0,956,90480,30695940.0,3208.0,5,3205.0,7
rb1805,20170725,20170724,210532000,3207.0,956,90480,30695940.0,3208.0,5,3205.0,8
rb1805,20170725,20170724,210533000,3207.0,956,90480,30695940.0,3208.0,5,3205.0,9
rb1805,20170725,20170724,210534500,3207.0,956,90480,30695940.0,3208.0,5,3205.0,10
rb1805,20170725,20170724,210535000,3207.0,956,90480,30695940.0,3208.0,5,3205.0,10
rb1805,20170725,20170724,210535500,3207.0,956,90480,30695940.0,3207.0,2,3205.0,13
rb1805,20170725,20170724,210536000,3207.0,956,90480,30695940.0,3207.0,2,3205.0,13
rb1805,20170725,20170724,210536500,3207.0,956,90480,30695940.0,3207.0,2,3206.0,1
rb1805,20170725,20170724,210537500,3207.0,956,90480,30695940.0,3207.0,2,3206.0,1
rb1805,20170725,20170724,210538000,3207.0,958,90480,30760080.0,3207.0,1,3206.0,1
rb1805,20170725,20170724,210538500,3207.0,958,90480,30760080.0,3207.0,1,3206.0,1
rb1805,20170725,20170724,210539000,3207.0,958,90480,30760080.0,3207.0,2,3206.0,1
rb1805,20170725,20170724,210539500,3207.0,958,90480,30760080.0,3207.0,2,3206.0,1
rb1805,20170725,20170724,210540000,3207.0,960,90480,30824220.0,3207.0,1,3206.0,1
rb1805,20170725,20170724,210540500,3207.0,960,90480,30824220.0,3207.0,1,3206.0,1
rb1805,20170725,20170724,210541000,3207.0,960,90480,30824220.0,3207.0,1,3206.0,1
rb1805,20170725,20170724,210541500,3207.0,960,90480,30824220.0,3207.0,1,3206.0,2
rb1805,20170725,20170724,210542000,3207.0,960,90480,30824220.0,3207.0,1,3206.0,3
rb1805,20170725,20170724,210542500,3207.0,960,90480,30824220.0,3207.0,2,3206.0,3
rb1805,20170725,20170724,210543000,3207.0,960,90480,30824220.0,3207.0,2,3206.0,6
rb1805,20170725,20170724,210543500,3207.0,960,90480,30824220.0,3207.0,2,3206.0,6
rb1805,20170725,20170724,210544000,3207.0,960,90480,30824220.0,3207.0,2,3206.0,7
rb1805,20170725,20170724,210546500,3207.0,960,90480,30824220.0,3207.0,2,3206.0,7
rb1805,20170725,20170724,210547500,3206.0,974,90474,31273060.0,3206.0,18,3205.0,15
rb1805,20170725,20170724,210548000,3206.0,992,90458,31850140.0,3206.0,26,3205.0,14
rb1805,20170725,20170724,210548500,3206.0,998,90458,32042500.0,3206.0,23,3205.0,14
rb1805,20170725,20170724,210550000,3206.0,998,90458,32042500.0,3206.0,23,3205.0,14
rb1805,20170725,20170724,210550500,3206.0,1002,90454,32170740.0,3206.0,21,3205.0,14
rb1805,20170725,20170724,210551000,3206.0,1010,90454,32427220.0,3206.0,17,3205.0,14
rb1805,20170725,20170724,210551500,3206.0,1010,90454,32427220.0,3206.0,17,3205.0,14
rb1805,20170725,20170724,210553000,3206.0,1010,90454,32427220.0,3206.0,17,3205.0,14
rb1805,20170725,20170724,210555500,3206.0,1010,90454,32427220.0,3206.0,17,3205.0,14
rb1805,20170725,20170724,210556000,3206.0,1010,90454,32427220.0,3206.0,18,3205.0,14
rb1805,20170725,20170724,210556500,3206.0,1010,90454,32427220.0,3206.0,18,3205.0,13
rb1805,20170725,20170724,210558000,3206.0,1010,90454,32427220.0,3206.0,18,3205.0,13
rb1805,20170725,20170724,210559000,3206.0,1014,90450,32555440.0,3206.0,18,3205.0,12
rb1805,20170725,20170724,210559500,3206.0,1016,90448,32619560.0,3206.0,17,3205.0,12
rb1805,20170725,20170724,210601500,3206.0,1024,90440,32876040.0,3206.0,13,3205.0,12
rb1805,20170725,20170724,210602000,3206.0,1044,90420,33517240.0,3206.0,3,3205.0,12
rb1805,20170725,20170724,210602500,3206.0,1050,90416,33709600.0,3207.0,2,3206.0,28
rb1805,20170725,20170724,210603000,3206.0,1050,90416,33709600.0,3207.0,2,3206.0,5
rb1805,20170725,20170724,210603500,3206.0,1052,90416,33773720.0,3207.0,2,3206.0,4
rb1805,20170725,20170724,210604500,3207.0,1054,90416,33837860.0,3207.0,1,3206.0,5
rb1805,20170725,20170724,210605500,3207.0,1054,90416,33837860.0,3207.0,1,3206.0,7
rb1805,20170725,20170724,210606000,3207.0,1054,90416,33837860.0,3207.0,1,3206.0,10
rb1805,20170725,20170724,210607000,3207.0,1056,90416,33902000.0,3208.0,6,3207.0,17
rb1805,20170725,20170724,210607500,3208.0,1062,90416,34094480.0,3209.0,6,3207.0,2
rb1805,20170725,20170724,210608000,3208.0,1062,90416,34094480.0,3209.0,1,3208.0,13
rb1805,20170725,20170724,210608500,3209.0,1064,90418,34158660.0,3210.0,9,3209.0,2
rb1805,20170725,20170724,210609000,3209.0,1068,90416,34287020.0,3210.0,12,3207.0,2
rb1805,20170725,20170724,210609500,3209.0,1068,90416,34287020.0,3210.0,17,3207.0,2
rb1805,20170725,20170724,210610000,3209.0,1068,90416,34287020.0,3210.0,17,3207.0,2
rb1805,20170725,20170724,210611500,3209.0,1068,90416,34287020.0,3209.0,1,3207.0,2
rb1805,20170725,20170724,210612000,3209.0,1068,90416,34287020.0,3209.0,1,3207.0,2
rb1805,20170725,20170724,210613000,3209.0,1068,90416,34287020.0,3209.0,1,3207.0,2
rb1805,20170725,20170724,210614000,3209.0,1068,90416,34287020.0,3209.0,1,3208.0,2
rb1805,20170725,20170724,210614500,3209.0,1068,90416,34287020.0,3209.0,2,3208.0,2
rb1805,20170725,20170724,210615500,3209.0,1072,90420,34415380.0,3210.0,68,3209.0,6
rb1805,20170725,20170724,210616000,3209.0,1078,90426,34607920.0,3210.0,63,3207.0,2
rb1805,20170725,20170724,210616500,3209.0,1078,90426,34607920.0,3210.0,71,3207.0,2
rb1805,20170725,20170724,210617000,3209.0,1078,90426,34607920.0,3210.0,71,3207.0,2
rb1805,20170725,20170724,210617500,3209.0,1078,90426,34607920.0,3210.0,71,3207.0,2
rb1805,20170725,20170724,210619000,3209.0,1078,90426,34607920.0,3210.0,68,3207.0,2
rb1805,20170725,20170724,210620500,3209.0,1078,90426,34607920.0,3210.0,63,3207.0,2
rb1805,20170725,20170724,210621500,3209.0,1078,90426,34607920.0,3210.0,63,3208.0,1
rb1805,20170725,20170724,210622000,3209.0,1078,90426,34607920.0,3210.0,63,3208.0,5
rb1805,20170725,20170724,210622500,3209.0,1078,90426,34607920.0,3210.0,63,3209.0,2
rb1805,20170725,20170724,210623000,3210.0,1090,90426,34993120.0,3210.0,57,3209.0,6
rb1805,20170725,20170724,210623500,3209.0,1102,90432,35378300.0,3210.0,52,3209.0,5
rb1805,20170725,20170724,210625000,3210.0,1110,90436,35635100.0,3210.0,48,3209.0,5
rb1805,20170725,20170724,210625500,3210.0,1136,90462,36469700.0,3210.0,35,3209.0,5
rb1805,20170725,20170724,210626000,3209.0,1210,90512,38845000.0,3209.0,37,3208.0,5
rb1805,20170725,20170724,210626500,3209.0,1284,90496,41219660.0,3210.0,3,3209.0,2
rb1805,20170725,20170724,210627000,3211.0,1292,90496,41476480.0,3212.0,4,3210.0,1
rb1805,20170725,20170724,210627500,3212.0,1294,90494,41540720.0,3212.0,3,3210.0,1
rb1805,20170725,20170724,210628000,3212.0,1294,90494,41540720.0,3212.0,3,3210.0,1
rb1805,20170725,20170724,210628500,3212.0,1294,90494,41540720.0,3212.0,3,3210.0,1
rb1805,20170725,20170724,210629000,3212.0,1294,90494,41540720.0,3212.0,3,3210.0,3
rb1805,20170725,20170724,210629500,3212.0,1294,90494,41540720.0,3212.0,3,3210.0,3
rb1805,20170725,20170724,210630000,3212.0,1294,90494,41540720.0,3212.0,8,3210.0,3
rb1805,20170725,20170724,210630500,3212.0,1294,90494,41540720.0,3212.0,8,3210.0,1
rb1805,20170725,20170724,210631500,3212.0,1294,90494,41540720.0,3212.0,8,3210.0,42
rb1805,20170725,20170724,210632000,3212.0,1294,90494,41540720.0,3211.0,1,3210.0,42
rb1805,20170725,20170724,210632500,3212.0,1294,90494,41540720.0,3211.0,1,3210.0,41
rb1805,20170725,20170724,210633000,3211.0,1296,90494,41604940.0,3212.0,8,3210.0,39
rb1805,20170725,20170724,210633500,3211.0,1296,90494,41604940.0,3212.0,14,3211.0,4
rb1805,20170725,20170724,210634000,3211.0,1304,90498,41861820.0,3212.0,14,3210.0,39
rb1805,20170725,20170724,210634500,3211.0,1304,90498,41861820.0,3212.0,9,3211.0,1
rb1805,20170725,20170724,210635000,3212.0,1322,90500,42439980.0,3214.0,4,3213.0,1
rb1805,20170725,20170724,210635500,3213.0,1324,90502,42504240.0,3213.0,23,3211.0,3
rb1805,20170725,20170724,210636000,3211.0,1326,90502,42568460.0,3213.0,14,3210.0,39
rb1805,20170725,20170724,210636500,3211.0,1326,90502,42568460.0,3213.0,14,3210.0,39
rb1805,20170725,20170724,210637000,3211.0,1326,90502,42568460.0,3213.0,15,3210.0,39
rb1805,20170725,20170724,210638000,3211.0,1326,90502,42568460.0,3213.0,6,3210.0,40
rb1805,20170725,20170724,210638500,3211.0,1326,90502,42568460.0,3213.0,2,3210.0,40
rb1805,20170725,20170724,210639000,3211.0,1326,90502,42568460.0,3213.0,2,3210.0,40
rb1805,20170725,20170724,210639500,3211.0,1326,90502,42568460.0,3213.0,2,3210.0,40
rb1805,20170725,20170724,210640000,3211.0,1326,90502,42568460.0,3213.0,2,3210.0,40
rb1805,20170725,20170724,210640500,3211.0,1328,90500,42632680.0,3213.0,2,3210.0,40
rb1805,20170725,20170724,210641000,3210.0,1332,90498,42761080.0,3213.0,2,3210.0,38
rb1805,20170725,20170724,210641500,3210.0,1336,90494,42889480.0,3213.0,2,3210.0,36
rb1805,20170725,20170724,210642000,3210.0,1340,90490,43017880.0,3213.0,5,3210.0,34
rb1805,20170725,20170724,210642500,3210.0,1344,90486,43146280.0,3213.0,5,3210.0,32
rb1805,20170725,20170724,210643000,3210.0,1370,90460,43980880.0,3213.0,5,3210.0,19
rb1805,20170725,20170724,210643500,3210.0,1372,90458,44045080.0,3213.0,10,3210.0,18
rb1805,20170725,20170724,210644000,3210.0,1408,90440,45200680.0,3210.0,9,3209.0,5
rb1805,20170725,20170724,210644500,3210.0,1424,90442,45714280.0,3212.0,2,3209.0,5
rb1805,20170725,20170724,210645000,3209.0,1432,90442,45971000.0,3212.0,7,3209.0,1
rb1805,20170725,20170724,210645500,3209.0,1434,90442,46035180.0,3212.0,7,3209.0,1
rb1805,20170725,20170724,210646000,3209.0,1448,90444,46484680.0,3209.0,2,3208.0,5
rb1805,20170725,20170724,210646500,3209.0,1454,90444,46677220.0,3212.0,5,3208.0,9
rb1805,20170725,20170724,210647000,3208.0,1462,90442,46933900.0,3212.0,3,3208.0,7
rb1805,20170725,20170724,210647500,3208.0,1464,90440,46998060.0,3212.0,3,3208.0,4
rb1805,20170725,20170724,210648000,3208.0,1468,90436,47126380.0,3212.0,3,3208.0,2
rb1805,20170725,20170724,210648500,3208.0,1474,90442,47318860.0,3212.0,3,3209.0,1
rb1805,20170725,20170724,210649000,3209.0,1476,90444,47383040.0,3212.0,3,3207.0,4
rb1805,20170725,20170724,210649500,3208.0,1484,90452,47639680.0,3211.0,1,3207.0,4
rb1805,20170725,20170724,210650000,3207.0,1490,90458,47832100.0,3211.0,9,3209.0,1
rb1805,20170725,20170724,210650500,3209.0,1492,90458,47896280.0,3211.0,10,3208.0,2
rb1805,20170725,20170724,210651000,3209.0,1492,90458,47896280.0,3211.0,25,3208.0,2
rb1805,20170725,20170724,210651500,3209.0,1492,90458,47896280.0,3210.0,3,3208.0,2
rb1805,20170725,20170724,210652000,3209.0,1492,90458,47896280.0,3209.0,5,3208.0,2
rb1805,20170725,20170724,210652500,3209.0,1500,90458,48152960.0,3209.0,18,3207.0,6
rb1805,20170725,20170724,210653000,3209.0,1500,90458,48152960.0,3209.0,17,3207.0,6
rb1805,20170725,20170724,210653500,3209.0,1500,90458,48152960.0,3209.0,17,3208.0,2
rb1805,20170725,20170724,210655000,3209.0,1500,90458,48152960.0,3210.0,11,3208.0,2
rb1805,20170725,20170724,210655500,3209.0,1500,90458,48152960.0,3210.0,25,3209.0,2
rb1805,20170725,20170724,210656000,3209.0,1500,90458,48152960.0,3210.0,17,3209.0,2
rb1805,20170725,20170724,210656500,3209.0,1500,90458,48152960.0,3210.0,11,3209.0,2
rb1805,20170725,20170724,210657000,3209.0,1500,90458,48152960.0,3210.0,9,3209.0,2
rb1805,20170725,20170724,210657500,3210.0,1504,90454,48281360.0,3210.0,13,3209.0,2
rb1805,20170725,20170724,210658000,3210.0,1504,90454,48281360.0,3210.0,15,3209.0,2
rb1805,20170725,20170724,210658500,3210.0,1506,90454,48345560.0,3210.0,12,3209.0,2
rb1805,20170725,20170724,210659000,3210.0,1510,90454,48473960.0,3210.0,12,3209.0,2
rb1805,20170725,20170724,210659500,3210.0,1510,90454,48473960.0,3210.0,10,3209.0,2
rb1805,20170725,20170724,210700500,3209.0,1512,90454,48538140.0,3210.0,10,3209.0,1
rb1805,20170725,20170724,210701500,3209.0,1512,90454,48538140.0,3210.0,10,3209.0,1
rb1805,20170725,20170724,210702000,3210.0,1514,90454,48602340.0,3210.0,9,3209.0,1
rb1805,20170725,20170724,210702500,3210.0,1514,90454,48602340.0,3211.0,8,3209.0,3
rb1805,20170725,20170724,210703000,3210.0,1514,90454,48602340.0,3211.0,18,3210.0,5
rb1805,20170725,20170724,210703500,3210.0,1514,90454,48602340.0,3211.0,17,3210.0,5
rb1805,20170725,20170724,210704500,3210.0,1514,90454,48602340.0,3211.0,20,3210.0,5
rb1805,20170725,20170724,210705000,3210.0,1514,90454,48602340.0,3211.0,21,3210.0,5
rb1805,20170725,20170724,210705500,3210.0,1514,90454,48602340.0,3211.0,21,3210.0,5
rb1805,20170725,20170724,210706000,3210.0,1516,90454,48666540.0,3211.0,21,3210.0,4
rb1805,20170725,20170724,210706500,3210.0,1524,90462,48923340.0,3211.0,22,3209.0,2
rb1805,20170725,20170724,210707000,3211.0,1526,90464,48987560.0,3211.0,21,3209.0,2
rb1805,20170725,20170724,210707500,3211.0,1526,90464,48987560.0,3211.0,21,3209.0,2
rb1805,20170725,20170724,210708500,3211.0,1526,90464,48987560.0,3211.0,17,3209.0,2
rb1805,20170725,20170724,210710000,3211.0,1526,90464,48987560.0,3210.0,1,3209.0,2
rb1805,20170725,20170724,210710500,3211.0,1526,90464,48987560.0,3210.0,1,3209.0,2
rb1805,20170725,20170724,210711000,3210.0,1528,90464,49051760.0,3211.0,4,3209.0,2
rb1805,20170725,20170724,210711500,3210.0,1528,90464,49051760.0,3211.0,13,3210.0,1
rb1805,20170725,20170724,210712500,3210.0,1528,90464,49051760.0,3211.0,13,3209.0,3
rb1805,20170725,20170724,210713500,3210.0,1528,90464,49051760.0,3211.0,13,3209.0,3
rb1805,20170725,20170724,210714000,3210.0,1528,90464,49051760.0,3211.0,18,3209.0,3
rb1805,20170725,20170724,210714500,3210.0,1528,90464,49051760.0,3211.0,19,3209.0,3
rb1805,20170725,20170724,210715000,3210.0,1528,90464,49051760.0,3211.0,19,3209.0,3
rb1805,20170725,20170724,210715500,3210.0,1528,90464,49051760.0,3210.0,3,3209.0,3
rb1805,20170725,20170724,210716000,3210.0,1528,90464,49051760.0,3210.0,12,3209.0,3
rb1805,20170725,20170724,210716500,3209.0,1534,90464,49244300.0,3210.0,15,3208.0,4
rb1805,20170725,20170724,210717000,3209.0,1534,90464,49244300.0,3210.0,15,3208.0,2
rb1805,20170725,20170724,210717500,3209.0,1534,90464,49244300.0,3210.0,15,3208.0,2
rb1805,20170725,20170724,210718000,3209.0,1534,90464,49244300.0,3210.0,12,3208.0,2
rb1805,20170725,20170724,210718500,3210.0,1536,90464,49308500.0,3210.0,8,3208.0,4
rb1805,20170725,20170724,210719000,3210.0,1536,90464,49308500.0,3210.0,8,3208.0,4
rb1805,20170725,20170724,210719500,3210.0,1536,90464,49308500.0,3211.0,11,3209.0,1
rb1805,20170725,20170724,210720000,3210.0,1536,90464,49308500.0,3211.0,17,3209.0,1
rb1805,20170725,20170724,210721000,3210.0,1536,90464,49308500.0,3211.0,18,3209.0,1
rb1805,20170725,20170724,210723000,3210.0,1536,90464,49308500.0,3211.0,18,3208.0,4
rb1805,20170725,20170724,210724500,3208.0,1538,90462,49372660.0,3211.0,19,3208.0,3
rb1805,20170725,20170724,210725000,3208.0,1538,90462,49372660.0,3211.0,20,3208.0,3
rb1805,20170725,20170724,210725500,3208.0,1538,90462,49372660.0,3210.0,1,3208.0,3
rb1805,20170725,20170724,210726000,3208.0,1538,90462,49372660.0,3210.0,9,3208.0,3
rb1805,20170725,20170724,210726500,3208.0,1538,90462,49372660.0,3210.0,9,3208.0,3
rb1805,20170725,20170724,210727000,3208.0,1538,90462,49372660.0,3210.0,9,3208.0,3
rb1805,20170725,20170724,210727500,3208.0,1538,90462,49372660.0,3210.0,9,3208.0,3
rb1805,20170725,20170724,210728000,3210.0,1548,90464,49693660.0,3210.0,4,3208.0,3
rb1805,20170725,20170724,210728500,3210.0,1548,90464,49693660.0,3211.0,9,3208.0,3
rb1805,20170725,20170724,210729000,3210.0,1548,90464,49693660.0,3211.0,13,3209.0,2
rb1805,20170725,20170724,210730000,3210.0,1548,90464,49693660.0,3211.0,13,3209.0,2
rb1805,20170725,20170724,210730500,3209.0,1550,90466,49757840.0,3211.0,13,3209.0,1
rb1805,20170725,20170724,210733000,3209.0,1550,90466,49757840.0,3211.0,8,3209.0,1
rb1805,20170725,20170724,210734000,3209.0,1550,90466,49757840.0,3211.0,4,3209.0,1
rb1805,20170725,20170724,210734500,3209.0,1550,90466,49757840.0,3211.0,4,3209.0,1
rb1805,20170725,20170724,210735000,3211.0,1554,90470,49886280.0,3211.0,2,3209.0,3
rb1805,20170725,20170724,210735500,3211.0,1558,90468,50014720.0,3211.0,1,3209.0,3
rb1805,20170725,20170724,210736000,3211.0,1560,90466,50078940.0,3212.0,76,3211.0,2
rb1805,20170725,20170724,210736500,3209.0,1564,90470,50207300.0,3212.0,73,3209.0,3
rb1805,20170725,20170724,210737000,3209.0,1564,90470,50207300.0,3212.0,77,3209.0,1
rb1805,20170725,20170724,210737500,3209.0,1564,90470,50207300.0,3212.0,78,3209.0,1
rb1805,20170725,20170724,210738000,3209.0,1564,90470,50207300.0,3212.0,74,3209.0,1
rb1805,20170725,20170724,210738500,3209.0,1564,90470,50207300.0,3212.0,74,3210.0,2
rb1805,20170725,20170724,210739000,3209.0,1564,90470,50207300.0,3212.0,74,3210.0,2
rb1805,20170725,20170724,210740000,3209.0,1564,90470,50207300.0,3212.0,74,3210.0,2
rb1805,20170725,20170724,210741000,3209.0,1564,90470,50207300.0,3212.0,78,3209.0,2
rb1805,20170725,20170724,210741500,3209.0,1564,90470,50207300.0,3212.0,24,3210.0,2
rb1805,20170725,20170724,210742000,3209.0,1564,90470,50207300.0,3212.0,24,3210.0,2
rb1805,20170725,20170724,210742500,3209.0,1564,90470,50207300.0,3212.0,24,3211.0,1
rb1805,20170725,20170724,210743000,3212.0,1592,90444,51106660.0,3212.0,10,3211.0,1
rb1805,20170725,20170724,210743500,3213.0,1614,90444,51813320.0,3214.0,54,3212.0,13
rb1805,20170725,20170724,210744000,3213.0,1614,90444,51813320.0,3214.0,54,3212.0,2
rb1805,20170725,20170724,210744500,3214.0,1722,90418,55284440.0,3215.0,7,3214.0,37
rb1805,20170725,20170724,210745000,3216.0,1740,90424,55863180.0,3216.0,8,3215.0,7
rb1805,20170725,20170724,210745500,3216.0,1740,90424,55863180.0,3215.0,1,3213.0,1
rb1805,20170725,20170724,210746000,3215.0,1742,90424,55927480.0,3216.0,8,3215.0,1
rb1805,20170725,20170724,210746500,3215.0,1742,90424,55927480.0,3216.0,8,3213.0,3
rb1805,20170725,20170724,210747000,3215.0,1742,90424,55927480.0,3216.0,8,3213.0,1
rb1805,20170725,20170724,210747500,3215.0,1742,90424,55927480.0,3216.0,8,3215.0,5
rb1805,20170725,20170724,210748000,3216.0,1756,90434,56377720.0,3216.0,1,3215.0,5
rb1805,20170725,20170724,210748500,3216.0,1756,90434,56377720.0,3216.0,1,3215.0,5
rb1805,20170725,20170724,210749000,3216.0,1756,90434,56377720.0,3216.0,6,3215.0,5
rb1805,20170725,20170724,210749500,3215.0,1758,90434,56442020.0,3216.0,6,3215.0,4
rb1805,20170725,20170724,210750000,3215.0,1758,90434,56442020.0,3216.0,6,3215.0,4
rb1805,20170725,20170724,210751500,3215.0,1758,90434,56442020.0,3216.0,6,3215.0,4
rb1805,20170725,20170724,210752000,3215.0,1766,90434,56699220.0,3216.0,6,3213.0,1
rb1805,20170725,20170724,210752500,3215.0,1766,90434,56699220.0,3215.0,2,3212.0,2
rb1805,20170725,20170724,210753000,3215.0,1766,90434,56699220.0,3215.0,7,3212.0,3
rb1805,20170725,20170724,210753500,3215.0,1766,90434,56699220.0,3215.0,7,3212.0,3
rb1805,20170725,20170724,210754000,3215.0,1766,90434,56699220.0,3215.0,7,3212.0,4
rb1805,20170725,20170724,210754500,3215.0,1766,90434,56699220.0,3215.0,7,3212.0,4
rb1805,20170725,20170724,210755000,3215.0,1776,90440,57020720.0,3215.0,3,3212.0,5
rb1805,20170725,20170724,210755500,3215.0,1776,90440,57020720.0,3215.0,2,3213.0,1
rb1805,20170725,20170724,210756000,3215.0,1776,90440,57020720.0,3215.0,3,3213.0,1
rb1805,20170725,20170724,210757000,3215.0,1776,90440,57020720.0,3215.0,2,3213.0,1
rb1805,20170725,20170724,210757500,3215.0,1776,90440,57020720.0,3215.0,6,3213.0,1
rb1805,20170725,20170724,210759000,3215.0,1776,90440,57020720.0,3215.0,6,3213.0,1
rb1805,20170725,20170724,210759500,3215.0,1776,90440,57020720.0,3215.0,6,3213.0,1
rb1805,20170725,20170724,210800000,3215.0,1776,90440,57020720.0,3215.0,6,3213.0,1
rb1805,20170725,20170724,210800500,3215.0,1776,90440,57020720.0,3215.0,6,3213.0,1
rb1805,20170725,20170724,210801000,3215.0,1776,90440,57020720.0,3215.0,6,3213.0,1
rb1805,20170725,20170724,210802000,3215.0,1778,90442,57085020.0,3215.0,5,3213.0,1
rb1805,20170725,20170724,210802500,3215.0,1778,90442,57085020.0,3215.0,6,3213.0,1
rb1805,20170725,20170724,210803000,3215.0,1778,90442,57085020.0,3215.0,5,3213.0,1
rb1805,20170725,20170724,210803500,3215.0,1778,90442,57085020.0,3215.0,6,3213.0,1
rb1805,20170725,20170724,210805000,3215.0,1778,90442,57085020.0,3215.0,5,3212.0,5
rb1805,20170725,20170724,210805500,3215.0,1778,90442,57085020.0,3215.0,5,3213.0,2
rb1805,20170725,20170724,210806000,3215.0,1778,90442,57085020.0,3215.0,5,3213.0,2
rb1805,20170725,20170724,210807000,3215.0,1778,90442,57085020.0,3215.0,5,3213.0,2
rb1805,20170725,20170724,210807500,3215.0,1778,90442,57085020.0,3215.0,5,3213.0,2
rb1805,20170725,20170724,210808000,3215.0,1778,90442,57085020.0,3214.0,1,3213.0,2
rb1805,20170725,20170724,210809000,3215.0,1778,90442,57085020.0,3214.0,1,3213.0,2
rb1805,20170725,20170724,210810000,3215.0,1778,90442,57085020.0,3214.0,1,3213.0,7
rb1805,20170725,20170724,210811000,3215.0,1778,90442,57085020.0,3214.0,1,3213.0,7
rb1805,20170725,20170724,210811500,3215.0,1778,90442,57085020.0,3214.0,1,3213.0,7
rb1805,20170725,20170724,210814500,3215.0,1778,90442,57085020.0,3214.0,2,3213.0,7
rb1805,20170725,20170724,210816000,3215.0,1778,90442,57085020.0,3214.0,2,3213.0,7
rb1805,20170725,20170724,210816500,3214.0,1780,90440,57149300.0,3214.0,1,3213.0,7
rb1805,20170725,20170724,210817000,3214.0,1780,90440,57149300.0,3214.0,1,3213.0,7
rb1805,20170725,20170724,210817500,3214.0,1780,90440,57149300.0,3214.0,1,3213.0,17
rb1805,20170725,20170724,210818000,3214.0,1780,90440,57149300.0,3214.0,1,3213.0,20
rb1805,20170725,20170724,210819000,3214.0,1780,90440,57149300.0,3214.0,5,3213.0,20
rb1805,20170725,20170724,210819500,3214.0,1790,90448,57470700.0,3215.0,1,3213.0,21
rb1805,20170725,20170724,210820500,3214.0,1790,90448,57470700.0,3216.0,6,3213.0,21
rb1805,20170725,20170724,210822500,3214.0,1790,90448,57470700.0,3215.0,2,3213.0,21
rb1805,20170725,20170724,210823000,3215.0,1792,90448,57535000.0,3215.0,1,3213.0,26
rb1805,20170725,20170724,210825000,3215.0,1792,90448,57535000.0,3215.0,6,3213.0,26
rb1805,20170725,20170724,210825500,3215.0,1792,90448,57535000.0,3215.0,6,3213.0,26
rb1805,20170725,20170724,210826000,3215.0,1792,90448,57535000.0,3215.0,6,3213.0,26
rb1805,20170725,20170724,210828000,3215.0,1792,90448,57535000.0,3215.0,6,3213.0,26
rb1805,20170725,20170724,210829000,3215.0,1792,90448,57535000.0,3215.0,1,3213.0,26
rb1805,20170725,20170724,210829500,3215.0,1794,90448,57599300.0,3216.0,6,3213.0,26
rb1805,20170725,20170724,210830500,3215.0,1794,90448,57599300.0,3216.0,6,3214.0,1
rb1805,20170725,20170724,210831000,3215.0,1794,90448,57599300.0,3216.0,6,3214.0,2
rb1805,20170725,20170724,210831500,3215.0,1794,90448,57599300.0,3216.0,6,3214.0,2
rb1805,20170725,20170724,210832000,3214.0,1796,90448,57663580.0,3216.0,7,3214.0,1
rb1805,20170725,20170724,210832500,3214.0,1796,90448,57663580.0,3216.0,8,3214.0,1
rb1805,20170725,20170724,210834000,3214.0,1796,90448,57663580.0,3216.0,7,3214.0,1
rb1805,20170725,20170724,210834500,3214.0,1796,90448,57663580.0,3216.0,6,3214.0,4
rb1805,20170725,20170724,210835000,3214.0,1796,90448,57663580.0,3216.0,1,3214.0,4
rb1805,20170725,20170724,210836000,3214.0,1796,90448,57663580.0,3216.0,1,3215.0,2
rb1805,20170725,20170724,210837000,3214.0,1796,90448,57663580.0,3216.0,1,3215.0,2
rb1805,20170725,20170724,210838500,3214.0,1796,90448,57663580.0,3216.0,1,3215.0,2
rb1805,20170725,20170724,210839000,3214.0,1796,90448,57663580.0,3216.0,1,3215.0,2
rb1805,20170725,20170724,210840000,3214.0,1796,90448,57663580.0,3216.0,1,3215.0,2
rb1805,20170725,20170724,210840500,3214.0,1796,90448,57663580.0,3216.0,1,3215.0,2
rb1805,20170725,20170724,210841000,3214.0,1796,90448,57663580.0,3216.0,2,3215.0,2
rb1805,20170725,20170724,210841500,3214.0,1796,90448,57663580.0,3216.0,2,3215.0,2
rb1805,20170725,20170724,210842000,3214.0,1796,90448,57663580.0,3216.0,3,3215.0,2
rb1805,20170725,20170724,210843000,3214.0,1796,90448,57663580.0,3216.0,4,3215.0,2
rb1805,20170725,20170724,210843500,3214.0,1796,90448,57663580.0,3216.0,4,3215.0,2
rb1805,20170725,20170724,210845000,3214.0,1796,90448,57663580.0,3216.0,4,3215.0,3
rb1805,20170725,20170724,210846000,3214.0,1796,90448,57663580.0,3216.0,4,3215.0,3
rb1805,20170725,20170724,210846500,3214.0,1796,90448,57663580.0,3216.0,4,3215.0,3
rb1805,20170725,20170724,210848000,3214.0,1796,90448,57663580.0,3216.0,4,3215.0,3
rb1805,20170725,20170724,210848500,3215.0,1802,90452,57856480.0,3215.0,6,3214.0,3
rb1805,20170725,20170724,210849000,3215.0,1802,90452,57856480.0,3215.0,20,3214.0,3
rb1805,20170725,20170724,210849500,3214.0,1818,90468,58370720.0,3214.0,9,3213.0,23
rb1805,20170725,20170724,210850000,3214.0,1820,90468,58435000.0,3214.0,19,3213.0,20
rb1805,20170725,20170724,210850500,3214.0,1820,90468,58435000.0,3214.0,19,3213.0,20
rb1805,20170725,20170724,210851500,3214.0,1820,90468,58435000.0,3214.0,19,3213.0,20
rb1805,20170725,20170724,210852000,3214.0,1820,90468,58435000.0,3216.0,31,3214.0,1
rb1805,20170725,20170724,210852500,3214.0,1820,90468,58435000.0,3216.0,34,3214.0,1
rb1805,20170725,20170724,210853000,3214.0,1826,90464,58627840.0,3216.0,35,3214.0,1
rb1805,20170725,20170724,210853500,3214.0,1828,90462,58692120.0,3214.0,2,3213.0,15
rb1805,20170725,20170724,210854000,3214.0,1828,90462,58692120.0,3215.0,2,3213.0,15
rb1805,20170725,20170724,210854500,3214.0,1828,90462,58692120.0,3215.0,2,3213.0,15
rb1805,20170725,20170724,210855000,3214.0,1828,90462,58692120.0,3215.0,2,3213.0,15
rb1805,20170725,20170724,210856000,3214.0,1828,90462,58692120.0,3215.0,11,3213.0,15
rb1805,20170725,20170724,210856500,3214.0,1828,90462,58692120.0,3215.0,21,3213.0,15
rb1805,20170725,20170724,210857500,3214.0,1828,90462,58692120.0,3215.0,21,3213.0,15
rb1805,20170725,20170724,210858000,3214.0,1828,90462,58692120.0,3215.0,21,3213.0,15
rb1805,20170725,20170724,210859500,3214.0,1828,90462,58692120.0,3215.0,11,3213.0,15
rb1805,20170725,20170724,210900000,3214.0,1828,90462,58692120.0,3215.0,2,3213.0,15
rb1805,20170725,20170724,210900500,3214.0,1828,90462,58692120.0,3215.0,2,3214.0,2
rb1805,20170725,20170724,210901000,3214.0,1828,90462,58692120.0,3215.0,2,3214.0,2
rb1805,20170725,20170724,210901500,3215.0,1832,90462,58820720.0,3216.0,11,3215.0,2
rb1805,20170725,20170724,210902000,3215.0,1832,90462,58820720.0,3216.0,7,3214.0,2
rb1805,20170725,20170724,210902500,3215.0,1832,90462,58820720.0,3216.0,7,3214.0,2
rb1805,20170725,20170724,210903000,3215.0,1832,90462,58820720.0,3216.0,7,3214.0,2
rb1805,20170725,20170724,210903500,3216.0,1844,90466,59206640.0,3216.0,1,3215.0,2
rb1805,20170725,20170724,210904000,3216.0,1844,90466,59206640.0,3216.0,1,3215.0,2
rb1805,20170725,20170724,210904500,3216.0,1846,90464,59270960.0,3217.0,5,3216.0,1
rb1805,20170725,20170724,210905000,3216.0,1848,90464,59335280.0,3217.0,5,3216.0,1
rb1805,20170725,20170724,210905500,3217.0,1852,90464,59463960.0,3217.0,3,3214.0,3
rb1805,20170725,20170724,210906000,3217.0,1852,90464,59463960.0,3217.0,4,3214.0,7
rb1805,20170725,20170724,210906500,3217.0,1852,90464,59463960.0,3217.0,4,3214.0,7
rb1805,20170725,20170724,210907000,3217.0,1852,90464,59463960.0,3217.0,4,3214.0,8
rb1805,20170725,20170724,210907500,3217.0,1852,90464,59463960.0,3217.0,9,3215.0,1
rb1805,20170725,20170724,210908000,3217.0,1858,90458,59656980.0,3217.0,6,3215.0,1
rb1805,20170725,20170724,210908500,3217.0,1858,90458,59656980.0,3217.0,6,3215.0,1
rb1805,20170725,20170724,210909500,3217.0,1858,90458,59656980.0,3217.0,6,3215.0,1
rb1805,20170725,20170724,210910000,3217.0,1858,90458,59656980.0,3217.0,6,3215.0,1
rb1805,20170725,20170724,210910500,3217.0,1858,90458,59656980.0,3217.0,6,3215.0,1
rb1805,20170725,20170724,210911000,3217.0,1858,90458,59656980.0,3217.0,9,3215.0,2
rb1805,20170725,20170724,210911500,3217.0,1864,90456,59850000.0,3217.0,6,3215.0,2
rb1805,20170725,20170724,210912000,3217.0,1864,90456,59850000.0,3217.0,12,3215.0,2
rb1805,20170725,20170724,210912500,3217.0,1864,90456,59850000.0,3217.0,12,3215.0,2
rb1805,20170725,20170724,210913000,3217.0,1864,90456,59850000.0,3217.0,12,3215.0,2
rb1805,20170725,20170724,210913500,3217.0,1866,90456,59914340.0,3217.0,11,3215.0,2
rb1805,20170725,20170724,210914000,3217.0,1866,90456,59914340.0,3217.0,11,3215.0,5
rb1805,20170725,20170724,210914500,3217.0,1866,90456,59914340.0,3217.0,11,3215.0,2
rb1805,20170725,20170724,210915000,3217.0,1866,90456,59914340.0,3217.0,11,3215.0,2
rb1805,20170725,20170724,210915500,3217.0,1866,90456,59914340.0,3217.0,11,3215.0,2
rb1805,20170725,20170724,210916000,3215.0,1870,90454,60042940.0,3217.0,11,3214.0,4
rb1805,20170725,20170724,210916500,3215.0,1870,90454,60042940.0,3217.0,11,3214.0,4
rb1805,20170725,20170724,210917000,3215.0,1870,90454,60042940.0,3217.0,12,3214.0,3
rb1805,20170725,20170724,210917500,3215.0,1870,90454,60042940.0,3216.0,3,3214.0,3
rb1805,20170725,20170724,210918000,3215.0,1870,90454,60042940.0,3216.0,3,3214.0,8
rb1805,20170725,20170724,210918500,3215.0,1870,90454,60042940.0,3216.0,3,3214.0,8
rb1805,20170725,20170724,210919000,3215.0,1870,90454,60042940.0,3216.0,8,3214.0,3
rb1805,20170725,20170724,210919500,3214.0,1876,90456,60235780.0,3214.0,6,3213.0,10
rb1805,20170725,20170724,210920000,3214.0,1876,90456,60235780.0,3215.0,3,3213.0,10
rb1805,20170725,20170724,210920500,3214.0,1876,90456,60235780.0,3215.0,6,3213.0,10
rb1805,20170725,20170724,210921000,3214.0,1876,90456,60235780.0,3215.0,14,3213.0,10
rb1805,20170725,20170724,210921500,3214.0,1876,90456,60235780.0,3215.0,11,3213.0,15
rb1805,20170725,20170724,210922000,3214.0,1876,90456,60235780.0,3215.0,11,3213.0,16
rb1805,20170725,20170724,210922500,3214.0,1876,90456,60235780.0,3215.0,3,3213.0,16
rb1805,20170725,20170724,210923000,3214.0,1876,90456,60235780.0,3215.0,3,3213.0,17
rb1805,20170725,20170724,210923500,3214.0,1876,90456,60235780.0,3215.0,8,3213.0,18
rb1805,20170725,20170724,210924000,3214.0,1876,90456,60235780.0,3215.0,3,3214.0,1
rb1805,20170725,20170724,210924500,3214.0,1876,90456,60235780.0,3215.0,3,3214.0,2
rb1805,20170725,20170724,210925000,3214.0,1880,90454,60364340.0,3214.0,2,3213.0,19
rb1805,20170725,20170724,210925500,3214.0,1880,90454,60364340.0,3215.0,8,3214.0,1
rb1805,20170725,20170724,210926000,3214.0,1882,90454,60428620.0,3214.0,1,3213.0,20
rb1805,20170725,20170724,210926500,3215.0,1888,90454,60621520.0,3215.0,5,3213.0,20
rb1805,20170725,20170724,210927000,3215.0,1888,90454,60621520.0,3216.0,30,3213.0,20
rb1805,20170725,20170724,210927500,3215.0,1888,90454,60621520.0,3216.0,34,3213.0,20
rb1805,20170725,20170724,210928000,3215.0,1888,90454,60621520.0,3214.0,1,3213.0,20
rb1805,20170725,20170724,210928500,3214.0,1890,90454,60685800.0,3216.0,13,3214.0,1
rb1805,20170725,20170724,210929000,3214.0,1890,90454,60685800.0,3216.0,14,3214.0,1
rb1805,20170725,20170724,210929500,3214.0,1890,90454,60685800.0,3216.0,14,3214.0,1
rb1805,20170725,20170724,210930000,3214.0,1890,90454,60685800.0,3215.0,1,3214.0,1
rb1805,20170725,20170724,210930500,3214.0,1890,90454,60685800.0,3215.0,1,3214.0,1
rb1805,20170725,20170724,210932500,3214.0,1890,90454,60685800.0,3215.0,1,3214.0,2
rb1805,20170725,20170724,210933000,3214.0,1890,90454,60685800.0,3215.0,1,3214.0,3
rb1805,20170725,20170724,210933500,3214.0,1896,90454,60878640.0,3215.0,2,3213.0,16
rb1805,20170725,20170724,210934000,3213.0,1928,90454,61906800.0,3213.0,24,3212.0,12
rb1805,20170725,20170724,210934500,3213.0,1934,90454,62099580.0,3213.0,23,3212.0,5
rb1805,20170725,20170724,210935000,3213.0,1946,90454,62485140.0,3213.0,17,3212.0,6
rb1805,20170725,20170724,210935500,3213.0,1948,90454,62549400.0,3213.0,16,3212.0,10
rb1805,20170725,20170724,210936500,3213.0,1948,90454,62549400.0,3213.0,16,3212.0,11
rb1805,20170725,20170724,210937000,3213.0,1948,90454,62549400.0,3213.0,16,3212.0,11
rb1805,20170725,20170724,210937500,3212.0,1950,90456,62613640.0,3213.0,16,3212.0,10
rb1805,20170725,20170724,210938000,3213.0,1956,90456,62806420.0,3213.0,13,3212.0,10
rb1805,20170725,20170724,210938500,3213.0,1956,90456,62806420.0,3213.0,13,3212.0,10
rb1805,20170725,20170724,210939000,3213.0,1956,90456,62806420.0,3213.0,13,3212.0,5
rb1805,20170725,20170724,210939500,3213.0,1956,90456,62806420.0,3213.0,13,3212.0,5
rb1805,20170725,20170724,210940000,3213.0,1956,90456,62806420.0,3213.0,13,3212.0,5
rb1805,20170725,20170724,210941500,3213.0,1956,90456,62806420.0,3213.0,13,3212.0,6
rb1805,20170725,20170724,210942000,3213.0,1956,90456,62806420.0,3213.0,13,3212.0,6
rb1805,20170725,20170724,210942500,3213.0,1960,90456,62934940.0,3213.0,11,3212.0,6
rb1805,20170725,20170724,210943000,3213.0,1960,90456,62934940.0,3213.0,11,3212.0,6
rb1805,20170725,20170724,210943500,3213.0,1966,90456,63127720.0,3213.0,8,3212.0,6
rb1805,20170725,20170724,210944000,3213.0,1982,90440,63641800.0,3214.0,1,3212.0,7
rb1805,20170725,20170724,210944500,3213.0,1982,90440,63641800.0,3214.0,1,3212.0,7
rb1805,20170725,20170724,210945000,3213.0,1982,90440,63641800.0,3214.0,1,3212.0,7
rb1805,20170725,20170724,210945500,3213.0,1982,90440,63641800.0,3214.0,6,3212.0,8
rb1805,20170725,20170724,210946500,3213.0,1982,90440,63641800.0,3214.0,6,3212.0,8
rb1805,20170725,20170724,210947000,3213.0,1982,90440,63641800.0,3214.0,6,3212.0,9
rb1805,20170725,20170724,210947500,3213.0,1982,90440,63641800.0,3214.0,6,3212.0,9
rb1805,20170725,20170724,210948500,3213.0,1982,90440,63641800.0,3214.0,6,3212.0,9
rb1805,20170725,20170724,210950000,3213.0,1982,90440,63641800.0,3214.0,6,3212.0,9
rb1805,20170725,20170724,210950500,3213.0,1982,90440,63641800.0,3214.0,11,3212.0,9
rb1805,20170725,20170724,210951000,3213.0,1982,90440,63641800.0,3214.0,11,3213.0,2
rb1805,20170725,20170724,210951500,3213.0,1986,90440,63770320.0,3214.0,6,3212.0,8
rb1805,20170725,20170724,210952000,3213.0,1986,90440,63770320.0,3214.0,11,3212.0,9
rb1805,20170725,20170724,210953000,3213.0,1986,90440,63770320.0,3214.0,11,3213.0,1
rb1805,20170725,20170724,210953500,3213.0,1986,90440,63770320.0,3214.0,1,3213.0,1
rb1805,20170725,20170724,210954000,3213.0,1986,90440,63770320.0,3214.0,1,3213.0,1
rb1805,20170725,20170724,210954500,3213.0,1986,90440,63770320.0,3214.0,1,3213.0,1
rb1805,20170725,20170724,210955000,3213.0,1986,90440,63770320.0,3214.0,1,3213.0,1
rb1805,20170725,20170724,210957000,3213.0,1986,90440,63770320.0,3214.0,1,3213.0,1
rb1805,20170725,20170724,210958500,3213.0,1986,90440,63770320.0,3214.0,1,3213.0,1
rb1805,20170725,20170724,211000000,3214.0,1988,90438,63834600.0,3215.0,28,3213.0,4
rb1805,20170725,20170724,211000500,3213.0,1990,90436,63898860.0,3215.0,29,3213.0,3
rb1805,20170725,20170724,211001000,3213.0,1990,90436,63898860.0,3215.0,29,3213.0,9
rb1805,20170725,20170724,211002000,3213.0,1990,90436,63898860.0,3214.0,4,3213.0,3
rb1805,20170725,20170724,211002500,3214.0,1992,90438,63963140.0,3214.0,2,3213.0,3
rb1805,20170725,20170724,211003500,3214.0,1992,90438,63963140.0,3214.0,2,3213.0,3
rb1805,20170725,20170724,211004000,3214.0,1996,90442,64091700.0,3215.0,11,3213.0,3
rb1805,20170725,20170724,211004500,3214.0,1996,90442,64091700.0,3215.0,6,3214.0,1
rb1805,20170725,20170724,211005000,3214.0,1996,90442,64091700.0,3215.0,1,3214.0,1
rb1805,20170725,20170724,211005500,3214.0,1998,90442,64155980.0,3215.0,1,3213.0,3
rb1805,20170725,20170724,211006000,3215.0,2008,90440,64477480.0,3215.0,19,3213.0,4
rb1805,20170725,20170724,211006500,3215.0,2008,90440,64477480.0,3215.0,27,3213.0,6
rb1805,20170725,20170724,211007000,3215.0,2008,90440,64477480.0,3215.0,28,3213.0,6
rb1805,20170725,20170724,211007500,3215.0,2008,90440,64477480.0,3215.0,28,3214.0,2
rb1805,20170725,20170724,211008000,3215.0,2008,90440,64477480.0,3215.0,22,3214.0,2
rb1805,20170725,20170724,211008500,3215.0,2008,90440,64477480.0,3215.0,23,3214.0,2
rb1805,20170725,20170724,211009000,3215.0,2008,90440,64477480.0,3215.0,22,3214.0,2
rb1805,20170725,20170724,211009500,3215.0,2008,90440,64477480.0,3215.0,21,3214.0,2
rb1805,20170725,20170724,211010000,3215.0,2008,90440,64477480.0,3215.0,1,3214.0,2
rb1805,20170725,20170724,211010500,3215.0,2008,90440,64477480.0,3215.0,4,3214.0,2
rb1805,20170725,20170724,211011000,3214.0,2012,90440,64606040.0,3214.0,4,3213.0,5
rb1805,20170725,20170724,211011500,3214.0,2012,90440,64606040.0,3214.0,4,3213.0,7
rb1805,20170725,20170724,211012000,3214.0,2012,90440,64606040.0,3214.0,4,3213.0,37
rb1805,20170725,20170724,211012500,3214.0,2012,90440,64606040.0,3214.0,4,3213.0,37
rb1805,20170725,20170724,211013000,3214.0,2012,90440,64606040.0,3214.0,4,3213.0,37
rb1805,20170725,20170724,211013500,3214.0,2016,90440,64734600.0,3214.0,2,3213.0,37
rb1805,20170725,20170724,211014500,3214.0,2016,90440,64734600.0,3214.0,2,3213.0,35
rb1805,20170725,20170724,211015000,3213.0,2086,90440,66983700.0,3213.0,35,3212.0,8
rb1805,20170725,20170724,211015500,3213.0,2092,90440,67176480.0,3213.0,46,3212.0,10
rb1805,20170725,20170724,211016000,3213.0,2092,90440,67176480.0,3213.0,46,3212.0,10
rb1805,20170725,20170724,211016500,3213.0,2102,90440,67497740.0,3213.0,43,3212.0,8
rb1805,20170725,20170724,211017000,3213.0,2102,90440,67497740.0,3213.0,43,3212.0,14
rb1805,20170725,20170724,211019000,3213.0,2102,90440,67497740.0,3213.0,45,3212.0,14
rb1805,20170725,20170724,211020000,3213.0,2102,90440,67497740.0,3213.0,45,3212.0,8
rb1805,20170725,20170724,211020500,3213.0,2102,90440,67497740.0,3213.0,43,3212.0,10
rb1805,20170725,20170724,211021000,3213.0,2102,90440,67497740.0,3213.0,43,3212.0,10
rb1805,20170725,20170724,211021500,3213.0,2102,90440,67497740.0,3213.0,43,3212.0,17
rb1805,20170725,20170724,211022000,3213.0,2102,90440,67497740.0,3213.0,43,3212.0,11
rb1805,20170725,20170724,211022500,3213.0,2102,90440,67497740.0,3213.0,43,3212.0,17
rb1805,20170725,20170724,211023500,3212.0,2104,90440,67561980.0,3213.0,43,3212.0,18
rb1805,20170725,20170724,211024500,3212.0,2104,90440,67561980.0,3213.0,43,3212.0,18
rb1805,20170725,20170724,211026000,3212.0,2106,90442,67626220.0,3213.0,43,3212.0,17
rb1805,20170725,20170724,211026500,3213.0,2120,90442,68076020.0,3213.0,37,3212.0,16
rb1805,20170725,20170724,211027000,3213.0,2120,90442,68076020.0,3213.0,37,3212.0,16
rb1805,20170725,20170724,211027500,3213.0,2152,90442,69104180.0,3213.0,21,3212.0,11
rb1805,20170725,20170724,211028000,3213.0,2168,90438,69618260.0,3213.0,13,3212.0,10
rb1805,20170725,20170724,211029000,3213.0,2168,90438,69618260.0,3213.0,13,3212.0,8
rb1805,20170725,20170724,211030000,3213.0,2168,90438,69618260.0,3213.0,13,3212.0,8
rb1805,20170725,20170724,211033000,3213.0,2168,90438,69618260.0,3213.0,30,3212.0,10
rb1805,20170725,20170724,211033500,3213.0,2168,90438,69618260.0,3213.0,30,3212.0,10
rb1805,20170725,20170724,211034000,3213.0,2174,90438,69811040.0,3213.0,27,3212.0,14
rb1805,20170725,20170724,211034500,3213.0,2180,90436,70003820.0,3213.0,24,3212.0,19
rb1805,20170725,20170724,211035000,3213.0,2180,90436,70003820.0,3213.0,24,3212.0,18
rb1805,20170725,20170724,211035500,3213.0,2186,90430,70196600.0,3213.0,21,3212.0,18
rb1805,20170725,20170724,211036000,3213.0,2190,90430,70325120.0,3213.0,19,3212.0,18
rb1805,20170725,20170724,211036500,3213.0,2190,90430,70325120.0,3213.0,19,3212.0,21
rb1805,20170725,20170724,211037000,3212.0,2212,90430,71031960.0,3213.0,9,3212.0,21
rb1805,20170725,20170724,211037500,3213.0,2218,90428,71224740.0,3213.0,6,3212.0,21
rb1805,20170725,20170724,211038000,3213.0,2218,90428,71224740.0,3213.0,6,3212.0,21
rb1805,20170725,20170724,211039000,3213.0,2218,90428,71224740.0,3213.0,6,3212.0,21
rb1805,20170725,20170724,211040000,3213.0,2218,90428,71224740.0,3213.0,6,3212.0,21
rb1805,20170725,20170724,211040500,3213.0,2224,90428,71417520.0,3213.0,3,3212.0,20
rb1805,20170725,20170724,211041000,3213.0,2224,90428,71417520.0,3213.0,3,3212.0,21
rb1805,20170725,20170724,211042000,3213.0,2224,90428,71417520.0,3213.0,3,3212.0,21
rb1805,20170725,20170724,211042500,3213.0,2224,90428,71417520.0,3213.0,3,3212.0,16
rb1805,20170725,20170724,211043000,3213.0,2224,90428,71417520.0,3213.0,3,3212.0,15
rb1805,20170725,20170724,211043500,3213.0,2224,90428,71417520.0,3213.0,3,3212.0,13
rb1805,20170725,20170724,211044000,3213.0,2226,90428,71481780.0,3213.0,2,3212.0,13
rb1805,20170725,20170724,211044500,3213.0,2230,90428,71610300.0,3214.0,6,3212.0,13
rb1805,20170725,20170724,211045000,3213.0,2230,90428,71610300.0,3213.0,1,3212.0,13
rb1805,20170725,20170724,211045500,3213.0,2230,90428,71610300.0,3213.0,1,3212.0,13
rb1805,20170725,20170724,211046500,3213.0,2230,90428,71610300.0,3213.0,1,3212.0,12
rb1805,20170725,20170724,211048000,3213.0,2232,90428,71674560.0,3214.0,6,3212.0,12
rb1805,20170725,20170724,211048500,3214.0,2234,90428,71738840.0,3214.0,5,3212.0,12
rb1805,20170725,20170724,211049000,3214.0,2234,90428,71738840.0,3214.0,6,3212.0,9
rb1805,20170725,20170724,211049500,3214.0,2234,90428,71738840.0,3214.0,2,3212.0,9
rb1805,20170725,20170724,211050000,3214.0,2234,90428,71738840.0,3214.0,12,3212.0,9
rb1805,20170725,20170724,211051000,3214.0,2234,90428,71738840.0,3214.0,12,3212.0,9
rb1805,20170725,20170724,211051500,3214.0,2234,90428,71738840.0,3214.0,12,3212.0,9
rb1805,20170725,20170724,211052000,3214.0,2234,90428,71738840.0,3214.0,12,3212.0,9
rb1805,20170725,20170724,211052500,3214.0,2234,90428,71738840.0,3214.0,7,3212.0,9
rb1805,20170725,20170724,211053500,3214.0,2234,90428,71738840.0,3214.0,12,3213.0,1
rb1805,20170725,20170724,211054000,3214.0,2234,90428,71738840.0,3214.0,7,3213.0,1
rb1805,20170725,20170724,211054500,3213.0,2236,90426,71803100.0,3214.0,7,3212.0,9
rb1805,20170725,20170724,211055500,3213.0,2236,90426,71803100.0,3214.0,7,3212.0,9
rb1805,20170725,20170724,211057500,3213.0,2236,90426,71803100.0,3214.0,8,3212.0,9
rb1805,20170725,20170724,211058000,3213.0,2236,90426,71803100.0,3214.0,8,3213.0,1
rb1805,20170725,20170724,211058500,3213.0,2236,90426,71803100.0,3214.0,8,3213.0,1
rb1805,20170725,20170724,211059000,3213.0,2236,90426,71803100.0,3214.0,8,3213.0,1
rb1805,20170725,20170724,211059500,3213.0,2236,90426,71803100.0,3214.0,8,3213.0,2
rb1805,20170725,20170724,211100000,3213.0,2236,90426,71803100.0,3214.0,3,3213.0,2
rb1805,20170725,20170724,211100500,3213.0,2236,90426,71803100.0,3214.0,3,3213.0,2
rb1805,20170725,20170724,211101500,3213.0,2236,90426,71803100.0,3214.0,3,3213.0,2
rb1805,20170725,20170724,211102000,3214.0,2242,90422,71995940.0,3215.0,8,3214.0,17
rb1805,20170725,20170724,211102500,3214.0,2276,90400,73088700.0,3215.0,9,3213.0,2
rb1805,20170725,20170724,211103000,3214.0,2286,90410,73410100.0,3214.0,4,3213.0,2
rb1805,20170725,20170724,211103500,3214.0,2294,90410,73667220.0,3215.0,17,3214.0,26
rb1805,20170725,20170724,211104000,3214.0,2294,90410,73667220.0,3215.0,20,3214.0,26
rb1805,20170725,20170724,211104500,3214.0,2320,90384,74502860.0,3215.0,7,3214.0,13
rb1805,20170725,20170724,211105000,3214.0,2346,90382,75338500.0,3215.0,15,3213.0,2
rb1805,20170725,20170724,211105500,3214.0,2346,90382,75338500.0,3215.0,12,3213.0,2
rb1805,20170725,20170724,211106000,3213.0,2438,90304,78296060.0,3213.0,3,3212.0,26
rb1805,20170725,20170724,211106500,3213.0,2444,90300,78488840.0,3215.0,7,3212.0,24
rb1805,20170725,20170724,211107000,3214.0,2446,90300,78553120.0,3214.0,1,3212.0,29
rb1805,20170725,20170724,211107500,3214.0,2446,90300,78553120.0,3214.0,1,3212.0,30
rb1805,20170725,20170724,211108000,3214.0,2446,90300,78553120.0,3214.0,1,3212.0,31
rb1805,20170725,20170724,211108500,3214.0,2446,90300,78553120.0,3214.0,4,3212.0,32
rb1805,20170725,20170724,211109500,3214.0,2446,90300,78553120.0,3214.0,4,3213.0,1
rb1805,20170725,20170724,211110000,3214.0,2446,90300,78553120.0,3214.0,9,3213.0,1
rb1805,20170725,20170724,211110500,3213.0,2448,90302,78617380.0,3213.0,25,3212.0,29
rb1805,20170725,20170724,211111000,3213.0,2448,90302,78617380.0,3213.0,32,3212.0,24
rb1805,20170725,20170724,211111500,3213.0,2448,90302,78617380.0,3213.0,32,3212.0,22
rb1805,20170725,20170724,211112000,3213.0,2448,90302,78617380.0,3213.0,32,3212.0,22
rb1805,20170725,20170724,211112500,3213.0,2448,90302,78617380.0,3213.0,40,3212.0,22
rb1805,20170725,20170724,211113000,3212.0,2462,90306,79067060.0,3213.0,35,3212.0,15
rb1805,20170725,20170724,211113500,3212.0,2482,90306,79709460.0,3213.0,35,3212.0,5
rb1805,20170725,20170724,211114000,3212.0,2492,90308,80030660.0,3212.0,22,3211.0,5
rb1805,20170725,20170724,211114500,3212.0,2492,90308,80030660.0,3212.0,7,3211.0,5
rb1805,20170725,20170724,211115000,3211.0,2502,90306,80351760.0,3211.0,15,3210.0,6
rb1805,20170725,20170724,211115500,3210.0,2506,90304,80480160.0,3211.0,3,3210.0,6
rb1805,20170725,20170724,211116000,3211.0,2536,90282,81443460.0,3212.0,17,3211.0,25
rb1805,20170725,20170724,211116500,3212.0,2594,90250,83306140.0,3213.0,42,3212.0,5
rb1805,20170725,20170724,211117000,3212.0,2604,90242,83627340.0,3212.0,17,3211.0,31
rb1805,20170725,20170724,211117500,3212.0,2604,90242,83627340.0,3212.0,7,3211.0,31
rb1805,20170725,20170724,211118000,3212.0,2604,90242,83627340.0,3212.0,7,3211.0,31
rb1805,20170725,20170724,211119000,3212.0,2604,90242,83627340.0,3212.0,4,3211.0,31
rb1805,20170725,20170724,211119500,3211.0,2614,90232,83948440.0,3212.0,4,3211.0,27
rb1805,20170725,20170724,211120500,3211.0,2614,90232,83948440.0,3212.0,4,3211.0,27
rb1805,20170725,20170724,211121000,3211.0,2614,90232,83948440.0,3212.0,4,3211.0,27
rb1805,20170725,20170724,211121500,3211.0,2614,90232,83948440.0,3212.0,4,3211.0,27
rb1805,20170725,20170724,211122000,3211.0,2614,90232,83948440.0,3212.0,4,3211.0,27
rb1805,20170725,20170724,211123000,3211.0,2614,90232,83948440.0,3212.0,4,3211.0,27
rb1805,20170725,20170724,211125500,3211.0,2614,90232,83948440.0,3212.0,4,3211.0,27
rb1805,20170725,20170724,211126000,3211.0,2628,90226,84397980.0,3212.0,4,3211.0,20
rb1805,20170725,20170724,211126500,3211.0,2628,90226,84397980.0,3212.0,4,3211.0,20
rb1805,20170725,20170724,211129000,3211.0,2628,90226,84397980.0,3213.0,45,3211.0,20
rb1805,20170725,20170724,211129500,3211.0,2628,90226,84397980.0,3213.0,37,3211.0,20
rb1805,20170725,20170724,211131000,3211.0,2628,90226,84397980.0,3213.0,37,3211.0,20
rb1805,20170725,20170724,211131500,3211.0,2628,90226,84397980.0,3213.0,37,3211.0,20
rb1805,20170725,20170724,211132000,3211.0,2628,90226,84397980.0,3213.0,37,3211.0,20
rb1805,20170725,20170724,211132500,3211.0,2628,90226,84397980.0,3213.0,32,3211.0,24
rb1805,20170725,20170724,211133000,3211.0,2628,90226,84397980.0,3213.0,32,3211.0,24
rb1805,20170725,20170724,211133500,3211.0,2628,90226,84397980.0,3213.0,32,3211.0,24
rb1805,20170725,20170724,211135000,3211.0,2628,90226,84397980.0,3213.0,32,3211.0,24
rb1805,20170725,20170724,211137000,3211.0,2628,90226,84397980.0,3213.0,38,3211.0,25
rb1805,20170725,20170724,211138000,3211.0,2628,90226,84397980.0,3213.0,38,3212.0,3
rb1805,20170725,20170724,211139000,3211.0,2628,90226,84397980.0,3213.0,38,3212.0,3
rb1805,20170725,20170724,211139500,3211.0,2628,90226,84397980.0,3213.0,38,3212.0,3
rb1805,20170725,20170724,211140000,3211.0,2628,90226,84397980.0,3213.0,38,3211.0,30
rb1805,20170725,20170724,211140500,3211.0,2628,90226,84397980.0,3213.0,38,3212.0,2
rb1805,20170725,20170724,211141000,3211.0,2628,90226,84397980.0,3213.0,38,3211.0,28
rb1805,20170725,20170724,211141500,3211.0,2628,90226,84397980.0,3213.0,38,3211.0,30
rb1805,20170725,20170724,211142500,3211.0,2628,90226,84397980.0,3213.0,38,3212.0,1
rb1805,20170725,20170724,211144500,3211.0,2628,90226,84397980.0,3213.0,38,3212.0,1
rb1805,20170725,20170724,211145000,3212.0,2630,90228,84462220.0,3212.0,1,3211.0,24
rb1805,20170725,20170724,211145500,3212.0,2630,90228,84462220.0,3213.0,38,3211.0,24
rb1805,20170725,20170724,211146000,3211.0,2632,90228,84526440.0,3213.0,38,3211.0,23
rb1805,20170725,20170724,211151500,3211.0,2632,90228,84526440.0,3213.0,38,3211.0,28
rb1805,20170725,20170724,211152000,3211.0,2632,90228,84526440.0,3213.0,38,3211.0,29
rb1805,20170725,20170724,211153000,3211.0,2632,90228,84526440.0,3213.0,38,3212.0,3
rb1805,20170725,20170724,211153500,3213.0,2634,90226,84590700.0,3213.0,37,3212.0,3
rb1805,20170725,20170724,211154000,3213.0,2636,90226,84654960.0,3213.0,36,3212.0,3
rb1805,20170725,20170724,211155000,3212.0,2642,90220,84847680.0,3212.0,2,3211.0,29
rb1805,20170725,20170724,211155500,3212.0,2646,90220,84976160.0,3213.0,36,3212.0,6
rb1805,20170725,20170724,211156000,3212.0,2646,90220,84976160.0,3213.0,36,3212.0,3
rb1805,20170725,20170724,211157500,3212.0,2646,90220,84976160.0,3213.0,36,3212.0,3
rb1805,20170725,20170724,211158500,3212.0,2650,90218,85104640.0,3213.0,36,3212.0,1
rb1805,20170725,20170724,211159000,3212.0,2652,90216,85168880.0,3212.0,2,3211.0,24
rb1805,20170725,20170724,211159500,3212.0,2654,90216,85233120.0,3213.0,39,3212.0,4
rb1805,20170725,20170724,211201000,3212.0,2654,90216,85233120.0,3213.0,39,3212.0,4
rb1805,20170725,20170724,211203000,3213.0,2656,90214,85297380.0,3213.0,38,3212.0,4
rb1805,20170725,20170724,211204000,3213.0,2656,90214,85297380.0,3213.0,38,3212.0,1
rb1805,20170725,20170724,211204500,3212.0,2660,90216,85425860.0,3213.0,35,3212.0,2
rb1805,20170725,20170724,211205000,3212.0,2660,90216,85425860.0,3213.0,35,3212.0,2
rb1805,20170725,20170724,211205500,3212.0,2666,90220,85618580.0,3213.0,35,3211.0,21
rb1805,20170725,20170724,211206000,3212.0,2666,90220,85618580.0,3213.0,35,3212.0,5
rb1805,20170725,20170724,211206500,3212.0,2666,90220,85618580.0,3213.0,35,3212.0,5
rb1805,20170725,20170724,211208000,3213.0,2668,90220,85682840.0,3213.0,34,3212.0,5
rb1805,20170725,20170724,211208500,3213.0,2668,90220,85682840.0,3213.0,34,3212.0,5
rb1805,20170725,20170724,211209000,3213.0,2668,90220,85682840.0,3213.0,34,3212.0,6
rb1805,20170725,20170724,211209500,3213.0,2718,90174,87289340.0,3213.0,9,3212.0,11
rb1805,20170725,20170724,211210000,3213.0,2726,90174,87546380.0,3213.0,5,3212.0,11
rb1805,20170725,20170724,211210500,3213.0,2736,90166,87867680.0,3214.0,6,3213.0,7
rb1805,20170725,20170724,211211000,3213.0,2736,90166,87867680.0,3214.0,1,3213.0,4
rb1805,20170725,20170724,211211500,3213.0,2736,90166,87867680.0,3214.0,2,3213.0,4
rb1805,20170725,20170724,211212000,3213.0,2736,90166,87867680.0,3214.0,2,3213.0,4
rb1805,20170725,20170724,211213000,3214.0,2738,90166,87931960.0,3214.0,1,3213.0,4
rb1805,20170725,20170724,211215500,3214.0,2738,90166,87931960.0,3214.0,1,3213.0,4
rb1805,20170725,20170724,211218000,3214.0,2738,90166,87931960.0,3214.0,1,3213.0,4
rb1805,20170725,20170724,211218500,3214.0,2740,90164,87996240.0,3215.0,9,3213.0,4
rb1805,20170725,20170724,211219000,3214.0,2740,90164,87996240.0,3214.0,2,3213.0,4
rb1805,20170725,20170724,211220500,3214.0,2740,90164,87996240.0,3214.0,2,3213.0,4
rb1805,20170725,20170724,211221000,3214.0,2740,90164,87996240.0,3214.0,1,3213.0,4
rb1805,20170725,20170724,211221500,3214.0,2742,90164,88060520.0,3215.0,11,3213.0,4
rb1805,20170725,20170724,211223500,3214.0,2742,90164,88060520.0,3214.0,3,3213.0,4
rb1805,20170725,20170724,211224000,3213.0,2750,90172,88317560.0,3215.0,11,3212.0,10
rb1805,20170725,20170724,211224500,3213.0,2750,90172,88317560.0,3214.0,1,3213.0,1
rb1805,20170725,20170724,211225000,3213.0,2752,90172,88381820.0,3213.0,1,3212.0,10
rb1805,20170725,20170724,211225500,3213.0,2752,90172,88381820.0,3214.0,9,3212.0,5
rb1805,20170725,20170724,211226000,3213.0,2752,90172,88381820.0,3214.0,9,3212.0,5
rb1805,20170725,20170724,211226500,3212.0,2756,90176,88510300.0,3213.0,3,3212.0,3
rb1805,20170725,20170724,211227000,3212.0,2762,90176,88703020.0,3213.0,3,3211.0,8
rb1805,20170725,20170724,211228500,3212.0,2762,90176,88703020.0,3213.0,3,3211.0,8
rb1805,20170725,20170724,211229500,3212.0,2762,90176,88703020.0,3214.0,9,3211.0,8
rb1805,20170725,20170724,211230000,3212.0,2762,90176,88703020.0,3214.0,8,3213.0,1
rb1805,20170725,20170724,211230500,3213.0,2764,90178,88767280.0,3214.0,3,3212.0,1
rb1805,20170725,20170724,211231000,3213.0,2764,90178,88767280.0,3214.0,3,3212.0,1
rb1805,20170725,20170724,211232000,3212.0,2766,90176,88831520.0,3214.0,3,3211.0,14
rb1805,20170725,20170724,211232500,3212.0,2766,90176,88831520.0,3213.0,2,3211.0,14
rb1805,20170725,20170724,211233000,3212.0,2766,90176,88831520.0,3214.0,8,3211.0,9
rb1805,20170725,20170724,211233500,3212.0,2766,90176,88831520.0,3214.0,8,3211.0,16
rb1805,20170725,20170724,211234000,3212.0,2766,90176,88831520.0,3214.0,8,3211.0,11
rb1805,20170725,20170724,211236000,3212.0,2766,90176,88831520.0,3214.0,28,3211.0,11
rb1805,20170725,20170724,211236500,3212.0,2766,90176,88831520.0,3213.0,2,3211.0,11
rb1805,20170725,20170724,211237500,3212.0,2766,90176,88831520.0,3213.0,2,3211.0,11
rb1805,20170725,20170724,211238000,3212.0,2766,90176,88831520.0,3213.0,2,3211.0,11
rb1805,20170725,20170724,211239500,3212.0,2766,90176,88831520.0,3213.0,5,3211.0,11
rb1805,20170725,20170724,211240000,3211.0,2770,90180,88959980.0,3213.0,5,3211.0,8
rb1805,20170725,20170724,211240500,3211.0,2770,90180,88959980.0,3213.0,10,3211.0,8
rb1805,20170725,20170724,211241500,3211.0,2770,90180,88959980.0,3213.0,10,3211.0,3
rb1805,20170725,20170724,211242500,3211.0,2770,90180,88959980.0,3213.0,10,3211.0,5
rb1805,20170725,20170724,211243500,3211.0,2770,90180,88959980.0,3213.0,10,3211.0,5
rb1805,20170725,20170724,211244000,3211.0,2770,90180,88959980.0,3213.0,10,3211.0,5
rb1805,20170725,20170724,211244500,3211.0,2770,90180,88959980.0,3213.0,10,3211.0,5
rb1805,20170725,20170724,211245500,3211.0,2770,90180,88959980.0,3213.0,5,3211.0,5
rb1805,20170725,20170724,211246500,3211.0,2770,90180,88959980.0,3213.0,5,3211.0,5
rb1805,20170725,20170724,211247500,3211.0,2770,90180,88959980.0,3212.0,3,3211.0,5
rb1805,20170725,20170724,211248000,3211.0,2770,90180,88959980.0,3212.0,3,3211.0,3
rb1805,20170725,20170724,211248500,3211.0,2770,90180,88959980.0,3212.0,3,3211.0,5
rb1805,20170725,20170724,211249000,3211.0,2770,90180,88959980.0,3212.0,3,3211.0,3
rb1805,20170725,20170724,211251500,3211.0,2770,90180,88959980.0,3213.0,12,3211.0,4
rb1805,20170725,20170724,211252000,3211.0,2770,90180,88959980.0,3213.0,5,3211.0,4
rb1805,20170725,20170724,211252500,3211.0,2770,90180,88959980.0,3213.0,5,3211.0,16
rb1805,20170725,20170724,211254000,3211.0,2770,90180,88959980.0,3213.0,10,3211.0,4
rb1805,20170725,20170724,211254500,3211.0,2770,90180,88959980.0,3213.0,10,3211.0,4
rb1805,20170725,20170724,211256000,3211.0,2770,90180,88959980.0,3213.0,10,3211.0,4
rb1805,20170725,20170724,211256500,3211.0,2770,90180,88959980.0,3213.0,5,3211.0,4
rb1805,20170725,20170724,211257000,3211.0,2770,90180,88959980.0,3213.0,5,3211.0,6
rb1805,20170725,20170724,211257500,3211.0,2770,90180,88959980.0,3213.0,5,3211.0,6
rb1805,20170725,20170724,211258500,3211.0,2770,90180,88959980.0,3213.0,5,3211.0,6
rb1805,20170725,20170724,211259500,3211.0,2770,90180,88959980.0,3213.0,10,3211.0,6
rb1805,20170725,20170724,211300000,3211.0,2770,90180,88959980.0,3213.0,5,3211.0,6
rb1805,20170725,20170724,211302000,3211.0,2770,90180,88959980.0,3213.0,5,3211.0,8
rb1805,20170725,20170724,211303000,3211.0,2770,90180,88959980.0,3213.0,10,3211.0,8
rb1805,20170725,20170724,211303500,3213.0,2774,90180,89088500.0,3213.0,8,3211.0,8
rb1805,20170725,20170724,211304500,3213.0,2774,90180,89088500.0,3213.0,8,3212.0,1
rb1805,20170725,20170724,211306000,3212.0,2776,90182,89152740.0,3213.0,8,3211.0,8
rb1805,20170725,20170724,211308000,3212.0,2776,90182,89152740.0,3213.0,8,3211.0,8
rb1805,20170725,20170724,211308500,3212.0,2776,90182,89152740.0,3213.0,8,3211.0,13
rb1805,20170725,20170724,211309000,3212.0,2776,90182,89152740.0,3212.0,3,3211.0,8
rb1805,20170725,20170724,211309500,3212.0,2776,90182,89152740.0,3212.0,3,3211.0,8
rb1805,20170725,20170724,211310000,3212.0,2776,90182,89152740.0,3213.0,13,3211.0,9
rb1805,20170725,20170724,211310500,3212.0,2776,90182,89152740.0,3213.0,13,3212.0,2
rb1805,20170725,20170724,211311000,3212.0,2780,90186,89281220.0,3212.0,3,3211.0,9
rb1805,20170725,20170724,211311500,3212.0,2780,90186,89281220.0,3212.0,3,3211.0,9
rb1805,20170725,20170724,211312500,3212.0,2780,90186,89281220.0,3212.0,3,3211.0,7
rb1805,20170725,20170724,211313000,3211.0,2786,90186,89473880.0,3212.0,3,3211.0,4
rb1805,20170725,20170724,211313500,3211.0,2792,90192,89666540.0,3212.0,3,3211.0,1
rb1805,20170725,20170724,211314000,3211.0,2794,90194,89730760.0,3212.0,3,3210.0,18
rb1805,20170725,20170724,211315000,3211.0,2794,90194,89730760.0,3212.0,3,3211.0,2
rb1805,20170725,20170724,211315500,3212.0,2800,90194,89923480.0,3213.0,12,3212.0,2
rb1805,20170725,20170724,211316000,3212.0,2804,90196,90051960.0,3212.0,5,3211.0,2
rb1805,20170725,20170724,211316500,3212.0,2806,90196,90116200.0,3212.0,3,3211.0,2
rb1805,20170725,20170724,211318000,3212.0,2806,90196,90116200.0,3212.0,3,3211.0,3
rb1805,20170725,20170724,211318500,3212.0,2806,90196,90116200.0,3213.0,12,3211.0,3
rb1805,20170725,20170724,211319000,3212.0,2806,90196,90116200.0,3213.0,7,3211.0,3
rb1805,20170725,20170724,211320500,3212.0,2806,90196,90116200.0,3212.0,1,3211.0,3
rb1805,20170725,20170724,211321000,3212.0,2806,90196,90116200.0,3212.0,1,3211.0,3
rb1805,20170725,20170724,211321500,3212.0,2806,90196,90116200.0,3212.0,1,3211.0,3
rb1805,20170725,20170724,211322000,3212.0,2806,90196,90116200.0,3212.0,6,3211.0,3
rb1805,20170725,20170724,211322500,3212.0,2806,90196,90116200.0,3212.0,6,3211.0,3
rb1805,20170725,20170724,211323000,3212.0,2806,90196,90116200.0,3212.0,6,3211.0,4
rb1805,20170725,20170724,211324000,3212.0,2806,90196,90116200.0,3212.0,7,3211.0,4
rb1805,20170725,20170724,211327000,3212.0,2806,90196,90116200.0,3212.0,7,3211.0,4
rb1805,20170725,20170724,211327500,3211.0,2810,90200,90244640.0,3212.0,7,3211.0,2
rb1805,20170725,20170724,211328000,3211.0,2814,90202,90373080.0,3212.0,10,3210.0,21
rb1805,20170725,20170724,211328500,3211.0,2814,90202,90373080.0,3211.0,3,3210.0,21
rb1805,20170725,20170724,211329000,3211.0,2814,90202,90373080.0,3211.0,3,3210.0,21
rb1805,20170725,20170724,211329500,3211.0,2814,90202,90373080.0,3211.0,6,3210.0,21
rb1805,20170725,20170724,211330000,3210.0,2828,90206,90822480.0,3211.0,11,3210.0,14
rb1805,20170725,20170724,211330500,3210.0,2844,90222,91336080.0,3211.0,14,3210.0,6
rb1805,20170725,20170724,211331000,3210.0,2848,90224,91464480.0,3211.0,14,3210.0,4
rb1805,20170725,20170724,211331500,3210.0,2848,90224,91464480.0,3211.0,11,3210.0,4
rb1805,20170725,20170724,211332000,3210.0,2850,90226,91528680.0,3211.0,11,3210.0,3
rb1805,20170725,20170724,211332500,3210.0,2856,90228,91721280.0,3211.0,11,3209.0,5
rb1805,20170725,20170724,211333000,3210.0,2858,90230,91785480.0,3210.0,1,3209.0,5
rb1805,20170725,20170724,211333500,3209.0,2864,90234,91978020.0,3210.0,1,3209.0,2
rb1805,20170725,20170724,211336500,3210.0,2866,90234,92042220.0,3211.0,8,3209.0,2
rb1805,20170725,20170724,211337000,3210.0,2866,90234,92042220.0,3211.0,8,3209.0,2
rb1805,20170725,20170724,211337500,3210.0,2866,90234,92042220.0,3211.0,3,3209.0,2
rb1805,20170725,20170724,211338500,3210.0,2866,90234,92042220.0,3211.0,3,3209.0,2
rb1805,20170725,20170724,211339500,3210.0,2866,90234,92042220.0,3211.0,6,3209.0,2
rb1805,20170725,20170724,211340500,3210.0,2866,90234,92042220.0,3211.0,6,3209.0,2
rb1805,20170725,20170724,211341000,3210.0,2866,90234,92042220.0,3211.0,6,3209.0,7
rb1805,20170725,20170724,211341500,3210.0,2866,90234,92042220.0,3211.0,6,3209.0,6
rb1805,20170725,20170724,211342000,3210.0,2866,90234,92042220.0,3211.0,6,3209.0,8
rb1805,20170725,20170724,211347000,3210.0,2866,90234,92042220.0,3210.0,7,3209.0,8
rb1805,20170725,20170724,211347500,3210.0,2866,90234,92042220.0,3210.0,7,3209.0,3
rb1805,20170725,20170724,211348000,3210.0,2866,90234,92042220.0,3210.0,7,3209.0,4
rb1805,20170725,20170724,211349000,3210.0,2868,90236,92106420.0,3210.0,6,3209.0,4
rb1805,20170725,20170724,211351000,3210.0,2870,90238,92170620.0,3210.0,5,3209.0,3
rb1805,20170725,20170724,211351500,3209.0,2872,90238,92234800.0,3210.0,5,3209.0,2
rb1805,20170725,20170724,211352000,3209.0,2872,90238,92234800.0,3210.0,5,3209.0,3
rb1805,20170725,20170724,211353000,3209.0,2872,90238,92234800.0,3210.0,5,3209.0,4
rb1805,20170725,20170724,211354500,3209.0,2874,90240,92298980.0,3210.0,5,3209.0,3
rb1805,20170725,20170724,211355000,3209.0,2874,90240,92298980.0,3210.0,5,3209.0,3
rb1805,20170725,20170724,211356500,3209.0,2874,90240,92298980.0,3210.0,5,3209.0,3
rb1805,20170725,20170724,211357000,3209.0,2874,90240,92298980.0,3210.0,5,3209.0,5
rb1805,20170725,20170724,211358000,3209.0,2884,90236,92619880.0,3210.0,5,3208.0,6
rb1805,20170725,20170724,211358500,3209.0,2884,90236,92619880.0,3210.0,5,3208.0,6
rb1805,20170725,20170724,211359500,3209.0,2884,90236,92619880.0,3210.0,5,3208.0,11
rb1805,20170725,20170724,211400000,3209.0,2884,90236,92619880.0,3209.0,10,3208.0,6
rb1805,20170725,20170724,211401500,3209.0,2900,90224,93133320.0,3209.0,2,3208.0,6
rb1805,20170725,20170724,211402000,3209.0,2900,90224,93133320.0,3209.0,2,3208.0,6
rb1805,20170725,20170724,211402500,3209.0,2900,90224,93133320.0,3209.0,2,3208.0,6
rb1805,20170725,20170724,211404000,3209.0,2900,90224,93133320.0,3209.0,2,3208.0,6
rb1805,20170725,20170724,211405000,3209.0,2900,90224,93133320.0,3209.0,2,3208.0,6
rb1805,20170725,20170724,211405500,3209.0,2902,90224,93197500.0,3209.0,1,3208.0,6
rb1805,20170725,20170724,211406500,3209.0,2902,90224,93197500.0,3209.0,1,3208.0,6
rb1805,20170725,20170724,211407000,3209.0,2904,90222,93261680.0,3210.0,11,3208.0,6
rb1805,20170725,20170724,211407500,3209.0,2904,90222,93261680.0,3210.0,6,3208.0,6
rb1805,20170725,20170724,211408000,3209.0,2904,90222,93261680.0,3210.0,6,3208.0,6
rb1805,20170725,20170724,211408500,3209.0,2904,90222,93261680.0,3210.0,6,3208.0,6
rb1805,20170725,20170724,211409000,3209.0,2904,90222,93261680.0,3210.0,11,3208.0,6
