instrument,tradingday,calendarday,time,lastp,volume,openinterest,turnover,ask1,asksz1,bid1,bidsz1
rb1805,20171030,20171027,183418500,3609.0,0,1249516,0.0,0.0,0,0.0,0
rb1805,20171030,20171027,205900500,3600.0,1510,1249552,54360000.0,3600.0,91,3599.0,9
rb1805,20171030,20171027,210000500,3601.0,2792,1249718,100516240.0,3603.0,26,3602.0,5
rb1805,20171030,20171027,210001000,3603.0,4210,1249184,151610120.0,3605.0,394,3603.0,159
rb1805,20171030,20171027,210001500,3603.0,4834,1249090,174096620.0,3605.0,321,3604.0,3
rb1805,20171030,20171027,210002000,3604.0,5254,1249194,189234660.0,3604.0,9,3603.0,62
rb1805,20171030,20171027,210002500,3604.0,5540,1249116,199541020.0,3605.0,206,3604.0,3
rb1805,20171030,20171027,210003000,3601.0,6282,1249432,226281360.0,3604.0,56,3601.0,514
rb1805,20171030,20171027,210003500,3604.0,6560,1249584,236299820.0,3605.0,32,3604.0,3
rb1805,20171030,20171027,210004000,3605.0,6712,1249596,241778660.0,3606.0,7,3605.0,6
rb1805,20171030,20171027,210004500,3603.0,6950,1249624,250357560.0,3604.0,23,3603.0,30
rb1805,20171030,20171027,210005000,3604.0,7246,1249692,261025280.0,3605.0,38,3604.0,7
rb1805,20171030,20171027,210005500,3603.0,7406,1249674,266791720.0,3605.0,36,3604.0,6
rb1805,20171030,20171027,210006000,3604.0,7660,1249780,275941340.0,3604.0,63,3602.0,5
rb1805,20171030,20171027,210006500,3602.0,7756,1249716,279401140.0,3603.0,13,3602.0,17
rb1805,20171030,20171027,210007000,3602.0,8216,1249946,295974300.0,3602.0,11,3601.0,978
rb1805,20171030,20171027,210007500,3602.0,8512,1250096,306636960.0,3603.0,39,3602.0,37
rb1805,20171030,20171027,210008000,3603.0,8620,1250084,310527580.0,3603.0,13,3602.0,39
rb1805,20171030,20171027,210008500,3603.0,8744,1250028,314994620.0,3604.0,130,3603.0,10
rb1805,20171030,20171027,210009000,3602.0,8840,1249986,318453180.0,3602.0,4,3601.0,951
rb1805,20171030,20171027,210009500,3602.0,8892,1249976,320326460.0,3603.0,36,3602.0,60
rb1805,20171030,20171027,210010000,3602.0,9146,1249822,329475500.0,3602.0,80,3601.0,969
rb1805,20171030,20171027,210010500,3603.0,9396,1249772,338481300.0,3604.0,133,3603.0,1
rb1805,20171030,20171027,210011000,3604.0,9790,1249718,352680380.0,3605.0,81,3604.0,27
rb1805,20171030,20171027,210011500,3604.0,9950,1249630,358447940.0,3605.0,31,3604.0,16
rb1805,20171030,20171027,210012000,3605.0,10082,1249692,363206520.0,3606.0,25,3605.0,35
rb1805,20171030,20171027,210012500,3605.0,10198,1249672,367388240.0,3605.0,30,3604.0,7
rb1805,20171030,20171027,210013000,3606.0,10292,1249666,370776260.0,3606.0,41,3605.0,99
rb1805,20171030,20171027,210013500,3605.0,10388,1249712,374237760.0,3607.0,3,3605.0,106
rb1805,20171030,20171027,210014000,3605.0,10514,1249688,378781000.0,3608.0,104,3605.0,72
rb1805,20171030,20171027,210014500,3608.0,11042,1250070,397828840.0,3609.0,160,3608.0,258
rb1805,20171030,20171027,210015000,3608.0,11292,1250262,406849280.0,3609.0,139,3608.0,156
rb1805,20171030,20171027,210015500,3608.0,11584,1250314,417385300.0,3609.0,106,3608.0,43
rb1805,20171030,20171027,210016000,3607.0,11770,1250338,424096540.0,3607.0,7,3606.0,24
rb1805,20171030,20171027,210016500,3607.0,11854,1250324,427127220.0,3608.0,1,3607.0,45
rb1805,20171030,20171027,210017000,3607.0,11892,1250298,428498000.0,3608.0,18,3607.0,27
rb1805,20171030,20171027,210017500,3607.0,12022,1250226,433188540.0,3609.0,50,3607.0,17
rb1805,20171030,20171027,210018000,3607.0,12074,1250238,435064100.0,3608.0,35,3607.0,1
rb1805,20171030,20171027,210018500,3607.0,12152,1250266,437877500.0,3607.0,10,3606.0,10
rb1805,20171030,20171027,210019000,3607.0,12284,1250256,442638060.0,3608.0,53,3607.0,17
rb1805,20171030,20171027,210019500,3607.0,12370,1250246,445740140.0,3607.0,4,3606.0,39
rb1805,20171030,20171027,210020000,3607.0,12416,1250250,447399280.0,3608.0,50,3607.0,2
rb1805,20171030,20171027,210020500,3608.0,12434,1250250,448048560.0,3607.0,7,3606.0,37
rb1805,20171030,20171027,210021000,3607.0,12454,1250244,448770040.0,3607.0,12,3606.0,38
rb1805,20171030,20171027,210021500,3607.0,12462,1250252,449058600.0,3607.0,17,3606.0,54
rb1805,20171030,20171027,210022000,3606.0,12496,1250258,450284820.0,3607.0,92,3606.0,43
rb1805,20171030,20171027,210022500,3606.0,12614,1250260,454540200.0,3606.0,186,3605.0,54
rb1805,20171030,20171027,210023000,3603.0,12958,1250210,466939380.0,3606.0,288,3603.0,94
rb1805,20171030,20171027,210023500,3604.0,13150,1250264,473858740.0,3605.0,40,3604.0,6
rb1805,20171030,20171027,210024000,3604.0,13216,1250234,476237420.0,3604.0,2,3603.0,67
rb1805,20171030,20171027,210024500,3605.0,13306,1250170,479481240.0,3605.0,60,3603.0,78
rb1805,20171030,20171027,210025000,3603.0,13464,1250288,485174140.0,3603.0,126,3602.0,57
rb1805,20171030,20171027,210025500,3602.0,13612,1250412,490506480.0,3603.0,63,3602.0,52
rb1805,20171030,20171027,210026000,3603.0,13642,1250422,491587280.0,3603.0,65,3602.0,58
rb1805,20171030,20171027,210026500,3603.0,13672,1250442,492667920.0,3603.0,136,3602.0,39
rb1805,20171030,20171027,210027000,3603.0,13744,1250508,495261400.0,3603.0,144,3602.0,12
rb1805,20171030,20171027,210027500,3602.0,13788,1250510,496846480.0,3602.0,7,3601.0,140
rb1805,20171030,20171027,210028000,3602.0,13804,1250508,497422800.0,3602.0,20,3601.0,140
rb1805,20171030,20171027,210028500,3601.0,14192,1250582,511395220.0,3601.0,215,3600.0,254
rb1805,20171030,20171027,210029000,3600.0,14926,1250978,537820920.0,3601.0,164,3600.0,14
rb1805,20171030,20171027,210029500,3597.0,15690,1250800,565315200.0,3600.0,491,3597.0,24
rb1805,20171030,20171027,210030000,3599.0,16538,1250902,595821660.0,3599.0,39,3597.0,25
rb1805,20171030,20171027,210030500,3599.0,17664,1250426,636344860.0,3599.0,4,3597.0,19
rb1805,20171030,20171027,210031000,3599.0,17856,1250406,643254200.0,3600.0,183,3599.0,36
rb1805,20171030,20171027,210031500,3599.0,18244,1250448,657219140.0,3599.0,1,3598.0,49
rb1805,20171030,20171027,210032000,3598.0,18326,1250454,660170320.0,3600.0,81,3599.0,1
rb1805,20171030,20171027,210032500,3601.0,18526,1250420,667370100.0,3601.0,127,3599.0,12
rb1805,20171030,20171027,210033000,3601.0,18864,1250434,679540940.0,3602.0,46,3601.0,6
rb1805,20171030,20171027,210033500,3599.0,19076,1250500,687173880.0,3601.0,1,3599.0,159
rb1805,20171030,20171027,210034000,3601.0,19202,1250522,691710440.0,3601.0,18,3600.0,4
rb1805,20171030,20171027,210034500,3601.0,19304,1250516,695383140.0,3602.0,15,3601.0,4
rb1805,20171030,20171027,210035000,3602.0,19336,1250514,696535520.0,3602.0,23,3601.0,43
rb1805,20171030,20171027,210035500,3601.0,19394,1250504,698624400.0,3602.0,9,3601.0,189
rb1805,20171030,20171027,210036000,3601.0,19472,1250510,701433980.0,3602.0,1,3601.0,203
rb1805,20171030,20171027,210036500,3602.0,19512,1250524,702874520.0,3603.0,89,3602.0,228
rb1805,20171030,20171027,210037000,3603.0,19554,1250524,704387460.0,3603.0,90,3602.0,252
rb1805,20171030,20171027,210037500,3602.0,19612,1250528,706476760.0,3603.0,83,3602.0,266
rb1805,20171030,20171027,210038000,3603.0,19678,1250556,708854700.0,3603.0,52,3602.0,267
rb1805,20171030,20171027,210038500,3603.0,19788,1250546,712818000.0,3603.0,19,3602.0,351
rb1805,20171030,20171027,210039000,3603.0,19832,1250510,714403320.0,3604.0,39,3603.0,50
rb1805,20171030,20171027,210039500,3603.0,19866,1250524,715628360.0,3604.0,32,3603.0,61
rb1805,20171030,20171027,210040000,3603.0,20168,1250700,726512320.0,3605.0,2,3604.0,181
rb1805,20171030,20171027,210040500,3604.0,20222,1250684,728458480.0,3605.0,14,3604.0,167
rb1805,20171030,20171027,210041000,3604.0,20332,1250684,732423040.0,3605.0,7,3604.0,131
rb1805,20171030,20171027,210041500,3605.0,20546,1250676,740135660.0,3605.0,10,3604.0,31
rb1805,20171030,20171027,210042000,3603.0,20638,1250636,743451200.0,3605.0,13,3603.0,139
rb1805,20171030,20171027,210042500,3604.0,20648,1250642,743811600.0,3604.0,11,3603.0,147
rb1805,20171030,20171027,210043000,3603.0,20686,1250656,745181100.0,3604.0,45,3603.0,147
rb1805,20171030,20171027,210043500,3604.0,20724,1250674,746550520.0,3604.0,42,3603.0,142
rb1805,20171030,20171027,210044000,3604.0,20820,1250742,750010160.0,3604.0,11,3603.0,132
rb1805,20171030,20171027,210044500,3603.0,20916,1250728,753470000.0,3604.0,9,3603.0,119
rb1805,20171030,20171027,210045000,3606.0,21046,1250790,758156520.0,3605.0,30,3603.0,116
rb1805,20171030,20171027,210045500,3604.0,21136,1250868,761400920.0,3605.0,1,3604.0,1
rb1805,20171030,20171027,210046000,3604.0,21182,1250872,763058780.0,3605.0,14,3604.0,7
rb1805,20171030,20171027,210046500,3605.0,21242,1250864,765221500.0,3606.0,186,3605.0,14
rb1805,20171030,20171027,210047000,3604.0,21344,1250902,768897920.0,3604.0,13,3603.0,118
rb1805,20171030,20171027,210047500,3605.0,21414,1250888,771421080.0,3605.0,26,3604.0,171
rb1805,20171030,20171027,210048000,3605.0,21480,1250878,773800360.0,3606.0,191,3605.0,139
rb1805,20171030,20171027,210048500,3605.0,21486,1250882,774016660.0,3606.0,201,3605.0,192
rb1805,20171030,20171027,210049000,3606.0,21768,1250978,784183180.0,3606.0,186,3605.0,67
rb1805,20171030,20171027,210049500,3605.0,22026,1251072,793484020.0,3605.0,32,3604.0,209
rb1805,20171030,20171027,210050000,3605.0,22128,1251084,797161020.0,3605.0,10,3604.0,207
rb1805,20171030,20171027,210050500,3605.0,22392,1251094,806678220.0,3606.0,185,3605.0,106
rb1805,20171030,20171027,210051000,3605.0,22448,1251136,808697040.0,3606.0,186,3605.0,117
rb1805,20171030,20171027,210051500,3605.0,22504,1251184,810715880.0,3606.0,188,3605.0,92
rb1805,20171030,20171027,210052000,3606.0,22514,1251188,811076420.0,3606.0,192,3605.0,92
rb1805,20171030,20171027,210052500,3605.0,22516,1251188,811148520.0,3606.0,188,3605.0,95
rb1805,20171030,20171027,210053000,3606.0,22646,1251284,815835080.0,3606.0,185,3605.0,45
rb1805,20171030,20171027,210053500,3605.0,22658,1251278,816267700.0,3606.0,187,3605.0,42
rb1805,20171030,20171027,210054000,3606.0,23072,1251208,831196540.0,3607.0,138,3606.0,71
rb1805,20171030,20171027,210054500,3606.0,23482,1251524,845986260.0,3607.0,2,3606.0,72
rb1805,20171030,20171027,210055000,3607.0,23492,1251526,846346960.0,3608.0,1,3607.0,57
rb1805,20171030,20171027,210055500,3608.0,23776,1251322,856591700.0,3609.0,91,3608.0,43
rb1805,20171030,20171027,210056000,3608.0,23934,1251352,862291920.0,3608.0,106,3607.0,2
rb1805,20171030,20171027,210056500,3607.0,24060,1251356,866836580.0,3607.0,9,3606.0,25
rb1805,20171030,20171027,210057000,3607.0,24128,1251364,869288760.0,3607.0,20,3606.0,1
rb1805,20171030,20171027,210057500,3606.0,24138,1251360,869649400.0,3607.0,8,3606.0,12
rb1805,20171030,20171027,210058000,3606.0,24176,1251326,871019680.0,3606.0,13,3605.0,55
rb1805,20171030,20171027,210058500,3607.0,24224,1251320,872750680.0,3607.0,12,3606.0,1
rb1805,20171030,20171027,210059000,3606.0,24264,1251320,874193300.0,3607.0,8,3605.0,83
rb1805,20171030,20171027,210059500,3606.0,24294,1251296,875275420.0,3607.0,4,3606.0,4
rb1805,20171030,20171027,210100000,3609.0,24674,1251466,888984980.0,3607.0,1,3606.0,21
rb1805,20171030,20171027,210100500,3607.0,24800,1251520,893530620.0,3609.0,47,3608.0,9
rb1805,20171030,20171027,210101000,3607.0,24846,1251524,895190240.0,3608.0,68,3607.0,41
rb1805,20171030,20171027,210101500,3606.0,24970,1251490,899662740.0,3608.0,80,3607.0,1
rb1805,20171030,20171027,210102000,3606.0,25412,1251654,915596520.0,3608.0,54,3606.0,3
rb1805,20171030,20171027,210102500,3606.0,25502,1251660,918840760.0,3606.0,21,3604.0,104
rb1805,20171030,20171027,210103000,3606.0,25584,1251674,921797340.0,3606.0,5,3605.0,27
rb1805,20171030,20171027,210103500,3606.0,25650,1251678,924177640.0,3607.0,80,3606.0,11
rb1805,20171030,20171027,210104000,3606.0,25668,1251680,924826800.0,3607.0,30,3606.0,11
rb1805,20171030,20171027,210104500,3606.0,25766,1251650,928360900.0,3606.0,83,3605.0,74
rb1805,20171030,20171027,210105000,3608.0,25942,1251652,934707600.0,3608.0,83,3607.0,14
rb1805,20171030,20171027,210105500,3606.0,25994,1251674,936583080.0,3607.0,1,3606.0,61
rb1805,20171030,20171027,210106000,3607.0,26024,1251676,937665200.0,3608.0,47,3607.0,43
rb1805,20171030,20171027,210106500,3608.0,26080,1251688,939685400.0,3608.0,33,3607.0,24
rb1805,20171030,20171027,210107000,3607.0,26242,1251744,945529840.0,3608.0,1,3607.0,36
rb1805,20171030,20171027,210107500,3608.0,26322,1251790,948415500.0,3608.0,1,3607.0,134
rb1805,20171030,20171027,210108000,3608.0,26342,1251794,949137080.0,3608.0,9,3607.0,167
rb1805,20171030,20171027,210108500,3608.0,26356,1251802,949642120.0,3608.0,10,3607.0,163
rb1805,20171030,20171027,210109000,3608.0,26388,1251834,950796420.0,3608.0,26,3607.0,150
rb1805,20171030,20171027,210109500,3608.0,26526,1251890,955774660.0,3608.0,8,3607.0,113
rb1805,20171030,20171027,210110000,3608.0,26732,1251982,963205440.0,3609.0,66,3607.0,29
rb1805,20171030,20171027,210110500,3608.0,27118,1252158,977132000.0,3608.0,6,3606.0,18
rb1805,20171030,20171027,210111000,3608.0,27198,1252108,980018180.0,3608.0,17,3606.0,90
rb1805,20171030,20171027,210111500,3606.0,27216,1252112,980667300.0,3607.0,55,3606.0,82
rb1805,20171030,20171027,210112000,3607.0,27278,1252142,982903420.0,3607.0,39,3606.0,11
rb1805,20171030,20171027,210112500,3607.0,27288,1252150,983264120.0,3607.0,35,3606.0,11
rb1805,20171030,20171027,210113000,3607.0,27306,1252158,983913320.0,3607.0,29,3606.0,114
rb1805,20171030,20171027,210113500,3606.0,27350,1252202,985500360.0,3607.0,11,3606.0,144
rb1805,20171030,20171027,210114000,3607.0,27394,1252238,987087440.0,3608.0,93,3607.0,9
rb1805,20171030,20171027,210114500,3607.0,27460,1252216,989468700.0,3608.0,28,3607.0,43
rb1805,20171030,20171027,210115000,3608.0,27474,1252216,989973780.0,3608.0,24,3607.0,68
rb1805,20171030,20171027,210115500,3608.0,27536,1252270,992210140.0,3608.0,30,3607.0,41
rb1805,20171030,20171027,210116000,3607.0,27752,1252142,1000004680.0,3609.0,3,3607.0,55
rb1805,20171030,20171027,210116500,3608.0,28174,1252456,1015223900.0,3609.0,19,3607.0,4
rb1805,20171030,20171027,210117000,3607.0,28230,1252476,1017243920.0,3608.0,118,3607.0,63
rb1805,20171030,20171027,210117500,3607.0,28282,1252522,1019119560.0,3608.0,127,3607.0,72
rb1805,20171030,20171027,210118000,3607.0,28290,1252524,1019408160.0,3608.0,125,3607.0,171
rb1805,20171030,20171027,210118500,3607.0,28306,1252530,1019985320.0,3608.0,122,3607.0,167
rb1805,20171030,20171027,210119000,3607.0,28312,1252536,1020201760.0,3608.0,122,3607.0,65
rb1805,20171030,20171027,210119500,3607.0,28366,1252550,1022149960.0,3608.0,82,3607.0,61
rb1805,20171030,20171027,210120000,3607.0,28432,1252614,1024531200.0,3608.0,64,3607.0,66
rb1805,20171030,20171027,210120500,3608.0,28468,1252620,1025830040.0,3608.0,50,3607.0,72
rb1805,20171030,20171027,210121000,3608.0,28578,1252606,1029798800.0,3609.0,83,3608.0,162
rb1805,20171030,20171027,210121500,3608.0,28586,1252600,1030087480.0,3609.0,46,3608.0,162
rb1805,20171030,20171027,210122000,3609.0,28698,1252566,1034129360.0,3610.0,197,3609.0,95
rb1805,20171030,20171027,210122500,3608.0,28938,1252502,1042790600.0,3609.0,9,3608.0,185
rb1805,20171030,20171027,210123000,3608.0,29592,1252792,1066392660.0,3609.0,2,3608.0,43
rb1805,20171030,20171027,210123500,3610.0,29766,1252820,1072673860.0,3610.0,3,3609.0,151
rb1805,20171030,20171027,210124000,3609.0,29870,1252890,1076427640.0,3610.0,4,3609.0,121
rb1805,20171030,20171027,210124500,3610.0,29904,1252912,1077654820.0,3611.0,73,3610.0,20
rb1805,20171030,20171027,210125000,3610.0,29978,1252916,1080326220.0,3610.0,80,3609.0,185
rb1805,20171030,20171027,210125500,3610.0,30022,1252924,1081914500.0,3610.0,66,3609.0,169
rb1805,20171030,20171027,210126000,3609.0,30036,1252934,1082419800.0,3610.0,68,3609.0,166
rb1805,20171030,20171027,210126500,3610.0,30070,1252956,1083647160.0,3610.0,55,3609.0,164
rb1805,20171030,20171027,210127000,3610.0,30212,1253026,1088773180.0,3611.0,75,3610.0,65
rb1805,20171030,20171027,210127500,3611.0,30702,1253280,1106459220.0,3611.0,87,3610.0,374
rb1805,20171030,20171027,210128000,3610.0,30886,1253174,1113102160.0,3611.0,60,3610.0,336
rb1805,20171030,20171027,210128500,3610.0,30908,1253166,1113896400.0,3611.0,38,3610.0,340
rb1805,20171030,20171027,210129000,3610.0,31382,1252744,1131007960.0,3611.0,36,3610.0,123
rb1805,20171030,20171027,210129500,3611.0,31632,1252678,1140033120.0,3611.0,70,3610.0,16
rb1805,20171030,20171027,210130000,3610.0,31704,1252712,1142632320.0,3610.0,14,3609.0,8
rb1805,20171030,20171027,210130500,3609.0,31784,1252716,1145519520.0,3609.0,41,3608.0,89
rb1805,20171030,20171027,210131000,3609.0,31836,1252766,1147396200.0,3609.0,28,3608.0,78
rb1805,20171030,20171027,210131500,3608.0,31882,1252808,1149056160.0,3609.0,20,3608.0,69
rb1805,20171030,20171027,210132000,3609.0,31936,1252810,1151004540.0,3609.0,17,3608.0,48
rb1805,20171030,20171027,210132500,3609.0,31964,1252828,1152014860.0,3609.0,21,3608.0,38
rb1805,20171030,20171027,210133000,3608.0,32074,1252820,1155983660.0,3608.0,15,3607.0,80
rb1805,20171030,20171027,210133500,3608.0,32196,1252770,1160386120.0,3608.0,1,3607.0,80
rb1805,20171030,20171027,210134000,3609.0,32246,1252740,1162190800.0,3610.0,124,3609.0,4
rb1805,20171030,20171027,210134500,3609.0,32300,1252730,1164138960.0,3609.0,15,3607.0,72
rb1805,20171030,20171027,210135000,3608.0,32314,1252720,1164644160.0,3609.0,15,3608.0,28
rb1805,20171030,20171027,210135500,3609.0,32414,1252652,1168253160.0,3609.0,74,3608.0,31
rb1805,20171030,20171027,210136000,3607.0,32518,1252636,1172005320.0,3608.0,11,3607.0,30
rb1805,20171030,20171027,210136500,3609.0,32620,1252694,1175686160.0,3609.0,62,3608.0,1
rb1805,20171030,20171027,210137000,3608.0,32644,1252712,1176551920.0,3608.0,37,3607.0,22
rb1805,20171030,20171027,210137500,3608.0,32656,1252714,1176984880.0,3608.0,105,3607.0,33
rb1805,20171030,20171027,210138000,3606.0,32740,1252770,1180014660.0,3607.0,247,3606.0,126
rb1805,20171030,20171027,210138500,3607.0,32888,1252918,1185353000.0,3607.0,153,3606.0,109
rb1805,20171030,20171027,210139000,3607.0,33070,1253042,1191917340.0,3607.0,301,3606.0,90
rb1805,20171030,20171027,210139500,3607.0,33098,1253062,1192927160.0,3607.0,306,3606.0,83
rb1805,20171030,20171027,210140000,3606.0,33204,1253146,1196749560.0,3607.0,589,3606.0,42
rb1805,20171030,20171027,210140500,3606.0,33310,1253184,1200571940.0,3606.0,21,3605.0,140
rb1805,20171030,20171027,210141000,3606.0,33338,1253174,1201581600.0,3606.0,56,3605.0,136
rb1805,20171030,20171027,210141500,3606.0,33346,1253168,1201870060.0,3606.0,102,3605.0,136
rb1805,20171030,20171027,210142000,3606.0,33350,1253164,1202014300.0,3606.0,103,3605.0,136
rb1805,20171030,20171027,210142500,3605.0,33380,1253168,1203095860.0,3606.0,130,3605.0,124
rb1805,20171030,20171027,210143000,3606.0,33402,1253182,1203889120.0,3606.0,123,3605.0,121
rb1805,20171030,20171027,210143500,3605.0,33436,1253182,1205114940.0,3606.0,126,3605.0,91
rb1805,20171030,20171027,210144000,3605.0,33542,1253172,1208936260.0,3606.0,133,3605.0,42
rb1805,20171030,20171027,210144500,3605.0,33570,1253176,1209945680.0,3606.0,133,3605.0,33
rb1805,20171030,20171027,210145000,3605.0,34022,1253540,1226246080.0,3606.0,8,3605.0,21
rb1805,20171030,20171027,210145500,3606.0,34038,1253524,1226823040.0,3606.0,32,3605.0,61
rb1805,20171030,20171027,210146000,3605.0,34114,1253506,1229562900.0,3606.0,62,3605.0,8
rb1805,20171030,20171027,210146500,3605.0,34138,1253506,1230428100.0,3605.0,1,3604.0,383
rb1805,20171030,20171027,210147000,3606.0,34298,1253604,1236197120.0,3605.0,1,3604.0,403
rb1805,20171030,20171027,210147500,3605.0,34332,1253592,1237422820.0,3606.0,30,3605.0,15
rb1805,20171030,20171027,210148000,3605.0,34340,1253588,1237711240.0,3606.0,65,3605.0,13
rb1805,20171030,20171027,210148500,3605.0,34342,1253588,1237783340.0,3606.0,74,3605.0,17
rb1805,20171030,20171027,210149000,3605.0,34368,1253580,1238720760.0,3606.0,69,3605.0,11
rb1805,20171030,20171027,210149500,3605.0,34396,1253586,1239730160.0,3605.0,16,3604.0,410
rb1805,20171030,20171027,210150000,3606.0,34674,1253590,1249753900.0,3607.0,509,3606.0,188
rb1805,20171030,20171027,210150500,3607.0,34730,1253582,1251773280.0,3607.0,512,3606.0,161
rb1805,20171030,20171027,210151000,3606.0,34836,1253480,1255595640.0,3607.0,511,3606.0,109
rb1805,20171030,20171027,210151500,3605.0,35164,1253202,1267422340.0,3605.0,54,3604.0,402
rb1805,20171030,20171027,210152000,3605.0,35472,1253346,1278525740.0,3606.0,2,3605.0,196
rb1805,20171030,20171027,210152500,3606.0,35530,1253356,1280617180.0,3606.0,7,3605.0,217
rb1805,20171030,20171027,210153000,3605.0,35606,1253366,1283357700.0,3606.0,13,3605.0,186
rb1805,20171030,20171027,210153500,3607.0,35730,1253384,1287829340.0,3607.0,498,3606.0,10
rb1805,20171030,20171027,210154000,3606.0,35736,1253384,1288045700.0,3607.0,498,3606.0,6
rb1805,20171030,20171027,210154500,3606.0,35738,1253386,1288117820.0,3607.0,498,3606.0,46
rb1805,20171030,20171027,210155000,3607.0,35772,1253390,1289343920.0,3607.0,496,3606.0,78
rb1805,20171030,20171027,210155500,3607.0,35772,1253390,1289343920.0,3607.0,546,3606.0,98
rb1805,20171030,20171027,210156000,3606.0,35816,1253390,1290930580.0,3607.0,545,3606.0,78
rb1805,20171030,20171027,210156500,3606.0,35890,1253378,1293599100.0,3607.0,541,3606.0,45
rb1805,20171030,20171027,210157000,3606.0,35954,1253318,1295907060.0,3607.0,535,3606.0,21
rb1805,20171030,20171027,210157500,3606.0,35992,1253316,1297277520.0,3607.0,536,3606.0,26
rb1805,20171030,20171027,210158000,3607.0,36698,1252982,1322742900.0,3607.0,173,3606.0,75
rb1805,20171030,20171027,210158500,3607.0,37054,1253318,1335583820.0,3608.0,102,3607.0,88
rb1805,20171030,20171027,210159000,3608.0,37128,1253276,1338253200.0,3608.0,92,3607.0,58
rb1805,20171030,20171027,210159500,3607.0,37172,1253274,1339840300.0,3608.0,91,3607.0,38
rb1805,20171030,20171027,210200000,3607.0,37220,1253320,1341571680.0,3608.0,90,3607.0,14
rb1805,20171030,20171027,210200500,3607.0,37318,1253302,1345106520.0,3608.0,103,3607.0,6
rb1805,20171030,20171027,210201000,3607.0,37390,1253254,1347703560.0,3607.0,9,3606.0,126
rb1805,20171030,20171027,210201500,3608.0,37470,1253232,1350589780.0,3608.0,70,3607.0,8
rb1805,20171030,20171027,210202000,3607.0,37494,1253236,1351455660.0,3608.0,61,3607.0,8
rb1805,20171030,20171027,210202500,3607.0,37500,1253234,1351672100.0,3608.0,62,3607.0,45
rb1805,20171030,20171027,210203000,3607.0,37502,1253234,1351744240.0,3608.0,62,3607.0,67
rb1805,20171030,20171027,210203500,3607.0,37530,1253256,1352754440.0,3608.0,53,3607.0,66
rb1805,20171030,20171027,210204000,3607.0,37650,1253218,1357083940.0,3609.0,84,3608.0,1
rb1805,20171030,20171027,210204500,3608.0,37672,1253220,1357877700.0,3609.0,73,3608.0,14
rb1805,20171030,20171027,210205000,3608.0,37674,1253220,1357949860.0,3609.0,73,3608.0,15
rb1805,20171030,20171027,210205500,3608.0,37720,1253216,1359609560.0,3609.0,77,3608.0,55
rb1805,20171030,20171027,210206000,3608.0,37728,1253220,1359898200.0,3609.0,73,3608.0,81
rb1805,20171030,20171027,210206500,3609.0,37766,1253232,1361269360.0,3609.0,67,3608.0,81
rb1805,20171030,20171027,210207000,3609.0,37912,1253144,1366538500.0,3610.0,400,3609.0,144
rb1805,20171030,20171027,210207500,3609.0,37978,1253200,1368920620.0,3610.0,351,3609.0,141
rb1805,20171030,20171027,210208000,3609.0,38148,1253290,1375057320.0,3610.0,281,3609.0,154
rb1805,20171030,20171027,210208500,3610.0,38268,1253350,1379389320.0,3610.0,221,3609.0,164
rb1805,20171030,20171027,210209000,3609.0,38724,1253488,1395850200.0,3610.0,30,3609.0,133
rb1805,20171030,20171027,210209500,3610.0,38794,1253486,1398377200.0,3611.0,301,3610.0,194
rb1805,20171030,20171027,210210000,3611.0,38878,1253492,1401410000.0,3611.0,283,3610.0,198
rb1805,20171030,20171027,210210500,3610.0,39002,1253556,1405886940.0,3611.0,254,3610.0,58
rb1805,20171030,20171027,210211000,3611.0,39034,1253560,1407042180.0,3611.0,251,3610.0,50
rb1805,20171030,20171027,210211500,3611.0,39342,1253736,1418164020.0,3611.0,114,3610.0,50
rb1805,20171030,20171027,210212000,3611.0,39566,1253782,1426252500.0,3612.0,127,3611.0,44
rb1805,20171030,20171027,210212500,3611.0,39648,1253860,1429213520.0,3612.0,125,3611.0,27
rb1805,20171030,20171027,210213000,3611.0,39682,1253852,1430441300.0,3612.0,162,3611.0,62
rb1805,20171030,20171027,210213500,3612.0,39712,1253872,1431524840.0,3612.0,146,3611.0,99
rb1805,20171030,20171027,210214000,3611.0,39890,1253824,1437954100.0,3612.0,63,3611.0,101
rb1805,20171030,20171027,210214500,3611.0,40000,1253768,1441927120.0,3612.0,31,3611.0,114
rb1805,20171030,20171027,210215000,3611.0,40434,1253926,1457596980.0,3611.0,39,3610.0,4
rb1805,20171030,20171027,210215500,3611.0,40468,1253910,1458824580.0,3611.0,6,3610.0,22
rb1805,20171030,20171027,210216000,3610.0,40512,1253930,1460413220.0,3611.0,21,3610.0,35
rb1805,20171030,20171027,210216500,3611.0,40566,1253908,1462362940.0,3611.0,32,3610.0,25
rb1805,20171030,20171027,210217000,3611.0,40650,1253920,1465396220.0,3611.0,6,3610.0,68
rb1805,20171030,20171027,210217500,3611.0,40664,1253932,1465901640.0,3611.0,16,3610.0,62
rb1805,20171030,20171027,210218000,3611.0,40736,1253882,1468501500.0,3611.0,47,3610.0,59
rb1805,20171030,20171027,210218500,3610.0,40788,1253840,1470378700.0,3610.0,40,3609.0,58
rb1805,20171030,20171027,210219000,3610.0,40858,1253816,1472905700.0,3610.0,15,3609.0,58
rb1805,20171030,20171027,210219500,3610.0,40904,1253828,1474566300.0,3610.0,48,3609.0,58
rb1805,20171030,20171027,210220000,3610.0,40910,1253826,1474782900.0,3610.0,64,3609.0,54
rb1805,20171030,20171027,210220500,3608.0,41102,1253752,1481712220.0,3609.0,16,3608.0,122
rb1805,20171030,20171027,210221000,3609.0,41156,1253724,1483661040.0,3609.0,175,3608.0,150
rb1805,20171030,20171027,210221500,3609.0,41178,1253726,1484454940.0,3609.0,169,3608.0,117
rb1805,20171030,20171027,210222000,3609.0,41416,1253762,1493042160.0,3609.0,161,3608.0,17
rb1805,20171030,20171027,210222500,3608.0,41442,1253758,1493980360.0,3609.0,155,3608.0,10
rb1805,20171030,20171027,210223000,3608.0,41472,1253728,1495062860.0,3608.0,9,3607.0,166
rb1805,20171030,20171027,210223500,3608.0,41496,1253710,1495928780.0,3609.0,150,3608.0,24
rb1805,20171030,20171027,210224000,3609.0,41502,1253708,1496145300.0,3609.0,158,3608.0,26
rb1805,20171030,20171027,210224500,3609.0,41524,1253706,1496939280.0,3609.0,147,3608.0,39
rb1805,20171030,20171027,210225000,3609.0,41536,1253700,1497372300.0,3609.0,145,3608.0,52
rb1805,20171030,20171027,210225500,3609.0,41538,1253698,1497444480.0,3609.0,144,3608.0,53
rb1805,20171030,20171027,210226000,3609.0,41594,1253686,1499465260.0,3609.0,134,3608.0,40
rb1805,20171030,20171027,210226500,3608.0,41624,1253680,1500547800.0,3609.0,132,3608.0,30
rb1805,20171030,20171027,210227000,3609.0,41638,1253680,1501053060.0,3609.0,125,3608.0,30
rb1805,20171030,20171027,210227500,3608.0,41674,1253648,1502352280.0,3609.0,109,3608.0,31
rb1805,20171030,20171027,210228000,3609.0,41686,1253648,1502785360.0,3609.0,109,3608.0,42
rb1805,20171030,20171027,210228500,3609.0,41702,1253650,1503362780.0,3609.0,115,3608.0,47
rb1805,20171030,20171027,210229000,3608.0,41714,1253652,1503795760.0,3609.0,114,3608.0,42
rb1805,20171030,20171027,210229500,3609.0,41724,1253652,1504156660.0,3609.0,109,3608.0,45
rb1805,20171030,20171027,210230000,3608.0,41786,1253652,1506393620.0,3609.0,114,3608.0,17
rb1805,20171030,20171027,210230500,3608.0,41854,1253670,1508847060.0,3608.0,7,3607.0,208
rb1805,20171030,20171027,210231000,3607.0,41858,1253672,1508991360.0,3608.0,6,3607.0,213
rb1805,20171030,20171027,210231500,3608.0,41908,1253650,1510795240.0,3608.0,53,3607.0,207
rb1805,20171030,20171027,210232000,3607.0,41940,1253652,1511949780.0,3608.0,83,3607.0,206
rb1805,20171030,20171027,210232500,3608.0,41950,1253652,1512310580.0,3608.0,138,3607.0,205
rb1805,20171030,20171027,210233000,3607.0,42060,1253548,1516278300.0,3608.0,145,3607.0,151
rb1805,20171030,20171027,210233500,3608.0,42090,1253530,1517360540.0,3608.0,133,3607.0,149
rb1805,20171030,20171027,210234000,3608.0,42372,1253588,1527534980.0,3609.0,118,3608.0,68
rb1805,20171030,20171027,210234500,3608.0,42394,1253600,1528328740.0,3609.0,113,3608.0,66
rb1805,20171030,20171027,210235000,3608.0,42498,1253602,1532081060.0,3609.0,113,3608.0,15
rb1805,20171030,20171027,210235500,3607.0,42546,1253612,1533812880.0,3608.0,107,3607.0,143
rb1805,20171030,20171027,210236000,3608.0,42562,1253622,1534390160.0,3608.0,100,3607.0,183
rb1805,20171030,20171027,210236500,3608.0,42582,1253642,1535111760.0,3608.0,136,3607.0,184
rb1805,20171030,20171027,210237000,3608.0,42592,1253652,1535472560.0,3608.0,137,3607.0,185
rb1805,20171030,20171027,210237500,3608.0,42592,1253652,1535472560.0,3608.0,145,3607.0,185
rb1805,20171030,20171027,210238000,3607.0,42616,1253672,1536338440.0,3608.0,135,3607.0,183
rb1805,20171030,20171027,210238500,3607.0,42638,1253672,1537132000.0,3608.0,134,3607.0,173
rb1805,20171030,20171027,210239000,3608.0,42642,1253674,1537276300.0,3608.0,133,3607.0,172
rb1805,20171030,20171027,210239500,3608.0,42764,1253796,1541678060.0,3608.0,72,3607.0,184
rb1805,20171030,20171027,210240000,3608.0,42912,1253874,1547017920.0,3609.0,114,3608.0,6
rb1805,20171030,20171027,210240500,3608.0,42924,1253882,1547450900.0,3609.0,177,3608.0,29
rb1805,20171030,20171027,210241000,3609.0,42946,1253882,1548244760.0,3609.0,172,3608.0,23
rb1805,20171030,20171027,210241500,3608.0,42964,1253880,1548894240.0,3609.0,110,3608.0,31
rb1805,20171030,20171027,210242000,3609.0,43018,1253852,1550842980.0,3609.0,89,3608.0,27
rb1805,20171030,20171027,210242500,3608.0,43044,1253858,1551781060.0,3609.0,84,3608.0,15
rb1805,20171030,20171027,210243000,3609.0,43050,1253852,1551997600.0,3609.0,188,3608.0,15
rb1805,20171030,20171027,210243500,3608.0,43072,1253844,1552791480.0,3609.0,182,3608.0,13
rb1805,20171030,20171027,210244000,3608.0,43072,1253844,1552791480.0,3609.0,182,3608.0,13
rb1805,20171030,20171027,210244500,3609.0,43080,1253836,1553080200.0,3609.0,180,3608.0,14
rb1805,20171030,20171027,210245000,3609.0,43440,1254106,1566072600.0,3610.0,164,3609.0,23
rb1805,20171030,20171027,210245500,3608.0,43504,1254166,1568382240.0,3609.0,32,3608.0,48
rb1805,20171030,20171027,210246000,3608.0,43504,1254166,1568382240.0,3609.0,38,3608.0,48
rb1805,20171030,20171027,210246500,3608.0,43506,1254168,1568454400.0,3609.0,43,3608.0,57
rb1805,20171030,20171027,210247000,3609.0,43514,1254168,1568743120.0,3609.0,44,3608.0,62
rb1805,20171030,20171027,210247500,3608.0,43520,1254170,1568959640.0,3609.0,39,3608.0,63
rb1805,20171030,20171027,210248000,3608.0,43520,1254170,1568959640.0,3609.0,39,3608.0,66
rb1805,20171030,20171027,210248500,3609.0,43726,1254046,1576395360.0,3609.0,8,3608.0,67
rb1805,20171030,20171027,210249000,3609.0,43748,1254050,1577189320.0,3609.0,1,3608.0,66
rb1805,20171030,20171027,210249500,3609.0,43754,1254048,1577405860.0,3610.0,101,3609.0,3
rb1805,20171030,20171027,210250000,3610.0,43968,1254178,1585131160.0,3611.0,59,3610.0,97
rb1805,20171030,20171027,210250500,3610.0,43994,1254184,1586069760.0,3611.0,61,3610.0,84
rb1805,20171030,20171027,210251000,3611.0,44014,1254192,1586791780.0,3611.0,61,3610.0,76
rb1805,20171030,20171027,210251500,3610.0,44020,1254190,1587008400.0,3611.0,60,3610.0,77
rb1805,20171030,20171027,210252000,3610.0,44020,1254190,1587008400.0,3611.0,59,3610.0,77
rb1805,20171030,20171027,210252500,3611.0,44030,1254194,1587369420.0,3611.0,51,3610.0,118
rb1805,20171030,20171027,210253000,3611.0,44046,1254196,1587947140.0,3611.0,45,3610.0,117
rb1805,20171030,20171027,210253500,3610.0,44058,1254206,1588380380.0,3611.0,42,3610.0,118
rb1805,20171030,20171027,210254000,3610.0,44122,1254216,1590691160.0,3611.0,30,3610.0,105
rb1805,20171030,20171027,210254500,3611.0,44130,1254216,1590980020.0,3611.0,28,3610.0,104
rb1805,20171030,20171027,210255000,3610.0,44132,1254216,1591052220.0,3611.0,37,3610.0,106
rb1805,20171030,20171027,210255500,3611.0,44236,1254280,1594806820.0,3611.0,33,3610.0,64
rb1805,20171030,20171027,210256000,3611.0,44308,1254290,1597406720.0,3612.0,167,3611.0,170
rb1805,20171030,20171027,210256500,3611.0,44322,1254292,1597912280.0,3612.0,169,3611.0,166
rb1805,20171030,20171027,210257000,3611.0,44338,1254302,1598490120.0,3612.0,166,3611.0,162
rb1805,20171030,20171027,210257500,3612.0,44350,1254306,1598923520.0,3612.0,162,3611.0,213
rb1805,20171030,20171027,210258000,3612.0,44354,1254310,1599068000.0,3612.0,163,3611.0,241
rb1805,20171030,20171027,210258500,3611.0,44498,1254356,1604269220.0,3612.0,56,3611.0,239
rb1805,20171030,20171027,210259000,3612.0,44618,1254392,1608603640.0,3613.0,66,3612.0,28
rb1805,20171030,20171027,210259500,3612.0,44636,1254374,1609253800.0,3613.0,67,3612.0,30
rb1805,20171030,20171027,210300000,3613.0,44776,1254406,1614311960.0,3614.0,107,3613.0,268
rb1805,20171030,20171027,210300500,3613.0,44962,1254432,1621032280.0,3614.0,102,3613.0,208
rb1805,20171030,20171027,210301000,3613.0,45048,1254502,1624139620.0,3614.0,119,3613.0,173
rb1805,20171030,20171027,210301500,3613.0,45436,1254678,1638157980.0,3613.0,13,3612.0,41
rb1805,20171030,20171027,210302000,3613.0,45482,1254664,1639819780.0,3613.0,71,3612.0,80
rb1805,20171030,20171027,210302500,3613.0,45564,1254678,1642781940.0,3613.0,148,3612.0,55
rb1805,20171030,20171027,210303000,3612.0,45654,1254700,1646033140.0,3613.0,160,3612.0,36
rb1805,20171030,20171027,210303500,3613.0,45754,1254680,1649645300.0,3613.0,153,3612.0,12
rb1805,20171030,20171027,210304000,3613.0,45804,1254670,1651451600.0,3613.0,145,3612.0,2
rb1805,20171030,20171027,210304500,3613.0,45840,1254674,1652751940.0,3613.0,80,3612.0,1
rb1805,20171030,20171027,210305000,3613.0,46022,1254772,1659327520.0,3614.0,130,3613.0,111
rb1805,20171030,20171027,210305500,3613.0,46268,1254946,1668215520.0,3614.0,132,3613.0,20
rb1805,20171030,20171027,210306000,3613.0,46450,1254994,1674791440.0,3613.0,39,3612.0,25
rb1805,20171030,20171027,210306500,3612.0,46562,1254980,1678837800.0,3613.0,4,3612.0,15
rb1805,20171030,20171027,210307000,3613.0,46586,1254986,1679704980.0,3614.0,96,3613.0,2
rb1805,20171030,20171027,210307500,3613.0,46606,1255000,1680427560.0,3613.0,5,3612.0,37
rb1805,20171030,20171027,210308000,3613.0,46628,1254994,1681222420.0,3613.0,31,3612.0,45
rb1805,20171030,20171027,210308500,3613.0,46634,1254990,1681439200.0,3613.0,38,3612.0,39
rb1805,20171030,20171027,210309000,3613.0,46654,1254980,1682161780.0,3613.0,35,3612.0,34
rb1805,20171030,20171027,210309500,3612.0,46728,1254940,1684834760.0,3613.0,38,3612.0,4
rb1805,20171030,20171027,210310000,3613.0,46752,1254950,1685701700.0,3613.0,37,3611.0,216
rb1805,20171030,20171027,210310500,3613.0,46842,1254908,1688953280.0,3613.0,10,3612.0,29
rb1805,20171030,20171027,210311000,3613.0,46848,1254912,1689170060.0,3613.0,22,3612.0,35
rb1805,20171030,20171027,210311500,3612.0,46874,1254926,1690109420.0,3613.0,15,3612.0,36
rb1805,20171030,20171027,210312000,3612.0,46894,1254924,1690831980.0,3613.0,12,3612.0,35
rb1805,20171030,20171027,210312500,3612.0,46908,1254922,1691337680.0,3613.0,24,3612.0,49
rb1805,20171030,20171027,210313000,3612.0,47010,1254976,1695021920.0,3612.0,51,3611.0,68
rb1805,20171030,20171027,210313500,3612.0,47172,1255004,1700873620.0,3613.0,74,3612.0,103
rb1805,20171030,20171027,210314000,3612.0,47184,1255004,1701307060.0,3613.0,97,3612.0,98
rb1805,20171030,20171027,210314500,3612.0,47190,1255002,1701523780.0,3613.0,78,3612.0,121
rb1805,20171030,20171027,210315000,3612.0,47432,1254896,1710264820.0,3612.0,289,3611.0,69
rb1805,20171030,20171027,210315500,3612.0,47466,1254900,1711492700.0,3612.0,286,3611.0,59
rb1805,20171030,20171027,210316000,3612.0,47482,1254900,1712070540.0,3612.0,282,3611.0,55
rb1805,20171030,20171027,210316500,3612.0,47530,1254902,1713804260.0,3612.0,264,3611.0,52
rb1805,20171030,20171027,210317000,3612.0,47552,1254902,1714598900.0,3612.0,270,3611.0,179
rb1805,20171030,20171027,210317500,3611.0,47688,1254790,1719511100.0,3612.0,227,3611.0,175
rb1805,20171030,20171027,210318000,3612.0,47916,1254784,1727746440.0,3612.0,114,3611.0,154
rb1805,20171030,20171027,210318500,3612.0,48148,1254728,1736126280.0,3613.0,126,3612.0,57
rb1805,20171030,20171027,210319000,3613.0,48190,1254738,1737643720.0,3613.0,108,3612.0,58
rb1805,20171030,20171027,210319500,3612.0,48270,1254760,1740534080.0,3613.0,68,3612.0,71
rb1805,20171030,20171027,210320000,3612.0,48274,1254762,1740678560.0,3613.0,71,3612.0,131
rb1805,20171030,20171027,210320500,3613.0,48320,1254774,1742340280.0,3613.0,76,3612.0,177
rb1805,20171030,20171027,210321000,3613.0,48336,1254772,1742918340.0,3613.0,72,3612.0,276
rb1805,20171030,20171027,210321500,3612.0,48344,1254778,1743207360.0,3613.0,69,3612.0,287
rb1805,20171030,20171027,210322000,3613.0,48496,1254882,1748699080.0,3614.0,139,3613.0,127
rb1805,20171030,20171027,210322500,3614.0,48620,1254988,1753179220.0,3614.0,147,3613.0,67
rb1805,20171030,20171027,210323000,3613.0,48776,1255080,1758815500.0,3613.0,95,3612.0,205
rb1805,20171030,20171027,210323500,3613.0,49232,1255002,1775286660.0,3613.0,80,3612.0,1
rb1805,20171030,20171027,210324000,3612.0,49838,1255332,1797169820.0,3612.0,142,3610.0,181
rb1805,20171030,20171027,210324500,3611.0,49850,1255326,1797603100.0,3611.0,27,3610.0,189
rb1805,20171030,20171027,210325000,3611.0,49922,1255312,1800202360.0,3611.0,38,3610.0,156
rb1805,20171030,20171027,210325500,3611.0,49928,1255310,1800419000.0,3611.0,47,3610.0,155
rb1805,20171030,20171027,210326000,3612.0,50066,1255364,1805402620.0,3612.0,234,3611.0,12
rb1805,20171030,20171027,210326500,3611.0,50128,1255336,1807641440.0,3611.0,56,3610.0,136
rb1805,20171030,20171027,210327000,3611.0,50168,1255332,1809085840.0,3611.0,44,3610.0,142
rb1805,20171030,20171027,210327500,3610.0,50178,1255336,1809446900.0,3611.0,41,3610.0,140
rb1805,20171030,20171027,210328000,3611.0,50212,1255346,1810674560.0,3611.0,29,3610.0,133
rb1805,20171030,20171027,210328500,3610.0,50278,1255400,1813057200.0,3611.0,74,3610.0,102
rb1805,20171030,20171027,210329000,3610.0,50284,1255400,1813273800.0,3611.0,106,3610.0,100
rb1805,20171030,20171027,210329500,3610.0,50298,1255408,1813779240.0,3611.0,112,3610.0,95
rb1805,20171030,20171027,210330000,3610.0,50328,1255430,1814862280.0,3611.0,112,3610.0,82
rb1805,20171030,20171027,210330500,3610.0,50412,1255370,1817894740.0,3611.0,108,3610.0,43
rb1805,20171030,20171027,210331000,3610.0,50422,1255362,1818255740.0,3611.0,123,3610.0,60
rb1805,20171030,20171027,210331500,3611.0,50534,1255344,1822299960.0,3611.0,71,3610.0,58
rb1805,20171030,20171027,210332000,3610.0,50654,1255310,1826631960.0,3610.0,45,3609.0,51
rb1805,20171030,20171027,210332500,3610.0,50662,1255306,1826920720.0,3610.0,67,3609.0,49
rb1805,20171030,20171027,210333000,3609.0,50682,1255304,1827642620.0,3610.0,75,3609.0,45
rb1805,20171030,20171027,210333500,3609.0,50688,1255302,1827859180.0,3610.0,88,3609.0,43
rb1805,20171030,20171027,210334000,3609.0,50690,1255304,1827931360.0,3610.0,118,3609.0,45
rb1805,20171030,20171027,210334500,3609.0,50704,1255310,1828436660.0,3610.0,116,3609.0,45
rb1805,20171030,20171027,210335000,3610.0,50716,1255318,1828869760.0,3610.0,166,3609.0,41
rb1805,20171030,20171027,210335500,3609.0,50802,1255336,1831973500.0,3609.0,27,3608.0,108
rb1805,20171030,20171027,210336000,3608.0,50834,1255332,1833128080.0,3609.0,35,3608.0,94
rb1805,20171030,20171027,210336500,3609.0,50870,1255318,1834426980.0,3609.0,35,3608.0,78
rb1805,20171030,20171027,210337000,3608.0,50872,1255320,1834499140.0,3609.0,46,3608.0,78
rb1805,20171030,20171027,210337500,3608.0,51012,1255386,1839551400.0,3610.0,213,3609.0,13
rb1805,20171030,20171027,210338000,3609.0,51116,1255376,1843304060.0,3609.0,18,3608.0,34
rb1805,20171030,20171027,210338500,3608.0,51144,1255362,1844314300.0,3609.0,26,3608.0,48
rb1805,20171030,20171027,210339000,3608.0,51254,1255374,1848283100.0,3608.0,48,3607.0,312
rb1805,20171030,20171027,210339500,3608.0,51308,1255406,1850231380.0,3608.0,25,3607.0,312
rb1805,20171030,20171027,210340000,3608.0,51398,1255420,1853478580.0,3609.0,109,3608.0,26
rb1805,20171030,20171027,210340500,3609.0,51416,1255424,1854128160.0,3609.0,103,3608.0,20
rb1805,20171030,20171027,210341000,3608.0,51424,1255430,1854416800.0,3609.0,108,3608.0,67
rb1805,20171030,20171027,210341500,3608.0,51440,1255444,1854994080.0,3609.0,126,3608.0,60
rb1805,20171030,20171027,210342000,3608.0,51584,1255512,1860190600.0,3609.0,73,3608.0,72
rb1805,20171030,20171027,210342500,3608.0,51584,1255512,1860190600.0,3609.0,73,3608.0,119
rb1805,20171030,20171027,210343000,3608.0,51610,1255510,1861128680.0,3609.0,75,3608.0,107
rb1805,20171030,20171027,210343500,3608.0,51814,1255602,1868489020.0,3609.0,77,3608.0,17
rb1805,20171030,20171027,210344000,3608.0,51826,1255596,1868922000.0,3609.0,77,3608.0,34
rb1805,20171030,20171027,210344500,3608.0,51854,1255614,1869932240.0,3609.0,77,3608.0,22
rb1805,20171030,20171027,210345000,3609.0,51856,1255614,1870004420.0,3609.0,88,3608.0,25
rb1805,20171030,20171027,210345500,3608.0,51868,1255618,1870437400.0,3609.0,132,3608.0,21
rb1805,20171030,20171027,210346000,3608.0,51878,1255628,1870798200.0,3609.0,132,3608.0,16
rb1805,20171030,20171027,210346500,3608.0,51924,1255636,1872457880.0,3608.0,41,3607.0,324
rb1805,20171030,20171027,210347000,3608.0,51964,1255676,1873901080.0,3608.0,22,3607.0,324
rb1805,20171030,20171027,210347500,3608.0,51984,1255684,1874622560.0,3608.0,26,3607.0,318
rb1805,20171030,20171027,210348000,3607.0,51986,1255684,1874694700.0,3608.0,52,3607.0,336
rb1805,20171030,20171027,210348500,3608.0,52012,1255678,1875632640.0,3608.0,47,3607.0,330
rb1805,20171030,20171027,210349000,3608.0,52082,1255680,1878157600.0,3608.0,48,3607.0,299
rb1805,20171030,20171027,210349500,3607.0,52286,1255700,1885516580.0,3609.0,139,3607.0,228
rb1805,20171030,20171027,210350000,3608.0,52298,1255698,1885949480.0,3608.0,31,3607.0,226
rb1805,20171030,20171027,210350500,3607.0,52498,1255724,1893163480.0,3608.0,86,3607.0,127
rb1805,20171030,20171027,210351000,3607.0,52570,1255720,1895760660.0,3608.0,106,3607.0,99
rb1805,20171030,20171027,210351500,3607.0,52592,1255720,1896554200.0,3608.0,150,3607.0,88
rb1805,20171030,20171027,210352000,3607.0,52724,1255650,1901315540.0,3608.0,147,3607.0,35
rb1805,20171030,20171027,210352500,3607.0,52794,1255682,1903840440.0,3607.0,37,3606.0,69
rb1805,20171030,20171027,210353000,3607.0,52796,1255682,1903912580.0,3607.0,36,3606.0,65
rb1805,20171030,20171027,210353500,3606.0,52816,1255682,1904633820.0,3607.0,40,3606.0,57
rb1805,20171030,20171027,210354000,3607.0,52918,1255724,1908312000.0,3607.0,39,3606.0,40
rb1805,20171030,20171027,210354500,3606.0,52996,1255788,1911124740.0,3607.0,48,3606.0,4
rb1805,20171030,20171027,210355000,3606.0,53000,1255788,1911269000.0,3607.0,79,3605.0,142
rb1805,20171030,20171027,210355500,3606.0,53032,1255782,1912422920.0,3607.0,74,3606.0,7
rb1805,20171030,20171027,210356000,3606.0,53048,1255786,1912999900.0,3607.0,73,3606.0,3
rb1805,20171030,20171027,210356500,3606.0,53060,1255796,1913432660.0,3607.0,104,3606.0,5
rb1805,20171030,20171027,210357000,3606.0,53078,1255796,1914081900.0,3607.0,97,3606.0,11
rb1805,20171030,20171027,210357500,3606.0,53078,1255796,1914081900.0,3607.0,101,3606.0,41
rb1805,20171030,20171027,210358000,3607.0,53214,1255822,1918987060.0,3607.0,53,3606.0,26
rb1805,20171030,20171027,210358500,3607.0,53454,1255810,1927644060.0,3608.0,157,3607.0,6
rb1805,20171030,20171027,210359000,3608.0,53462,1255810,1927932640.0,3608.0,193,3607.0,19
rb1805,20171030,20171027,210359500,3607.0,53670,1255780,1935435200.0,3608.0,186,3607.0,20
rb1805,20171030,20171027,210400000,3608.0,54062,1255944,1949578500.0,3608.0,21,3607.0,36
rb1805,20171030,20171027,210400500,3608.0,54150,1255952,1952753800.0,3609.0,120,3608.0,235
rb1805,20171030,20171027,210401000,3609.0,54406,1255942,1961992940.0,3610.0,143,3609.0,125
rb1805,20171030,20171027,210401500,3610.0,54528,1255996,1966397140.0,3610.0,79,3609.0,129
rb1805,20171030,20171027,210402000,3609.0,54626,1255986,1969934760.0,3610.0,58,3609.0,154
rb1805,20171030,20171027,210402500,3609.0,54722,1255984,1973399440.0,3610.0,62,3609.0,110
rb1805,20171030,20171027,210403000,3610.0,54730,1255988,1973688220.0,3610.0,60,3609.0,109
rb1805,20171030,20171027,210403500,3609.0,54902,1255964,1979895880.0,3610.0,56,3609.0,39
rb1805,20171030,20171027,210404000,3609.0,54908,1255964,1980112440.0,3610.0,58,3609.0,44
rb1805,20171030,20171027,210404500,3609.0,54946,1255950,1981484020.0,3610.0,51,3609.0,43
rb1805,20171030,20171027,210405000,3609.0,54946,1255950,1981484020.0,3610.0,51,3609.0,43
rb1805,20171030,20171027,210405500,3610.0,54948,1255950,1981556220.0,3610.0,50,3609.0,43
rb1805,20171030,20171027,210406000,3609.0,54950,1255948,1981628400.0,3610.0,40,3609.0,37
rb1805,20171030,20171027,210406500,3610.0,54954,1255952,1981772800.0,3610.0,39,3609.0,43
rb1805,20171030,20171027,210407000,3609.0,54978,1255932,1982638980.0,3610.0,44,3609.0,52
rb1805,20171030,20171027,210407500,3610.0,55028,1255924,1984443980.0,3610.0,42,3609.0,51
rb1805,20171030,20171027,210408000,3610.0,55028,1255924,1984443980.0,3610.0,62,3609.0,52
rb1805,20171030,20171027,210408500,3610.0,55070,1255948,1985960160.0,3610.0,47,3609.0,51
rb1805,20171030,20171027,210409000,3610.0,55076,1255948,1986176740.0,3610.0,50,3609.0,50
rb1805,20171030,20171027,210409500,3610.0,55096,1255954,1986898740.0,3610.0,48,3609.0,58
rb1805,20171030,20171027,210410000,3610.0,55118,1255942,1987692940.0,3610.0,42,3609.0,58
rb1805,20171030,20171027,210410500,3610.0,55122,1255940,1987837320.0,3610.0,41,3609.0,52
rb1805,20171030,20171027,210411000,3609.0,55134,1255938,1988270500.0,3610.0,36,3609.0,52
rb1805,20171030,20171027,210411500,3609.0,55142,1255936,1988559260.0,3610.0,35,3609.0,50
rb1805,20171030,20171027,210412000,3610.0,55212,1255916,1991086260.0,3611.0,83,3610.0,56
rb1805,20171030,20171027,210412500,3610.0,55264,1255912,1992963460.0,3611.0,83,3610.0,38
rb1805,20171030,20171027,210413000,3610.0,55360,1255866,1996429060.0,3610.0,53,3609.0,44
rb1805,20171030,20171027,210413500,3609.0,55394,1255874,1997656120.0,3610.0,71,3609.0,77
rb1805,20171030,20171027,210414000,3610.0,55500,1255836,2001482720.0,3610.0,41,3609.0,78
rb1805,20171030,20171027,210414500,3610.0,55566,1255852,2003864700.0,3610.0,59,3609.0,48
rb1805,20171030,20171027,210415000,3610.0,55594,1255858,2004875260.0,3610.0,65,3609.0,36
rb1805,20171030,20171027,210415500,3609.0,55614,1255872,2005597060.0,3610.0,70,3609.0,26
rb1805,20171030,20171027,210416000,3609.0,55634,1255878,2006318860.0,3610.0,69,3609.0,16
rb1805,20171030,20171027,210416500,3608.0,55682,1255900,2008051160.0,3609.0,15,3608.0,122
rb1805,20171030,20171027,210417000,3609.0,55700,1255898,2008700780.0,3609.0,48,3608.0,122
rb1805,20171030,20171027,210417500,3608.0,55706,1255896,2008917280.0,3609.0,63,3608.0,128
rb1805,20171030,20171027,210418000,3608.0,55738,1255910,2010072060.0,3609.0,121,3608.0,124
rb1805,20171030,20171027,210418500,3609.0,55758,1255900,2010793680.0,3609.0,130,3608.0,77
rb1805,20171030,20171027,210419000,3608.0,55888,1255930,2015484080.0,3608.0,110,3607.0,77
rb1805,20171030,20171027,210419500,3608.0,55888,1255930,2015484080.0,3608.0,156,3607.0,30
rb1805,20171030,20171027,210420000,3607.0,55904,1255940,2016061220.0,3608.0,91,3607.0,14
rb1805,20171030,20171027,210420500,3608.0,55926,1255962,2016854960.0,3608.0,83,3607.0,14
rb1805,20171030,20171027,210421000,3607.0,55936,1255958,2017215660.0,3608.0,84,3607.0,10
rb1805,20171030,20171027,210421500,3607.0,55960,1255970,2018081540.0,3608.0,81,3607.0,8
rb1805,20171030,20171027,210422000,3608.0,55970,1255974,2018442300.0,3608.0,78,3607.0,7
rb1805,20171030,20171027,210422500,3608.0,55974,1255978,2018586620.0,3608.0,86,3607.0,37
rb1805,20171030,20171027,210423000,3607.0,56062,1255986,2021760820.0,3607.0,64,3606.0,161
rb1805,20171030,20171027,210423500,3607.0,56068,1255990,2021977240.0,3607.0,61,3606.0,124
rb1805,20171030,20171027,210424000,3607.0,56072,1255994,2022121520.0,3607.0,67,3606.0,122
rb1805,20171030,20171027,210424500,3607.0,56104,1255996,2023275760.0,3607.0,57,3606.0,123
rb1805,20171030,20171027,210425000,3607.0,56134,1256000,2024357840.0,3607.0,43,3606.0,122
rb1805,20171030,20171027,210425500,3606.0,56198,1256000,2026665700.0,3607.0,42,3606.0,112
rb1805,20171030,20171027,210426000,3606.0,56252,1256048,2028613440.0,3607.0,21,3606.0,113
rb1805,20171030,20171027,210426500,3607.0,56254,1256048,2028685580.0,3607.0,31,3606.0,125
rb1805,20171030,20171027,210427000,3607.0,56274,1256040,2029406820.0,3607.0,58,3606.0,125
rb1805,20171030,20171027,210427500,3607.0,56274,1256040,2029406820.0,3607.0,61,3606.0,126
rb1805,20171030,20171027,210428000,3606.0,56366,1256064,2032725140.0,3607.0,17,3606.0,132
rb1805,20171030,20171027,210428500,3606.0,56402,1256074,2034023340.0,3607.0,23,3606.0,119
rb1805,20171030,20171027,210429000,3606.0,56458,1256126,2036042940.0,3607.0,120,3606.0,102
rb1805,20171030,20171027,210429500,3606.0,56584,1256118,2040587700.0,3607.0,65,3606.0,107
rb1805,20171030,20171027,210430000,3607.0,56726,1256016,2045709640.0,3608.0,100,3607.0,91
rb1805,20171030,20171027,210430500,3607.0,56740,1256016,2046214620.0,3608.0,110,3607.0,84
rb1805,20171030,20171027,210431000,3607.0,56746,1256022,2046431040.0,3608.0,109,3607.0,82
rb1805,20171030,20171027,210431500,3608.0,56768,1256044,2047224600.0,3608.0,93,3607.0,77
rb1805,20171030,20171027,210432000,3607.0,56772,1256046,2047368880.0,3608.0,73,3607.0,75
rb1805,20171030,20171027,210432500,3607.0,56780,1256054,2047657460.0,3608.0,72,3607.0,73
rb1805,20171030,20171027,210433000,3607.0,56784,1256056,2047801740.0,3608.0,73,3607.0,73
rb1805,20171030,20171027,210433500,3607.0,56800,1256066,2048378900.0,3608.0,71,3607.0,72
rb1805,20171030,20171027,210434000,3607.0,56814,1256066,2048883880.0,3608.0,61,3607.0,75
rb1805,20171030,20171027,210434500,3607.0,56818,1256068,2049028160.0,3608.0,61,3607.0,70
rb1805,20171030,20171027,210435000,3607.0,56952,1256090,2053861740.0,3608.0,51,3607.0,13
rb1805,20171030,20171027,210435500,3608.0,56958,1256094,2054078200.0,3608.0,55,3607.0,25
rb1805,20171030,20171027,210436000,3608.0,56964,1256094,2054294660.0,3608.0,83,3607.0,46
rb1805,20171030,20171027,210436500,3607.0,56970,1256098,2054511080.0,3608.0,90,3607.0,97
rb1805,20171030,20171027,210437000,3607.0,56976,1256096,2054727500.0,3608.0,60,3607.0,106
rb1805,20171030,20171027,210437500,3608.0,56978,1256098,2054799660.0,3608.0,60,3607.0,97
rb1805,20171030,20171027,210438000,3607.0,56984,1256098,2055016120.0,3608.0,58,3607.0,103
rb1805,20171030,20171027,210438500,3608.0,56992,1256104,2055304740.0,3608.0,57,3607.0,98
rb1805,20171030,20171027,210439000,3608.0,57002,1256108,2055665460.0,3608.0,71,3607.0,94
rb1805,20171030,20171027,210439500,3607.0,57028,1256112,2056603280.0,3608.0,81,3607.0,82
rb1805,20171030,20171027,210440000,3608.0,57194,1256130,2062590940.0,3608.0,81,3607.0,4
rb1805,20171030,20171027,210440500,3607.0,57206,1256122,2063023780.0,3607.0,78,3606.0,260
rb1805,20171030,20171027,210441000,3607.0,57252,1256130,2064682800.0,3607.0,63,3606.0,251
rb1805,20171030,20171027,210441500,3607.0,57258,1256130,2064899180.0,3607.0,69,3606.0,249
rb1805,20171030,20171027,210442000,3607.0,57588,1256228,2076799120.0,3607.0,82,3606.0,90
rb1805,20171030,20171027,210442500,3606.0,57790,1256134,2084083240.0,3606.0,258,3605.0,316
rb1805,20171030,20171027,210443000,3606.0,57814,1256134,2084948640.0,3606.0,225,3605.0,313
rb1805,20171030,20171027,210443500,3605.0,57836,1256140,2085741800.0,3606.0,211,3605.0,316
rb1805,20171030,20171027,210444000,3605.0,57934,1256118,2089275300.0,3606.0,82,3605.0,298
rb1805,20171030,20171027,210444500,3605.0,57972,1256094,2090645520.0,3606.0,46,3605.0,307
rb1805,20171030,20171027,210445000,3605.0,58004,1256084,2091799320.0,3606.0,36,3605.0,300
rb1805,20171030,20171027,210445500,3605.0,58034,1256068,2092881060.0,3606.0,30,3605.0,299
rb1805,20171030,20171027,210446000,3605.0,58132,1256052,2096414920.0,3606.0,2,3605.0,299
rb1805,20171030,20171027,210446500,3606.0,58182,1256074,2098217920.0,3607.0,55,3606.0,16
rb1805,20171030,20171027,210447000,3606.0,58198,1256074,2098794880.0,3607.0,53,3606.0,19
rb1805,20171030,20171027,210447500,3606.0,58246,1256090,2100525760.0,3607.0,59,3606.0,21
rb1805,20171030,20171027,210448000,3606.0,58260,1256086,2101030600.0,3607.0,59,3606.0,22
rb1805,20171030,20171027,210448500,3606.0,58276,1256088,2101607560.0,3607.0,59,3606.0,27
rb1805,20171030,20171027,210449000,3607.0,58292,1256088,2102184580.0,3607.0,59,3606.0,25
rb1805,20171030,20171027,210449500,3606.0,58406,1256134,2106295400.0,3606.0,49,3605.0,315
rb1805,20171030,20171027,210450000,3605.0,58422,1256136,2106872300.0,3606.0,44,3605.0,312
rb1805,20171030,20171027,210450500,3606.0,58430,1256140,2107160780.0,3606.0,144,3605.0,318
rb1805,20171030,20171027,210451000,3606.0,58432,1256142,2107232900.0,3606.0,163,3605.0,319
rb1805,20171030,20171027,210451500,3605.0,58438,1256142,2107449200.0,3606.0,164,3605.0,319
rb1805,20171030,20171027,210452000,3605.0,58818,1256340,2121148380.0,3606.0,205,3605.0,139
rb1805,20171030,20171027,210452500,3606.0,58952,1256472,2125979640.0,3606.0,177,3605.0,102
rb1805,20171030,20171027,210453000,3605.0,59168,1256626,2133766420.0,3605.0,6,3604.0,328
rb1805,20171030,20171027,210453500,3605.0,59210,1256652,2135280460.0,3605.0,98,3604.0,326
rb1805,20171030,20171027,210454000,3605.0,59314,1256656,2139029660.0,3605.0,172,3604.0,327
rb1805,20171030,20171027,210454500,3604.0,59334,1256674,2139750620.0,3605.0,107,3604.0,325
rb1805,20171030,20171027,210455000,3604.0,59358,1256692,2140615780.0,3605.0,100,3604.0,446
rb1805,20171030,20171027,210455500,3604.0,59366,1256692,2140904140.0,3605.0,99,3604.0,449
rb1805,20171030,20171027,210456000,3605.0,59380,1256696,2141408820.0,3605.0,111,3604.0,448
rb1805,20171030,20171027,210456500,3604.0,59432,1256712,2143282920.0,3605.0,111,3604.0,429
rb1805,20171030,20171027,210457000,3604.0,59440,1256710,2143571240.0,3605.0,111,3604.0,424
rb1805,20171030,20171027,210457500,3604.0,59444,1256710,2143715400.0,3605.0,111,3604.0,445
rb1805,20171030,20171027,210458000,3604.0,59468,1256706,2144580360.0,3605.0,111,3604.0,433
rb1805,20171030,20171027,210458500,3604.0,59554,1256642,2147679920.0,3605.0,118,3604.0,397
rb1805,20171030,20171027,210459000,3604.0,59736,1256620,2154239560.0,3605.0,100,3604.0,324
rb1805,20171030,20171027,210459500,3605.0,59806,1256596,2156762480.0,3605.0,96,3604.0,295
rb1805,20171030,20171027,210500000,3604.0,59810,1256596,2156906640.0,3605.0,96,3604.0,297
rb1805,20171030,20171027,210500500,3604.0,60442,1257108,2179684120.0,3604.0,100,3603.0,149
rb1805,20171030,20171027,210501000,3604.0,60484,1257110,2181197800.0,3604.0,85,3603.0,149
rb1805,20171030,20171027,210501500,3603.0,60626,1257110,2186315280.0,3604.0,126,3603.0,140
rb1805,20171030,20171027,210502000,3603.0,60678,1257118,2188188900.0,3604.0,128,3603.0,117
rb1805,20171030,20171027,210502500,3603.0,60806,1257136,2192800820.0,3604.0,128,3603.0,61
rb1805,20171030,20171027,210503000,3603.0,60940,1257120,2197628960.0,3603.0,6,3602.0,162
rb1805,20171030,20171027,210503500,3603.0,60974,1257132,2198853820.0,3603.0,73,3602.0,171
rb1805,20171030,20171027,210504000,3603.0,61056,1257152,2201807720.0,3603.0,74,3602.0,106
rb1805,20171030,20171027,210504500,3602.0,61068,1257158,2202240060.0,3603.0,284,3602.0,105
rb1805,20171030,20171027,210505000,3602.0,61336,1257320,2211893640.0,3602.0,69,3601.0,126
rb1805,20171030,20171027,210505500,3601.0,61480,1257348,2217079760.0,3602.0,40,3601.0,85
rb1805,20171030,20171027,210506000,3602.0,61530,1257330,2218880280.0,3602.0,77,3601.0,62
rb1805,20171030,20171027,210506500,3601.0,61596,1257326,2221257040.0,3602.0,92,3601.0,49
rb1805,20171030,20171027,210507000,3601.0,61742,1257300,2226514540.0,3602.0,106,3601.0,6
rb1805,20171030,20171027,210507500,3601.0,61816,1257274,2229179280.0,3601.0,20,3600.0,463
rb1805,20171030,20171027,210508000,3600.0,61852,1257270,2230475480.0,3601.0,85,3600.0,478
rb1805,20171030,20171027,210508500,3600.0,62406,1257334,2250420540.0,3601.0,59,3600.0,257
rb1805,20171030,20171027,210509000,3600.0,62932,1257516,2269356640.0,3600.0,233,3599.0,95
rb1805,20171030,20171027,210509500,3599.0,63212,1257598,2279434240.0,3599.0,126,3598.0,622
rb1805,20171030,20171027,210510000,3600.0,63562,1257632,2292030780.0,3600.0,49,3599.0,63
rb1805,20171030,20171027,210510500,3600.0,63776,1257698,2299732080.0,3600.0,65,3599.0,15
rb1805,20171030,20171027,210511000,3600.0,63852,1257682,2302467640.0,3600.0,96,3599.0,107
rb1805,20171030,20171027,210511500,3599.0,64040,1257640,2309233940.0,3600.0,99,3599.0,77
rb1805,20171030,20171027,210512000,3599.0,64084,1257626,2310817660.0,3600.0,137,3599.0,128
rb1805,20171030,20171027,210512500,3600.0,64182,1257628,2314344840.0,3600.0,133,3599.0,92
rb1805,20171030,20171027,210513000,3598.0,64608,1257486,2329678260.0,3599.0,1,3598.0,627
rb1805,20171030,20171027,210513500,3600.0,64722,1257510,2333781620.0,3600.0,37,3598.0,626
rb1805,20171030,20171027,210514000,3599.0,64836,1257464,2337883880.0,3599.0,2,3598.0,586
rb1805,20171030,20171027,210514500,3598.0,64858,1257478,2338675520.0,3599.0,10,3598.0,582
rb1805,20171030,20171027,210515000,3599.0,65018,1257504,2344432460.0,3599.0,40,3598.0,520
rb1805,20171030,20171027,210515500,3598.0,65308,1257688,2354866860.0,3599.0,175,3598.0,386
rb1805,20171030,20171027,210516000,3599.0,65492,1257754,2361487340.0,3599.0,192,3598.0,303
rb1805,20171030,20171027,210516500,3598.0,66118,1258198,2384010900.0,3598.0,111,3597.0,206
rb1805,20171030,20171027,210517000,3598.0,66398,1258066,2394085100.0,3598.0,1,3597.0,234
rb1805,20171030,20171027,210517500,3599.0,66852,1258110,2410421940.0,3600.0,70,3599.0,26
rb1805,20171030,20171027,210518000,3599.0,66918,1258154,2412797320.0,3600.0,70,3599.0,93
rb1805,20171030,20171027,210518500,3599.0,66946,1258170,2413805040.0,3600.0,66,3599.0,88
rb1805,20171030,20171027,210519000,3600.0,67212,1258018,2423378440.0,3600.0,64,3599.0,69
rb1805,20171030,20171027,210519500,3600.0,67254,1258022,2424890300.0,3600.0,100,3599.0,99
rb1805,20171030,20171027,210520000,3599.0,67286,1258024,2426042080.0,3600.0,97,3599.0,99
rb1805,20171030,20171027,210520500,3599.0,67732,1258086,2442095380.0,3601.0,112,3599.0,6
rb1805,20171030,20171027,210521000,3600.0,68026,1258062,2452681620.0,3602.0,99,3600.0,127
rb1805,20171030,20171027,210521500,3600.0,68092,1258064,2455058300.0,3602.0,89,3600.0,157
rb1805,20171030,20171027,210522000,3602.0,68312,1258264,2462982700.0,3603.0,226,3602.0,231
rb1805,20171030,20171027,210522500,3602.0,68622,1258284,2474151720.0,3603.0,86,3602.0,219
rb1805,20171030,20171027,210523000,3603.0,68726,1258218,2477898760.0,3603.0,38,3602.0,224
rb1805,20171030,20171027,210523500,3602.0,68746,1258218,2478619260.0,3603.0,53,3602.0,250
rb1805,20171030,20171027,210524000,3603.0,68778,1258196,2479772000.0,3603.0,53,3602.0,215
rb1805,20171030,20171027,210524500,3602.0,68862,1258196,2482797700.0,3603.0,65,3602.0,216
rb1805,20171030,20171027,210525000,3602.0,69038,1258038,2489137680.0,3603.0,144,3602.0,154
rb1805,20171030,20171027,210525500,3602.0,69356,1257996,2500592440.0,3603.0,131,3602.0,45
rb1805,20171030,20171027,210526000,3602.0,69500,1258090,2505779360.0,3603.0,152,3602.0,8
rb1805,20171030,20171027,210526500,3602.0,69556,1258112,2507796560.0,3603.0,149,3602.0,16
rb1805,20171030,20171027,210527000,3601.0,69614,1258132,2509885900.0,3603.0,138,3601.0,68
rb1805,20171030,20171027,210527500,3603.0,69618,1258128,2510030020.0,3603.0,170,3602.0,3
rb1805,20171030,20171027,210528000,3602.0,69696,1258182,2512839620.0,3603.0,78,3602.0,10
rb1805,20171030,20171027,210528500,3603.0,69856,1258318,2518604380.0,3604.0,135,3603.0,23
rb1805,20171030,20171027,210529000,3603.0,69950,1258372,2521991020.0,3604.0,138,3603.0,17
rb1805,20171030,20171027,210529500,3604.0,70112,1258520,2527827440.0,3604.0,134,3602.0,9
rb1805,20171030,20171027,210530000,3604.0,70322,1258722,2535395300.0,3604.0,58,3603.0,1
rb1805,20171030,20171027,210530500,3603.0,70346,1258738,2536260100.0,3604.0,54,3603.0,32
rb1805,20171030,20171027,210531000,3604.0,70394,1258738,2537989580.0,3604.0,52,3603.0,13
rb1805,20171030,20171027,210531500,3603.0,70500,1258818,2541808760.0,3604.0,64,3603.0,68
rb1805,20171030,20171027,210532000,3603.0,70514,1258820,2542313200.0,3604.0,63,3603.0,62
rb1805,20171030,20171027,210532500,3604.0,70554,1258858,2543754700.0,3604.0,51,3603.0,58
rb1805,20171030,20171027,210533000,3604.0,70766,1258990,2551393160.0,3604.0,46,3602.0,156
rb1805,20171030,20171027,210533500,3604.0,70774,1258990,2551681480.0,3604.0,49,3602.0,161
rb1805,20171030,20171027,210534000,3604.0,70810,1259014,2552978920.0,3603.0,3,3602.0,162
rb1805,20171030,20171027,210534500,3602.0,70874,1259056,2555284740.0,3604.0,83,3602.0,161
rb1805,20171030,20171027,210535000,3603.0,70908,1259090,2556509440.0,3603.0,6,3602.0,162
rb1805,20171030,20171027,210535500,3602.0,70928,1259078,2557229940.0,3603.0,2,3602.0,159
rb1805,20171030,20171027,210536000,3604.0,70966,1259106,2558598920.0,3604.0,99,3603.0,64
rb1805,20171030,20171027,210536500,3603.0,70996,1259084,2559679860.0,3604.0,99,3603.0,56
rb1805,20171030,20171027,210537000,3603.0,71006,1259080,2560040180.0,3604.0,131,3603.0,53
rb1805,20171030,20171027,210537500,3604.0,71022,1259082,2560616700.0,3604.0,132,3603.0,54
rb1805,20171030,20171027,210538000,3604.0,71054,1259086,2561769860.0,3604.0,124,3603.0,55
rb1805,20171030,20171027,210538500,3603.0,71062,1259080,2562058100.0,3604.0,126,3603.0,59
rb1805,20171030,20171027,210539000,3604.0,71244,1259068,2568617360.0,3604.0,36,3603.0,58
rb1805,20171030,20171027,210539500,3604.0,71262,1259068,2569266040.0,3604.0,33,3603.0,64
rb1805,20171030,20171027,210540000,3603.0,71328,1259074,2571644020.0,3604.0,37,3603.0,33
rb1805,20171030,20171027,210540500,3603.0,71340,1259078,2572076460.0,3604.0,39,3603.0,28
rb1805,20171030,20171027,210541000,3603.0,71358,1259080,2572725100.0,3604.0,40,3603.0,25
rb1805,20171030,20171027,210541500,3604.0,71542,1259108,2579355440.0,3605.0,231,3604.0,37
rb1805,20171030,20171027,210542000,3604.0,71618,1259108,2582094480.0,3604.0,1,3603.0,14
rb1805,20171030,20171027,210542500,3604.0,71634,1259108,2582671120.0,3604.0,32,3603.0,20
rb1805,20171030,20171027,210543000,3604.0,71714,1259108,2585554320.0,3605.0,232,3604.0,52
rb1805,20171030,20171027,210543500,3604.0,71740,1259098,2586491420.0,3605.0,231,3604.0,43
rb1805,20171030,20171027,210544000,3604.0,71824,1259102,2589519040.0,3605.0,220,3604.0,14
rb1805,20171030,20171027,210544500,3604.0,71852,1259122,2590528360.0,3605.0,208,3604.0,53
rb1805,20171030,20171027,210545000,3604.0,71874,1259126,2591321240.0,3605.0,207,3604.0,42
rb1805,20171030,20171027,210545500,3605.0,71910,1259140,2592618840.0,3605.0,198,3604.0,33
rb1805,20171030,20171027,210546000,3605.0,71914,1259140,2592763040.0,3605.0,196,3604.0,38
rb1805,20171030,20171027,210546500,3605.0,71932,1259150,2593411920.0,3605.0,188,3604.0,38
rb1805,20171030,20171027,210547000,3605.0,72036,1259154,2597160760.0,3605.0,164,3604.0,22
rb1805,20171030,20171027,210547500,3604.0,72088,1259160,2599034840.0,3604.0,15,3603.0,81
rb1805,20171030,20171027,210548000,3604.0,72144,1259158,2601052920.0,3605.0,157,3604.0,9
rb1805,20171030,20171027,210548500,3604.0,72170,1259144,2601989920.0,3604.0,2,3603.0,71
rb1805,20171030,20171027,210549000,3603.0,72176,1259144,2602206140.0,3604.0,69,3603.0,72
rb1805,20171030,20171027,210549500,3603.0,72276,1259140,2605809140.0,3604.0,65,3603.0,23
rb1805,20171030,20171027,210550000,3603.0,72346,1259122,2608331440.0,3603.0,25,3602.0,276
rb1805,20171030,20171027,210550500,3604.0,72402,1259124,2610349180.0,3604.0,61,3603.0,180
rb1805,20171030,20171027,210551000,3603.0,72424,1259142,2611142000.0,3604.0,114,3603.0,155
rb1805,20171030,20171027,210551500,3603.0,72424,1259142,2611142000.0,3604.0,54,3603.0,131
rb1805,20171030,20171027,210552000,3604.0,72444,1259156,2611862780.0,3604.0,45,3603.0,181
rb1805,20171030,20171027,210552500,3604.0,72448,1259158,2612006940.0,3604.0,44,3603.0,184
rb1805,20171030,20171027,210553000,3603.0,72484,1259180,2613304360.0,3604.0,27,3603.0,183
rb1805,20171030,20171027,210553500,3604.0,72504,1259182,2614025140.0,3604.0,19,3603.0,182
rb1805,20171030,20171027,210554000,3604.0,72538,1259194,2615250480.0,3604.0,8,3603.0,181
rb1805,20171030,20171027,210554500,3604.0,72570,1259186,2616403760.0,3605.0,330,3604.0,50
rb1805,20171030,20171027,210555000,3604.0,72640,1259198,2618926580.0,3605.0,330,3604.0,46
rb1805,20171030,20171027,210555500,3605.0,72642,1259198,2618998680.0,3605.0,329,3604.0,70
rb1805,20171030,20171027,210556000,3604.0,72664,1259198,2619791740.0,3605.0,426,3604.0,80
rb1805,20171030,20171027,210556500,3604.0,72670,1259200,2620008000.0,3605.0,425,3604.0,82
rb1805,20171030,20171027,210557000,3604.0,72676,1259204,2620224240.0,3605.0,425,3604.0,79
rb1805,20171030,20171027,210557500,3604.0,72836,1259298,2625990640.0,3605.0,427,3603.0,223
rb1805,20171030,20171027,210558000,3604.0,72862,1259294,2626927740.0,3605.0,422,3604.0,10
rb1805,20171030,20171027,210558500,3604.0,72898,1259294,2628225180.0,3604.0,509,3603.0,226
rb1805,20171030,20171027,210559000,3604.0,72984,1259256,2631323860.0,3604.0,524,3603.0,188
rb1805,20171030,20171027,210559500,3604.0,73000,1259262,2631900500.0,3604.0,517,3603.0,193
rb1805,20171030,20171027,210600000,3603.0,73012,1259260,2632332960.0,3604.0,514,3603.0,192
rb1805,20171030,20171027,210600500,3603.0,73044,1259232,2633485920.0,3604.0,525,3603.0,148
rb1805,20171030,20171027,210601000,3603.0,73124,1259194,2636368340.0,3604.0,524,3603.0,112
rb1805,20171030,20171027,210601500,3604.0,73242,1259298,2640619960.0,3604.0,520,3603.0,58
rb1805,20171030,20171027,210602000,3603.0,73390,1259254,2645952400.0,3603.0,146,3602.0,276
rb1805,20171030,20171027,210602500,3602.0,73442,1259236,2647825440.0,3603.0,169,3602.0,247
rb1805,20171030,20171027,210603000,3602.0,73644,1259220,2655101500.0,3603.0,196,3602.0,266
rb1805,20171030,20171027,210603500,3602.0,73804,1259156,2660864700.0,3603.0,202,3602.0,188
rb1805,20171030,20171027,210604000,3602.0,73824,1259154,2661585120.0,3603.0,208,3602.0,179
rb1805,20171030,20171027,210604500,3602.0,73864,1259160,2663025920.0,3603.0,201,3602.0,159
rb1805,20171030,20171027,210605000,3602.0,74184,1258910,2674552320.0,3602.0,54,3601.0,276
rb1805,20171030,20171027,210605500,3602.0,74232,1258874,2676281280.0,3602.0,11,3601.0,276
rb1805,20171030,20171027,210606000,3601.0,74358,1258824,2680818600.0,3602.0,31,3601.0,217
rb1805,20171030,20171027,210606500,3602.0,74370,1258834,2681250740.0,3602.0,42,3601.0,215
rb1805,20171030,20171027,210607000,3602.0,74476,1258840,2685067860.0,3602.0,65,3601.0,165
rb1805,20171030,20171027,210607500,3602.0,74530,1258870,2687012440.0,3602.0,67,3601.0,141
rb1805,20171030,20171027,210608000,3600.0,74814,1258762,2697239260.0,3601.0,414,3600.0,614
rb1805,20171030,20171027,210608500,3601.0,74830,1258750,2697815340.0,3601.0,410,3600.0,609
rb1805,20171030,20171027,210609000,3600.0,74868,1258758,2699183380.0,3601.0,408,3600.0,592
rb1805,20171030,20171027,210609500,3601.0,74942,1258724,2701847500.0,3601.0,487,3600.0,559
rb1805,20171030,20171027,210610000,3600.0,74982,1258732,2703287660.0,3601.0,483,3600.0,547
rb1805,20171030,20171027,210610500,3600.0,75086,1258724,2707031840.0,3601.0,475,3600.0,494
rb1805,20171030,20171027,210611000,3600.0,75892,1258896,2736048040.0,3601.0,472,3600.0,102
rb1805,20171030,20171027,210611500,3600.0,76136,1258864,2744832040.0,3600.0,206,3599.0,184
rb1805,20171030,20171027,210612000,3600.0,76240,1258934,2748575040.0,3600.0,440,3599.0,135
rb1805,20171030,20171027,210612500,3600.0,76264,1258922,2749439000.0,3600.0,436,3599.0,133
rb1805,20171030,20171027,210613000,3599.0,76310,1258910,2751094700.0,3600.0,410,3599.0,122
rb1805,20171030,20171027,210613500,3600.0,76468,1258956,2756781660.0,3600.0,364,3599.0,72
rb1805,20171030,20171027,210614000,3599.0,76514,1258952,2758437420.0,3600.0,362,3599.0,60
rb1805,20171030,20171027,210614500,3599.0,76570,1259002,2760452860.0,3600.0,363,3599.0,32
rb1805,20171030,20171027,210615000,3599.0,76652,1259040,2763404040.0,3599.0,20,3598.0,191
rb1805,20171030,20171027,210615500,3598.0,76984,1259096,2775351700.0,3599.0,3,3598.0,136
rb1805,20171030,20171027,210616000,3599.0,77012,1259090,2776359500.0,3600.0,352,3598.0,161
rb1805,20171030,20171027,210616500,3598.0,77326,1259290,2787657300.0,3598.0,9,3597.0,245
rb1805,20171030,20171027,210617000,3597.0,77480,1259412,2793196820.0,3598.0,131,3597.0,177
rb1805,20171030,20171027,210617500,3597.0,77722,1259532,2801902040.0,3598.0,121,3597.0,83
rb1805,20171030,20171027,210618000,3596.0,77916,1259568,2808880180.0,3597.0,163,3596.0,242
rb1805,20171030,20171027,210618500,3597.0,78244,1259780,2820675220.0,3597.0,196,3596.0,88
rb1805,20171030,20171027,210619000,3596.0,78516,1259912,2830455880.0,3596.0,21,3595.0,330
rb1805,20171030,20171027,210619500,3595.0,79644,1260742,2871003140.0,3595.0,15,3594.0,69
rb1805,20171030,20171027,210620000,3593.0,80254,1260886,2892925500.0,3594.0,73,3593.0,101
rb1805,20171030,20171027,210620500,3595.0,80798,1261014,2912478820.0,3596.0,345,3594.0,89
rb1805,20171030,20171027,210621000,3594.0,80978,1260978,2918949660.0,3596.0,281,3594.0,104
rb1805,20171030,20171027,210621500,3596.0,81140,1261038,2924773700.0,3596.0,251,3595.0,5
rb1805,20171030,20171027,210622000,3596.0,82260,1260962,2965050980.0,3597.0,35,3596.0,83
rb1805,20171030,20171027,210622500,3597.0,82528,1261108,2974691340.0,3598.0,138,3597.0,433
rb1805,20171030,20171027,210623000,3597.0,82890,1261190,2987715220.0,3598.0,19,3597.0,452
rb1805,20171030,20171027,210623500,3598.0,83066,1261246,2994047540.0,3599.0,34,3598.0,7
rb1805,20171030,20171027,210624000,3599.0,84216,1260612,3035414240.0,3600.0,369,3599.0,56
rb1805,20171030,20171027,210624500,3598.0,84476,1260594,3044771220.0,3599.0,446,3598.0,66
rb1805,20171030,20171027,210625000,3599.0,84778,1260492,3055637860.0,3599.0,388,3598.0,1
rb1805,20171030,20171027,210625500,3598.0,84828,1260488,3057436860.0,3598.0,7,3597.0,1
rb1805,20171030,20171027,210626000,3599.0,84888,1260490,3059595820.0,3598.0,20,3597.0,9
rb1805,20171030,20171027,210626500,3598.0,84914,1260468,3060531200.0,3598.0,49,3597.0,5
rb1805,20171030,20171027,210627000,3598.0,85036,1260528,3064920780.0,3598.0,1,3597.0,31
rb1805,20171030,20171027,210627500,3598.0,85082,1260540,3066576060.0,3599.0,376,3598.0,4
rb1805,20171030,20171027,210628000,3598.0,85116,1260558,3067799180.0,3599.0,377,3598.0,5
rb1805,20171030,20171027,210628500,3598.0,85178,1260526,3070029900.0,3598.0,9,3597.0,43
rb1805,20171030,20171027,210629000,3598.0,85184,1260532,3070245780.0,3598.0,4,3597.0,44
rb1805,20171030,20171027,210629500,3598.0,85326,1260486,3075354940.0,3598.0,2,3597.0,50
rb1805,20171030,20171027,210630000,3598.0,85368,1260506,3076866160.0,3599.0,381,3598.0,18
rb1805,20171030,20171027,210630500,3598.0,85408,1260520,3078305360.0,3599.0,382,3598.0,12
rb1805,20171030,20171027,210631000,3599.0,85548,1260550,3083342560.0,3598.0,1,3597.0,48
rb1805,20171030,20171027,210631500,3598.0,85568,1260540,3084062100.0,3599.0,378,3598.0,19
rb1805,20171030,20171027,210632000,3598.0,85644,1260574,3086796540.0,3598.0,19,3597.0,36
rb1805,20171030,20171027,210632500,3598.0,85734,1260582,3090034460.0,3599.0,378,3598.0,11
rb1805,20171030,20171027,210633000,3599.0,85766,1260584,3091185840.0,3599.0,380,3598.0,11
rb1805,20171030,20171027,210633500,3598.0,85816,1260612,3092984760.0,3598.0,42,3597.0,42
rb1805,20171030,20171027,210634000,3597.0,85906,1260656,3096222460.0,3598.0,31,3597.0,4
rb1805,20171030,20171027,210634500,3598.0,85936,1260660,3097301840.0,3598.0,24,3597.0,35
rb1805,20171030,20171027,210635000,3597.0,86002,1260636,3099676300.0,3598.0,4,3597.0,31
rb1805,20171030,20171027,210635500,3598.0,86032,1260646,3100755500.0,3599.0,420,3597.0,33
rb1805,20171030,20171027,210636000,3599.0,86038,1260642,3100971440.0,3598.0,101,3597.0,54
rb1805,20171030,20171027,210636500,3597.0,86106,1260626,3103417800.0,3598.0,93,3597.0,36
rb1805,20171030,20171027,210637000,3597.0,86234,1260646,3108021660.0,3598.0,126,3597.0,12
rb1805,20171030,20171027,210637500,3597.0,86244,1260644,3108381400.0,3598.0,132,3597.0,10
rb1805,20171030,20171027,210638000,3598.0,86530,1260634,3118671680.0,3599.0,388,3598.0,30
rb1805,20171030,20171027,210638500,3597.0,86660,1260648,3123348160.0,3597.0,20,3596.0,51
rb1805,20171030,20171027,210639000,3598.0,86728,1260648,3125794140.0,3598.0,22,3597.0,68
rb1805,20171030,20171027,210639500,3597.0,86748,1260642,3126513600.0,3598.0,30,3597.0,74
rb1805,20171030,20171027,210640000,3597.0,86774,1260642,3127448820.0,3598.0,37,3597.0,64
rb1805,20171030,20171027,210640500,3597.0,86788,1260652,3127952500.0,3598.0,32,3597.0,47
rb1805,20171030,20171027,210641000,3597.0,86912,1260702,3132413000.0,3597.0,9,3596.0,74
rb1805,20171030,20171027,210641500,3597.0,87002,1260702,3135650740.0,3597.0,1,3596.0,106
rb1805,20171030,20171027,210642000,3597.0,87038,1260718,3136945660.0,3598.0,71,3597.0,25
rb1805,20171030,20171027,210642500,3596.0,87120,1260760,3139895100.0,3598.0,73,3596.0,95
rb1805,20171030,20171027,210643000,3596.0,87132,1260766,3140326700.0,3598.0,77,3596.0,94
rb1805,20171030,20171027,210643500,3597.0,87140,1260774,3140614460.0,3598.0,72,3597.0,4
rb1805,20171030,20171027,210644000,3598.0,87214,1260804,3143276640.0,3598.0,102,3597.0,13
rb1805,20171030,20171027,210644500,3597.0,87248,1260826,3144499700.0,3598.0,103,3597.0,38
rb1805,20171030,20171027,210645000,3598.0,87274,1260828,3145434940.0,3598.0,102,3597.0,58
rb1805,20171030,20171027,210645500,3598.0,87506,1260814,3153782240.0,3599.0,348,3598.0,2
rb1805,20171030,20171027,210646000,3598.0,87536,1260814,3154861640.0,3599.0,347,3598.0,191
rb1805,20171030,20171027,210646500,3598.0,87588,1260796,3156732640.0,3599.0,349,3598.0,182
rb1805,20171030,20171027,210647000,3598.0,88008,1260536,3171847900.0,3599.0,166,3598.0,158
rb1805,20171030,20171027,210647500,3599.0,88454,1260562,3187899440.0,3600.0,182,3599.0,27
rb1805,20171030,20171027,210648000,3599.0,88560,1260580,3191715220.0,3600.0,140,3599.0,95
rb1805,20171030,20171027,210648500,3600.0,88636,1260626,3194450900.0,3600.0,126,3599.0,93
rb1805,20171030,20171027,210649000,3600.0,88736,1260696,3198050900.0,3600.0,68,3599.0,97
rb1805,20171030,20171027,210649500,3599.0,88846,1260736,3202010440.0,3600.0,52,3599.0,110
rb1805,20171030,20171027,210650000,3599.0,88868,1260724,3202802320.0,3600.0,52,3599.0,104
rb1805,20171030,20171027,210650500,3600.0,88922,1260746,3204746300.0,3600.0,37,3599.0,104
rb1805,20171030,20171027,210651000,3600.0,88982,1260744,3206906120.0,3600.0,16,3599.0,95
rb1805,20171030,20171027,210651500,3600.0,89122,1260758,3211945820.0,3600.0,7,3599.0,82
rb1805,20171030,20171027,210652000,3599.0,89302,1260820,3218423900.0,3599.0,67,3598.0,55
rb1805,20171030,20171027,210652500,3598.0,89426,1260852,3222885420.0,3598.0,34,3597.0,155
rb1805,20171030,20171027,210653000,3598.0,89464,1260820,3224252660.0,3598.0,24,3597.0,155
rb1805,20171030,20171027,210653500,3598.0,89568,1260884,3227993960.0,3598.0,65,3597.0,129
rb1805,20171030,20171027,210654000,3598.0,89608,1260886,3229433060.0,3598.0,50,3597.0,125
rb1805,20171030,20171027,210654500,3598.0,89736,1260860,3234038500.0,3598.0,9,3597.0,95
rb1805,20171030,20171027,210655000,3598.0,89868,1260944,3238786860.0,3599.0,58,3598.0,9
rb1805,20171030,20171027,210655500,3598.0,89904,1260952,3240082080.0,3598.0,76,3597.0,41
rb1805,20171030,20171027,210656000,3597.0,90006,1260932,3243751060.0,3598.0,70,3597.0,26
rb1805,20171030,20171027,210656500,3597.0,90108,1260922,3247419860.0,3597.0,50,3596.0,127
rb1805,20171030,20171027,210657000,3596.0,90110,1260924,3247491780.0,3597.0,61,3596.0,121
rb1805,20171030,20171027,210657500,3598.0,90336,1260760,3255622040.0,3599.0,52,3598.0,90
rb1805,20171030,20171027,210658000,3597.0,90524,1260662,3262386200.0,3597.0,4,3596.0,107
rb1805,20171030,20171027,210658500,3597.0,90610,1260634,3265479660.0,3598.0,138,3597.0,39
rb1805,20171030,20171027,210659000,3597.0,90648,1260650,3266846520.0,3597.0,13,3596.0,113
rb1805,20171030,20171027,210659500,3597.0,90674,1260668,3267781640.0,3597.0,5,3596.0,102
rb1805,20171030,20171027,210700000,3598.0,90736,1260696,3270011760.0,3597.0,11,3596.0,94
rb1805,20171030,20171027,210700500,3597.0,90912,1260776,3276340860.0,3597.0,29,3596.0,13
rb1805,20171030,20171027,210701000,3596.0,90950,1260794,3277707320.0,3596.0,11,3595.0,158
rb1805,20171030,20171027,210701500,3595.0,91166,1260800,3285474820.0,3598.0,88,3595.0,110
rb1805,20171030,20171027,210702000,3597.0,91200,1260810,3286697620.0,3597.0,25,3596.0,13
rb1805,20171030,20171027,210702500,3596.0,91222,1260820,3287488860.0,3597.0,22,3596.0,47
rb1805,20171030,20171027,210703000,3597.0,91284,1260882,3289718400.0,3597.0,22,3596.0,84
rb1805,20171030,20171027,210703500,3596.0,91444,1260976,3295472200.0,3597.0,12,3596.0,107
rb1805,20171030,20171027,210704000,3597.0,91498,1261008,3297414420.0,3598.0,83,3597.0,28
rb1805,20171030,20171027,210704500,3597.0,91736,1261096,3305974360.0,3598.0,83,3597.0,42
rb1805,20171030,20171027,210705000,3597.0,91862,1261134,3310506240.0,3597.0,5,3596.0,43
rb1805,20171030,20171027,210705500,3596.0,91874,1261132,3310937760.0,3597.0,27,3596.0,42
rb1805,20171030,20171027,210706000,3596.0,92040,1261154,3316907660.0,3597.0,37,3596.0,3
rb1805,20171030,20171027,210706500,3597.0,92326,1261106,3327195280.0,3597.0,245,3596.0,24
rb1805,20171030,20171027,210707000,3596.0,92452,1261074,3331727340.0,3597.0,192,3596.0,43
rb1805,20171030,20171027,210707500,3597.0,92652,1261060,3338920240.0,3596.0,3,3595.0,146
rb1805,20171030,20171027,210708000,3597.0,92872,1261186,3346831480.0,3597.0,227,3596.0,52
rb1805,20171030,20171027,210708500,3596.0,93108,1261170,3355319860.0,3597.0,136,3596.0,17
rb1805,20171030,20171027,210709000,3597.0,93498,1261078,3369347140.0,3598.0,118,3597.0,19
rb1805,20171030,20171027,210709500,3597.0,93516,1261074,3369994600.0,3598.0,122,3597.0,20
rb1805,20171030,20171027,210710000,3597.0,93528,1261074,3370426240.0,3598.0,124,3597.0,74
rb1805,20171030,20171027,210710500,3597.0,93656,1261170,3375030800.0,3598.0,107,3597.0,92
rb1805,20171030,20171027,210711000,3598.0,93932,1261224,3384961600.0,3599.0,24,3598.0,19
rb1805,20171030,20171027,210711500,3598.0,93986,1261228,3386905000.0,3599.0,3,3598.0,24
rb1805,20171030,20171027,210712000,3599.0,94000,1261230,3387408860.0,3600.0,117,3599.0,4
rb1805,20171030,20171027,210712500,3600.0,94088,1261238,3390576400.0,3600.0,104,3598.0,46
rb1805,20171030,20171027,210713000,3598.0,94108,1261246,3391296080.0,3600.0,103,3598.0,91
rb1805,20171030,20171027,210713500,3600.0,94164,1261236,3393311160.0,3600.0,100,3598.0,72
rb1805,20171030,20171027,210714000,3600.0,94180,1261244,3393887120.0,3600.0,96,3599.0,5
rb1805,20171030,20171027,210714500,3598.0,94410,1261250,3402166720.0,3599.0,34,3598.0,138
rb1805,20171030,20171027,210715000,3599.0,94506,1261186,3405621940.0,3600.0,6,3599.0,127
rb1805,20171030,20171027,210715500,3599.0,94548,1261186,3407133780.0,3600.0,9,3599.0,120
rb1805,20171030,20171027,210716000,3600.0,94562,1261190,3407637740.0,3600.0,18,3599.0,118
rb1805,20171030,20171027,210716500,3599.0,94646,1261206,3410661340.0,3600.0,93,3599.0,97
rb1805,20171030,20171027,210717000,3599.0,94694,1261254,3412388860.0,3600.0,93,3599.0,73
rb1805,20171030,20171027,210717500,3599.0,94860,1261130,3418363200.0,3599.0,142,3598.0,134
rb1805,20171030,20171027,210718000,3599.0,94880,1261122,3419083000.0,3599.0,138,3598.0,129
rb1805,20171030,20171027,210718500,3599.0,95156,1260906,3429016240.0,3600.0,101,3599.0,65
rb1805,20171030,20171027,210719000,3600.0,95198,1260900,3430528140.0,3600.0,90,3599.0,66
rb1805,20171030,20171027,210719500,3599.0,95342,1260772,3435710720.0,3599.0,10,3598.0,139
rb1805,20171030,20171027,210720000,3599.0,95414,1260764,3438302000.0,3600.0,96,3599.0,17
rb1805,20171030,20171027,210720500,3599.0,95490,1260784,3441037240.0,3599.0,16,3598.0,154
rb1805,20171030,20171027,210721000,3600.0,95506,1260792,3441613080.0,3600.0,98,3598.0,152
rb1805,20171030,20171027,210721500,3599.0,95520,1260794,3442116980.0,3599.0,7,3598.0,152
rb1805,20171030,20171027,210722000,3599.0,95566,1260820,3443772100.0,3599.0,35,3598.0,141
rb1805,20171030,20171027,210722500,3598.0,95580,1260810,3444275860.0,3599.0,46,3598.0,132
rb1805,20171030,20171027,210723000,3599.0,95584,1260814,3444419820.0,3599.0,45,3598.0,134
rb1805,20171030,20171027,210723500,3599.0,95598,1260814,3444923680.0,3599.0,44,3598.0,135
rb1805,20171030,20171027,210724000,3598.0,95616,1260808,3445571340.0,3599.0,48,3598.0,134
rb1805,20171030,20171027,210724500,3598.0,95726,1260802,3449529840.0,3599.0,25,3598.0,118
rb1805,20171030,20171027,210725000,3599.0,96046,1260660,3461049320.0,3601.0,115,3599.0,184
rb1805,20171030,20171027,210725500,3600.0,96296,1260622,3470051620.0,3602.0,63,3601.0,1
rb1805,20171030,20171027,210726000,3599.0,96442,1260726,3475308840.0,3600.0,20,3599.0,381
rb1805,20171030,20171027,210726500,3600.0,96484,1260748,3476820820.0,3601.0,2,3600.0,155
rb1805,20171030,20171027,210727000,3601.0,96520,1260746,3478117200.0,3602.0,55,3601.0,21
rb1805,20171030,20171027,210727500,3602.0,96552,1260746,3479269580.0,3602.0,57,3601.0,13
rb1805,20171030,20171027,210728000,3601.0,96592,1260764,3480710340.0,3602.0,40,3601.0,11
rb1805,20171030,20171027,210728500,3601.0,96626,1260776,3481934800.0,3602.0,30,3600.0,91
rb1805,20171030,20171027,210729000,3602.0,96630,1260776,3482078880.0,3602.0,34,3600.0,102
rb1805,20171030,20171027,210729500,3602.0,96694,1260778,3484384120.0,3602.0,61,3600.0,100
rb1805,20171030,20171027,210730000,3602.0,96750,1260772,3486400440.0,3602.0,86,3601.0,1
rb1805,20171030,20171027,210730500,3602.0,96764,1260774,3486904680.0,3601.0,2,3600.0,118
rb1805,20171030,20171027,210731000,3601.0,96804,1260768,3488345100.0,3601.0,2,3600.0,108
rb1805,20171030,20171027,210731500,3601.0,96816,1260766,3488777200.0,3602.0,77,3601.0,6
rb1805,20171030,20171027,210732000,3601.0,96832,1260762,3489353360.0,3601.0,12,3600.0,106
rb1805,20171030,20171027,210732500,3600.0,96864,1260730,3490505480.0,3602.0,81,3601.0,6
rb1805,20171030,20171027,210733000,3601.0,96890,1260714,3491441740.0,3601.0,52,3600.0,201
rb1805,20171030,20171027,210733500,3601.0,96912,1260692,3492233960.0,3601.0,45,3600.0,203
rb1805,20171030,20171027,210734000,3600.0,96924,1260692,3492666060.0,3601.0,41,3600.0,210
rb1805,20171030,20171027,210734500,3600.0,96936,1260692,3493098160.0,3601.0,64,3600.0,209
rb1805,20171030,20171027,210735000,3601.0,96966,1260688,3494178420.0,3601.0,56,3600.0,209
rb1805,20171030,20171027,210735500,3601.0,97108,1260810,3499291840.0,3602.0,83,3601.0,273
rb1805,20171030,20171027,210736000,3602.0,97118,1260806,3499652040.0,3602.0,79,3601.0,357
rb1805,20171030,20171027,210736500,3602.0,97188,1260816,3502172780.0,3602.0,58,3601.0,347
rb1805,20171030,20171027,210737000,3602.0,97204,1260810,3502749060.0,3602.0,53,3601.0,325
rb1805,20171030,20171027,210737500,3602.0,97214,1260812,3503109220.0,3602.0,50,3601.0,323
rb1805,20171030,20171027,210738000,3601.0,97316,1260838,3506782680.0,3602.0,29,3601.0,295
rb1805,20171030,20171027,210738500,3601.0,97354,1260840,3508151120.0,3602.0,34,3601.0,291
rb1805,20171030,20171027,210739000,3602.0,97394,1260848,3509591580.0,3602.0,44,3601.0,286
rb1805,20171030,20171027,210739500,3602.0,97974,1261238,3530477440.0,3601.0,3,3600.0,229
rb1805,20171030,20171027,210740000,3601.0,97994,1261244,3531197800.0,3601.0,6,3600.0,230
rb1805,20171030,20171027,210740500,3602.0,98264,1261424,3540922820.0,3603.0,103,3602.0,51
rb1805,20171030,20171027,210741000,3600.0,98390,1261430,3545460980.0,3602.0,274,3600.0,233
rb1805,20171030,20171027,210741500,3600.0,98462,1261486,3548053000.0,3601.0,41,3600.0,201
rb1805,20171030,20171027,210742000,3600.0,98472,1261486,3548413000.0,3601.0,43,3600.0,184
rb1805,20171030,20171027,210742500,3601.0,98504,1261512,3549565260.0,3601.0,31,3600.0,185
rb1805,20171030,20171027,210743000,3601.0,98526,1261522,3550357480.0,3601.0,25,3600.0,185
rb1805,20171030,20171027,210743500,3601.0,98534,1261516,3550645560.0,3601.0,24,3600.0,201
rb1805,20171030,20171027,210744000,3600.0,98678,1261564,3555829600.0,3601.0,28,3600.0,142
rb1805,20171030,20171027,210744500,3601.0,98762,1261492,3558854440.0,3602.0,133,3601.0,269
rb1805,20171030,20171027,210745000,3602.0,98896,1261580,3563680220.0,3602.0,113,3601.0,227
rb1805,20171030,20171027,210745500,3601.0,98934,1261616,3565048600.0,3602.0,138,3601.0,213
rb1805,20171030,20171027,210746000,3601.0,98934,1261616,3565048600.0,3602.0,138,3601.0,213
rb1805,20171030,20171027,210746500,3601.0,98944,1261626,3565408700.0,3602.0,161,3601.0,280
rb1805,20171030,20171027,210747000,3602.0,98982,1261600,3566777400.0,3602.0,156,3601.0,277
rb1805,20171030,20171027,210747500,3601.0,98988,1261598,3566993500.0,3602.0,155,3601.0,276
rb1805,20171030,20171027,210748000,3601.0,98992,1261600,3567137560.0,3602.0,256,3601.0,273
rb1805,20171030,20171027,210748500,3601.0,99064,1261606,3569730920.0,3602.0,246,3601.0,269
rb1805,20171030,20171027,210749000,3601.0,99156,1261606,3573043840.0,3602.0,247,3601.0,229
rb1805,20171030,20171027,210749500,3602.0,99214,1261646,3575132440.0,3602.0,252,3601.0,201
rb1805,20171030,20171027,210750000,3602.0,99332,1261750,3579381740.0,3602.0,252,3601.0,148
rb1805,20171030,20171027,210750500,3601.0,99442,1261660,3583343900.0,3602.0,201,3601.0,148
rb1805,20171030,20171027,210751000,3601.0,99458,1261662,3583920120.0,3602.0,199,3601.0,152
rb1805,20171030,20171027,210751500,3602.0,99664,1261782,3591338200.0,3602.0,199,3601.0,55
rb1805,20171030,20171027,210752000,3602.0,99666,1261780,3591410240.0,3602.0,198,3601.0,58
rb1805,20171030,20171027,210752500,3602.0,99676,1261774,3591770400.0,3602.0,195,3601.0,57
rb1805,20171030,20171027,210753000,3601.0,99690,1261772,3592274560.0,3602.0,207,3601.0,58
rb1805,20171030,20171027,210753500,3601.0,99722,1261740,3593427180.0,3602.0,192,3601.0,70
rb1805,20171030,20171027,210754000,3601.0,99750,1261760,3594435720.0,3602.0,180,3601.0,71
rb1805,20171030,20171027,210754500,3602.0,99764,1261748,3594939880.0,3602.0,189,3601.0,76
rb1805,20171030,20171027,210755000,3601.0,100144,1261522,3608627460.0,3603.0,115,3602.0,102
rb1805,20171030,20171027,210755500,3603.0,100348,1261440,3615977560.0,3603.0,14,3602.0,128
rb1805,20171030,20171027,210756000,3602.0,100478,1261500,3620660800.0,3603.0,1,3602.0,97
rb1805,20171030,20171027,210756500,3602.0,100496,1261506,3621309260.0,3604.0,104,3603.0,21
rb1805,20171030,20171027,210757000,3604.0,100548,1261486,3623182860.0,3604.0,109,3603.0,1
rb1805,20171030,20171027,210757500,3603.0,100634,1261480,3626282140.0,3604.0,73,3603.0,1
rb1805,20171030,20171027,210758000,3603.0,100660,1261460,3627218980.0,3603.0,1,3602.0,107
rb1805,20171030,20171027,210758500,3603.0,100666,1261462,3627435160.0,3604.0,77,3603.0,5
rb1805,20171030,20171027,210759000,3603.0,100692,1261488,3628371840.0,3604.0,82,3603.0,3
rb1805,20171030,20171027,210759500,3604.0,100722,1261494,3629452840.0,3604.0,154,3603.0,9
rb1805,20171030,20171027,210800000,3603.0,100780,1261514,3631542400.0,3603.0,7,3602.0,113
rb1805,20171030,20171027,210800500,3602.0,100900,1261610,3635864940.0,3603.0,17,3602.0,71
rb1805,20171030,20171027,210801000,3603.0,100920,1261604,3636585480.0,3603.0,54,3602.0,73
rb1805,20171030,20171027,210801500,3602.0,100996,1261660,3639323720.0,3603.0,26,3602.0,75
rb1805,20171030,20171027,210802000,3603.0,101012,1261658,3639900160.0,3603.0,28,3602.0,73
rb1805,20171030,20171027,210802500,3603.0,101056,1261672,3641485440.0,3603.0,8,3602.0,76
rb1805,20171030,20171027,210803000,3602.0,101058,1261670,3641557480.0,3603.0,8,3602.0,78
rb1805,20171030,20171027,210803500,3603.0,101108,1261682,3643358580.0,3603.0,3,3602.0,60
rb1805,20171030,20171027,210804000,3603.0,101108,1261682,3643358580.0,3603.0,4,3602.0,160
rb1805,20171030,20171027,210804500,3603.0,101118,1261684,3643718860.0,3603.0,15,3602.0,161
rb1805,20171030,20171027,210805000,3603.0,101132,1261686,3644223260.0,3603.0,11,3602.0,160
rb1805,20171030,20171027,210805500,3602.0,101158,1261694,3645160000.0,3604.0,220,3603.0,11
rb1805,20171030,20171027,210806000,3603.0,101178,1261696,3645880780.0,3604.0,218,3603.0,43
rb1805,20171030,20171027,210806500,3604.0,101204,1261720,3646817580.0,3604.0,217,3603.0,57
rb1805,20171030,20171027,210807000,3603.0,101212,1261726,3647105840.0,3604.0,216,3603.0,79
rb1805,20171030,20171027,210807500,3604.0,101254,1261768,3648619120.0,3604.0,115,3603.0,59
rb1805,20171030,20171027,210808000,3604.0,101484,1261848,3656908320.0,3605.0,451,3604.0,93
rb1805,20171030,20171027,210808500,3604.0,101516,1261820,3658061740.0,3605.0,446,3604.0,111
rb1805,20171030,20171027,210809000,3605.0,101640,1261758,3662531520.0,3605.0,405,3604.0,126
rb1805,20171030,20171027,210809500,3604.0,101762,1261690,3666929260.0,3605.0,363,3604.0,111
rb1805,20171030,20171027,210810000,3605.0,101854,1261668,3670245540.0,3605.0,334,3604.0,125
rb1805,20171030,20171027,210810500,3605.0,101884,1261656,3671326900.0,3605.0,326,3604.0,119
rb1805,20171030,20171027,210811000,3605.0,101920,1261676,3672624660.0,3605.0,311,3604.0,116
rb1805,20171030,20171027,210811500,3605.0,102166,1261778,3681490600.0,3604.0,2,3603.0,77
rb1805,20171030,20171027,210812000,3604.0,102172,1261776,3681706840.0,3605.0,307,3604.0,48
rb1805,20171030,20171027,210812500,3605.0,102794,1262260,3704129920.0,3605.0,3,3604.0,31
rb1805,20171030,20171027,210813000,3605.0,102814,1262264,3704850940.0,3606.0,85,3605.0,288
rb1805,20171030,20171027,210813500,3605.0,102848,1262264,3706076920.0,3606.0,74,3605.0,321
rb1805,20171030,20171027,210814000,3606.0,102984,1262324,3710980240.0,3606.0,48,3605.0,294
rb1805,20171030,20171027,210814500,3607.0,103196,1262302,3718625140.0,3607.0,18,3606.0,57
rb1805,20171030,20171027,210815000,3607.0,103324,1262348,3723241560.0,3607.0,16,3606.0,41
rb1805,20171030,20171027,210815500,3607.0,103420,1262392,3726703940.0,3607.0,2,3606.0,25
rb1805,20171030,20171027,210816000,3607.0,103476,1262428,3728723520.0,3607.0,30,3606.0,11
rb1805,20171030,20171027,210816500,3607.0,103550,1262450,3731392100.0,3607.0,18,3606.0,3
rb1805,20171030,20171027,210817000,3607.0,103586,1262458,3732690400.0,3606.0,1,3605.0,274
rb1805,20171030,20171027,210817500,3607.0,103638,1262440,3734566000.0,3607.0,5,3606.0,1
rb1805,20171030,20171027,210818000,3607.0,103662,1262446,3735431660.0,3608.0,75,3607.0,11
rb1805,20171030,20171027,210818500,3606.0,103746,1262484,3738460940.0,3607.0,22,3606.0,27
rb1805,20171030,20171027,210819000,3607.0,103764,1262490,3739110120.0,3607.0,18,3606.0,32
rb1805,20171030,20171027,210819500,3606.0,103782,1262500,3739759240.0,3607.0,16,3606.0,132
rb1805,20171030,20171027,210820000,3608.0,103850,1262500,3742212100.0,3608.0,132,3607.0,83
rb1805,20171030,20171027,210820500,3607.0,103930,1262482,3745098300.0,3608.0,105,3607.0,74
rb1805,20171030,20171027,210821000,3608.0,103960,1262470,3746180620.0,3608.0,99,3607.0,74
rb1805,20171030,20171027,210821500,3608.0,104030,1262422,3748706140.0,3608.0,58,3607.0,72
rb1805,20171030,20171027,210822000,3607.0,104138,1262376,3752602740.0,3608.0,13,3607.0,77
rb1805,20171030,20171027,210822500,3607.0,104170,1262360,3753757200.0,3608.0,13,3607.0,72
rb1805,20171030,20171027,210823000,3608.0,104250,1262378,3756643600.0,3609.0,125,3608.0,98
rb1805,20171030,20171027,210823500,3608.0,104450,1262418,3763859600.0,3609.0,128,3608.0,22
rb1805,20171030,20171027,210824000,3609.0,104696,1262520,3772735280.0,3609.0,126,3608.0,58
rb1805,20171030,20171027,210824500,3608.0,104864,1262522,3778798260.0,3609.0,55,3608.0,53
rb1805,20171030,20171027,210825000,3609.0,104928,1262582,3781107840.0,3609.0,33,3608.0,55
rb1805,20171030,20171027,210825500,3609.0,105026,1262632,3784644400.0,3610.0,518,3609.0,14
rb1805,20171030,20171027,210826000,3609.0,105138,1262614,3788686320.0,3610.0,524,3609.0,118
rb1805,20171030,20171027,210826500,3610.0,105198,1262624,3790851980.0,3610.0,517,3609.0,108
rb1805,20171030,20171027,210827000,3610.0,105316,1262686,3795111400.0,3610.0,479,3609.0,97
rb1805,20171030,20171027,210827500,3610.0,105426,1262782,3799082360.0,3610.0,426,3609.0,98
rb1805,20171030,20171027,210828000,3610.0,105444,1262790,3799732060.0,3610.0,443,3609.0,94
rb1805,20171030,20171027,210828500,3610.0,105758,1262896,3811067240.0,3610.0,298,3609.0,85
rb1805,20171030,20171027,210829000,3610.0,105990,1263084,3819442360.0,3610.0,192,3609.0,93
rb1805,20171030,20171027,210829500,3610.0,106446,1263358,3835903440.0,3611.0,186,3610.0,27
rb1805,20171030,20171027,210830000,3610.0,106580,1263404,3840740440.0,3610.0,16,3609.0,52
rb1805,20171030,20171027,210830500,3610.0,106716,1263376,3845649620.0,3611.0,184,3610.0,30
rb1805,20171030,20171027,210831000,3611.0,106780,1263346,3847960080.0,3611.0,191,3610.0,23
rb1805,20171030,20171027,210831500,3611.0,106810,1263338,3849043260.0,3611.0,191,3610.0,196
rb1805,20171030,20171027,210832000,3611.0,106822,1263336,3849476540.0,3611.0,193,3610.0,219
rb1805,20171030,20171027,210832500,3611.0,106868,1263334,3851137260.0,3611.0,184,3610.0,202
rb1805,20171030,20171027,210833000,3610.0,107012,1263414,3856336740.0,3611.0,131,3610.0,184
rb1805,20171030,20171027,210833500,3610.0,107064,1263434,3858214220.0,3611.0,120,3610.0,172
rb1805,20171030,20171027,210834000,3611.0,107164,1263502,3861824920.0,3611.0,116,3610.0,157
rb1805,20171030,20171027,210834500,3610.0,107234,1263504,3864352540.0,3611.0,89,3610.0,153
rb1805,20171030,20171027,210835000,3611.0,107242,1263510,3864641380.0,3611.0,128,3610.0,257
rb1805,20171030,20171027,210835500,3611.0,107488,1263680,3873524060.0,3611.0,29,3610.0,178
rb1805,20171030,20171027,210836000,3611.0,107564,1263674,3876268320.0,3612.0,251,3611.0,18
rb1805,20171030,20171027,210836500,3610.0,107696,1263630,3881034120.0,3611.0,18,3610.0,198
rb1805,20171030,20171027,210837000,3611.0,107772,1263662,3883778620.0,3612.0,344,3611.0,8
rb1805,20171030,20171027,210837500,3611.0,107830,1263662,3885872640.0,3611.0,18,3610.0,184
rb1805,20171030,20171027,210838000,3610.0,107854,1263650,3886739160.0,3611.0,18,3610.0,188
rb1805,20171030,20171027,210838500,3611.0,107886,1263636,3887894680.0,3611.0,34,3610.0,194
rb1805,20171030,20171027,210839000,3611.0,107940,1263630,3889844280.0,3611.0,182,3610.0,177
rb1805,20171030,20171027,210839500,3611.0,107956,1263634,3890421980.0,3611.0,200,3610.0,178
rb1805,20171030,20171027,210840000,3611.0,108208,1263468,3899519660.0,3611.0,181,3610.0,79
rb1805,20171030,20171027,210840500,3610.0,108408,1263456,3906740040.0,3610.0,20,3609.0,30
rb1805,20171030,20171027,210841000,3610.0,108440,1263450,3907895180.0,3610.0,13,3609.0,44
rb1805,20171030,20171027,210841500,3611.0,108882,1263662,3923855400.0,3611.0,88,3610.0,1
rb1805,20171030,20171027,210842000,3610.0,108906,1263674,3924721900.0,3611.0,87,3610.0,7
rb1805,20171030,20171027,210842500,3611.0,108944,1263692,3926093700.0,3611.0,108,3610.0,12
rb1805,20171030,20171027,210843000,3610.0,109010,1263694,3928476280.0,3611.0,109,3610.0,44
rb1805,20171030,20171027,210843500,3610.0,109082,1263634,3931075540.0,3611.0,134,3610.0,11
rb1805,20171030,20171027,210844000,3610.0,109096,1263636,3931580980.0,3611.0,162,3610.0,14
rb1805,20171030,20171027,210844500,3611.0,109186,1263672,3934830200.0,3611.0,158,3609.0,92
rb1805,20171030,20171027,210845000,3609.0,109256,1263666,3937357860.0,3610.0,1,3609.0,87
rb1805,20171030,20171027,210845500,3610.0,109276,1263668,3938079900.0,3611.0,137,3609.0,87
rb1805,20171030,20171027,210846000,3609.0,109284,1263674,3938368660.0,3610.0,34,3609.0,93
rb1805,20171030,20171027,210846500,3610.0,109290,1263678,3938585240.0,3610.0,33,3609.0,117
rb1805,20171030,20171027,210847000,3609.0,109306,1263682,3939162780.0,3610.0,40,3609.0,114
rb1805,20171030,20171027,210847500,3609.0,109356,1263700,3940967280.0,3610.0,45,3609.0,84
rb1805,20171030,20171027,210848000,3609.0,109530,1263694,3947246940.0,3609.0,95,3608.0,74
rb1805,20171030,20171027,210848500,3609.0,109644,1263582,3951361180.0,3609.0,18,3608.0,75
rb1805,20171030,20171027,210849000,3609.0,109732,1263516,3954537120.0,3610.0,64,3609.0,76
rb1805,20171030,20171027,210849500,3609.0,109802,1263496,3957063420.0,3610.0,65,3609.0,55
rb1805,20171030,20171027,210850000,3609.0,109918,1263500,3961249840.0,3609.0,12,3608.0,132
rb1805,20171030,20171027,210850500,3609.0,109952,1263516,3962476900.0,3610.0,163,3609.0,12
rb1805,20171030,20171027,210851000,3609.0,109980,1263532,3963487300.0,3609.0,27,3608.0,126
rb1805,20171030,20171027,210851500,3610.0,110120,1263616,3968540680.0,3610.0,157,3608.0,135
rb1805,20171030,20171027,210852000,3610.0,110132,1263624,3968973780.0,3610.0,155,3608.0,127
rb1805,20171030,20171027,210852500,3610.0,110142,1263634,3969334720.0,3610.0,177,3609.0,3
rb1805,20171030,20171027,210853000,3610.0,110188,1263636,3970995260.0,3610.0,158,3609.0,11
rb1805,20171030,20171027,210853500,3610.0,110514,1263710,3982763800.0,3611.0,258,3610.0,45
rb1805,20171030,20171027,210854000,3611.0,110544,1263714,3983846820.0,3611.0,197,3610.0,36
rb1805,20171030,20171027,210854500,3610.0,110560,1263722,3984424440.0,3611.0,198,3610.0,52
rb1805,20171030,20171027,210855000,3611.0,110612,1263684,3986302120.0,3611.0,209,3610.0,50
rb1805,20171030,20171027,210855500,3609.0,110856,1263658,3995110160.0,3611.0,211,3609.0,27
rb1805,20171030,20171027,210856000,3611.0,110884,1263664,3996121200.0,3610.0,62,3609.0,41
rb1805,20171030,20171027,210856500,3610.0,110888,1263662,3996265600.0,3610.0,133,3609.0,44
rb1805,20171030,20171027,210857000,3609.0,111022,1263626,4001102960.0,3610.0,69,3609.0,50
rb1805,20171030,20171027,210857500,3609.0,111190,1263570,4007167720.0,3610.0,14,3609.0,49
rb1805,20171030,20171027,210858000,3610.0,111248,1263588,4009261540.0,3611.0,189,3610.0,31
rb1805,20171030,20171027,210858500,3610.0,111270,1263586,4010055740.0,3611.0,193,3610.0,21
rb1805,20171030,20171027,210859000,3610.0,111276,1263586,4010272340.0,3611.0,197,3610.0,28
rb1805,20171030,20171027,210859500,3610.0,111284,1263594,4010561140.0,3611.0,182,3610.0,23
rb1805,20171030,20171027,210900000,3610.0,111324,1263626,4012005440.0,3611.0,166,3610.0,32
rb1805,20171030,20171027,210900500,3611.0,111356,1263608,4013160700.0,3611.0,168,3610.0,24
rb1805,20171030,20171027,210901000,3611.0,111704,1263524,4025726900.0,3612.0,324,3611.0,48
rb1805,20171030,20171027,210901500,3610.0,111836,1263510,4030493320.0,3611.0,103,3610.0,23
rb1805,20171030,20171027,210902000,3611.0,111956,1263512,4034826480.0,3611.0,35,3610.0,53
rb1805,20171030,20171027,210902500,3610.0,111984,1263534,4035837500.0,3611.0,26,3610.0,34
rb1805,20171030,20171027,210903000,3610.0,112028,1263570,4037426320.0,3611.0,107,3610.0,58
rb1805,20171030,20171027,210903500,3611.0,112102,1263570,4040098400.0,3611.0,135,3610.0,56
rb1805,20171030,20171027,210904000,3611.0,112210,1263650,4043997860.0,3611.0,104,3610.0,39
rb1805,20171030,20171027,210904500,3610.0,112250,1263666,4045442040.0,3611.0,95,3610.0,32
rb1805,20171030,20171027,210905000,3610.0,112258,1263670,4045730840.0,3611.0,64,3610.0,41
rb1805,20171030,20171027,210905500,3610.0,112304,1263714,4047391440.0,3611.0,85,3610.0,18
rb1805,20171030,20171027,210906000,3610.0,112412,1263722,4051291180.0,3611.0,51,3610.0,8
rb1805,20171030,20171027,210906500,3611.0,112522,1263826,4055263260.0,3611.0,5,3610.0,17
rb1805,20171030,20171027,210907000,3610.0,112674,1263740,4060751380.0,3610.0,231,3609.0,85
rb1805,20171030,20171027,210907500,3610.0,112714,1263724,4062195380.0,3610.0,233,3609.0,86
rb1805,20171030,20171027,210908000,3610.0,112798,1263724,4065227780.0,3610.0,195,3609.0,82
rb1805,20171030,20171027,210908500,3610.0,112982,1263642,4071870180.0,3610.0,105,3609.0,88
rb1805,20171030,20171027,210909000,3610.0,113218,1263616,4080389880.0,3611.0,12,3610.0,69
rb1805,20171030,20171027,210909500,3610.0,113270,1263646,4082267560.0,3612.0,372,3611.0,52
rb1805,20171030,20171027,210910000,3609.0,113408,1263618,4087250680.0,3611.0,15,3609.0,92
rb1805,20171030,20171027,210910500,3611.0,113464,1263662,4089272840.0,3612.0,375,3611.0,5
rb1805,20171030,20171027,210911000,3610.0,113488,1263666,4090139340.0,3610.0,4,3609.0,184
rb1805,20171030,20171027,210911500,3611.0,113502,1263674,4090644760.0,3611.0,8,3610.0,61
rb1805,20171030,20171027,210912000,3610.0,113638,1263574,4095554400.0,3610.0,279,3609.0,117
rb1805,20171030,20171027,210912500,3610.0,113646,1263572,4095843180.0,3610.0,317,3609.0,133
rb1805,20171030,20171027,210913000,3610.0,113684,1263540,4097214960.0,3610.0,299,3609.0,132
rb1805,20171030,20171027,210913500,3609.0,113724,1263536,4098658920.0,3610.0,294,3609.0,134
rb1805,20171030,20171027,210914000,3609.0,113826,1263460,4102341100.0,3610.0,246,3609.0,133
rb1805,20171030,20171027,210914500,3610.0,114436,1263390,4124363220.0,3611.0,35,3610.0,89
rb1805,20171030,20171027,210915000,3611.0,114514,1263324,4127179840.0,3612.0,410,3611.0,144
rb1805,20171030,20171027,210915500,3611.0,114536,1263316,4127974260.0,3612.0,421,3611.0,133
rb1805,20171030,20171027,210916000,3612.0,114660,1263314,4132453080.0,3612.0,366,3611.0,105
rb1805,20171030,20171027,210916500,3612.0,114704,1263318,4134042340.0,3612.0,346,3611.0,110
