instrument,tradingday,calendarday,time,lastp,volume,openinterest,turnover,ask1,asksz1,bid1,bidsz1
rb1805,20171129,20171128,183230500,3872.0,0,2579070,0.0,0.0,0,0.0,0
rb1805,20171129,20171128,205900500,3885.0,5414,2580248,210333900.0,3885.0,23,3884.0,64
rb1805,20171129,20171128,210000500,3885.0,6726,2581018,261292400.0,3884.0,6,3883.0,9
rb1805,20171129,20171128,210001000,3883.0,10002,2580848,388525160.0,3883.0,5,3881.0,514
rb1805,20171129,20171128,210001500,3881.0,13372,2580872,519314820.0,3881.0,173,3880.0,809
rb1805,20171129,20171128,210002000,3880.0,15918,2580724,618114480.0,3882.0,388,3880.0,123
rb1805,20171129,20171128,210002500,3880.0,16758,2580850,650709920.0,3880.0,21,3879.0,59
rb1805,20171129,20171128,210003000,3878.0,18058,2580032,701154280.0,3879.0,58,3878.0,388
rb1805,20171129,20171128,210003500,3879.0,18706,2579870,726291220.0,3880.0,170,3879.0,484
rb1805,20171129,20171128,210004000,3880.0,19994,2579414,776264880.0,3881.0,85,3880.0,129
rb1805,20171129,20171128,210004500,3880.0,20630,2579716,800942840.0,3881.0,192,3879.0,474
rb1805,20171129,20171128,210005000,3881.0,21444,2579390,832532760.0,3882.0,8,3881.0,294
rb1805,20171129,20171128,210005500,3882.0,22218,2579442,862576660.0,3883.0,133,3882.0,16
rb1805,20171129,20171128,210006000,3882.0,23532,2579440,913587740.0,3882.0,10,3881.0,128
rb1805,20171129,20171128,210006500,3881.0,23958,2579682,930126000.0,3884.0,338,3882.0,4
rb1805,20171129,20171128,210007000,3881.0,24918,2579528,967380740.0,3881.0,2,3880.0,240
rb1805,20171129,20171128,210007500,3882.0,25298,2579420,982131300.0,3882.0,7,3881.0,2
rb1805,20171129,20171128,210008000,3882.0,25424,2579478,987021360.0,3882.0,38,3881.0,4
rb1805,20171129,20171128,210008500,3881.0,25724,2579626,998664660.0,3882.0,402,3881.0,3
rb1805,20171129,20171128,210009000,3882.0,26594,2579004,1032435560.0,3882.0,163,3881.0,196
rb1805,20171129,20171128,210009500,3882.0,27268,2579120,1058600400.0,3883.0,165,3882.0,72
rb1805,20171129,20171128,210010000,3882.0,27668,2579264,1074128000.0,3882.0,34,3881.0,203
rb1805,20171129,20171128,210010500,3880.0,28296,2579806,1098502320.0,3881.0,18,3880.0,102
rb1805,20171129,20171128,210011000,3881.0,28474,2579898,1105409880.0,3881.0,20,3880.0,70
rb1805,20171129,20171128,210011500,3882.0,28968,2579962,1124582460.0,3883.0,157,3882.0,22
rb1805,20171129,20171128,210012000,3881.0,29340,2579926,1139021820.0,3881.0,2,3880.0,110
rb1805,20171129,20171128,210012500,3879.0,29918,2580324,1161452240.0,3881.0,1,3879.0,172
rb1805,20171129,20171128,210013000,3880.0,30164,2580204,1170995140.0,3880.0,51,3879.0,80
rb1805,20171129,20171128,210013500,3881.0,30526,2580154,1185042740.0,3881.0,19,3880.0,5
rb1805,20171129,20171128,210014000,3881.0,30894,2580312,1199323120.0,3880.0,2,3879.0,219
rb1805,20171129,20171128,210014500,3880.0,31260,2580270,1213524360.0,3881.0,55,3880.0,15
rb1805,20171129,20171128,210015000,3880.0,31612,2580310,1227184040.0,3882.0,160,3880.0,45
rb1805,20171129,20171128,210015500,3882.0,32224,2580146,1250937460.0,3883.0,287,3882.0,291
rb1805,20171129,20171128,210016000,3882.0,32758,2580016,1271670640.0,3883.0,131,3882.0,197
rb1805,20171129,20171128,210016500,3883.0,33102,2580010,1285027580.0,3884.0,427,3883.0,65
rb1805,20171129,20171128,210017000,3884.0,33794,2580200,1311900220.0,3884.0,385,3882.0,144
rb1805,20171129,20171128,210017500,3884.0,34636,2580324,1344599440.0,3884.0,107,3882.0,59
rb1805,20171129,20171128,210018000,3884.0,35014,2580292,1359278500.0,3885.0,680,3884.0,120
rb1805,20171129,20171128,210018500,3884.0,36330,2580762,1410399600.0,3885.0,275,3884.0,97
rb1805,20171129,20171128,210019000,3885.0,37500,2581382,1455852740.0,3886.0,804,3885.0,324
rb1805,20171129,20171128,210019500,3885.0,39050,2582592,1516083960.0,3886.0,121,3885.0,314
rb1805,20171129,20171128,210020000,3886.0,40430,2583160,1569717700.0,3888.0,1297,3887.0,34
rb1805,20171129,20171128,210020500,3887.0,42532,2583044,1651426260.0,3887.0,2,3886.0,964
rb1805,20171129,20171128,210021000,3887.0,43572,2583328,1691853020.0,3887.0,35,3886.0,809
rb1805,20171129,20171128,210021500,3887.0,44934,2583230,1744792600.0,3888.0,682,3887.0,184
rb1805,20171129,20171128,210022000,3887.0,46836,2584440,1818731260.0,3887.0,65,3886.0,678
rb1805,20171129,20171128,210022500,3886.0,47176,2584366,1831946200.0,3888.0,330,3886.0,639
rb1805,20171129,20171128,210023000,3886.0,48078,2584352,1867002720.0,3888.0,537,3886.0,240
rb1805,20171129,20171128,210023500,3887.0,48810,2584802,1895454120.0,3887.0,99,3886.0,59
rb1805,20171129,20171128,210024000,3886.0,49424,2584696,1919310900.0,3886.0,301,3885.0,114
rb1805,20171129,20171128,210024500,3885.0,50734,2584418,1970208640.0,3885.0,68,3884.0,169
rb1805,20171129,20171128,210025000,3885.0,51490,2584528,1999573440.0,3885.0,159,3884.0,27
rb1805,20171129,20171128,210025500,3883.0,51796,2584510,2011456520.0,3883.0,29,3882.0,52
rb1805,20171129,20171128,210026000,3882.0,52332,2584572,2032268180.0,3882.0,3,3881.0,128
rb1805,20171129,20171128,210026500,3883.0,52566,2584446,2041353460.0,3884.0,132,3882.0,434
rb1805,20171129,20171128,210027000,3882.0,52744,2584418,2048266000.0,3884.0,301,3882.0,492
rb1805,20171129,20171128,210027500,3884.0,53142,2584140,2063723700.0,3884.0,280,3883.0,1
rb1805,20171129,20171128,210028000,3884.0,53230,2584140,2067140440.0,3884.0,324,3882.0,391
rb1805,20171129,20171128,210028500,3882.0,53486,2583942,2077082640.0,3883.0,6,3882.0,360
rb1805,20171129,20171128,210029000,3883.0,53660,2583922,2083838820.0,3884.0,309,3883.0,11
rb1805,20171129,20171128,210029500,3882.0,53876,2583938,2092224900.0,3884.0,300,3882.0,271
rb1805,20171129,20171128,210030000,3882.0,53930,2583958,2094321360.0,3883.0,2,3882.0,258
rb1805,20171129,20171128,210030500,3883.0,54264,2584028,2107287620.0,3883.0,75,3882.0,123
rb1805,20171129,20171128,210031000,3883.0,54616,2584056,2120952600.0,3883.0,149,3882.0,85
rb1805,20171129,20171128,210031500,3882.0,54830,2584032,2129260100.0,3882.0,403,3881.0,218
rb1805,20171129,20171128,210032000,3882.0,55140,2584062,2141293800.0,3882.0,379,3881.0,194
rb1805,20171129,20171128,210032500,3881.0,55522,2584020,2156120740.0,3882.0,238,3881.0,80
rb1805,20171129,20171128,210033000,3882.0,56008,2584376,2174986020.0,3882.0,56,3881.0,43
rb1805,20171129,20171128,210033500,3881.0,56070,2584386,2177392580.0,3882.0,46,3881.0,161
rb1805,20171129,20171128,210034000,3881.0,56154,2584344,2180652900.0,3882.0,38,3881.0,175
rb1805,20171129,20171128,210034500,3881.0,56466,2584220,2192762660.0,3882.0,3,3881.0,79
rb1805,20171129,20171128,210035000,3882.0,56828,2584274,2206815240.0,3882.0,20,3881.0,19
rb1805,20171129,20171128,210035500,3882.0,56926,2584310,2210619180.0,3882.0,11,3881.0,17
rb1805,20171129,20171128,210036000,3881.0,57128,2584390,2218461340.0,3882.0,6,3881.0,2
rb1805,20171129,20171128,210036500,3882.0,57186,2584384,2220712620.0,3882.0,124,3881.0,3
rb1805,20171129,20171128,210037000,3882.0,57632,2584168,2238025360.0,3883.0,125,3882.0,32
rb1805,20171129,20171128,210037500,3880.0,57850,2584188,2246487760.0,3881.0,38,3880.0,158
rb1805,20171129,20171128,210038000,3881.0,57894,2584228,2248195220.0,3881.0,454,3880.0,156
rb1805,20171129,20171128,210038500,3880.0,58204,2584428,2260223460.0,3880.0,92,3879.0,186
rb1805,20171129,20171128,210039000,3879.0,58592,2584362,2275279120.0,3881.0,429,3879.0,39
rb1805,20171129,20171128,210039500,3880.0,58776,2584390,2282418280.0,3881.0,407,3880.0,6
rb1805,20171129,20171128,210040000,3880.0,59166,2584128,2297550240.0,3881.0,410,3880.0,21
rb1805,20171129,20171128,210040500,3880.0,59368,2584164,2305389400.0,3881.0,348,3880.0,45
rb1805,20171129,20171128,210041000,3880.0,59488,2584166,2310045520.0,3880.0,39,3879.0,83
rb1805,20171129,20171128,210041500,3880.0,59550,2584188,2312451040.0,3880.0,50,3879.0,78
rb1805,20171129,20171128,210042000,3879.0,59620,2584214,2315166820.0,3880.0,107,3879.0,67
rb1805,20171129,20171128,210042500,3880.0,60058,2584326,2332159120.0,3880.0,1,3878.0,424
rb1805,20171129,20171128,210043000,3878.0,60102,2584356,2333866180.0,3879.0,2,3878.0,442
rb1805,20171129,20171128,210043500,3880.0,60272,2584360,2340461400.0,3881.0,348,3880.0,261
rb1805,20171129,20171128,210044000,3880.0,60338,2584390,2343022520.0,3881.0,332,3880.0,263
rb1805,20171129,20171128,210044500,3880.0,60434,2584418,2346747600.0,3881.0,328,3880.0,233
rb1805,20171129,20171128,210045000,3880.0,60596,2584518,2353033200.0,3881.0,333,3880.0,163
rb1805,20171129,20171128,210045500,3880.0,60916,2584520,2365449340.0,3881.0,329,3880.0,21
rb1805,20171129,20171128,210046000,3879.0,61008,2584486,2369018780.0,3880.0,154,3879.0,416
rb1805,20171129,20171128,210046500,3879.0,61188,2584492,2376001220.0,3880.0,95,3879.0,339
rb1805,20171129,20171128,210047000,3880.0,61312,2584546,2380812280.0,3880.0,57,3879.0,335
rb1805,20171129,20171128,210047500,3879.0,61356,2584550,2382519360.0,3880.0,57,3879.0,331
rb1805,20171129,20171128,210048000,3880.0,61546,2584578,2389890680.0,3880.0,11,3879.0,298
rb1805,20171129,20171128,210048500,3880.0,61634,2584558,2393304600.0,3881.0,377,3880.0,5
rb1805,20171129,20171128,210049000,3880.0,61708,2584576,2396175700.0,3880.0,12,3879.0,325
rb1805,20171129,20171128,210049500,3879.0,61926,2584470,2404632300.0,3880.0,60,3879.0,237
rb1805,20171129,20171128,210050000,3880.0,62030,2584428,2408666740.0,3880.0,127,3879.0,229
rb1805,20171129,20171128,210050500,3879.0,62078,2584414,2410528740.0,3880.0,205,3879.0,221
rb1805,20171129,20171128,210051000,3879.0,62198,2584430,2415184000.0,3880.0,218,3879.0,188
rb1805,20171129,20171128,210051500,3880.0,62298,2584360,2419063100.0,3880.0,249,3879.0,151
rb1805,20171129,20171128,210052000,3880.0,62562,2584354,2429303940.0,3880.0,260,3879.0,88
rb1805,20171129,20171128,210052500,3879.0,62612,2584390,2431243700.0,3880.0,217,3879.0,101
rb1805,20171129,20171128,210053000,3879.0,62826,2584334,2439544880.0,3879.0,29,3878.0,708
rb1805,20171129,20171128,210053500,3879.0,62860,2584338,2440863660.0,3879.0,65,3878.0,708
rb1805,20171129,20171128,210054000,3879.0,62932,2584330,2443656340.0,3879.0,46,3878.0,717
rb1805,20171129,20171128,210054500,3879.0,63142,2584372,2451801840.0,3879.0,1,3878.0,719
rb1805,20171129,20171128,210055000,3878.0,63308,2584404,2458239720.0,3879.0,23,3878.0,658
rb1805,20171129,20171128,210055500,3878.0,63388,2584436,2461342300.0,3879.0,60,3878.0,627
rb1805,20171129,20171128,210056000,3879.0,63556,2584516,2467857740.0,3879.0,70,3878.0,567
rb1805,20171129,20171128,210056500,3878.0,63838,2584618,2478796160.0,3879.0,2,3878.0,599
rb1805,20171129,20171128,210057000,3878.0,63898,2584648,2481123100.0,3880.0,403,3879.0,9
rb1805,20171129,20171128,210057500,3878.0,64370,2584562,2499427740.0,3880.0,400,3878.0,440
rb1805,20171129,20171128,210058000,3878.0,64544,2584586,2506175800.0,3879.0,1,3878.0,395
rb1805,20171129,20171128,210058500,3878.0,64616,2584604,2508968360.0,3879.0,5,3878.0,322
rb1805,20171129,20171128,210059000,3878.0,65162,2584384,2530142360.0,3879.0,160,3878.0,56
rb1805,20171129,20171128,210059500,3878.0,65400,2584330,2539371980.0,3878.0,473,3877.0,235
rb1805,20171129,20171128,210100000,3877.0,65554,2584306,2545343080.0,3878.0,171,3877.0,192
rb1805,20171129,20171128,210100500,3878.0,66000,2584270,2562635380.0,3878.0,7,3877.0,18
rb1805,20171129,20171128,210101000,3877.0,66514,2583966,2582563260.0,3878.0,50,3877.0,10
rb1805,20171129,20171128,210101500,3877.0,66840,2583942,2595203400.0,3878.0,8,3877.0,8
rb1805,20171129,20171128,210102000,3878.0,66998,2583832,2601329520.0,3878.0,17,3877.0,2
rb1805,20171129,20171128,210102500,3877.0,67124,2583822,2606214540.0,3877.0,73,3876.0,397
rb1805,20171129,20171128,210103000,3877.0,67380,2583690,2616139540.0,3877.0,54,3876.0,381
rb1805,20171129,20171128,210103500,3876.0,67552,2583740,2622807740.0,3878.0,18,3877.0,50
rb1805,20171129,20171128,210104000,3878.0,67732,2583752,2629786100.0,3878.0,262,3877.0,70
rb1805,20171129,20171128,210104500,3877.0,67974,2583844,2639168320.0,3877.0,83,3876.0,378
rb1805,20171129,20171128,210105000,3876.0,68308,2583842,2652114560.0,3877.0,94,3876.0,234
rb1805,20171129,20171128,210105500,3877.0,69088,2583880,2682347980.0,3876.0,3,3875.0,320
rb1805,20171129,20171128,210106000,3875.0,69848,2583608,2711798820.0,3875.0,500,3874.0,428
rb1805,20171129,20171128,210106500,3875.0,70124,2583426,2722492380.0,3875.0,161,3874.0,356
rb1805,20171129,20171128,210107000,3874.0,71428,2583386,2773018480.0,3875.0,68,3874.0,159
rb1805,20171129,20171128,210107500,3875.0,71900,2583406,2791308420.0,3876.0,42,3875.0,445
rb1805,20171129,20171128,210108000,3875.0,72190,2583492,2802547460.0,3876.0,140,3875.0,389
rb1805,20171129,20171128,210108500,3875.0,72362,2583642,2809212780.0,3876.0,156,3875.0,360
rb1805,20171129,20171128,210109000,3876.0,72446,2583698,2812467820.0,3876.0,155,3875.0,329
rb1805,20171129,20171128,210109500,3875.0,72550,2583746,2816498140.0,3876.0,156,3875.0,300
rb1805,20171129,20171128,210110000,3875.0,72704,2583832,2822465980.0,3876.0,147,3875.0,356
rb1805,20171129,20171128,210110500,3875.0,72800,2583860,2826186600.0,3876.0,137,3875.0,431
rb1805,20171129,20171128,210111000,3875.0,73140,2584036,2839363740.0,3876.0,37,3875.0,378
rb1805,20171129,20171128,210111500,3875.0,73316,2584090,2846184520.0,3877.0,190,3876.0,10
rb1805,20171129,20171128,210112000,3876.0,73376,2584096,2848510220.0,3877.0,208,3876.0,201
rb1805,20171129,20171128,210112500,3876.0,73514,2584132,2853859460.0,3877.0,190,3876.0,316
rb1805,20171129,20171128,210113000,3876.0,73622,2584086,2858045740.0,3877.0,178,3876.0,317
rb1805,20171129,20171128,210113500,3876.0,74082,2584278,2875875420.0,3877.0,180,3876.0,96
rb1805,20171129,20171128,210114000,3876.0,74136,2584278,2877968780.0,3877.0,165,3876.0,87
rb1805,20171129,20171128,210114500,3876.0,74624,2584494,2896885920.0,3876.0,69,3875.0,487
rb1805,20171129,20171128,210115000,3877.0,74926,2584494,2908592880.0,3878.0,407,3877.0,4
rb1805,20171129,20171128,210115500,3877.0,74956,2584512,2909755900.0,3878.0,411,3876.0,152
rb1805,20171129,20171128,210116000,3878.0,75052,2584488,2913477600.0,3878.0,407,3876.0,176
rb1805,20171129,20171128,210116500,3876.0,75094,2584496,2915105760.0,3877.0,1,3876.0,160
rb1805,20171129,20171128,210117000,3876.0,75148,2584494,2917199220.0,3878.0,388,3876.0,192
rb1805,20171129,20171128,210117500,3877.0,75280,2584498,2922316620.0,3878.0,379,3876.0,192
rb1805,20171129,20171128,210118000,3877.0,75316,2584504,2923712220.0,3877.0,25,3876.0,213
rb1805,20171129,20171128,210118500,3877.0,75414,2584534,2927511820.0,3878.0,357,3877.0,52
rb1805,20171129,20171128,210119000,3878.0,75790,2584188,2942092900.0,3878.0,185,3877.0,69
rb1805,20171129,20171128,210119500,3877.0,75972,2584276,2949150260.0,3878.0,124,3877.0,197
rb1805,20171129,20171128,210120000,3878.0,76062,2584280,2952640460.0,3878.0,80,3877.0,290
rb1805,20171129,20171128,210120500,3877.0,76212,2584260,2958457020.0,3878.0,35,3877.0,290
rb1805,20171129,20171128,210121000,3877.0,76314,2584266,2962412300.0,3878.0,14,3877.0,291
rb1805,20171129,20171128,210121500,3877.0,76480,2584330,2968848620.0,3878.0,26,3877.0,684
rb1805,20171129,20171128,210122000,3878.0,76540,2584288,2971175420.0,3879.0,225,3878.0,141
rb1805,20171129,20171128,210122500,3878.0,76794,2584148,2981027940.0,3879.0,105,3878.0,178
rb1805,20171129,20171128,210123000,3879.0,76912,2584204,2985604980.0,3879.0,55,3878.0,242
rb1805,20171129,20171128,210123500,3880.0,77474,2584276,3007405260.0,3880.0,660,3879.0,371
rb1805,20171129,20171128,210124000,3880.0,78446,2584774,3045118020.0,3880.0,115,3879.0,117
rb1805,20171129,20171128,210124500,3880.0,78802,2584988,3058928200.0,3880.0,71,3879.0,67
rb1805,20171129,20171128,210125000,3879.0,79118,2585084,3071188940.0,3880.0,65,3879.0,149
rb1805,20171129,20171128,210125500,3879.0,79778,2584990,3096791420.0,3879.0,110,3878.0,285
rb1805,20171129,20171128,210126000,3879.0,80010,2584966,3105790700.0,3879.0,163,3878.0,285
rb1805,20171129,20171128,210126500,3879.0,80134,2584954,3110600640.0,3879.0,112,3878.0,314
rb1805,20171129,20171128,210127000,3879.0,80184,2584932,3112539820.0,3879.0,118,3878.0,301
rb1805,20171129,20171128,210127500,3878.0,80236,2584936,3114556700.0,3879.0,112,3878.0,405
rb1805,20171129,20171128,210128000,3879.0,80546,2584966,3126581580.0,3880.0,146,3879.0,2
rb1805,20171129,20171128,210128500,3879.0,80594,2585012,3128443920.0,3880.0,171,3879.0,59
rb1805,20171129,20171128,210129000,3879.0,80636,2585046,3130073400.0,3880.0,170,3879.0,132
rb1805,20171129,20171128,210129500,3879.0,80646,2585048,3130461300.0,3880.0,177,3879.0,161
rb1805,20171129,20171128,210130000,3879.0,80774,2585052,3135427260.0,3880.0,154,3879.0,212
rb1805,20171129,20171128,210130500,3880.0,81046,2585022,3145980560.0,3880.0,35,3879.0,221
rb1805,20171129,20171128,210131000,3879.0,81308,2585034,3156144400.0,3880.0,12,3879.0,148
rb1805,20171129,20171128,210131500,3880.0,81412,2585072,3160179500.0,3880.0,11,3879.0,151
rb1805,20171129,20171128,210132000,3879.0,81506,2585068,3163826440.0,3880.0,395,3879.0,145
rb1805,20171129,20171128,210132500,3880.0,81564,2585052,3166076440.0,3880.0,507,3879.0,301
rb1805,20171129,20171128,210133000,3880.0,81604,2585038,3167628320.0,3880.0,419,3879.0,297
rb1805,20171129,20171128,210133500,3880.0,81908,2585120,3179421360.0,3880.0,379,3879.0,191
rb1805,20171129,20171128,210134000,3879.0,82016,2585110,3183611340.0,3880.0,356,3879.0,173
rb1805,20171129,20171128,210134500,3880.0,82212,2585110,3191215080.0,3880.0,408,3879.0,267
rb1805,20171129,20171128,210135000,3879.0,82226,2585108,3191758220.0,3880.0,469,3879.0,264
rb1805,20171129,20171128,210135500,3880.0,82412,2585010,3198974080.0,3880.0,424,3879.0,319
rb1805,20171129,20171128,210136000,3880.0,82606,2584918,3206500980.0,3880.0,355,3879.0,517
rb1805,20171129,20171128,210136500,3880.0,82620,2584910,3207044120.0,3880.0,381,3879.0,517
rb1805,20171129,20171128,210137000,3880.0,82744,2584854,3211855160.0,3880.0,333,3879.0,509
rb1805,20171129,20171128,210137500,3880.0,82896,2584852,3217752700.0,3880.0,294,3879.0,513
rb1805,20171129,20171128,210138000,3880.0,83042,2584888,3223417440.0,3880.0,229,3879.0,502
rb1805,20171129,20171128,210138500,3879.0,83566,2584726,3243745340.0,3880.0,137,3879.0,342
rb1805,20171129,20171128,210139000,3880.0,83622,2584760,3245917920.0,3880.0,148,3879.0,332
rb1805,20171129,20171128,210139500,3880.0,83686,2584802,3248400940.0,3880.0,219,3879.0,325
rb1805,20171129,20171128,210140000,3879.0,83844,2584884,3254531120.0,3880.0,165,3879.0,416
rb1805,20171129,20171128,210140500,3880.0,83898,2584918,3256626160.0,3880.0,258,3879.0,433
rb1805,20171129,20171128,210141000,3879.0,83944,2584938,3258410780.0,3880.0,235,3879.0,490
rb1805,20171129,20171128,210141500,3879.0,84026,2584998,3261592180.0,3880.0,261,3879.0,482
rb1805,20171129,20171128,210142000,3879.0,84278,2585018,3271369640.0,3880.0,144,3879.0,557
rb1805,20171129,20171128,210142500,3880.0,84322,2585018,3273076660.0,3880.0,144,3879.0,553
rb1805,20171129,20171128,210143000,3879.0,84350,2585034,3274162840.0,3880.0,153,3879.0,555
rb1805,20171129,20171128,210143500,3880.0,84400,2585072,3276102440.0,3880.0,156,3879.0,539
rb1805,20171129,20171128,210144000,3880.0,84438,2585074,3277576700.0,3880.0,162,3879.0,545
rb1805,20171129,20171128,210144500,3880.0,84770,2585132,3290458240.0,3881.0,565,3880.0,2
rb1805,20171129,20171128,210145000,3880.0,84784,2585136,3291001460.0,3881.0,580,3880.0,15
rb1805,20171129,20171128,210145500,3880.0,84940,2585196,3297054280.0,3881.0,579,3880.0,39
rb1805,20171129,20171128,210146000,3880.0,85010,2585228,3299770680.0,3881.0,560,3880.0,86
rb1805,20171129,20171128,210146500,3880.0,85076,2585256,3302331680.0,3881.0,551,3880.0,154
rb1805,20171129,20171128,210147000,3881.0,85222,2585384,3307997600.0,3881.0,495,3880.0,192
rb1805,20171129,20171128,210147500,3881.0,85406,2585504,3315138020.0,3881.0,442,3880.0,175
rb1805,20171129,20171128,210148000,3880.0,85466,2585552,3317466260.0,3881.0,440,3880.0,179
rb1805,20171129,20171128,210148500,3881.0,85726,2585768,3327554760.0,3881.0,418,3880.0,53
rb1805,20171129,20171128,210149000,3881.0,85764,2585786,3329029500.0,3881.0,403,3880.0,36
rb1805,20171129,20171128,210149500,3880.0,85866,2585756,3332987820.0,3881.0,370,3880.0,17
rb1805,20171129,20171128,210150000,3881.0,85930,2585784,3335471200.0,3881.0,374,3880.0,4
rb1805,20171129,20171128,210150500,3880.0,86164,2585878,3344552580.0,3881.0,315,3880.0,4
rb1805,20171129,20171128,210151000,3880.0,86230,2585898,3347113360.0,3880.0,11,3879.0,554
rb1805,20171129,20171128,210151500,3881.0,86320,2585856,3350605800.0,3880.0,4,3879.0,554
rb1805,20171129,20171128,210152000,3880.0,86384,2585890,3353089100.0,3880.0,2,3879.0,553
rb1805,20171129,20171128,210152500,3880.0,86400,2585884,3353709940.0,3880.0,7,3879.0,557
rb1805,20171129,20171128,210153000,3880.0,86414,2585890,3354253140.0,3880.0,22,3879.0,556
rb1805,20171129,20171128,210153500,3880.0,86470,2585922,3356425800.0,3880.0,12,3879.0,550
rb1805,20171129,20171128,210154000,3879.0,86686,2585920,3364804560.0,3880.0,28,3879.0,451
rb1805,20171129,20171128,210154500,3880.0,86736,2585928,3366744560.0,3880.0,57,3879.0,459
rb1805,20171129,20171128,210155000,3880.0,86750,2585930,3367287720.0,3880.0,57,3879.0,458
rb1805,20171129,20171128,210155500,3879.0,86984,2585948,3376366800.0,3880.0,58,3879.0,454
rb1805,20171129,20171128,210156000,3879.0,87018,2585970,3377685760.0,3880.0,75,3879.0,442
rb1805,20171129,20171128,210156500,3879.0,87060,2585968,3379315220.0,3880.0,75,3879.0,486
rb1805,20171129,20171128,210157000,3880.0,87290,2586096,3388238680.0,3880.0,6,3879.0,475
rb1805,20171129,20171128,210157500,3879.0,87304,2586108,3388781780.0,3880.0,64,3879.0,469
rb1805,20171129,20171128,210158000,3880.0,87358,2586120,3390876880.0,3880.0,57,3879.0,468
rb1805,20171129,20171128,210158500,3880.0,87612,2586162,3400730320.0,3880.0,121,3879.0,381
rb1805,20171129,20171128,210159000,3879.0,87660,2586192,3402592380.0,3880.0,181,3879.0,364
rb1805,20171129,20171128,210159500,3879.0,87788,2586104,3407558540.0,3880.0,164,3879.0,352
rb1805,20171129,20171128,210200000,3879.0,87866,2586158,3410584300.0,3880.0,174,3879.0,320
rb1805,20171129,20171128,210200500,3880.0,88400,2586170,3431302280.0,3880.0,9,3879.0,265
rb1805,20171129,20171128,210201000,3880.0,88432,2586174,3432543840.0,3880.0,5,3879.0,263
rb1805,20171129,20171128,210201500,3879.0,88494,2586180,3434949320.0,3881.0,340,3879.0,257
rb1805,20171129,20171128,210202000,3880.0,88552,2586196,3437199720.0,3881.0,343,3880.0,1
rb1805,20171129,20171128,210202500,3880.0,88584,2586194,3438441300.0,3880.0,98,3879.0,258
rb1805,20171129,20171128,210203000,3880.0,88858,2585982,3449072400.0,3881.0,350,3880.0,40
rb1805,20171129,20171128,210203500,3880.0,88886,2585978,3450158800.0,3881.0,356,3880.0,36
rb1805,20171129,20171128,210204000,3880.0,88948,2585946,3452564520.0,3881.0,432,3880.0,16
rb1805,20171129,20171128,210204500,3880.0,89022,2585938,3455435700.0,3880.0,10,3879.0,275
rb1805,20171129,20171128,210205000,3879.0,89042,2585948,3456211680.0,3880.0,71,3879.0,275
rb1805,20171129,20171128,210205500,3879.0,89088,2585950,3457996140.0,3880.0,281,3879.0,259
rb1805,20171129,20171128,210206000,3880.0,89118,2585946,3459160100.0,3880.0,301,3879.0,257
rb1805,20171129,20171128,210206500,3879.0,89240,2585854,3463893660.0,3880.0,300,3879.0,236
rb1805,20171129,20171128,210207000,3879.0,89274,2585880,3465212620.0,3880.0,308,3879.0,224
rb1805,20171129,20171128,210207500,3879.0,89290,2585888,3465833360.0,3880.0,304,3879.0,221
rb1805,20171129,20171128,210208000,3880.0,89538,2585870,3475455740.0,3880.0,184,3879.0,235
rb1805,20171129,20171128,210208500,3880.0,89588,2585876,3477395660.0,3880.0,176,3879.0,241
rb1805,20171129,20171128,210209000,3880.0,89624,2585874,3478792280.0,3880.0,172,3879.0,232
rb1805,20171129,20171128,210209500,3879.0,89732,2585852,3482982160.0,3880.0,162,3879.0,210
rb1805,20171129,20171128,210210000,3879.0,89758,2585858,3483990820.0,3880.0,166,3879.0,202
rb1805,20171129,20171128,210210500,3879.0,89884,2585934,3488878360.0,3880.0,181,3879.0,140
rb1805,20171129,20171128,210211000,3879.0,89916,2585942,3490119900.0,3880.0,241,3879.0,150
rb1805,20171129,20171128,210211500,3879.0,90132,2585992,3498500660.0,3880.0,170,3879.0,153
rb1805,20171129,20171128,210212000,3880.0,90410,2585964,3509284360.0,3880.0,171,3879.0,13
rb1805,20171129,20171128,210212500,3879.0,90470,2585936,3511611760.0,3879.0,40,3878.0,748
rb1805,20171129,20171128,210213000,3878.0,90572,2585946,3515568240.0,3879.0,87,3878.0,744
rb1805,20171129,20171128,210213500,3879.0,90590,2585944,3516266460.0,3879.0,94,3878.0,741
rb1805,20171129,20171128,210214000,3879.0,90606,2585940,3516887060.0,3879.0,93,3878.0,737
rb1805,20171129,20171128,210214500,3878.0,90618,2585938,3517352480.0,3879.0,92,3878.0,733
rb1805,20171129,20171128,210215000,3879.0,90878,2585904,3527437860.0,3880.0,194,3879.0,26
rb1805,20171129,20171128,210215500,3879.0,91090,2585858,3535663340.0,3880.0,108,3879.0,42
rb1805,20171129,20171128,210216000,3879.0,91248,2585822,3541792100.0,3880.0,122,3879.0,3
rb1805,20171129,20171128,210216500,3879.0,91372,2585864,3546602300.0,3880.0,109,3879.0,147
rb1805,20171129,20171128,210217000,3879.0,91510,2586000,3551955320.0,3880.0,108,3879.0,88
rb1805,20171129,20171128,210217500,3880.0,91580,2586036,3554670920.0,3880.0,97,3879.0,185
rb1805,20171129,20171128,210218000,3879.0,91874,2586176,3566075260.0,3880.0,113,3879.0,43
rb1805,20171129,20171128,210218500,3879.0,91898,2586170,3567006260.0,3880.0,125,3879.0,41
rb1805,20171129,20171128,210219000,3879.0,91936,2586194,3568480300.0,3880.0,132,3879.0,24
rb1805,20171129,20171128,210219500,3879.0,92108,2586182,3575152160.0,3879.0,172,3878.0,708
rb1805,20171129,20171128,210220000,3878.0,92130,2586180,3576005520.0,3879.0,191,3878.0,709
rb1805,20171129,20171128,210220500,3879.0,92138,2586172,3576315840.0,3879.0,201,3878.0,709
rb1805,20171129,20171128,210221000,3879.0,92148,2586170,3576703740.0,3879.0,218,3878.0,712
rb1805,20171129,20171128,210221500,3879.0,92198,2586178,3578643140.0,3879.0,202,3878.0,708
rb1805,20171129,20171128,210222000,3879.0,92262,2586156,3581125660.0,3879.0,173,3878.0,716
rb1805,20171129,20171128,210222500,3879.0,92266,2586156,3581280800.0,3879.0,174,3878.0,721
rb1805,20171129,20171128,210223000,3878.0,92272,2586156,3581513480.0,3879.0,202,3878.0,722
rb1805,20171129,20171128,210223500,3878.0,92312,2586166,3583064740.0,3879.0,211,3878.0,705
rb1805,20171129,20171128,210224000,3878.0,92332,2586160,3583840440.0,3879.0,206,3878.0,701
rb1805,20171129,20171128,210224500,3879.0,92532,2586132,3591597280.0,3879.0,165,3878.0,645
rb1805,20171129,20171128,210225000,3879.0,92592,2586110,3593924580.0,3879.0,142,3878.0,643
rb1805,20171129,20171128,210225500,3879.0,92628,2586120,3595320680.0,3879.0,142,3878.0,627
rb1805,20171129,20171128,210226000,3879.0,92666,2586122,3596794400.0,3879.0,139,3878.0,611
rb1805,20171129,20171128,210226500,3879.0,92680,2586120,3597337420.0,3879.0,135,3878.0,613
rb1805,20171129,20171128,210227000,3878.0,92824,2586128,3602922140.0,3879.0,116,3878.0,570
rb1805,20171129,20171128,210227500,3878.0,92884,2586178,3605249460.0,3879.0,92,3878.0,578
rb1805,20171129,20171128,210228000,3878.0,92930,2586208,3607033440.0,3879.0,90,3878.0,561
rb1805,20171129,20171128,210228500,3878.0,92938,2586212,3607343680.0,3879.0,96,3878.0,558
rb1805,20171129,20171128,210229000,3879.0,93112,2586274,3614092860.0,3879.0,67,3878.0,583
rb1805,20171129,20171128,210229500,3879.0,93194,2586266,3617273580.0,3879.0,31,3878.0,581
rb1805,20171129,20171128,210230000,3879.0,93276,2586252,3620454200.0,3880.0,315,3879.0,4
rb1805,20171129,20171128,210230500,3879.0,93304,2586270,3621540320.0,3880.0,315,3879.0,68
rb1805,20171129,20171128,210231000,3879.0,93338,2586298,3622859400.0,3880.0,314,3879.0,384
rb1805,20171129,20171128,210231500,3880.0,93940,2586092,3646216880.0,3881.0,394,3880.0,3
rb1805,20171129,20171128,210232000,3879.0,93996,2586106,3648389640.0,3880.0,1,3879.0,387
rb1805,20171129,20171128,210232500,3880.0,94020,2586124,3649320740.0,3881.0,394,3880.0,19
rb1805,20171129,20171128,210233000,3880.0,94086,2586142,3651881680.0,3881.0,398,3880.0,31
rb1805,20171129,20171128,210233500,3880.0,94168,2586166,3655063680.0,3881.0,389,3880.0,83
rb1805,20171129,20171128,210234000,3880.0,94174,2586168,3655296480.0,3881.0,379,3880.0,171
rb1805,20171129,20171128,210234500,3880.0,94234,2586160,3657624560.0,3881.0,375,3880.0,175
rb1805,20171129,20171128,210235000,3880.0,94276,2586142,3659254160.0,3881.0,375,3880.0,188
rb1805,20171129,20171128,210235500,3881.0,94298,2586144,3660107860.0,3881.0,373,3880.0,264
rb1805,20171129,20171128,210236000,3880.0,94422,2586186,3664920100.0,3881.0,335,3880.0,290
rb1805,20171129,20171128,210236500,3880.0,94606,2586218,3672059960.0,3881.0,317,3880.0,299
rb1805,20171129,20171128,210237000,3880.0,94802,2586268,3679666520.0,3881.0,236,3880.0,289
rb1805,20171129,20171128,210237500,3880.0,94986,2586302,3686807020.0,3881.0,171,3880.0,263
rb1805,20171129,20171128,210238000,3880.0,96300,2587304,3737794020.0,3880.0,1757,3879.0,524
rb1805,20171129,20171128,210238500,3880.0,96538,2587350,3747026760.0,3880.0,1736,3879.0,441
rb1805,20171129,20171128,210239000,3880.0,96584,2587386,3748811540.0,3880.0,1743,3879.0,434
rb1805,20171129,20171128,210239500,3880.0,96632,2587430,3750673920.0,3880.0,1726,3879.0,209
rb1805,20171129,20171128,210240000,3880.0,96654,2587442,3751527520.0,3880.0,1720,3879.0,212
rb1805,20171129,20171128,210240500,3880.0,96750,2587466,3755251720.0,3880.0,1710,3879.0,186
rb1805,20171129,20171128,210241000,3879.0,96780,2587454,3756415500.0,3880.0,1711,3879.0,213
rb1805,20171129,20171128,210241500,3880.0,96788,2587458,3756725880.0,3880.0,1712,3879.0,213
rb1805,20171129,20171128,210242000,3880.0,97226,2587200,3773716260.0,3880.0,1694,3879.0,31
rb1805,20171129,20171128,210242500,3879.0,97376,2587262,3779534760.0,3879.0,44,3878.0,627
rb1805,20171129,20171128,210243000,3879.0,97496,2587212,3784189560.0,3880.0,1711,3879.0,155
rb1805,20171129,20171128,210243500,3879.0,97550,2587188,3786284300.0,3880.0,1715,3879.0,138
rb1805,20171129,20171128,210244000,3879.0,97558,2587188,3786594640.0,3880.0,1716,3879.0,136
rb1805,20171129,20171128,210244500,3880.0,97568,2587188,3786982580.0,3880.0,1714,3879.0,133
rb1805,20171129,20171128,210245000,3880.0,97694,2587070,3791870140.0,3880.0,1715,3879.0,146
rb1805,20171129,20171128,210245500,3879.0,97906,2587036,3800093640.0,3880.0,1716,3879.0,47
rb1805,20171129,20171128,210246000,3880.0,97958,2587000,3802110760.0,3880.0,1716,3879.0,27
rb1805,20171129,20171128,210246500,3879.0,98072,2586970,3806532900.0,3879.0,91,3878.0,651
rb1805,20171129,20171128,210247000,3879.0,98184,2586968,3810877380.0,3879.0,77,3878.0,661
rb1805,20171129,20171128,210247500,3879.0,98238,2586962,3812972040.0,3879.0,263,3878.0,662
rb1805,20171129,20171128,210248000,3878.0,98286,2586966,3814833840.0,3879.0,274,3878.0,656
rb1805,20171129,20171128,210248500,3878.0,98302,2586974,3815454380.0,3879.0,283,3878.0,667
rb1805,20171129,20171128,210249000,3879.0,98326,2586974,3816385140.0,3879.0,285,3878.0,665
rb1805,20171129,20171128,210249500,3878.0,98342,2586982,3817005700.0,3879.0,294,3878.0,661
rb1805,20171129,20171128,210250000,3878.0,98382,2586990,3818557040.0,3879.0,287,3878.0,662
rb1805,20171129,20171128,210250500,3878.0,98392,2586990,3818944900.0,3879.0,306,3878.0,662
rb1805,20171129,20171128,210251000,3879.0,98412,2587004,3819720580.0,3879.0,306,3878.0,659
rb1805,20171129,20171128,210251500,3878.0,98432,2587012,3820496220.0,3879.0,360,3878.0,652
rb1805,20171129,20171128,210252000,3879.0,98496,2587058,3822978760.0,3879.0,339,3878.0,651
rb1805,20171129,20171128,210252500,3878.0,98514,2587070,3823676840.0,3879.0,340,3878.0,647
rb1805,20171129,20171128,210253000,3879.0,98522,2587072,3823987140.0,3879.0,339,3878.0,646
rb1805,20171129,20171128,210253500,3879.0,98582,2587112,3826314080.0,3879.0,336,3878.0,637
rb1805,20171129,20171128,210254000,3879.0,98596,2587112,3826857120.0,3879.0,334,3878.0,638
rb1805,20171129,20171128,210254500,3878.0,98708,2587016,3831201560.0,3879.0,282,3878.0,646
rb1805,20171129,20171128,210255000,3879.0,99318,2587058,3854858440.0,3879.0,210,3878.0,396
rb1805,20171129,20171128,210255500,3878.0,99568,2587070,3864553860.0,3879.0,189,3878.0,295
rb1805,20171129,20171128,210256000,3879.0,100176,2587006,3888132280.0,3878.0,5,3877.0,164
rb1805,20171129,20171128,210256500,3878.0,100212,2587032,3889528360.0,3878.0,314,3877.0,170
rb1805,20171129,20171128,210257000,3878.0,100240,2587048,3890614080.0,3878.0,323,3877.0,165
rb1805,20171129,20171128,210257500,3878.0,100314,2587054,3893483380.0,3878.0,86,3877.0,193
rb1805,20171129,20171128,210258000,3877.0,100506,2587178,3900928820.0,3878.0,47,3877.0,179
rb1805,20171129,20171128,210258500,3877.0,100636,2587222,3905969920.0,3878.0,23,3877.0,182
rb1805,20171129,20171128,210259000,3878.0,100656,2587222,3906745480.0,3878.0,37,3877.0,182
rb1805,20171129,20171128,210259500,3878.0,100670,2587218,3907288320.0,3878.0,41,3877.0,182
rb1805,20171129,20171128,210300000,3878.0,100678,2587214,3907598500.0,3878.0,76,3877.0,190
rb1805,20171129,20171128,210300500,3877.0,100782,2587182,3911631260.0,3878.0,44,3877.0,176
rb1805,20171129,20171128,210301000,3878.0,101052,2587244,3922099720.0,3878.0,37,3877.0,81
rb1805,20171129,20171128,210301500,3878.0,101096,2587228,3923805920.0,3878.0,126,3877.0,80
rb1805,20171129,20171128,210302000,3877.0,101124,2587218,3924891560.0,3878.0,150,3877.0,83
rb1805,20171129,20171128,210302500,3877.0,101150,2587200,3925899620.0,3878.0,171,3877.0,274
rb1805,20171129,20171128,210303000,3877.0,101168,2587200,3926597500.0,3878.0,168,3877.0,268
rb1805,20171129,20171128,210303500,3878.0,101228,2587208,3928924100.0,3878.0,147,3877.0,294
rb1805,20171129,20171128,210304000,3877.0,101282,2587206,3931017820.0,3878.0,145,3877.0,296
rb1805,20171129,20171128,210304500,3877.0,101310,2587212,3932103500.0,3878.0,161,3877.0,290
rb1805,20171129,20171128,210305000,3877.0,101318,2587208,3932413660.0,3878.0,165,3877.0,304
rb1805,20171129,20171128,210305500,3878.0,101552,2587238,3941487880.0,3878.0,67,3877.0,325
rb1805,20171129,20171128,210306000,3877.0,101770,2587218,3949941020.0,3878.0,8,3877.0,298
rb1805,20171129,20171128,210306500,3877.0,101804,2587222,3951259440.0,3878.0,18,3877.0,302
rb1805,20171129,20171128,210307000,3878.0,101904,2587242,3955137060.0,3879.0,178,3878.0,56
rb1805,20171129,20171128,210307500,3878.0,101968,2587264,3957619080.0,3879.0,195,3878.0,39
rb1805,20171129,20171128,210308000,3878.0,102056,2587270,3961031660.0,3878.0,54,3877.0,287
rb1805,20171129,20171128,210308500,3878.0,102136,2587282,3964133820.0,3878.0,33,3877.0,320
rb1805,20171129,20171128,210309000,3877.0,102172,2587286,3965529860.0,3878.0,17,3877.0,373
rb1805,20171129,20171128,210309500,3878.0,102212,2587304,3967081060.0,3879.0,498,3878.0,285
rb1805,20171129,20171128,210310000,3878.0,102228,2587308,3967701580.0,3879.0,496,3878.0,287
rb1805,20171129,20171128,210310500,3878.0,102258,2587334,3968865000.0,3879.0,495,3878.0,337
rb1805,20171129,20171128,210311000,3879.0,102302,2587354,3970571340.0,3879.0,188,3878.0,319
rb1805,20171129,20171128,210311500,3878.0,102384,2587412,3973751300.0,3879.0,188,3878.0,301
rb1805,20171129,20171128,210312000,3878.0,102488,2587456,3977784500.0,3879.0,209,3878.0,250
rb1805,20171129,20171128,210312500,3878.0,102584,2587490,3981507620.0,3879.0,199,3878.0,215
rb1805,20171129,20171128,210313000,3878.0,102646,2587524,3983912180.0,3879.0,189,3878.0,194
rb1805,20171129,20171128,210313500,3879.0,102668,2587544,3984765440.0,3879.0,185,3878.0,189
rb1805,20171129,20171128,210314000,3879.0,102740,2587576,3987557700.0,3879.0,194,3878.0,161
rb1805,20171129,20171128,210314500,3878.0,102760,2587596,3988333340.0,3879.0,195,3878.0,159
rb1805,20171129,20171128,210315000,3878.0,103092,2587452,4001208340.0,3878.0,38,3877.0,419
rb1805,20171129,20171128,210315500,3879.0,103378,2587586,4012300660.0,3879.0,270,3877.0,421
rb1805,20171129,20171128,210316000,3879.0,103392,2587594,4012843600.0,3879.0,339,3878.0,8
rb1805,20171129,20171128,210316500,3878.0,103432,2587562,4014394800.0,3878.0,461,3877.0,416
rb1805,20171129,20171128,210317000,3878.0,104266,2588030,4046729020.0,3878.0,480,3877.0,170
rb1805,20171129,20171128,210317500,3877.0,104628,2588184,4060763760.0,3877.0,1141,3876.0,226
rb1805,20171129,20171128,210318000,3876.0,105112,2588424,4079523920.0,3876.0,117,3875.0,617
rb1805,20171129,20171128,210318500,3876.0,105140,2588430,4080609160.0,3876.0,163,3875.0,615
rb1805,20171129,20171128,210319000,3875.0,105512,2588400,4095024700.0,3876.0,157,3875.0,467
rb1805,20171129,20171128,210319500,3876.0,105652,2588422,4100449960.0,3876.0,145,3875.0,425
rb1805,20171129,20171128,210320000,3875.0,105704,2588452,4102465060.0,3876.0,142,3875.0,406
rb1805,20171129,20171128,210320500,3875.0,105856,2588562,4108356520.0,3876.0,83,3875.0,405
rb1805,20171129,20171128,210321000,3876.0,106052,2588510,4115952260.0,3876.0,48,3875.0,402
rb1805,20171129,20171128,210321500,3876.0,106226,2588530,4122696480.0,3877.0,804,3876.0,131
rb1805,20171129,20171128,210322000,3876.0,106448,2588598,4131301700.0,3877.0,824,3876.0,60
rb1805,20171129,20171128,210322500,3876.0,106488,2588632,4132852120.0,3877.0,823,3876.0,57
rb1805,20171129,20171128,210323000,3877.0,106550,2588636,4135255360.0,3877.0,817,3876.0,57
rb1805,20171129,20171128,210323500,3876.0,106618,2588644,4137891080.0,3877.0,1114,3876.0,25
rb1805,20171129,20171128,210324000,3875.0,106736,2588556,4142464720.0,3876.0,9,3875.0,479
rb1805,20171129,20171128,210324500,3876.0,106818,2588604,4145642500.0,3876.0,23,3875.0,453
rb1805,20171129,20171128,210325000,3875.0,106846,2588614,4146727540.0,3876.0,70,3875.0,648
rb1805,20171129,20171128,210325500,3875.0,106904,2588604,4148975080.0,3876.0,243,3875.0,631
rb1805,20171129,20171128,210326000,3875.0,106906,2588604,4149052580.0,3876.0,252,3875.0,638
rb1805,20171129,20171128,210326500,3875.0,107000,2588598,4152695280.0,3876.0,316,3875.0,601
rb1805,20171129,20171128,210327000,3876.0,107118,2588562,4157268820.0,3876.0,300,3875.0,604
rb1805,20171129,20171128,210327500,3876.0,107282,2588524,4163625020.0,3876.0,242,3875.0,586
rb1805,20171129,20171128,210328000,3875.0,107300,2588530,4164322560.0,3876.0,256,3875.0,584
rb1805,20171129,20171128,210328500,3875.0,107404,2588480,4168353060.0,3876.0,187,3875.0,559
rb1805,20171129,20171128,210329000,3876.0,107528,2588374,4173159060.0,3876.0,138,3875.0,559
rb1805,20171129,20171128,210329500,3876.0,107556,2588366,4174244260.0,3876.0,138,3875.0,559
rb1805,20171129,20171128,210330000,3876.0,107668,2588276,4178585320.0,3876.0,89,3875.0,556
rb1805,20171129,20171128,210330500,3876.0,107866,2588412,4186259780.0,3877.0,837,3876.0,25
rb1805,20171129,20171128,210331000,3875.0,107928,2588428,4188662820.0,3876.0,26,3875.0,577
rb1805,20171129,20171128,210331500,3876.0,107994,2588448,4191220820.0,3876.0,9,3875.0,570
rb1805,20171129,20171128,210332000,3876.0,108030,2588450,4192616020.0,3877.0,835,3876.0,80
rb1805,20171129,20171128,210332500,3876.0,108142,2588450,4196957160.0,3877.0,350,3876.0,32
rb1805,20171129,20171128,210333000,3877.0,108160,2588448,4197654980.0,3877.0,347,3876.0,61
rb1805,20171129,20171128,210333500,3877.0,108262,2588424,4201609140.0,3877.0,317,3876.0,216
rb1805,20171129,20171128,210334000,3876.0,108886,2587930,4225801400.0,3877.0,16,3876.0,219
rb1805,20171129,20171128,210334500,3877.0,108968,2587922,4228980500.0,3878.0,120,3877.0,77
rb1805,20171129,20171128,210335000,3877.0,108998,2587918,4230143600.0,3878.0,127,3877.0,12
rb1805,20171129,20171128,210335500,3877.0,109018,2587924,4230919000.0,3878.0,133,3877.0,21
rb1805,20171129,20171128,210336000,3877.0,109070,2587968,4232935040.0,3877.0,201,3876.0,842
rb1805,20171129,20171128,210336500,3877.0,109206,2588096,4238207740.0,3877.0,169,3876.0,848
rb1805,20171129,20171128,210337000,3876.0,109214,2588100,4238517820.0,3877.0,171,3876.0,845
rb1805,20171129,20171128,210337500,3876.0,109226,2588108,4238982980.0,3877.0,175,3876.0,843
rb1805,20171129,20171128,210338000,3876.0,109258,2588138,4240223400.0,3877.0,172,3876.0,834
rb1805,20171129,20171128,210338500,3876.0,109302,2588154,4241928900.0,3877.0,171,3876.0,816
rb1805,20171129,20171128,210339000,3877.0,109306,2588156,4242083960.0,3877.0,174,3876.0,781
rb1805,20171129,20171128,210339500,3876.0,109342,2588190,4243479340.0,3877.0,177,3876.0,765
rb1805,20171129,20171128,210340000,3876.0,109392,2588202,4245417400.0,3877.0,175,3876.0,752
rb1805,20171129,20171128,210340500,3877.0,109582,2588354,4252782080.0,3877.0,166,3876.0,697
rb1805,20171129,20171128,210341000,3876.0,109602,2588364,4253557400.0,3877.0,192,3876.0,697
rb1805,20171129,20171128,210341500,3877.0,109608,2588368,4253790020.0,3877.0,199,3876.0,258
rb1805,20171129,20171128,210342000,3877.0,109672,2588428,4256271160.0,3877.0,185,3876.0,253
rb1805,20171129,20171128,210342500,3877.0,109722,2588432,4258209600.0,3877.0,166,3876.0,253
rb1805,20171129,20171128,210343000,3877.0,109744,2588440,4259062380.0,3877.0,148,3876.0,250
rb1805,20171129,20171128,210343500,3876.0,109766,2588458,4259915120.0,3877.0,152,3876.0,245
rb1805,20171129,20171128,210344000,3876.0,109810,2588482,4261620980.0,3877.0,132,3876.0,246
rb1805,20171129,20171128,210344500,3876.0,109860,2588490,4263559400.0,3877.0,163,3876.0,242
rb1805,20171129,20171128,210345000,3877.0,109904,2588474,4265265160.0,3877.0,148,3876.0,248
rb1805,20171129,20171128,210345500,3876.0,110040,2588430,4270537520.0,3877.0,98,3876.0,276
rb1805,20171129,20171128,210346000,3877.0,110082,2588416,4272165700.0,3877.0,111,3876.0,269
rb1805,20171129,20171128,210346500,3876.0,110108,2588436,4273173480.0,3877.0,113,3876.0,263
rb1805,20171129,20171128,210347000,3877.0,110148,2588472,4274724060.0,3877.0,152,3876.0,254
rb1805,20171129,20171128,210347500,3876.0,110164,2588482,4275344240.0,3877.0,174,3876.0,248
rb1805,20171129,20171128,210348000,3876.0,110188,2588502,4276274540.0,3877.0,174,3876.0,246
rb1805,20171129,20171128,210348500,3876.0,110334,2588626,4281933660.0,3877.0,163,3876.0,185
rb1805,20171129,20171128,210349000,3876.0,110718,2588864,4296817500.0,3876.0,12,3875.0,672
rb1805,20171129,20171128,210349500,3876.0,110766,2588868,4298678000.0,3877.0,173,3876.0,10
rb1805,20171129,20171128,210350000,3876.0,110822,2588844,4300848700.0,3877.0,198,3876.0,2
rb1805,20171129,20171128,210350500,3876.0,110864,2588836,4302476620.0,3876.0,3,3875.0,668
rb1805,20171129,20171128,210351000,3875.0,110914,2588802,4304414400.0,3876.0,46,3875.0,661
rb1805,20171129,20171128,210351500,3876.0,110946,2588780,4305654500.0,3876.0,92,3875.0,653
rb1805,20171129,20171128,210352000,3876.0,110972,2588764,4306662260.0,3876.0,106,3875.0,686
rb1805,20171129,20171128,210352500,3876.0,111034,2588748,4309065280.0,3876.0,89,3875.0,681
rb1805,20171129,20171128,210353000,3875.0,111088,2588776,4311158200.0,3876.0,243,3875.0,678
rb1805,20171129,20171128,210353500,3875.0,111090,2588774,4311235700.0,3876.0,243,3875.0,660
rb1805,20171129,20171128,210354000,3876.0,111258,2588792,4317746820.0,3876.0,214,3875.0,632
rb1805,20171129,20171128,210354500,3875.0,111676,2589040,4333944420.0,3876.0,230,3875.0,439
rb1805,20171129,20171128,210355000,3875.0,111682,2589042,4334176940.0,3876.0,230,3875.0,461
rb1805,20171129,20171128,210355500,3875.0,111732,2589060,4336114520.0,3876.0,271,3875.0,439
rb1805,20171129,20171128,210356000,3876.0,111814,2589118,4339292260.0,3876.0,261,3875.0,448
rb1805,20171129,20171128,210356500,3876.0,111838,2589138,4340222320.0,3876.0,261,3875.0,452
rb1805,20171129,20171128,210357000,3876.0,111898,2589164,4342547480.0,3876.0,213,3875.0,424
rb1805,20171129,20171128,210357500,3875.0,111934,2589190,4343942700.0,3876.0,202,3875.0,418
rb1805,20171129,20171128,210358000,3876.0,112254,2589106,4356342740.0,3876.0,257,3875.0,269
rb1805,20171129,20171128,210358500,3875.0,112306,2589128,4358357780.0,3876.0,264,3875.0,249
rb1805,20171129,20171128,210359000,3875.0,112418,2589234,4362698820.0,3876.0,216,3875.0,289
rb1805,20171129,20171128,210359500,3876.0,112526,2589240,4366884380.0,3876.0,201,3875.0,268
rb1805,20171129,20171128,210400000,3875.0,112578,2589252,4368899420.0,3876.0,206,3875.0,264
rb1805,20171129,20171128,210400500,3876.0,112728,2589272,4374711960.0,3876.0,206,3875.0,216
rb1805,20171129,20171128,210401000,3875.0,112814,2589312,4378044480.0,3876.0,205,3875.0,194
rb1805,20171129,20171128,210401500,3875.0,112872,2589336,4380292220.0,3876.0,198,3875.0,187
rb1805,20171129,20171128,210402000,3875.0,112906,2589344,4381610020.0,3876.0,156,3875.0,186
rb1805,20171129,20171128,210402500,3876.0,112928,2589358,4382462560.0,3876.0,153,3875.0,189
rb1805,20171129,20171128,210403000,3876.0,113050,2589408,4387190880.0,3876.0,141,3875.0,169
rb1805,20171129,20171128,210403500,3875.0,113090,2589396,4388741200.0,3876.0,142,3875.0,201
rb1805,20171129,20171128,210404000,3875.0,113118,2589392,4389826280.0,3876.0,175,3875.0,194
rb1805,20171129,20171128,210404500,3876.0,113136,2589406,4390523920.0,3876.0,173,3875.0,218
rb1805,20171129,20171128,210405000,3876.0,113156,2589408,4391299000.0,3876.0,183,3875.0,254
rb1805,20171129,20171128,210405500,3875.0,113202,2589434,4393081800.0,3876.0,171,3875.0,282
rb1805,20171129,20171128,210406000,3876.0,113364,2589428,4399360800.0,3876.0,89,3875.0,284
rb1805,20171129,20171128,210406500,3876.0,113622,2589434,4409360860.0,3876.0,2,3875.0,294
rb1805,20171129,20171128,210407000,3876.0,113704,2589454,4412539200.0,3877.0,216,3876.0,136
rb1805,20171129,20171128,210407500,3876.0,113828,2589476,4417345440.0,3877.0,224,3876.0,94
rb1805,20171129,20171128,210408000,3876.0,113844,2589486,4417965600.0,3877.0,225,3876.0,70
rb1805,20171129,20171128,210408500,3876.0,113886,2589508,4419593720.0,3877.0,215,3876.0,133
rb1805,20171129,20171128,210409000,3876.0,114174,2589684,4430756600.0,3876.0,55,3875.0,344
rb1805,20171129,20171128,210409500,3876.0,114212,2589668,4432229460.0,3876.0,48,3875.0,385
rb1805,20171129,20171128,210410000,3877.0,114314,2589682,4436183000.0,3877.0,216,3876.0,10
rb1805,20171129,20171128,210410500,3876.0,114326,2589676,4436648120.0,3877.0,221,3876.0,25
rb1805,20171129,20171128,210411000,3876.0,114336,2589672,4437035760.0,3877.0,214,3876.0,25
rb1805,20171129,20171128,210411500,3877.0,114342,2589672,4437268340.0,3877.0,213,3876.0,109
rb1805,20171129,20171128,210412000,3876.0,114374,2589700,4438508680.0,3877.0,249,3876.0,249
rb1805,20171129,20171128,210412500,3876.0,114498,2589808,4443314980.0,3877.0,235,3876.0,202
rb1805,20171129,20171128,210413000,3876.0,114540,2589818,4444943000.0,3877.0,232,3876.0,187
rb1805,20171129,20171128,210413500,3876.0,114566,2589828,4445950860.0,3877.0,227,3876.0,190
rb1805,20171129,20171128,210414000,3877.0,114612,2589836,4447733900.0,3877.0,324,3876.0,185
rb1805,20171129,20171128,210414500,3877.0,114646,2589846,4449051960.0,3877.0,315,3876.0,181
rb1805,20171129,20171128,210415000,3876.0,114662,2589842,4449672200.0,3877.0,311,3876.0,179
rb1805,20171129,20171128,210415500,3877.0,114674,2589840,4450137400.0,3877.0,307,3876.0,181
rb1805,20171129,20171128,210416000,3877.0,114712,2589842,4451610600.0,3877.0,292,3876.0,180
rb1805,20171129,20171128,210416500,3877.0,114766,2589866,4453703740.0,3877.0,329,3876.0,161
rb1805,20171129,20171128,210417000,3876.0,114822,2589868,4455874380.0,3877.0,326,3876.0,160
rb1805,20171129,20171128,210417500,3877.0,114834,2589870,4456339560.0,3877.0,346,3876.0,164
rb1805,20171129,20171128,210418000,3876.0,115252,2590218,4472541940.0,3876.0,37,3875.0,433
rb1805,20171129,20171128,210418500,3876.0,115270,2590236,4473239620.0,3876.0,48,3875.0,435
rb1805,20171129,20171128,210419000,3876.0,115292,2590240,4474092300.0,3876.0,117,3875.0,434
rb1805,20171129,20171128,210419500,3876.0,115458,2590238,4480526460.0,3876.0,35,3875.0,431
rb1805,20171129,20171128,210420000,3876.0,115508,2590274,4482464440.0,3876.0,22,3875.0,430
rb1805,20171129,20171128,210420500,3875.0,115522,2590276,4483007040.0,3876.0,18,3875.0,434
rb1805,20171129,20171128,210421000,3876.0,115578,2590268,4485177600.0,3877.0,412,3876.0,6
rb1805,20171129,20171128,210421500,3877.0,115700,2590268,4489906520.0,3877.0,404,3876.0,3
rb1805,20171129,20171128,210422000,3876.0,115868,2590172,4496416800.0,3876.0,13,3875.0,384
rb1805,20171129,20171128,210422500,3876.0,115916,2590170,4498276960.0,3876.0,176,3875.0,370
rb1805,20171129,20171128,210423000,3876.0,115974,2590184,4500525020.0,3876.0,204,3875.0,373
rb1805,20171129,20171128,210423500,3875.0,116994,2589560,4540054140.0,3876.0,36,3875.0,80
rb1805,20171129,20171128,210424000,3876.0,117086,2589632,4543619220.0,3876.0,167,3875.0,49
rb1805,20171129,20171128,210424500,3875.0,117332,2589776,4553151940.0,3875.0,8,3874.0,583
rb1805,20171129,20171128,210425000,3875.0,117650,2589752,4565475500.0,3875.0,21,3874.0,577
rb1805,20171129,20171128,210425500,3875.0,117774,2589762,4570280660.0,3876.0,126,3875.0,20
rb1805,20171129,20171128,210426000,3874.0,117824,2589746,4572218140.0,3875.0,339,3874.0,558
rb1805,20171129,20171128,210426500,3875.0,118204,2589586,4586940340.0,3875.0,283,3874.0,422
rb1805,20171129,20171128,210427000,3875.0,118420,2589504,4595308500.0,3875.0,269,3874.0,331
rb1805,20171129,20171128,210427500,3874.0,118484,2589508,4597787940.0,3875.0,266,3874.0,303
rb1805,20171129,20171128,210428000,3875.0,118508,2589508,4598717820.0,3875.0,273,3874.0,301
rb1805,20171129,20171128,210428500,3874.0,118640,2589578,4603831680.0,3875.0,279,3874.0,265
rb1805,20171129,20171128,210429000,3875.0,118674,2589576,4605149020.0,3875.0,270,3874.0,209
rb1805,20171129,20171128,210429500,3875.0,119374,2589682,4632274300.0,3876.0,184,3875.0,169
rb1805,20171129,20171128,210430000,3875.0,119438,2589746,4634754300.0,3876.0,176,3875.0,148
rb1805,20171129,20171128,210430500,3875.0,119514,2589818,4637699300.0,3876.0,177,3875.0,117
rb1805,20171129,20171128,210431000,3875.0,119540,2589844,4638706800.0,3876.0,179,3875.0,117
rb1805,20171129,20171128,210431500,3875.0,119596,2589860,4640877120.0,3876.0,161,3875.0,95
rb1805,20171129,20171128,210432000,3875.0,120004,2590100,4656691140.0,3876.0,91,3875.0,102
rb1805,20171129,20171128,210432500,3875.0,120024,2590114,4657466140.0,3876.0,149,3875.0,102
rb1805,20171129,20171128,210433000,3875.0,120248,2590300,4666146160.0,3875.0,16,3874.0,282
rb1805,20171129,20171128,210433500,3874.0,120282,2590298,4667463600.0,3875.0,6,3874.0,308
rb1805,20171129,20171128,210434000,3875.0,120314,2590272,4668703600.0,3876.0,179,3875.0,52
rb1805,20171129,20171128,210434500,3875.0,120354,2590270,4670253600.0,3876.0,192,3875.0,49
rb1805,20171129,20171128,210435000,3875.0,120498,2590316,4675833600.0,3875.0,46,3874.0,320
rb1805,20171129,20171128,210435500,3875.0,120712,2590418,4684126100.0,3876.0,198,3875.0,100
rb1805,20171129,20171128,210436000,3876.0,121380,2590644,4710015960.0,3877.0,392,3876.0,257
rb1805,20171129,20171128,210436500,3876.0,121450,2590698,4712729260.0,3877.0,389,3876.0,228
rb1805,20171129,20171128,210437000,3876.0,121546,2590720,4716450240.0,3877.0,394,3876.0,181
rb1805,20171129,20171128,210437500,3876.0,121814,2590732,4726837920.0,3877.0,394,3876.0,52
rb1805,20171129,20171128,210438000,3875.0,121920,2590804,4730946460.0,3876.0,248,3875.0,108
rb1805,20171129,20171128,210438500,3875.0,122036,2590792,4735441660.0,3876.0,212,3875.0,71
rb1805,20171129,20171128,210439000,3875.0,122054,2590790,4736139280.0,3876.0,216,3875.0,91
rb1805,20171129,20171128,210439500,3875.0,122256,2590866,4743966780.0,3875.0,29,3874.0,295
rb1805,20171129,20171128,210440000,3875.0,122266,2590870,4744354260.0,3875.0,26,3874.0,315
rb1805,20171129,20171128,210440500,3875.0,122334,2590858,4746989280.0,3876.0,188,3875.0,64
rb1805,20171129,20171128,210441000,3875.0,122350,2590868,4747609400.0,3876.0,186,3875.0,75
rb1805,20171129,20171128,210441500,3875.0,122420,2590856,4750321920.0,3876.0,199,3875.0,78
rb1805,20171129,20171128,210442000,3876.0,122524,2590876,4754352820.0,3876.0,142,3875.0,583
rb1805,20171129,20171128,210442500,3875.0,122670,2590922,4760011480.0,3876.0,155,3875.0,598
rb1805,20171129,20171128,210443000,3875.0,122692,2590928,4760864040.0,3876.0,157,3875.0,644
rb1805,20171129,20171128,210443500,3875.0,122702,2590924,4761251540.0,3876.0,172,3875.0,695
rb1805,20171129,20171128,210444000,3875.0,122988,2590918,4772336340.0,3876.0,59,3875.0,673
rb1805,20171129,20171128,210444500,3876.0,123122,2590918,4777530180.0,3877.0,435,3876.0,201
rb1805,20171129,20171128,210445000,3876.0,123158,2590952,4778925540.0,3877.0,443,3876.0,201
rb1805,20171129,20171128,210445500,3876.0,123162,2590956,4779080600.0,3877.0,421,3876.0,519
rb1805,20171129,20171128,210446000,3877.0,123248,2591030,4782414760.0,3877.0,382,3876.0,816
rb1805,20171129,20171128,210446500,3877.0,123358,2591024,4786679240.0,3877.0,338,3876.0,807
rb1805,20171129,20171128,210447000,3877.0,123522,2591138,4793037040.0,3877.0,287,3876.0,800
rb1805,20171129,20171128,210447500,3876.0,123746,2591258,4801721060.0,3877.0,198,3876.0,779
rb1805,20171129,20171128,210448000,3877.0,123858,2591336,4806063040.0,3877.0,155,3876.0,765
rb1805,20171129,20171128,210448500,3876.0,123886,2591336,4807148360.0,3877.0,153,3876.0,754
rb1805,20171129,20171128,210449000,3877.0,123898,2591338,4807613500.0,3877.0,154,3876.0,757
rb1805,20171129,20171128,210449500,3876.0,123934,2591330,4809008980.0,3877.0,151,3876.0,845
rb1805,20171129,20171128,210450000,3876.0,123946,2591330,4809474200.0,3877.0,172,3876.0,845
rb1805,20171129,20171128,210450500,3877.0,123984,2591334,4810947400.0,3877.0,158,3876.0,843
rb1805,20171129,20171128,210451000,3877.0,124004,2591334,4811722800.0,3877.0,148,3876.0,842
rb1805,20171129,20171128,210451500,3877.0,124162,2591388,4817848440.0,3877.0,70,3876.0,842
rb1805,20171129,20171128,210452000,3877.0,124216,2591382,4819941760.0,3877.0,56,3876.0,829
rb1805,20171129,20171128,210452500,3877.0,124350,2591306,4825136900.0,3877.0,41,3876.0,820
rb1805,20171129,20171128,210453000,3876.0,124372,2591302,4825989720.0,3877.0,205,3876.0,814
rb1805,20171129,20171128,210453500,3876.0,124392,2591290,4826764960.0,3877.0,251,3876.0,807
rb1805,20171129,20171128,210454000,3877.0,124416,2591284,4827695320.0,3877.0,275,3876.0,503
rb1805,20171129,20171128,210454500,3876.0,124474,2591270,4829943440.0,3877.0,281,3876.0,279
rb1805,20171129,20171128,210455000,3876.0,124744,2591398,4840408700.0,3877.0,339,3876.0,147
rb1805,20171129,20171128,210455500,3876.0,125058,2591516,4852579320.0,3876.0,90,3875.0,810
rb1805,20171129,20171128,210456000,3876.0,125066,2591520,4852889380.0,3876.0,155,3875.0,812
rb1805,20171129,20171128,210456500,3876.0,125218,2591596,4858780440.0,3876.0,110,3875.0,790
rb1805,20171129,20171128,210457000,3875.0,125432,2591806,4867073000.0,3876.0,108,3875.0,710
rb1805,20171129,20171128,210457500,3875.0,125638,2592006,4875055620.0,3876.0,116,3875.0,613
rb1805,20171129,20171128,210458000,3876.0,125756,2592050,4879628380.0,3876.0,125,3875.0,579
rb1805,20171129,20171128,210458500,3875.0,125780,2592052,4880558380.0,3876.0,135,3875.0,569
rb1805,20171129,20171128,210459000,3875.0,125816,2592082,4881953600.0,3876.0,129,3875.0,563
rb1805,20171129,20171128,210459500,3876.0,125870,2592136,4884046640.0,3876.0,103,3875.0,595
rb1805,20171129,20171128,210500000,3876.0,125886,2592140,4884666760.0,3876.0,93,3875.0,606
rb1805,20171129,20171128,210500500,3876.0,125942,2592186,4886837200.0,3876.0,73,3875.0,602
rb1805,20171129,20171128,210501000,3876.0,126118,2592298,4893658720.0,3877.0,354,3876.0,2
rb1805,20171129,20171128,210501500,3876.0,126156,2592268,4895131920.0,3877.0,338,3876.0,13
rb1805,20171129,20171128,210502000,3876.0,126178,2592272,4895984660.0,3877.0,428,3876.0,10
rb1805,20171129,20171128,210502500,3876.0,126312,2592280,4901179700.0,3877.0,368,3876.0,38
rb1805,20171129,20171128,210503000,3877.0,126366,2592280,4903273080.0,3877.0,351,3876.0,37
rb1805,20171129,20171128,210503500,3876.0,126566,2592392,4911025080.0,3877.0,374,3876.0,73
rb1805,20171129,20171128,210504000,3876.0,126684,2592406,4915599820.0,3877.0,321,3876.0,68
rb1805,20171129,20171128,210504500,3876.0,126716,2592406,4916840260.0,3877.0,320,3876.0,99
rb1805,20171129,20171128,210505000,3876.0,126770,2592398,4918933500.0,3877.0,462,3876.0,84
rb1805,20171129,20171128,210505500,3876.0,126826,2592400,4921104500.0,3877.0,442,3876.0,86
rb1805,20171129,20171128,210506000,3876.0,126850,2592416,4922034760.0,3877.0,442,3876.0,95
rb1805,20171129,20171128,210506500,3876.0,126856,2592422,4922267320.0,3877.0,443,3876.0,67
rb1805,20171129,20171128,210507000,3876.0,126972,2592434,4926764500.0,3877.0,392,3876.0,60
rb1805,20171129,20171128,210507500,3877.0,126992,2592448,4927539900.0,3877.0,382,3876.0,74
rb1805,20171129,20171128,210508000,3877.0,127112,2592402,4932191940.0,3877.0,342,3876.0,122
rb1805,20171129,20171128,210508500,3876.0,127162,2592430,4934130040.0,3877.0,349,3876.0,124
rb1805,20171129,20171128,210509000,3876.0,127214,2592472,4936145600.0,3877.0,361,3876.0,121
rb1805,20171129,20171128,210509500,3877.0,127244,2592492,4937308660.0,3877.0,348,3876.0,98
rb1805,20171129,20171128,210510000,3876.0,127290,2592484,4939091720.0,3877.0,352,3876.0,72
rb1805,20171129,20171128,210510500,3876.0,127392,2592418,4943046060.0,3877.0,335,3876.0,68
rb1805,20171129,20171128,210511000,3877.0,127730,2592510,4956150260.0,3877.0,173,3876.0,97
rb1805,20171129,20171128,210511500,3876.0,127824,2592542,4959794500.0,3877.0,214,3876.0,103
rb1805,20171129,20171128,210512000,3877.0,127948,2592646,4964601920.0,3877.0,155,3876.0,164
rb1805,20171129,20171128,210512500,3877.0,128218,2592800,4975069660.0,3877.0,28,3876.0,206
rb1805,20171129,20171128,210513000,3877.0,128292,2592842,4977938660.0,3878.0,413,3877.0,53
rb1805,20171129,20171128,210513500,3877.0,128296,2592842,4978093760.0,3878.0,397,3877.0,106
rb1805,20171129,20171128,210514000,3877.0,128310,2592842,4978636540.0,3878.0,405,3877.0,107
rb1805,20171129,20171128,210514500,3878.0,128314,2592842,4978791640.0,3878.0,410,3877.0,172
rb1805,20171129,20171128,210515000,3877.0,128324,2592848,4979179380.0,3878.0,406,3877.0,170
rb1805,20171129,20171128,210515500,3878.0,128334,2592852,4979567120.0,3878.0,404,3877.0,186
rb1805,20171129,20171128,210516000,3877.0,128378,2592886,4981273100.0,3878.0,400,3877.0,171
rb1805,20171129,20171128,210516500,3878.0,128422,2592882,4982979380.0,3878.0,380,3877.0,168
rb1805,20171129,20171128,210517000,3877.0,128478,2592904,4985150600.0,3878.0,373,3877.0,150
rb1805,20171129,20171128,210517500,3878.0,128516,2592926,4986624040.0,3878.0,365,3877.0,146
rb1805,20171129,20171128,210518000,3878.0,128528,2592928,4987089360.0,3878.0,365,3877.0,144
rb1805,20171129,20171128,210518500,3877.0,128650,2592826,4991820460.0,3878.0,311,3877.0,150
rb1805,20171129,20171128,210519000,3877.0,128758,2592828,4996008660.0,3878.0,274,3877.0,153
rb1805,20171129,20171128,210519500,3878.0,128772,2592828,4996551520.0,3878.0,271,3877.0,155
rb1805,20171129,20171128,210520000,3878.0,128812,2592828,4998102720.0,3878.0,267,3877.0,171
rb1805,20171129,20171128,210520500,3877.0,128824,2592826,4998568060.0,3878.0,282,3877.0,170
rb1805,20171129,20171128,210521000,3878.0,128886,2592812,5000972220.0,3878.0,272,3877.0,161
rb1805,20171129,20171128,210521500,3878.0,128918,2592830,5002213160.0,3878.0,258,3877.0,168
rb1805,20171129,20171128,210522000,3878.0,129446,2593132,5022689080.0,3879.0,351,3878.0,242
rb1805,20171129,20171128,210522500,3878.0,129574,2593230,5027654020.0,3879.0,298,3878.0,250
rb1805,20171129,20171128,210523000,3878.0,129592,2593246,5028352180.0,3879.0,298,3878.0,265
rb1805,20171129,20171128,210523500,3878.0,129746,2593368,5034324320.0,3879.0,300,3878.0,201
rb1805,20171129,20171128,210524000,3879.0,129814,2593396,5036962000.0,3879.0,157,3878.0,207
rb1805,20171129,20171128,210524500,3880.0,131042,2593212,5084604920.0,3880.0,1732,3879.0,10
rb1805,20171129,20171128,210525000,3880.0,131218,2593274,5091433500.0,3880.0,1660,3879.0,22
rb1805,20171129,20171128,210525500,3879.0,131282,2593288,5093916220.0,3880.0,1651,3879.0,40
rb1805,20171129,20171128,210526000,3879.0,131492,2593190,5102062020.0,3879.0,10,3878.0,230
rb1805,20171129,20171128,210526500,3880.0,131526,2593172,5103381020.0,3880.0,1644,3879.0,18
rb1805,20171129,20171128,210527000,3880.0,131590,2593154,5105863740.0,3880.0,1650,3878.0,238
rb1805,20171129,20171128,210527500,3880.0,131618,2593172,5106949940.0,3880.0,1650,3878.0,248
rb1805,20171129,20171128,210528000,3880.0,131828,2593376,5115097940.0,3880.0,1548,3879.0,17
rb1805,20171129,20171128,210528500,3880.0,131850,2593390,5115951420.0,3880.0,1538,3879.0,17
rb1805,20171129,20171128,210529000,3879.0,131948,2593416,5119753120.0,3879.0,1,3878.0,253
rb1805,20171129,20171128,210529500,3879.0,132018,2593440,5122468620.0,3880.0,1523,3879.0,10
rb1805,20171129,20171128,210530000,3879.0,132424,2593618,5138219400.0,3879.0,23,3878.0,272
rb1805,20171129,20171128,210530500,3879.0,132438,2593608,5138762460.0,3879.0,174,3878.0,322
rb1805,20171129,20171128,210531000,3879.0,132448,2593610,5139150320.0,3879.0,226,3878.0,318
rb1805,20171129,20171128,210531500,3878.0,132482,2593586,5140469160.0,3879.0,241,3878.0,323
rb1805,20171129,20171128,210532000,3878.0,132524,2593580,5142098220.0,3879.0,251,3878.0,320
rb1805,20171129,20171128,210532500,3878.0,132544,2593576,5142873920.0,3879.0,251,3878.0,314
rb1805,20171129,20171128,210533000,3879.0,132624,2593554,5145977120.0,3879.0,216,3878.0,185
rb1805,20171129,20171128,210533500,3878.0,132648,2593536,5146908040.0,3879.0,290,3878.0,206
rb1805,20171129,20171128,210534000,3878.0,132744,2593538,5150631860.0,3879.0,262,3878.0,204
rb1805,20171129,20171128,210534500,3879.0,132808,2593536,5153114360.0,3879.0,241,3878.0,204
rb1805,20171129,20171128,210535000,3879.0,132826,2593532,5153812580.0,3879.0,238,3878.0,206
rb1805,20171129,20171128,210535500,3879.0,132846,2593534,5154588240.0,3879.0,237,3878.0,196
rb1805,20171129,20171128,210536000,3879.0,132860,2593532,5155131280.0,3879.0,246,3878.0,196
rb1805,20171129,20171128,210536500,3878.0,132874,2593530,5155674240.0,3879.0,253,3878.0,198
rb1805,20171129,20171128,210537000,3878.0,132896,2593522,5156527460.0,3879.0,253,3878.0,207
rb1805,20171129,20171128,210537500,3879.0,132912,2593524,5157148060.0,3879.0,253,3878.0,252
rb1805,20171129,20171128,210538000,3879.0,132936,2593524,5158078840.0,3879.0,264,3878.0,325
rb1805,20171129,20171128,210538500,3878.0,132954,2593542,5158776880.0,3879.0,269,3878.0,320
rb1805,20171129,20171128,210539000,3879.0,132968,2593544,5159319920.0,3879.0,279,3878.0,319
rb1805,20171129,20171128,210539500,3879.0,133026,2593550,5161569700.0,3879.0,256,3878.0,317
rb1805,20171129,20171128,210540000,3878.0,133038,2593542,5162035160.0,3879.0,291,3878.0,316
rb1805,20171129,20171128,210540500,3879.0,133066,2593542,5163121220.0,3879.0,281,3878.0,314
rb1805,20171129,20171128,210541000,3879.0,133080,2593548,5163664220.0,3879.0,278,3878.0,314
rb1805,20171129,20171128,210541500,3878.0,133086,2593554,5163896900.0,3879.0,302,3878.0,313
rb1805,20171129,20171128,210542000,3879.0,133254,2593566,5170411960.0,3879.0,302,3878.0,230
rb1805,20171129,20171128,210542500,3879.0,133376,2593634,5175143140.0,3879.0,324,3878.0,177
rb1805,20171129,20171128,210543000,3878.0,133542,2593634,5181580820.0,3879.0,357,3878.0,110
rb1805,20171129,20171128,210543500,3878.0,133574,2593636,5182821840.0,3879.0,350,3878.0,116
rb1805,20171129,20171128,210544000,3879.0,133628,2593650,5184916260.0,3879.0,435,3878.0,135
rb1805,20171129,20171128,210544500,3878.0,133648,2593658,5185691960.0,3879.0,442,3878.0,135
rb1805,20171129,20171128,210545000,3878.0,133658,2593666,5186079760.0,3879.0,446,3878.0,141
rb1805,20171129,20171128,210545500,3878.0,133678,2593672,5186855480.0,3879.0,446,3878.0,160
rb1805,20171129,20171128,210546000,3879.0,133710,2593656,5188096720.0,3879.0,433,3878.0,182
rb1805,20171129,20171128,210546500,3879.0,133756,2593688,5189880860.0,3879.0,424,3878.0,205
rb1805,20171129,20171128,210547000,3878.0,133888,2593788,5194999860.0,3879.0,475,3878.0,130
rb1805,20171129,20171128,210547500,3878.0,134010,2593782,5199731100.0,3879.0,473,3878.0,39
rb1805,20171129,20171128,210548000,3878.0,134096,2593854,5203066180.0,3878.0,107,3877.0,236
rb1805,20171129,20171128,210548500,3877.0,134146,2593840,5205005160.0,3878.0,98,3877.0,235
rb1805,20171129,20171128,210549000,3878.0,134170,2593840,5205935860.0,3878.0,98,3877.0,235
rb1805,20171129,20171128,210549500,3878.0,134202,2593836,5207176820.0,3878.0,126,3877.0,236
rb1805,20171129,20171128,210550000,3878.0,134214,2593836,5207642180.0,3878.0,120,3877.0,228
rb1805,20171129,20171128,210550500,3877.0,134246,2593840,5208883080.0,3878.0,115,3877.0,231
rb1805,20171129,20171128,210551000,3878.0,134276,2593842,5210046300.0,3878.0,113,3877.0,225
rb1805,20171129,20171128,210551500,3878.0,134382,2593886,5214156960.0,3878.0,42,3877.0,224
rb1805,20171129,20171128,210552000,3878.0,134394,2593896,5214622300.0,3878.0,37,3877.0,223
rb1805,20171129,20171128,210552500,3878.0,134422,2593896,5215708140.0,3878.0,24,3877.0,234
rb1805,20171129,20171128,210553000,3878.0,134434,2593900,5216173460.0,3878.0,164,3877.0,264
rb1805,20171129,20171128,210553500,3878.0,134458,2593916,5217104000.0,3878.0,162,3877.0,255
rb1805,20171129,20171128,210554000,3877.0,134476,2593926,5217801940.0,3878.0,183,3877.0,250
rb1805,20171129,20171128,210554500,3878.0,134508,2593936,5219042900.0,3878.0,170,3877.0,259
rb1805,20171129,20171128,210555000,3878.0,134516,2593934,5219353120.0,3878.0,172,3877.0,251
rb1805,20171129,20171128,210555500,3877.0,134596,2593982,5222454880.0,3878.0,175,3877.0,221
rb1805,20171129,20171128,210556000,3878.0,134638,2593952,5224083580.0,3878.0,157,3877.0,220
rb1805,20171129,20171128,210556500,3877.0,134654,2593946,5224704020.0,3878.0,165,3877.0,228
rb1805,20171129,20171128,210557000,3878.0,134694,2593946,5226255200.0,3878.0,179,3877.0,224
rb1805,20171129,20171128,210557500,3877.0,134708,2593946,5226798080.0,3878.0,176,3877.0,225
rb1805,20171129,20171128,210558000,3878.0,134714,2593948,5227030740.0,3878.0,180,3877.0,227
rb1805,20171129,20171128,210558500,3877.0,134778,2593984,5229512140.0,3878.0,182,3877.0,201
rb1805,20171129,20171128,210559000,3878.0,134786,2593978,5229822380.0,3878.0,208,3877.0,210
rb1805,20171129,20171128,210559500,3878.0,135362,2593718,5252159860.0,3879.0,614,3878.0,223
rb1805,20171129,20171128,210600000,3878.0,135364,2593718,5252237420.0,3879.0,714,3878.0,342
rb1805,20171129,20171128,210600500,3878.0,135476,2593610,5256580780.0,3879.0,714,3878.0,289
rb1805,20171129,20171128,210601000,3878.0,135490,2593608,5257123700.0,3879.0,720,3878.0,321
rb1805,20171129,20171128,210601500,3878.0,135496,2593608,5257356380.0,3879.0,720,3878.0,347
rb1805,20171129,20171128,210602000,3878.0,135516,2593606,5258131980.0,3879.0,726,3878.0,341
rb1805,20171129,20171128,210602500,3878.0,135620,2593606,5262165100.0,3879.0,677,3878.0,293
rb1805,20171129,20171128,210603000,3878.0,135844,2593560,5270853880.0,3879.0,623,3878.0,284
rb1805,20171129,20171128,210603500,3878.0,135864,2593558,5271629500.0,3879.0,672,3878.0,276
rb1805,20171129,20171128,210604000,3878.0,135874,2593560,5272017360.0,3879.0,652,3878.0,278
rb1805,20171129,20171128,210604500,3878.0,136376,2593502,5291484920.0,3879.0,665,3878.0,45
rb1805,20171129,20171128,210605000,3878.0,136496,2593500,5296138520.0,3878.0,115,3877.0,235
rb1805,20171129,20171128,210605500,3878.0,136536,2593492,5297689720.0,3878.0,125,3877.0,229
rb1805,20171129,20171128,210606000,3877.0,136544,2593498,5297999880.0,3878.0,175,3877.0,226
rb1805,20171129,20171128,210606500,3878.0,136546,2593498,5298077440.0,3878.0,184,3877.0,196
rb1805,20171129,20171128,210607000,3878.0,136550,2593498,5298232540.0,3878.0,184,3877.0,195
rb1805,20171129,20171128,210607500,3878.0,136560,2593498,5298620320.0,3878.0,182,3877.0,194
rb1805,20171129,20171128,210608000,3878.0,136566,2593498,5298853000.0,3878.0,183,3877.0,195
rb1805,20171129,20171128,210608500,3878.0,136578,2593498,5299318300.0,3878.0,183,3877.0,194
rb1805,20171129,20171128,210609000,3878.0,136604,2593488,5300326580.0,3878.0,225,3877.0,202
rb1805,20171129,20171128,210609500,3878.0,136604,2593488,5300326580.0,3878.0,227,3877.0,252
rb1805,20171129,20171128,210610000,3877.0,136668,2593496,5302808420.0,3878.0,197,3877.0,253
rb1805,20171129,20171128,210610500,3878.0,136672,2593498,5302963520.0,3878.0,203,3877.0,254
rb1805,20171129,20171128,210611000,3878.0,136676,2593500,5303118620.0,3878.0,208,3877.0,267
rb1805,20171129,20171128,210611500,3877.0,136684,2593504,5303428820.0,3878.0,162,3877.0,271
rb1805,20171129,20171128,210612000,3877.0,136696,2593512,5303894100.0,3878.0,208,3877.0,291
rb1805,20171129,20171128,210612500,3877.0,136708,2593522,5304359340.0,3878.0,235,3877.0,285
rb1805,20171129,20171128,210613000,3878.0,136718,2593530,5304747060.0,3878.0,238,3877.0,336
rb1805,20171129,20171128,210613500,3877.0,136734,2593546,5305367380.0,3878.0,254,3877.0,328
rb1805,20171129,20171128,210614000,3877.0,136766,2593552,5306608220.0,3878.0,255,3877.0,325
rb1805,20171129,20171128,210614500,3877.0,136768,2593552,5306685760.0,3878.0,208,3877.0,324
rb1805,20171129,20171128,210615000,3877.0,137110,2593508,5319945460.0,3878.0,241,3877.0,171
rb1805,20171129,20171128,210615500,3877.0,137470,2593580,5333902880.0,3878.0,219,3877.0,7
rb1805,20171129,20171128,210616000,3877.0,137654,2593438,5341036560.0,3877.0,142,3876.0,551
rb1805,20171129,20171128,210616500,3877.0,137654,2593438,5341036560.0,3877.0,157,3876.0,548
rb1805,20171129,20171128,210617000,3877.0,137848,2593508,5348557040.0,3877.0,110,3876.0,510
rb1805,20171129,20171128,210617500,3876.0,137860,2593504,5349022240.0,3877.0,107,3876.0,513
rb1805,20171129,20171128,210618000,3876.0,137868,2593500,5349332360.0,3877.0,173,3876.0,510
rb1805,20171129,20171128,210618500,3876.0,137890,2593500,5350185080.0,3877.0,192,3876.0,498
rb1805,20171129,20171128,210619000,3877.0,137924,2593478,5351503140.0,3877.0,190,3876.0,492
rb1805,20171129,20171128,210619500,3876.0,137970,2593460,5353286200.0,3877.0,186,3876.0,481
rb1805,20171129,20171128,210620000,3877.0,138372,2593264,5368871740.0,3878.0,163,3877.0,302
rb1805,20171129,20171128,210620500,3877.0,138426,2593212,5370965320.0,3878.0,191,3877.0,275
rb1805,20171129,20171128,210621000,3877.0,138438,2593212,5371430560.0,3878.0,194,3877.0,269
rb1805,20171129,20171128,210621500,3877.0,138450,2593212,5371895800.0,3878.0,217,3877.0,263
rb1805,20171129,20171128,210622000,3878.0,138452,2593214,5371973360.0,3878.0,234,3877.0,264
rb1805,20171129,20171128,210622500,3878.0,138576,2593196,5376780860.0,3878.0,233,3877.0,205
rb1805,20171129,20171128,210623000,3878.0,138586,2593200,5377168620.0,3878.0,230,3877.0,213
rb1805,20171129,20171128,210623500,3877.0,138604,2593200,5377866500.0,3878.0,230,3877.0,205
rb1805,20171129,20171128,210624000,3877.0,138632,2593212,5378952240.0,3878.0,246,3877.0,252
rb1805,20171129,20171128,210624500,3878.0,138670,2593218,5380425760.0,3878.0,225,3877.0,251
rb1805,20171129,20171128,210625000,3877.0,138696,2593202,5381433820.0,3878.0,224,3877.0,240
rb1805,20171129,20171128,210625500,3878.0,138716,2593202,5382209280.0,3878.0,223,3877.0,233
rb1805,20171129,20171128,210626000,3877.0,138728,2593202,5382674520.0,3878.0,229,3877.0,279
rb1805,20171129,20171128,210626500,3878.0,138742,2593200,5383217320.0,3878.0,241,3877.0,275
rb1805,20171129,20171128,210627000,3877.0,138756,2593202,5383760120.0,3878.0,248,3877.0,270
rb1805,20171129,20171128,210627500,3878.0,138762,2593208,5383992800.0,3878.0,248,3877.0,272
rb1805,20171129,20171128,210628000,3878.0,138768,2593210,5384225440.0,3878.0,249,3877.0,270
rb1805,20171129,20171128,210628500,3877.0,138812,2593170,5385931340.0,3878.0,256,3877.0,252
rb1805,20171129,20171128,210629000,3877.0,138816,2593168,5386086420.0,3878.0,257,3877.0,250
rb1805,20171129,20171128,210629500,3877.0,138846,2593138,5387249520.0,3878.0,258,3877.0,235
rb1805,20171129,20171128,210630000,3877.0,138866,2593134,5388025000.0,3878.0,255,3877.0,239
rb1805,20171129,20171128,210630500,3878.0,138872,2593134,5388257640.0,3878.0,252,3877.0,237
rb1805,20171129,20171128,210631000,3877.0,138890,2593128,5388955500.0,3878.0,255,3877.0,233
rb1805,20171129,20171128,210631500,3877.0,138898,2593128,5389265660.0,3878.0,257,3877.0,229
rb1805,20171129,20171128,210632000,3878.0,138946,2593118,5391126880.0,3878.0,245,3877.0,218
rb1805,20171129,20171128,210632500,3878.0,138960,2593130,5391669780.0,3878.0,243,3877.0,217
rb1805,20171129,20171128,210633000,3877.0,138998,2593134,5393143140.0,3878.0,241,3877.0,203
rb1805,20171129,20171128,210633500,3877.0,139022,2593128,5394073640.0,3878.0,241,3877.0,195
rb1805,20171129,20171128,210634000,3878.0,139086,2593126,5396555120.0,3878.0,255,3877.0,178
rb1805,20171129,20171128,210634500,3878.0,139116,2593124,5397718240.0,3878.0,255,3877.0,165
rb1805,20171129,20171128,210635000,3877.0,139120,2593122,5397873320.0,3878.0,270,3877.0,198
rb1805,20171129,20171128,210635500,3877.0,139154,2593128,5399191540.0,3878.0,269,3877.0,184
rb1805,20171129,20171128,210636000,3878.0,139166,2593134,5399656820.0,3878.0,267,3877.0,181
rb1805,20171129,20171128,210636500,3877.0,139190,2593154,5400587420.0,3878.0,263,3877.0,176
rb1805,20171129,20171128,210637000,3877.0,139228,2593186,5402060740.0,3878.0,264,3877.0,161
rb1805,20171129,20171128,210637500,3878.0,139238,2593188,5402448460.0,3878.0,263,3877.0,223
rb1805,20171129,20171128,210638000,3877.0,139248,2593194,5402836180.0,3878.0,262,3877.0,220
rb1805,20171129,20171128,210638500,3877.0,139268,2593212,5403611580.0,3878.0,267,3877.0,210
rb1805,20171129,20171128,210639000,3877.0,139304,2593232,5405007320.0,3878.0,257,3877.0,193
rb1805,20171129,20171128,210639500,3878.0,139330,2593230,5406015400.0,3878.0,255,3877.0,203
rb1805,20171129,20171128,210640000,3878.0,139358,2593238,5407101020.0,3878.0,253,3877.0,193
rb1805,20171129,20171128,210640500,3877.0,139400,2593268,5408729360.0,3878.0,256,3877.0,173
rb1805,20171129,20171128,210641000,3877.0,139414,2593274,5409272140.0,3878.0,257,3877.0,167
rb1805,20171129,20171128,210641500,3878.0,139428,2593276,5409815020.0,3878.0,253,3877.0,165
rb1805,20171129,20171128,210642000,3878.0,139430,2593278,5409892580.0,3878.0,243,3877.0,165
rb1805,20171129,20171128,210642500,3877.0,139462,2593284,5411133260.0,3878.0,242,3877.0,174
rb1805,20171129,20171128,210643000,3877.0,139490,2593288,5412218840.0,3878.0,245,3877.0,242
rb1805,20171129,20171128,210643500,3877.0,139524,2593304,5413537020.0,3878.0,247,3877.0,227
rb1805,20171129,20171128,210644000,3876.0,140446,2593048,5449278280.0,3878.0,250,3876.0,586
rb1805,20171129,20171128,210644500,3876.0,140448,2593050,5449355800.0,3877.0,13,3876.0,592
rb1805,20171129,20171128,210645000,3877.0,140512,2593094,5451837080.0,3877.0,20,3876.0,593
rb1805,20171129,20171128,210645500,3876.0,140534,2593116,5452690000.0,3877.0,123,3876.0,592
rb1805,20171129,20171128,210646000,3876.0,140540,2593118,5452922560.0,3877.0,127,3876.0,588
rb1805,20171129,20171128,210646500,3877.0,140550,2593128,5453310180.0,3877.0,127,3876.0,584
rb1805,20171129,20171128,210647000,3876.0,140566,2593140,5453930340.0,3877.0,179,3876.0,582
rb1805,20171129,20171128,210647500,3876.0,140570,2593142,5454085400.0,3877.0,188,3876.0,581
rb1805,20171129,20171128,210648000,3877.0,140578,2593148,5454395520.0,3877.0,202,3876.0,581
rb1805,20171129,20171128,210648500,3876.0,140586,2593154,5454705620.0,3877.0,214,3876.0,578
rb1805,20171129,20171128,210649000,3876.0,140588,2593156,5454783140.0,3877.0,217,3876.0,578
rb1805,20171129,20171128,210649500,3876.0,140594,2593158,5455015700.0,3877.0,233,3876.0,575
rb1805,20171129,20171128,210650000,3877.0,140596,2593160,5455093240.0,3877.0,232,3876.0,576
rb1805,20171129,20171128,210650500,3876.0,140604,2593164,5455403360.0,3877.0,235,3876.0,574
rb1805,20171129,20171128,210651000,3876.0,140650,2593170,5457186320.0,3877.0,240,3876.0,564
rb1805,20171129,20171128,210651500,3876.0,140748,2593258,5460984840.0,3877.0,255,3876.0,527
rb1805,20171129,20171128,210652000,3876.0,140788,2593296,5462535260.0,3877.0,259,3876.0,508
rb1805,20171129,20171128,210652500,3877.0,140796,2593294,5462845380.0,3877.0,273,3876.0,506
rb1805,20171129,20171128,210653000,3876.0,140806,2593294,5463233000.0,3877.0,283,3876.0,508
rb1805,20171129,20171128,210653500,3876.0,140846,2593332,5464783400.0,3877.0,285,3876.0,488
rb1805,20171129,20171128,210654000,3876.0,140948,2593422,5468736920.0,3877.0,290,3876.0,440
rb1805,20171129,20171128,210654500,3877.0,140976,2593446,5469822220.0,3877.0,291,3876.0,429
rb1805,20171129,20171128,210655000,3876.0,141018,2593428,5471450140.0,3877.0,292,3876.0,408
rb1805,20171129,20171128,210655500,3876.0,141030,2593422,5471915280.0,3877.0,294,3876.0,403
rb1805,20171129,20171128,210656000,3877.0,141062,2593416,5473155660.0,3877.0,292,3876.0,390
rb1805,20171129,20171128,210656500,3877.0,141106,2593414,5474861480.0,3877.0,273,3876.0,387
rb1805,20171129,20171128,210657000,3876.0,141224,2593414,5479435160.0,3877.0,275,3876.0,328
rb1805,20171129,20171128,210657500,3877.0,141248,2593416,5480365420.0,3877.0,274,3876.0,367
rb1805,20171129,20171128,210658000,3876.0,141326,2593466,5483388720.0,3877.0,282,3876.0,329
rb1805,20171129,20171128,210658500,3876.0,141362,2593472,5484784200.0,3877.0,286,3876.0,318
rb1805,20171129,20171128,210659000,3877.0,141380,2593474,5485481960.0,3877.0,283,3876.0,313
rb1805,20171129,20171128,210659500,3876.0,141472,2593482,5489047880.0,3877.0,289,3876.0,273
rb1805,20171129,20171128,210700000,3876.0,141486,2593490,5489590520.0,3877.0,293,3876.0,268
rb1805,20171129,20171128,210700500,3876.0,141528,2593494,5491218480.0,3877.0,291,3876.0,250
rb1805,20171129,20171128,210701000,3876.0,141538,2593504,5491606080.0,3877.0,303,3876.0,253
rb1805,20171129,20171128,210701500,3876.0,141554,2593516,5492226240.0,3877.0,303,3876.0,245
rb1805,20171129,20171128,210702000,3876.0,141558,2593516,5492381300.0,3877.0,305,3876.0,244
rb1805,20171129,20171128,210702500,3877.0,141762,2593570,5500290340.0,3877.0,207,3876.0,242
rb1805,20171129,20171128,210703000,3876.0,141788,2593594,5501298100.0,3877.0,248,3876.0,229
rb1805,20171129,20171128,210703500,3876.0,141808,2593610,5502073300.0,3877.0,251,3876.0,219
rb1805,20171129,20171128,210704000,3876.0,141826,2593612,5502770980.0,3877.0,243,3876.0,210
rb1805,20171129,20171128,210704500,3876.0,141848,2593632,5503623700.0,3877.0,245,3876.0,204
rb1805,20171129,20171128,210705000,3877.0,141882,2593636,5504941720.0,3877.0,237,3876.0,202
rb1805,20171129,20171128,210705500,3877.0,141890,2593644,5505251880.0,3877.0,265,3876.0,202
rb1805,20171129,20171128,210706000,3876.0,141898,2593652,5505561960.0,3877.0,265,3876.0,198
rb1805,20171129,20171128,210706500,3876.0,141906,2593658,5505872060.0,3877.0,264,3876.0,197
rb1805,20171129,20171128,210707000,3876.0,141924,2593656,5506569780.0,3877.0,291,3876.0,191
rb1805,20171129,20171128,210707500,3876.0,141956,2593662,5507810240.0,3877.0,274,3876.0,183
rb1805,20171129,20171128,210708000,3876.0,141968,2593670,5508275360.0,3877.0,277,3876.0,179
rb1805,20171129,20171128,210708500,3876.0,142014,2593714,5510058360.0,3877.0,329,3876.0,160
rb1805,20171129,20171128,210709000,3876.0,142030,2593726,5510678520.0,3877.0,333,3876.0,161
rb1805,20171129,20171128,210709500,3876.0,142172,2593776,5516183440.0,3877.0,283,3876.0,140
rb1805,20171129,20171128,210710000,3876.0,142190,2593792,5516881140.0,3877.0,296,3876.0,133
rb1805,20171129,20171128,210710500,3876.0,142342,2593936,5522772700.0,3877.0,294,3876.0,59
rb1805,20171129,20171128,210711000,3875.0,142484,2594040,5528276580.0,3876.0,12,3875.0,770
rb1805,20171129,20171128,210711500,3875.0,142528,2594040,5529981860.0,3876.0,14,3875.0,774
rb1805,20171129,20171128,210712000,3875.0,142554,2594052,5530989560.0,3876.0,35,3875.0,772
rb1805,20171129,20171128,210712500,3875.0,142806,2593946,5540755060.0,3876.0,10,3875.0,670
rb1805,20171129,20171128,210713000,3875.0,143040,2594104,5549822800.0,3876.0,1,3875.0,555
rb1805,20171129,20171128,210713500,3876.0,143068,2594114,5550908020.0,3876.0,51,3875.0,553
rb1805,20171129,20171128,210714000,3875.0,143088,2594128,5551683120.0,3876.0,51,3875.0,553
rb1805,20171129,20171128,210714500,3875.0,143158,2594176,5554395720.0,3876.0,58,3875.0,523
rb1805,20171129,20171128,210715000,3876.0,143202,2594190,5556100740.0,3876.0,86,3875.0,502
rb1805,20171129,20171128,210715500,3876.0,143332,2594244,5561138680.0,3876.0,66,3875.0,462
rb1805,20171129,20171128,210716000,3875.0,144256,2594882,5596943680.0,3875.0,39,3874.0,575
rb1805,20171129,20171128,210716500,3874.0,144318,2594924,5599345900.0,3875.0,234,3874.0,563
rb1805,20171129,20171128,210717000,3875.0,144454,2594902,5604615180.0,3875.0,268,3874.0,551
rb1805,20171129,20171128,210717500,3874.0,145102,2595062,5629719180.0,3875.0,246,3874.0,252
rb1805,20171129,20171128,210718000,3874.0,145150,2595066,5631578720.0,3875.0,261,3874.0,229
rb1805,20171129,20171128,210718500,3874.0,145634,2595276,5650328920.0,3874.0,219,3873.0,910
rb1805,20171129,20171128,210719000,3873.0,145714,2595322,5653427860.0,3874.0,350,3873.0,901
rb1805,20171129,20171128,210719500,3873.0,146064,2595102,5666983480.0,3874.0,347,3873.0,736
rb1805,20171129,20171128,210720000,3873.0,146352,2594876,5678137840.0,3874.0,351,3873.0,598
rb1805,20171129,20171128,210720500,3873.0,146406,2594910,5680229360.0,3874.0,362,3873.0,576
rb1805,20171129,20171128,210721000,3873.0,146568,2594958,5686504620.0,3874.0,313,3873.0,549
rb1805,20171129,20171128,210721500,3873.0,146742,2594992,5693245140.0,3874.0,239,3873.0,566
rb1805,20171129,20171128,210722000,3874.0,146878,2595056,5698513300.0,3874.0,195,3873.0,745
rb1805,20171129,20171128,210722500,3874.0,147430,2595272,5719897780.0,3875.0,307,3874.0,353
rb1805,20171129,20171128,210723000,3874.0,147610,2595322,5726871920.0,3875.0,327,3874.0,320
rb1805,20171129,20171128,210723500,3874.0,147710,2595374,5730745940.0,3875.0,325,3874.0,325
rb1805,20171129,20171128,210724000,3874.0,148414,2595208,5758018920.0,3874.0,69,3873.0,802
rb1805,20171129,20171128,210724500,3874.0,148592,2595104,5764914680.0,3875.0,331,3874.0,35
rb1805,20171129,20171128,210725000,3874.0,148658,2595120,5767471820.0,3875.0,323,3874.0,105
rb1805,20171129,20171128,210725500,3874.0,148714,2595150,5769641260.0,3875.0,325,3874.0,106
rb1805,20171129,20171128,210726000,3875.0,148754,2595168,5771190900.0,3875.0,323,3874.0,123
rb1805,20171129,20171128,210726500,3875.0,148800,2595198,5772973040.0,3875.0,320,3874.0,122
rb1805,20171129,20171128,210727000,3874.0,149076,2595374,5783665280.0,3874.0,370,3873.0,840
rb1805,20171129,20171128,210727500,3874.0,149144,2595422,5786299480.0,3874.0,344,3873.0,836
rb1805,20171129,20171128,210728000,3873.0,149160,2595436,5786919220.0,3874.0,374,3873.0,932
rb1805,20171129,20171128,210728500,3874.0,149408,2595658,5796526600.0,3874.0,268,3873.0,937
rb1805,20171129,20171128,210729000,3873.0,149592,2595724,5803654740.0,3874.0,179,3873.0,941
rb1805,20171129,20171128,210729500,3874.0,149710,2595760,5808225840.0,3874.0,133,3873.0,938
rb1805,20171129,20171128,210730000,3874.0,150008,2595678,5819770420.0,3875.0,333,3874.0,98
rb1805,20171129,20171128,210730500,3874.0,150100,2595598,5823334540.0,3875.0,336,3874.0,131
rb1805,20171129,20171128,210731000,3874.0,150184,2595664,5826588720.0,3875.0,335,3874.0,115
rb1805,20171129,20171128,210731500,3874.0,150238,2595676,5828680700.0,3875.0,331,3874.0,146
rb1805,20171129,20171128,210732000,3874.0,150258,2595670,5829455520.0,3875.0,337,3874.0,194
rb1805,20171129,20171128,210732500,3874.0,150288,2595664,5830617960.0,3875.0,317,3874.0,197
rb1805,20171129,20171128,210733000,3874.0,150320,2595646,5831857640.0,3875.0,320,3874.0,184
rb1805,20171129,20171128,210733500,3875.0,150348,2595632,5832942380.0,3875.0,322,3874.0,221
rb1805,20171129,20171128,210734000,3875.0,150370,2595626,5833794680.0,3875.0,322,3874.0,214
rb1805,20171129,20171128,210734500,3874.0,150374,2595626,5833949660.0,3875.0,327,3874.0,239
rb1805,20171129,20171128,210735000,3874.0,150498,2595700,5838753420.0,3875.0,336,3874.0,209
rb1805,20171129,20171128,210735500,3874.0,150566,2595698,5841388060.0,3875.0,318,3874.0,196
rb1805,20171129,20171128,210736000,3874.0,150672,2595626,5845494500.0,3875.0,323,3874.0,158
rb1805,20171129,20171128,210736500,3874.0,150694,2595614,5846346840.0,3875.0,324,3874.0,156
rb1805,20171129,20171128,210737000,3874.0,150806,2595644,5850685820.0,3875.0,301,3874.0,113
rb1805,20171129,20171128,210737500,3874.0,150810,2595646,5850840780.0,3875.0,321,3874.0,149
rb1805,20171129,20171128,210738000,3874.0,150858,2595670,5852700420.0,3875.0,316,3874.0,142
rb1805,20171129,20171128,210738500,3874.0,150866,2595670,5853010340.0,3875.0,318,3874.0,153
rb1805,20171129,20171128,210739000,3875.0,150888,2595666,5853862640.0,3875.0,321,3874.0,143
rb1805,20171129,20171128,210739500,3875.0,150936,2595654,5855722180.0,3875.0,323,3874.0,146
rb1805,20171129,20171128,210740000,3874.0,150960,2595662,5856651940.0,3875.0,323,3874.0,141
rb1805,20171129,20171128,210740500,3874.0,150964,2595666,5856806900.0,3875.0,324,3874.0,151
rb1805,20171129,20171128,210741000,3874.0,150968,2595666,5856961860.0,3875.0,325,3874.0,178
rb1805,20171129,20171128,210741500,3874.0,151064,2595714,5860680980.0,3875.0,324,3874.0,137
rb1805,20171129,20171128,210742000,3874.0,151072,2595718,5860990920.0,3875.0,326,3874.0,136
rb1805,20171129,20171128,210742500,3875.0,151074,2595718,5861068420.0,3875.0,325,3874.0,137
rb1805,20171129,20171128,210743000,3875.0,151098,2595718,5861998400.0,3875.0,325,3874.0,156
rb1805,20171129,20171128,210743500,3874.0,151112,2595720,5862540780.0,3875.0,340,3874.0,155
rb1805,20171129,20171128,210744000,3875.0,151132,2595718,5863315620.0,3875.0,356,3874.0,149
rb1805,20171129,20171128,210744500,3875.0,151194,2595734,5865717820.0,3875.0,342,3874.0,140
rb1805,20171129,20171128,210745000,3874.0,151208,2595732,5866260220.0,3875.0,343,3874.0,140
rb1805,20171129,20171128,210745500,3875.0,151214,2595730,5866492680.0,3875.0,342,3874.0,145
rb1805,20171129,20171128,210746000,3874.0,151260,2595750,5868274800.0,3875.0,349,3874.0,163
rb1805,20171129,20171128,210746500,3874.0,151342,2595750,5871451480.0,3875.0,356,3874.0,164
rb1805,20171129,20171128,210747000,3874.0,151360,2595762,5872148800.0,3875.0,357,3874.0,154
rb1805,20171129,20171128,210747500,3874.0,151368,2595764,5872458740.0,3875.0,359,3874.0,164
rb1805,20171129,20171128,210748000,3874.0,151376,2595766,5872768680.0,3875.0,364,3874.0,176
rb1805,20171129,20171128,210748500,3874.0,151496,2595712,5877417520.0,3875.0,367,3874.0,120
rb1805,20171129,20171128,210749000,3875.0,151512,2595712,5878037420.0,3875.0,365,3874.0,96
rb1805,20171129,20171128,210749500,3874.0,151518,2595712,5878269880.0,3875.0,363,3874.0,98
rb1805,20171129,20171128,210750000,3875.0,151828,2595588,5890280100.0,3875.0,321,3874.0,17
rb1805,20171129,20171128,210750500,3874.0,151880,2595586,5892294880.0,3875.0,332,3874.0,9
rb1805,20171129,20171128,210751000,3875.0,152104,2595434,5900974600.0,3874.0,21,3873.0,1188
rb1805,20171129,20171128,210751500,3874.0,152160,2595404,5903144040.0,3875.0,239,3874.0,134
rb1805,20171129,20171128,210752000,3874.0,152388,2595266,5911976820.0,3874.0,15,3873.0,1177
rb1805,20171129,20171128,210752500,3874.0,152436,2595294,5913836400.0,3875.0,255,3873.0,1250
rb1805,20171129,20171128,210753000,3874.0,152456,2595292,5914611200.0,3874.0,2,3873.0,1181
rb1805,20171129,20171128,210753500,3874.0,152496,2595284,5916160920.0,3875.0,301,3874.0,1
rb1805,20171129,20171128,210754000,3874.0,152524,2595274,5917245620.0,3875.0,264,3874.0,5
rb1805,20171129,20171128,210754500,3874.0,152560,2595290,5918640260.0,3874.0,4,3873.0,1176
rb1805,20171129,20171128,210755000,3874.0,152588,2595294,5919724980.0,3875.0,268,3874.0,181
rb1805,20171129,20171128,210755500,3874.0,152688,2595386,5923598980.0,3875.0,283,3874.0,192
rb1805,20171129,20171128,210756000,3874.0,152716,2595410,5924683720.0,3875.0,271,3874.0,262
rb1805,20171129,20171128,210756500,3874.0,152856,2595400,5930107400.0,3875.0,268,3874.0,211
rb1805,20171129,20171128,210757000,3874.0,153010,2595520,5936073420.0,3875.0,262,3874.0,140
rb1805,20171129,20171128,210757500,3874.0,153032,2595524,5936925740.0,3875.0,262,3874.0,159
rb1805,20171129,20171128,210758000,3874.0,153062,2595528,5938088080.0,3875.0,258,3874.0,198
rb1805,20171129,20171128,210758500,3874.0,153138,2595498,5941032740.0,3875.0,265,3874.0,181
rb1805,20171129,20171128,210759000,3874.0,153138,2595498,5941032740.0,3875.0,265,3874.0,183
rb1805,20171129,20171128,210759500,3874.0,153168,2595498,5942194960.0,3875.0,269,3874.0,170
rb1805,20171129,20171128,210800000,3875.0,153180,2595506,5942659960.0,3875.0,264,3874.0,183
rb1805,20171129,20171128,210800500,3875.0,153396,2595616,5951029800.0,3875.0,169,3874.0,190
rb1805,20171129,20171128,210801000,3874.0,153468,2595614,5953819580.0,3875.0,146,3874.0,180
rb1805,20171129,20171128,210801500,3874.0,153592,2595636,5958624340.0,3875.0,108,3874.0,182
rb1805,20171129,20171128,210802000,3874.0,153600,2595642,5958934280.0,3875.0,147,3874.0,191
rb1805,20171129,20171128,210802500,3875.0,153708,2595662,5963118220.0,3875.0,150,3874.0,142
rb1805,20171129,20171128,210803000,3875.0,153708,2595662,5963118220.0,3875.0,152,3874.0,150
rb1805,20171129,20171128,210803500,3875.0,153952,2595768,5972572860.0,3875.0,50,3874.0,136
rb1805,20171129,20171128,210804000,3875.0,154052,2595690,5976447860.0,3875.0,2,3874.0,152
rb1805,20171129,20171128,210804500,3875.0,154056,2595690,5976602860.0,3876.0,146,3875.0,21
rb1805,20171129,20171128,210805000,3875.0,154088,2595716,5977842860.0,3876.0,156,3875.0,23
rb1805,20171129,20171128,210805500,3875.0,154108,2595728,5978617860.0,3876.0,158,3875.0,23
rb1805,20171129,20171128,210806000,3875.0,154112,2595732,5978772860.0,3876.0,163,3875.0,24
rb1805,20171129,20171128,210806500,3875.0,154148,2595746,5980167880.0,3876.0,162,3875.0,8
rb1805,20171129,20171128,210807000,3876.0,154152,2595748,5980322900.0,3876.0,161,3875.0,9
rb1805,20171129,20171128,210807500,3875.0,154176,2595766,5981252960.0,3876.0,230,3874.0,185
rb1805,20171129,20171128,210808000,3874.0,154178,2595766,5981330440.0,3875.0,1,3874.0,175
rb1805,20171129,20171128,210808500,3875.0,154208,2595770,5982493120.0,3875.0,16,3874.0,177
rb1805,20171129,20171128,210809000,3875.0,154212,2595770,5982648120.0,3875.0,31,3874.0,189
rb1805,20171129,20171128,210809500,3874.0,154290,2595820,5985669900.0,3875.0,31,3874.0,162
rb1805,20171129,20171128,210810000,3875.0,154344,2595852,5987762380.0,3875.0,189,3874.0,206
rb1805,20171129,20171128,210810500,3875.0,154396,2595874,5989777120.0,3875.0,181,3874.0,228
rb1805,20171129,20171128,210811000,3874.0,154400,2595878,5989932100.0,3875.0,188,3874.0,230
rb1805,20171129,20171128,210811500,3875.0,154438,2595906,5991404500.0,3875.0,174,3874.0,226
rb1805,20171129,20171128,210812000,3875.0,154506,2595974,5994039500.0,3875.0,136,3874.0,227
rb1805,20171129,20171128,210812500,3874.0,154548,2595974,5995666580.0,3875.0,237,3874.0,220
rb1805,20171129,20171128,210813000,3875.0,154648,2596064,5999541560.0,3875.0,190,3874.0,217
rb1805,20171129,20171128,210813500,3874.0,154670,2596070,6000393840.0,3875.0,190,3874.0,207
rb1805,20171129,20171128,210814000,3875.0,154680,2596076,6000781280.0,3875.0,189,3874.0,212
rb1805,20171129,20171128,210814500,3874.0,154684,2596072,6000936240.0,3875.0,192,3874.0,212
rb1805,20171129,20171128,210815000,3875.0,154692,2596072,6001246200.0,3875.0,197,3874.0,215
rb1805,20171129,20171128,210815500,3874.0,154698,2596076,6001478660.0,3875.0,208,3874.0,218
rb1805,20171129,20171128,210816000,3875.0,154724,2596076,6002486120.0,3875.0,197,3874.0,217
rb1805,20171129,20171128,210816500,3874.0,154732,2596070,6002796060.0,3875.0,198,3874.0,219
rb1805,20171129,20171128,210817000,3875.0,154770,2596108,6004268460.0,3875.0,194,3874.0,244
rb1805,20171129,20171128,210817500,3875.0,154770,2596108,6004268460.0,3875.0,197,3874.0,247
rb1805,20171129,20171128,210818000,3874.0,154782,2596120,6004733340.0,3875.0,195,3874.0,245
rb1805,20171129,20171128,210818500,3875.0,154790,2596126,6005043300.0,3875.0,195,3874.0,249
rb1805,20171129,20171128,210819000,3874.0,154810,2596124,6005818100.0,3875.0,195,3874.0,245
rb1805,20171129,20171128,210819500,3875.0,154822,2596126,6006283100.0,3875.0,190,3874.0,250
rb1805,20171129,20171128,210820000,3874.0,154826,2596130,6006438060.0,3875.0,193,3874.0,253
rb1805,20171129,20171128,210820500,3875.0,154858,2596162,6007678060.0,3875.0,176,3874.0,249
rb1805,20171129,20171128,210821000,3874.0,154874,2596170,6008297940.0,3875.0,174,3874.0,248
rb1805,20171129,20171128,210821500,3874.0,154980,2596218,6012404500.0,3875.0,172,3874.0,208
rb1805,20171129,20171128,210822000,3875.0,154990,2596228,6012792000.0,3875.0,170,3874.0,214
rb1805,20171129,20171128,210822500,3875.0,154998,2596230,6013101940.0,3875.0,168,3874.0,214
rb1805,20171129,20171128,210823000,3874.0,155040,2596258,6014729200.0,3875.0,164,3874.0,202
rb1805,20171129,20171128,210823500,3874.0,155042,2596260,6014806680.0,3875.0,174,3874.0,203
rb1805,20171129,20171128,210824000,3875.0,155054,2596270,6015271600.0,3875.0,175,3874.0,203
rb1805,20171129,20171128,210824500,3875.0,155088,2596274,6016589000.0,3875.0,221,3874.0,204
rb1805,20171129,20171128,210825000,3875.0,155102,2596276,6017131380.0,3875.0,256,3874.0,201
rb1805,20171129,20171128,210825500,3875.0,155194,2596264,6020696260.0,3875.0,218,3874.0,196
rb1805,20171129,20171128,210826000,3875.0,155292,2596218,6024493560.0,3875.0,184,3874.0,194
rb1805,20171129,20171128,210826500,3875.0,155296,2596218,6024648560.0,3875.0,200,3874.0,194
rb1805,20171129,20171128,210827000,3874.0,155322,2596242,6025655800.0,3875.0,204,3874.0,183
rb1805,20171129,20171128,210827500,3874.0,155344,2596252,6026508200.0,3875.0,199,3874.0,183
rb1805,20171129,20171128,210828000,3874.0,155346,2596252,6026585680.0,3875.0,198,3874.0,183
rb1805,20171129,20171128,210828500,3875.0,155360,2596256,6027128120.0,3875.0,195,3874.0,180
rb1805,20171129,20171128,210829000,3875.0,155480,2596182,6031778120.0,3875.0,135,3874.0,182
rb1805,20171129,20171128,210829500,3875.0,155564,2596250,6035032300.0,3875.0,151,3874.0,142
rb1805,20171129,20171128,210830000,3875.0,155576,2596248,6035497200.0,3875.0,200,3874.0,138
rb1805,20171129,20171128,210830500,3874.0,155874,2596174,6047041740.0,3874.0,137,3873.0,1213
rb1805,20171129,20171128,210831000,3874.0,156036,2596126,6053316220.0,3874.0,169,3873.0,1151
rb1805,20171129,20171128,210831500,3873.0,156092,2596126,6055485260.0,3874.0,280,3873.0,1133
rb1805,20171129,20171128,210832000,3873.0,156130,2596130,6056957160.0,3874.0,278,3873.0,1122
rb1805,20171129,20171128,210832500,3874.0,156172,2596156,6058583880.0,3874.0,307,3873.0,1108
rb1805,20171129,20171128,210833000,3874.0,156212,2596180,6060133180.0,3874.0,302,3873.0,1095
rb1805,20171129,20171128,210833500,3873.0,156268,2596194,6062302280.0,3874.0,294,3873.0,1077
rb1805,20171129,20171128,210834000,3874.0,156332,2596182,6064781140.0,3874.0,287,3873.0,1052
rb1805,20171129,20171128,210834500,3874.0,156394,2596172,6067182680.0,3874.0,273,3873.0,1035
rb1805,20171129,20171128,210835000,3874.0,156588,2596062,6074697840.0,3874.0,198,3873.0,1014
rb1805,20171129,20171128,210835500,3874.0,156862,2595894,6085312600.0,3874.0,61,3873.0,963
rb1805,20171129,20171128,210836000,3874.0,156986,2595958,6090116360.0,3874.0,1,3873.0,967
rb1805,20171129,20171128,210836500,3874.0,157066,2596012,6093215420.0,3875.0,292,3873.0,961
rb1805,20171129,20171128,210837000,3874.0,157372,2596110,6105066960.0,3874.0,3,3873.0,818
rb1805,20171129,20171128,210837500,3873.0,157520,2596036,6110799060.0,3874.0,5,3873.0,747
rb1805,20171129,20171128,210838000,3873.0,157546,2596060,6111806060.0,3874.0,56,3873.0,736
rb1805,20171129,20171128,210838500,3874.0,157554,2596066,6112115920.0,3874.0,69,3873.0,730
rb1805,20171129,20171128,210839000,3874.0,157562,2596072,6112425840.0,3874.0,79,3873.0,731
rb1805,20171129,20171128,210839500,3874.0,157746,2596000,6119553780.0,3875.0,292,3874.0,120
rb1805,20171129,20171128,210840000,3874.0,157748,2596000,6119631260.0,3875.0,292,3874.0,121
rb1805,20171129,20171128,210840500,3874.0,158020,2595992,6130168540.0,3875.0,294,3874.0,18
rb1805,20171129,20171128,210841000,3874.0,158044,2595978,6131098300.0,3875.0,294,3874.0,42
rb1805,20171129,20171128,210841500,3874.0,158066,2595988,6131950580.0,3875.0,295,3874.0,33
rb1805,20171129,20171128,210842000,3874.0,158176,2595952,6136211980.0,3874.0,125,3873.0,726
rb1805,20171129,20171128,210842500,3874.0,158204,2595950,6137296700.0,3874.0,119,3873.0,726
rb1805,20171129,20171128,210843000,3874.0,158214,2595948,6137684080.0,3874.0,128,3873.0,728
rb1805,20171129,20171128,210843500,3874.0,158244,2595930,6138846280.0,3874.0,265,3873.0,729
rb1805,20171129,20171128,210844000,3874.0,158256,2595920,6139311160.0,3874.0,363,3873.0,738
rb1805,20171129,20171128,210844500,3874.0,158410,2595920,6145277120.0,3874.0,288,3873.0,741
rb1805,20171129,20171128,210845000,3874.0,158432,2595918,6146129300.0,3874.0,283,3873.0,738
rb1805,20171129,20171128,210845500,3874.0,158436,2595916,6146284260.0,3874.0,349,3873.0,739
rb1805,20171129,20171128,210846000,3874.0,158442,2595914,6146516700.0,3874.0,362,3873.0,737
rb1805,20171129,20171128,210846500,3874.0,158450,2595916,6146826560.0,3874.0,363,3873.0,736
rb1805,20171129,20171128,210847000,3874.0,158464,2595910,6147368920.0,3874.0,370,3873.0,740
rb1805,20171129,20171128,210847500,3874.0,158492,2595914,6148453400.0,3874.0,371,3873.0,729
rb1805,20171129,20171128,210848000,3873.0,158506,2595914,6148995740.0,3874.0,299,3873.0,727
rb1805,20171129,20171128,210848500,3873.0,158530,2595908,6149925340.0,3874.0,296,3873.0,720
rb1805,20171129,20171128,210849000,3874.0,158546,2595898,6150545180.0,3874.0,289,3873.0,724
rb1805,20171129,20171128,210849500,3873.0,158556,2595908,6150932480.0,3874.0,291,3873.0,720
rb1805,20171129,20171128,210850000,3873.0,158560,2595908,6151087420.0,3874.0,285,3873.0,732
rb1805,20171129,20171128,210850500,3874.0,158576,2595898,6151707260.0,3874.0,278,3873.0,733
rb1805,20171129,20171128,210851000,3873.0,158578,2595898,6151784720.0,3874.0,281,3873.0,733
rb1805,20171129,20171128,210851500,3874.0,158638,2595838,6154109120.0,3874.0,251,3873.0,733
rb1805,20171129,20171128,210852000,3874.0,158648,2595842,6154496480.0,3874.0,249,3873.0,736
rb1805,20171129,20171128,210852500,3873.0,158706,2595844,6156742880.0,3874.0,249,3873.0,711
rb1805,20171129,20171128,210853000,3873.0,158718,2595850,6157207700.0,3874.0,246,3873.0,712
rb1805,20171129,20171128,210853500,3874.0,158756,2595862,6158679560.0,3874.0,243,3873.0,695
rb1805,20171129,20171128,210854000,3874.0,158762,2595860,6158911980.0,3874.0,241,3873.0,696
rb1805,20171129,20171128,210854500,3873.0,158790,2595860,6159996460.0,3874.0,240,3873.0,683
rb1805,20171129,20171128,210855000,3873.0,158834,2595864,6161700980.0,3874.0,224,3873.0,681
rb1805,20171129,20171128,210855500,3873.0,158848,2595878,6162243200.0,3874.0,235,3873.0,681
rb1805,20171129,20171128,210856000,3874.0,158914,2595842,6164799940.0,3874.0,208,3873.0,729
rb1805,20171129,20171128,210856500,3874.0,158920,2595836,6165032380.0,3874.0,214,3873.0,729
rb1805,20171129,20171128,210857000,3874.0,158968,2595860,6166891660.0,3874.0,204,3873.0,719
rb1805,20171129,20171128,210857500,3873.0,159086,2595766,6171462860.0,3874.0,153,3873.0,713
rb1805,20171129,20171128,210858000,3873.0,159092,2595770,6171695240.0,3874.0,160,3873.0,711
rb1805,20171129,20171128,210858500,3873.0,159108,2595774,6172314920.0,3874.0,170,3873.0,817
rb1805,20171129,20171128,210859000,3873.0,159130,2595782,6173167080.0,3874.0,168,3873.0,812
rb1805,20171129,20171128,210859500,3874.0,159194,2595738,6175646340.0,3874.0,148,3873.0,808
rb1805,20171129,20171128,210900000,3874.0,159312,2595762,6180217500.0,3874.0,139,3873.0,817
rb1805,20171129,20171128,210900500,3874.0,159404,2595776,6183781260.0,3874.0,111,3873.0,813
rb1805,20171129,20171128,210901000,3873.0,159592,2595854,6191064180.0,3874.0,27,3873.0,818
rb1805,20171129,20171128,210901500,3874.0,159648,2595832,6193233600.0,3875.0,382,3874.0,116
rb1805,20171129,20171128,210902000,3874.0,159720,2595860,6196023140.0,3875.0,390,3874.0,137
rb1805,20171129,20171128,210902500,3874.0,159838,2595878,6200594460.0,3875.0,391,3874.0,97
rb1805,20171129,20171128,210903000,3874.0,159894,2595932,6202764400.0,3875.0,305,3874.0,114
rb1805,20171129,20171128,210903500,3874.0,159900,2595936,6202996840.0,3875.0,305,3874.0,112
rb1805,20171129,20171128,210904000,3875.0,159914,2595948,6203539220.0,3875.0,305,3874.0,119
rb1805,20171129,20171128,210904500,3874.0,159976,2595936,6205941120.0,3875.0,301,3874.0,101
rb1805,20171129,20171128,210905000,3875.0,159988,2595926,6206406020.0,3875.0,280,3874.0,108
rb1805,20171129,20171128,210905500,3874.0,160136,2595890,6212139540.0,3875.0,287,3874.0,45
rb1805,20171129,20171128,210906000,3874.0,160160,2595912,6213069480.0,3875.0,288,3874.0,125
