instrument,tradingday,calendarday,time,lastp,volume,openinterest,turnover,ask1,asksz1,bid1,bidsz1
rb1805,20170613,20170612,205900500,2780.0,24,81850,667200.0,2780.0,7,2770.0,15
rb1805,20170613,20170612,210000500,2780.0,24,81850,667200.0,2779.0,3,2771.0,1
rb1805,20170613,20170612,210001000,2780.0,24,81850,667200.0,2779.0,4,2771.0,1
rb1805,20170613,20170612,210001500,2780.0,24,81850,667200.0,2778.0,2,2772.0,1
rb1805,20170613,20170612,210002000,2780.0,24,81850,667200.0,2778.0,2,2772.0,1
rb1805,20170613,20170612,210002500,2780.0,24,81850,667200.0,2778.0,2,2772.0,1
rb1805,20170613,20170612,210003000,2780.0,24,81850,667200.0,2778.0,2,2772.0,1
rb1805,20170613,20170612,210003500,2780.0,24,81850,667200.0,2778.0,2,2773.0,2
rb1805,20170613,20170612,210004000,2780.0,24,81850,667200.0,2779.0,4,2773.0,2
rb1805,20170613,20170612,210004500,2780.0,24,81850,667200.0,2778.0,1,2773.0,2
rb1805,20170613,20170612,210005000,2780.0,24,81850,667200.0,2778.0,3,2773.0,2
rb1805,20170613,20170612,210005500,2780.0,24,81850,667200.0,2778.0,3,2773.0,2
rb1805,20170613,20170612,210006000,2780.0,24,81850,667200.0,2778.0,3,2773.0,2
rb1805,20170613,20170612,210006500,2780.0,24,81850,667200.0,2778.0,3,2773.0,3
rb1805,20170613,20170612,210007500,2780.0,24,81850,667200.0,2778.0,3,2773.0,3
rb1805,20170613,20170612,210008000,2780.0,24,81850,667200.0,2778.0,3,2773.0,3
rb1805,20170613,20170612,210008500,2780.0,24,81850,667200.0,2778.0,3,2773.0,3
rb1805,20170613,20170612,210009500,2780.0,24,81850,667200.0,2778.0,3,2773.0,3
rb1805,20170613,20170612,210010000,2780.0,24,81850,667200.0,2778.0,3,2773.0,1
rb1805,20170613,20170612,210012000,2780.0,24,81850,667200.0,2776.0,1,2773.0,1
rb1805,20170613,20170612,210012500,2780.0,24,81850,667200.0,2776.0,1,2773.0,1
rb1805,20170613,20170612,210013000,2780.0,24,81850,667200.0,2775.0,3,2773.0,1
rb1805,20170613,20170612,210013500,2780.0,24,81850,667200.0,2775.0,3,2773.0,2
rb1805,20170613,20170612,210014000,2780.0,24,81850,667200.0,2775.0,3,2773.0,2
rb1805,20170613,20170612,210014500,2780.0,24,81850,667200.0,2775.0,3,2773.0,2
rb1805,20170613,20170612,210015500,2780.0,24,81850,667200.0,2775.0,3,2773.0,2
rb1805,20170613,20170612,210016500,2773.0,28,81850,778120.0,2775.0,3,2771.0,2
rb1805,20170613,20170612,210017000,2773.0,28,81850,778120.0,2775.0,3,2771.0,2
rb1805,20170613,20170612,210017500,2773.0,28,81850,778120.0,2775.0,3,2771.0,2
rb1805,20170613,20170612,210018000,2773.0,28,81850,778120.0,2775.0,3,2771.0,2
rb1805,20170613,20170612,210018500,2773.0,28,81850,778120.0,2776.0,1,2772.0,1
rb1805,20170613,20170612,210019000,2773.0,28,81850,778120.0,2776.0,1,2772.0,1
rb1805,20170613,20170612,210020500,2773.0,28,81850,778120.0,2776.0,1,2772.0,1
rb1805,20170613,20170612,210022500,2773.0,28,81850,778120.0,2776.0,4,2772.0,2
rb1805,20170613,20170612,210023000,2772.0,30,81852,833560.0,2776.0,4,2772.0,2
rb1805,20170613,20170612,210024000,2772.0,30,81852,833560.0,2776.0,4,2772.0,2
rb1805,20170613,20170612,210024500,2772.0,30,81852,833560.0,2776.0,4,2772.0,2
rb1805,20170613,20170612,210025000,2772.0,32,81852,889000.0,2776.0,4,2772.0,1
rb1805,20170613,20170612,210026500,2772.0,32,81852,889000.0,2776.0,4,2772.0,1
rb1805,20170613,20170612,210027000,2772.0,34,81852,944440.0,2776.0,4,2771.0,2
rb1805,20170613,20170612,210028000,2772.0,34,81852,944440.0,2776.0,3,2771.0,2
rb1805,20170613,20170612,210028500,2772.0,34,81852,944440.0,2776.0,3,2771.0,2
rb1805,20170613,20170612,210029500,2772.0,34,81852,944440.0,2776.0,3,2773.0,1
rb1805,20170613,20170612,210030000,2772.0,34,81852,944440.0,2775.0,2,2773.0,1
rb1805,20170613,20170612,210030500,2772.0,34,81852,944440.0,2775.0,2,2773.0,1
rb1805,20170613,20170612,210032000,2772.0,34,81852,944440.0,2775.0,2,2773.0,1
rb1805,20170613,20170612,210033000,2772.0,34,81852,944440.0,2775.0,2,2773.0,2
rb1805,20170613,20170612,210034000,2773.0,38,81856,1055360.0,2773.0,13,2771.0,2
rb1805,20170613,20170612,210034500,2773.0,38,81856,1055360.0,2773.0,13,2771.0,2
rb1805,20170613,20170612,210035000,2773.0,38,81856,1055360.0,2773.0,13,2772.0,2
rb1805,20170613,20170612,210035500,2773.0,40,81856,1110820.0,2773.0,12,2772.0,2
rb1805,20170613,20170612,210036000,2773.0,40,81856,1110820.0,2773.0,12,2772.0,6
rb1805,20170613,20170612,210037000,2773.0,40,81856,1110820.0,2773.0,12,2772.0,12
rb1805,20170613,20170612,210037500,2773.0,64,81880,1776340.0,2775.0,7,2772.0,12
rb1805,20170613,20170612,210038000,2773.0,64,81880,1776340.0,2775.0,7,2773.0,2
rb1805,20170613,20170612,210038500,2773.0,64,81880,1776340.0,2775.0,7,2772.0,12
rb1805,20170613,20170612,210039000,2773.0,64,81880,1776340.0,2775.0,7,2772.0,14
rb1805,20170613,20170612,210041000,2773.0,64,81880,1776340.0,2775.0,7,2772.0,14
rb1805,20170613,20170612,210041500,2773.0,64,81880,1776340.0,2775.0,7,2772.0,14
rb1805,20170613,20170612,210042000,2773.0,64,81880,1776340.0,2775.0,27,2772.0,14
rb1805,20170613,20170612,210042500,2773.0,64,81880,1776340.0,2775.0,27,2772.0,14
rb1805,20170613,20170612,210044000,2775.0,84,81864,2331340.0,2775.0,17,2772.0,14
rb1805,20170613,20170612,210044500,2775.0,104,81844,2886340.0,2775.0,7,2772.0,14
rb1805,20170613,20170612,210045000,2775.0,104,81844,2886340.0,2775.0,7,2773.0,2
rb1805,20170613,20170612,210045500,2775.0,118,81830,3274840.0,2776.0,3,2775.0,3
rb1805,20170613,20170612,210046000,2775.0,124,81824,3441340.0,2775.0,6,2773.0,10
rb1805,20170613,20170612,210046500,2775.0,124,81824,3441340.0,2775.0,2,2773.0,10
rb1805,20170613,20170612,210047500,2775.0,128,81824,3552340.0,2776.0,3,2775.0,5
rb1805,20170613,20170612,210048000,2775.0,138,81814,3829840.0,2775.0,4,2773.0,10
rb1805,20170613,20170612,210048500,2775.0,138,81814,3829840.0,2776.0,3,2773.0,10
rb1805,20170613,20170612,210049000,2775.0,138,81814,3829840.0,2776.0,3,2775.0,3
rb1805,20170613,20170612,210049500,2775.0,140,81814,3885340.0,2776.0,3,2775.0,2
rb1805,20170613,20170612,210050000,2775.0,144,81810,3996340.0,2775.0,1,2773.0,10
rb1805,20170613,20170612,210050500,2775.0,144,81810,3996340.0,2776.0,3,2773.0,10
rb1805,20170613,20170612,210052000,2775.0,144,81810,3996340.0,2776.0,3,2773.0,10
rb1805,20170613,20170612,210052500,2775.0,144,81810,3996340.0,2775.0,1,2773.0,10
rb1805,20170613,20170612,210053000,2775.0,144,81810,3996340.0,2775.0,1,2773.0,10
rb1805,20170613,20170612,210054000,2775.0,144,81810,3996340.0,2775.0,1,2773.0,10
rb1805,20170613,20170612,210055000,2775.0,144,81810,3996340.0,2775.0,1,2773.0,10
rb1805,20170613,20170612,210057500,2775.0,144,81810,3996340.0,2775.0,1,2773.0,10
rb1805,20170613,20170612,210059500,2775.0,144,81810,3996340.0,2775.0,1,2773.0,10
rb1805,20170613,20170612,210100000,2775.0,144,81810,3996340.0,2775.0,1,2773.0,10
rb1805,20170613,20170612,210100500,2775.0,144,81810,3996340.0,2775.0,1,2773.0,10
rb1805,20170613,20170612,210101500,2775.0,144,81810,3996340.0,2775.0,1,2773.0,15
rb1805,20170613,20170612,210102000,2775.0,144,81810,3996340.0,2775.0,1,2774.0,2
rb1805,20170613,20170612,210102500,2775.0,144,81810,3996340.0,2775.0,1,2774.0,2
rb1805,20170613,20170612,210104000,2775.0,144,81810,3996340.0,2775.0,1,2774.0,7
rb1805,20170613,20170612,210105000,2775.0,146,81810,4051840.0,2775.0,4,2774.0,7
rb1805,20170613,20170612,210105500,2775.0,148,81810,4107340.0,2775.0,3,2774.0,7
rb1805,20170613,20170612,210106000,2775.0,154,81810,4273840.0,2776.0,8,2774.0,7
rb1805,20170613,20170612,210106500,2775.0,154,81810,4273840.0,2776.0,8,2774.0,7
rb1805,20170613,20170612,210107000,2776.0,168,81816,4662480.0,2776.0,1,2775.0,2
rb1805,20170613,20170612,210107500,2776.0,170,81814,4718000.0,2779.0,16,2775.0,7
rb1805,20170613,20170612,210108000,2776.0,170,81814,4718000.0,2779.0,9,2776.0,2
rb1805,20170613,20170612,210108500,2776.0,170,81814,4718000.0,2779.0,9,2776.0,7
rb1805,20170613,20170612,210109000,2776.0,170,81814,4718000.0,2779.0,9,2776.0,7
rb1805,20170613,20170612,210109500,2776.0,170,81814,4718000.0,2779.0,9,2776.0,7
rb1805,20170613,20170612,210110000,2776.0,170,81814,4718000.0,2779.0,9,2776.0,7
rb1805,20170613,20170612,210111500,2776.0,170,81814,4718000.0,2779.0,9,2776.0,7
rb1805,20170613,20170612,210113500,2776.0,170,81814,4718000.0,2779.0,9,2776.0,7
rb1805,20170613,20170612,210115500,2776.0,170,81814,4718000.0,2779.0,9,2776.0,7
rb1805,20170613,20170612,210116000,2776.0,170,81814,4718000.0,2779.0,9,2777.0,2
rb1805,20170613,20170612,210118500,2776.0,170,81814,4718000.0,2779.0,9,2777.0,3
rb1805,20170613,20170612,210119000,2776.0,170,81814,4718000.0,2779.0,10,2777.0,3
rb1805,20170613,20170612,210120000,2776.0,170,81814,4718000.0,2779.0,10,2777.0,3
rb1805,20170613,20170612,210121500,2776.0,170,81814,4718000.0,2779.0,10,2777.0,3
rb1805,20170613,20170612,210122500,2776.0,170,81814,4718000.0,2779.0,10,2777.0,3
rb1805,20170613,20170612,210123500,2779.0,172,81814,4773580.0,2779.0,9,2777.0,3
rb1805,20170613,20170612,210124000,2777.0,178,81810,4940200.0,2777.0,3,2776.0,5
rb1805,20170613,20170612,210124500,2777.0,178,81810,4940200.0,2779.0,10,2776.0,5
rb1805,20170613,20170612,210125000,2777.0,178,81810,4940200.0,2778.0,2,2776.0,5
rb1805,20170613,20170612,210125500,2777.0,178,81810,4940200.0,2778.0,2,2776.0,5
rb1805,20170613,20170612,210126000,2777.0,178,81810,4940200.0,2778.0,2,2776.0,5
rb1805,20170613,20170612,210126500,2779.0,200,81816,5551540.0,2780.0,8,2779.0,4
rb1805,20170613,20170612,210127000,2778.0,210,81826,5829420.0,2779.0,9,2776.0,5
rb1805,20170613,20170612,210127500,2778.0,210,81826,5829420.0,2780.0,10,2777.0,2
rb1805,20170613,20170612,210128000,2778.0,210,81826,5829420.0,2780.0,10,2777.0,7
rb1805,20170613,20170612,210128500,2778.0,210,81826,5829420.0,2780.0,10,2777.0,7
rb1805,20170613,20170612,210129000,2778.0,210,81826,5829420.0,2780.0,10,2777.0,7
rb1805,20170613,20170612,210130500,2780.0,212,81826,5885020.0,2780.0,9,2777.0,7
rb1805,20170613,20170612,210131000,2777.0,224,81816,6218320.0,2780.0,11,2777.0,2
rb1805,20170613,20170612,210131500,2777.0,224,81816,6218320.0,2779.0,2,2777.0,2
rb1805,20170613,20170612,210132000,2779.0,226,81818,6273900.0,2779.0,1,2777.0,2
rb1805,20170613,20170612,210132500,2779.0,226,81818,6273900.0,2779.0,1,2777.0,2
rb1805,20170613,20170612,210133500,2779.0,228,81820,6329480.0,2778.0,1,2777.0,2
rb1805,20170613,20170612,210134500,2779.0,228,81820,6329480.0,2778.0,1,2776.0,5
rb1805,20170613,20170612,210135500,2779.0,228,81820,6329480.0,2778.0,1,2777.0,5
rb1805,20170613,20170612,210136000,2779.0,228,81820,6329480.0,2778.0,1,2777.0,5
rb1805,20170613,20170612,210136500,2779.0,228,81820,6329480.0,2778.0,1,2777.0,5
rb1805,20170613,20170612,210138000,2779.0,228,81820,6329480.0,2778.0,1,2777.0,5
rb1805,20170613,20170612,210138500,2778.0,230,81818,6385040.0,2780.0,10,2778.0,19
rb1805,20170613,20170612,210139000,2778.0,230,81818,6385040.0,2779.0,1,2778.0,19
rb1805,20170613,20170612,210139500,2778.0,230,81818,6385040.0,2779.0,1,2778.0,24
rb1805,20170613,20170612,210140000,2778.0,232,81816,6440600.0,2779.0,1,2778.0,23
rb1805,20170613,20170612,210140500,2778.0,232,81816,6440600.0,2779.0,1,2778.0,23
rb1805,20170613,20170612,210141500,2778.0,232,81816,6440600.0,2779.0,1,2778.0,23
rb1805,20170613,20170612,210142000,2778.0,232,81816,6440600.0,2779.0,2,2778.0,23
rb1805,20170613,20170612,210143500,2780.0,252,81816,6996560.0,2780.0,22,2778.0,23
rb1805,20170613,20170612,210144000,2780.0,252,81816,6996560.0,2780.0,22,2778.0,18
rb1805,20170613,20170612,210144500,2778.0,258,81816,7163240.0,2780.0,22,2779.0,5
rb1805,20170613,20170612,210145000,2779.0,268,81816,7441140.0,2779.0,4,2778.0,15
rb1805,20170613,20170612,210145500,2779.0,268,81816,7441140.0,2780.0,21,2778.0,15
rb1805,20170613,20170612,210146500,2779.0,268,81816,7441140.0,2780.0,21,2778.0,20
rb1805,20170613,20170612,210147000,2779.0,268,81816,7441140.0,2780.0,21,2778.0,20
rb1805,20170613,20170612,210148000,2779.0,268,81816,7441140.0,2779.0,1,2778.0,20
rb1805,20170613,20170612,210148500,2779.0,270,81814,7496720.0,2780.0,22,2779.0,6
rb1805,20170613,20170612,210149000,2779.0,278,81806,7719040.0,2780.0,22,2779.0,3
rb1805,20170613,20170612,210149500,2779.0,278,81806,7719040.0,2780.0,22,2779.0,3
rb1805,20170613,20170612,210150000,2779.0,278,81806,7719040.0,2780.0,22,2779.0,3
rb1805,20170613,20170612,210150500,2779.0,284,81808,7885780.0,2779.0,4,2778.0,20
rb1805,20170613,20170612,210151000,2779.0,284,81808,7885780.0,2779.0,1,2778.0,20
rb1805,20170613,20170612,210152000,2779.0,284,81808,7885780.0,2779.0,1,2778.0,15
rb1805,20170613,20170612,210152500,2779.0,286,81806,7941360.0,2780.0,24,2778.0,15
rb1805,20170613,20170612,210153500,2779.0,286,81806,7941360.0,2779.0,1,2778.0,15
rb1805,20170613,20170612,210154000,2779.0,286,81806,7941360.0,2779.0,1,2778.0,15
rb1805,20170613,20170612,210155500,2779.0,286,81806,7941360.0,2779.0,1,2778.0,15
rb1805,20170613,20170612,210156000,2779.0,288,81804,7996940.0,2780.0,25,2779.0,14
rb1805,20170613,20170612,210156500,2779.0,288,81804,7996940.0,2780.0,24,2779.0,14
rb1805,20170613,20170612,210157500,2779.0,288,81804,7996940.0,2780.0,24,2779.0,14
rb1805,20170613,20170612,210158500,2779.0,288,81804,7996940.0,2780.0,24,2779.0,14
rb1805,20170613,20170612,210201000,2779.0,288,81804,7996940.0,2780.0,25,2779.0,14
rb1805,20170613,20170612,210201500,2779.0,290,81802,8052520.0,2780.0,25,2779.0,13
rb1805,20170613,20170612,210202000,2779.0,308,81802,8552740.0,2780.0,25,2779.0,4
rb1805,20170613,20170612,210202500,2779.0,310,81800,8608320.0,2780.0,26,2779.0,3
rb1805,20170613,20170612,210203000,2779.0,316,81800,8775060.0,2780.0,27,2777.0,5
rb1805,20170613,20170612,210203500,2779.0,316,81800,8775060.0,2780.0,26,2777.0,5
rb1805,20170613,20170612,210205000,2779.0,316,81800,8775060.0,2780.0,28,2777.0,5
rb1805,20170613,20170612,210205500,2779.0,316,81800,8775060.0,2780.0,28,2777.0,5
rb1805,20170613,20170612,210206500,2779.0,316,81800,8775060.0,2780.0,28,2777.0,5
rb1805,20170613,20170612,210207500,2779.0,316,81800,8775060.0,2780.0,28,2777.0,5
rb1805,20170613,20170612,210208500,2779.0,316,81800,8775060.0,2779.0,22,2777.0,5
rb1805,20170613,20170612,210209000,2779.0,316,81800,8775060.0,2779.0,22,2777.0,5
rb1805,20170613,20170612,210209500,2779.0,316,81800,8775060.0,2779.0,22,2777.0,5
rb1805,20170613,20170612,210211000,2779.0,316,81800,8775060.0,2779.0,22,2777.0,5
rb1805,20170613,20170612,210211500,2779.0,316,81800,8775060.0,2779.0,24,2777.0,5
rb1805,20170613,20170612,210212000,2779.0,316,81800,8775060.0,2779.0,24,2777.0,5
rb1805,20170613,20170612,210215000,2779.0,316,81800,8775060.0,2779.0,24,2777.0,5
rb1805,20170613,20170612,210215500,2779.0,324,81800,8997380.0,2779.0,20,2777.0,10
rb1805,20170613,20170612,210218500,2779.0,324,81800,8997380.0,2779.0,20,2777.0,5
rb1805,20170613,20170612,210219000,2779.0,324,81800,8997380.0,2778.0,1,2777.0,5
rb1805,20170613,20170612,210219500,2778.0,328,81798,9108500.0,2779.0,20,2778.0,2
rb1805,20170613,20170612,210222500,2778.0,332,81796,9219620.0,2779.0,20,2777.0,5
rb1805,20170613,20170612,210223000,2778.0,332,81796,9219620.0,2779.0,20,2777.0,5
rb1805,20170613,20170612,210225000,2778.0,332,81796,9219620.0,2779.0,20,2777.0,5
rb1805,20170613,20170612,210226000,2778.0,332,81796,9219620.0,2779.0,20,2777.0,5
rb1805,20170613,20170612,210226500,2778.0,332,81796,9219620.0,2779.0,20,2777.0,5
rb1805,20170613,20170612,210227000,2778.0,332,81796,9219620.0,2779.0,20,2777.0,5
rb1805,20170613,20170612,210227500,2778.0,332,81796,9219620.0,2778.0,1,2777.0,5
rb1805,20170613,20170612,210229500,2778.0,336,81798,9330740.0,2779.0,20,2777.0,5
rb1805,20170613,20170612,210230500,2778.0,336,81798,9330740.0,2779.0,20,2777.0,5
rb1805,20170613,20170612,210232500,2778.0,336,81798,9330740.0,2779.0,20,2777.0,5
rb1805,20170613,20170612,210233000,2778.0,336,81798,9330740.0,2779.0,20,2777.0,7
rb1805,20170613,20170612,210233500,2778.0,336,81798,9330740.0,2779.0,20,2777.0,5
rb1805,20170613,20170612,210235000,2778.0,336,81798,9330740.0,2779.0,20,2777.0,5
rb1805,20170613,20170612,210236500,2778.0,336,81798,9330740.0,2779.0,20,2777.0,10
rb1805,20170613,20170612,210237500,2778.0,336,81798,9330740.0,2779.0,20,2777.0,10
rb1805,20170613,20170612,210238000,2778.0,336,81798,9330740.0,2779.0,20,2777.0,12
rb1805,20170613,20170612,210239000,2778.0,336,81798,9330740.0,2778.0,1,2777.0,12
rb1805,20170613,20170612,210239500,2778.0,336,81798,9330740.0,2778.0,1,2777.0,7
rb1805,20170613,20170612,210240000,2778.0,338,81796,9386300.0,2779.0,20,2777.0,7
rb1805,20170613,20170612,210242000,2778.0,338,81796,9386300.0,2779.0,20,2777.0,7
rb1805,20170613,20170612,210242500,2778.0,338,81796,9386300.0,2779.0,20,2777.0,7
rb1805,20170613,20170612,210243000,2778.0,338,81796,9386300.0,2779.0,21,2777.0,7
rb1805,20170613,20170612,210243500,2778.0,338,81796,9386300.0,2779.0,22,2777.0,7
rb1805,20170613,20170612,210244000,2778.0,338,81796,9386300.0,2779.0,22,2777.0,7
rb1805,20170613,20170612,210245000,2778.0,338,81796,9386300.0,2779.0,23,2777.0,7
rb1805,20170613,20170612,210245500,2778.0,338,81796,9386300.0,2779.0,23,2777.0,7
rb1805,20170613,20170612,210246000,2778.0,338,81796,9386300.0,2778.0,3,2777.0,5
rb1805,20170613,20170612,210246500,2778.0,338,81796,9386300.0,2778.0,3,2777.0,10
rb1805,20170613,20170612,210247000,2778.0,338,81796,9386300.0,2778.0,3,2777.0,10
rb1805,20170613,20170612,210247500,2777.0,340,81796,9441840.0,2778.0,3,2777.0,4
rb1805,20170613,20170612,210248500,2777.0,340,81796,9441840.0,2778.0,3,2777.0,4
rb1805,20170613,20170612,210249500,2777.0,340,81796,9441840.0,2778.0,4,2777.0,4
rb1805,20170613,20170612,210250000,2777.0,342,81796,9497380.0,2778.0,5,2777.0,3
rb1805,20170613,20170612,210254000,2777.0,342,81796,9497380.0,2778.0,5,2777.0,3
rb1805,20170613,20170612,210256000,2777.0,342,81796,9497380.0,2778.0,5,2777.0,3
rb1805,20170613,20170612,210258000,2777.0,342,81796,9497380.0,2778.0,5,2777.0,3
rb1805,20170613,20170612,210300000,2777.0,348,81796,9664000.0,2777.0,17,2776.0,6
rb1805,20170613,20170612,210300500,2777.0,348,81796,9664000.0,2777.0,17,2776.0,3
rb1805,20170613,20170612,210301500,2777.0,348,81796,9664000.0,2777.0,17,2776.0,1
rb1805,20170613,20170612,210303500,2776.0,350,81796,9719520.0,2777.0,17,2775.0,6
rb1805,20170613,20170612,210304000,2776.0,350,81796,9719520.0,2777.0,17,2775.0,1
rb1805,20170613,20170612,210305500,2776.0,350,81796,9719520.0,2777.0,17,2775.0,1
rb1805,20170613,20170612,210307000,2775.0,352,81796,9775020.0,2777.0,17,2775.0,5
rb1805,20170613,20170612,210309000,2775.0,352,81796,9775020.0,2777.0,17,2775.0,5
rb1805,20170613,20170612,210309500,2775.0,352,81796,9775020.0,2777.0,17,2776.0,2
rb1805,20170613,20170612,210310500,2775.0,352,81796,9775020.0,2777.0,17,2776.0,2
rb1805,20170613,20170612,210311000,2776.0,354,81794,9830540.0,2777.0,17,2776.0,1
rb1805,20170613,20170612,210312500,2776.0,354,81794,9830540.0,2777.0,17,2776.0,1
rb1805,20170613,20170612,210313000,2776.0,354,81794,9830540.0,2777.0,17,2776.0,1
rb1805,20170613,20170612,210313500,2776.0,354,81794,9830540.0,2777.0,17,2776.0,1
rb1805,20170613,20170612,210315500,2776.0,356,81792,9886060.0,2776.0,4,2775.0,5
rb1805,20170613,20170612,210316000,2776.0,358,81790,9941580.0,2776.0,3,2774.0,3
rb1805,20170613,20170612,210316500,2776.0,358,81790,9941580.0,2776.0,3,2774.0,3
rb1805,20170613,20170612,210317000,2776.0,358,81790,9941580.0,2776.0,3,2774.0,3
rb1805,20170613,20170612,210319000,2776.0,358,81790,9941580.0,2776.0,3,2774.0,8
rb1805,20170613,20170612,210319500,2776.0,358,81790,9941580.0,2776.0,3,2775.0,3
rb1805,20170613,20170612,210320500,2775.0,362,81794,10052580.0,2776.0,3,2775.0,3
rb1805,20170613,20170612,210321000,2775.0,362,81794,10052580.0,2776.0,3,2775.0,2
rb1805,20170613,20170612,210321500,2775.0,362,81794,10052580.0,2776.0,3,2775.0,2
rb1805,20170613,20170612,210322000,2775.0,362,81794,10052580.0,2776.0,3,2775.0,2
rb1805,20170613,20170612,210322500,2775.0,362,81794,10052580.0,2776.0,3,2775.0,2
rb1805,20170613,20170612,210323000,2775.0,362,81794,10052580.0,2776.0,3,2775.0,2
rb1805,20170613,20170612,210324000,2775.0,362,81794,10052580.0,2776.0,3,2775.0,2
rb1805,20170613,20170612,210327000,2775.0,362,81794,10052580.0,2776.0,3,2775.0,2
rb1805,20170613,20170612,210327500,2775.0,362,81794,10052580.0,2776.0,3,2775.0,2
rb1805,20170613,20170612,210328000,2775.0,362,81794,10052580.0,2776.0,3,2775.0,2
rb1805,20170613,20170612,210329000,2775.0,362,81794,10052580.0,2776.0,3,2775.0,2
rb1805,20170613,20170612,210331000,2775.0,362,81794,10052580.0,2776.0,3,2775.0,2
rb1805,20170613,20170612,210331500,2776.0,366,81794,10163620.0,2776.0,1,2775.0,2
rb1805,20170613,20170612,210333000,2776.0,368,81792,10219140.0,2777.0,17,2776.0,8
rb1805,20170613,20170612,210333500,2776.0,370,81792,10274660.0,2777.0,17,2776.0,7
rb1805,20170613,20170612,210334000,2776.0,370,81792,10274660.0,2777.0,17,2776.0,7
rb1805,20170613,20170612,210334500,2776.0,370,81792,10274660.0,2777.0,17,2776.0,8
rb1805,20170613,20170612,210335000,2776.0,370,81792,10274660.0,2777.0,17,2776.0,8
rb1805,20170613,20170612,210337500,2776.0,374,81792,10385700.0,2777.0,17,2776.0,6
rb1805,20170613,20170612,210338500,2776.0,374,81792,10385700.0,2777.0,17,2776.0,6
rb1805,20170613,20170612,210341000,2776.0,374,81792,10385700.0,2777.0,17,2776.0,6
rb1805,20170613,20170612,210341500,2776.0,374,81792,10385700.0,2777.0,17,2776.0,6
rb1805,20170613,20170612,210342000,2776.0,378,81788,10496740.0,2777.0,17,2776.0,4
rb1805,20170613,20170612,210344500,2776.0,378,81788,10496740.0,2777.0,17,2776.0,4
rb1805,20170613,20170612,210345000,2776.0,382,81788,10607780.0,2777.0,17,2776.0,2
rb1805,20170613,20170612,210345500,2776.0,382,81788,10607780.0,2777.0,17,2776.0,2
rb1805,20170613,20170612,210346000,2776.0,382,81788,10607780.0,2777.0,17,2776.0,2
rb1805,20170613,20170612,210348500,2776.0,382,81788,10607780.0,2777.0,17,2776.0,2
rb1805,20170613,20170612,210349500,2776.0,382,81788,10607780.0,2777.0,17,2776.0,7
rb1805,20170613,20170612,210350000,2776.0,382,81788,10607780.0,2777.0,17,2776.0,7
rb1805,20170613,20170612,210353000,2776.0,382,81788,10607780.0,2777.0,17,2776.0,7
rb1805,20170613,20170612,210353500,2776.0,382,81788,10607780.0,2777.0,17,2776.0,7
rb1805,20170613,20170612,210354000,2776.0,382,81788,10607780.0,2777.0,17,2776.0,7
rb1805,20170613,20170612,210354500,2776.0,382,81788,10607780.0,2777.0,17,2776.0,7
rb1805,20170613,20170612,210357000,2777.0,394,81786,10941020.0,2777.0,11,2776.0,8
rb1805,20170613,20170612,210357500,2777.0,398,81784,11052100.0,2777.0,9,2776.0,8
rb1805,20170613,20170612,210358000,2777.0,416,81768,11551960.0,2778.0,4,2777.0,5
rb1805,20170613,20170612,210358500,2778.0,424,81774,11774200.0,2779.0,23,2777.0,5
rb1805,20170613,20170612,210359500,2778.0,424,81774,11774200.0,2779.0,22,2777.0,5
rb1805,20170613,20170612,210400000,2778.0,424,81774,11774200.0,2779.0,22,2777.0,5
rb1805,20170613,20170612,210401500,2778.0,424,81774,11774200.0,2779.0,22,2778.0,3
rb1805,20170613,20170612,210402000,2778.0,424,81774,11774200.0,2779.0,22,2778.0,3
rb1805,20170613,20170612,210402500,2778.0,424,81774,11774200.0,2779.0,22,2777.0,5
rb1805,20170613,20170612,210403500,2778.0,424,81774,11774200.0,2779.0,4,2777.0,5
rb1805,20170613,20170612,210405000,2778.0,424,81774,11774200.0,2778.0,2,2777.0,5
rb1805,20170613,20170612,210406500,2778.0,428,81772,11885320.0,2779.0,4,2778.0,3
rb1805,20170613,20170612,210407500,2778.0,428,81772,11885320.0,2779.0,4,2778.0,3
rb1805,20170613,20170612,210408000,2778.0,428,81772,11885320.0,2779.0,4,2778.0,3
rb1805,20170613,20170612,210409500,2778.0,428,81772,11885320.0,2779.0,4,2778.0,3
rb1805,20170613,20170612,210411500,2779.0,430,81772,11940900.0,2779.0,3,2778.0,3
rb1805,20170613,20170612,210413000,2778.0,432,81774,11996460.0,2779.0,3,2778.0,2
rb1805,20170613,20170612,210415000,2778.0,432,81774,11996460.0,2779.0,3,2778.0,2
rb1805,20170613,20170612,210415500,2778.0,432,81774,11996460.0,2779.0,3,2778.0,2
rb1805,20170613,20170612,210416000,2778.0,432,81774,11996460.0,2779.0,3,2778.0,2
rb1805,20170613,20170612,210416500,2778.0,432,81774,11996460.0,2779.0,4,2778.0,2
rb1805,20170613,20170612,210417000,2778.0,432,81774,11996460.0,2779.0,4,2777.0,5
rb1805,20170613,20170612,210417500,2778.0,432,81774,11996460.0,2779.0,4,2777.0,5
rb1805,20170613,20170612,210418000,2778.0,432,81774,11996460.0,2779.0,4,2777.0,14
rb1805,20170613,20170612,210418500,2778.0,432,81774,11996460.0,2779.0,4,2777.0,14
rb1805,20170613,20170612,210419500,2778.0,432,81774,11996460.0,2779.0,4,2777.0,14
rb1805,20170613,20170612,210421000,2778.0,432,81774,11996460.0,2779.0,4,2777.0,14
rb1805,20170613,20170612,210421500,2778.0,432,81774,11996460.0,2779.0,4,2778.0,3
rb1805,20170613,20170612,210422500,2778.0,432,81774,11996460.0,2779.0,4,2778.0,8
rb1805,20170613,20170612,210423500,2778.0,432,81774,11996460.0,2779.0,4,2778.0,8
rb1805,20170613,20170612,210424000,2778.0,432,81774,11996460.0,2779.0,4,2778.0,8
rb1805,20170613,20170612,210425000,2778.0,432,81774,11996460.0,2779.0,4,2778.0,8
rb1805,20170613,20170612,210426000,2778.0,432,81774,11996460.0,2779.0,7,2777.0,5
rb1805,20170613,20170612,210426500,2778.0,432,81774,11996460.0,2779.0,7,2778.0,3
rb1805,20170613,20170612,210430000,2778.0,432,81774,11996460.0,2779.0,7,2778.0,3
rb1805,20170613,20170612,210434500,2779.0,446,81776,12385520.0,2780.0,25,2779.0,8
rb1805,20170613,20170612,210435000,2779.0,446,81776,12385520.0,2780.0,24,2779.0,8
rb1805,20170613,20170612,210435500,2779.0,446,81776,12385520.0,2780.0,24,2779.0,8
rb1805,20170613,20170612,210436000,2779.0,448,81776,12441100.0,2780.0,24,2779.0,7
rb1805,20170613,20170612,210436500,2779.0,448,81776,12441100.0,2780.0,24,2779.0,7
rb1805,20170613,20170612,210438000,2779.0,448,81776,12441100.0,2780.0,24,2779.0,7
rb1805,20170613,20170612,210438500,2779.0,456,81776,12663420.0,2780.0,24,2779.0,3
rb1805,20170613,20170612,210439000,2779.0,462,81782,12830160.0,2779.0,3,2778.0,1
rb1805,20170613,20170612,210439500,2779.0,462,81782,12830160.0,2780.0,25,2778.0,1
rb1805,20170613,20170612,210440000,2779.0,462,81782,12830160.0,2780.0,24,2778.0,1
rb1805,20170613,20170612,210441000,2779.0,462,81782,12830160.0,2780.0,24,2778.0,1
rb1805,20170613,20170612,210442000,2779.0,462,81782,12830160.0,2779.0,1,2778.0,1
rb1805,20170613,20170612,210447000,2779.0,462,81782,12830160.0,2779.0,1,2778.0,2
rb1805,20170613,20170612,210448000,2779.0,462,81782,12830160.0,2779.0,1,2778.0,2
rb1805,20170613,20170612,210449000,2779.0,462,81782,12830160.0,2779.0,1,2778.0,2
rb1805,20170613,20170612,210450000,2779.0,462,81782,12830160.0,2779.0,1,2778.0,2
rb1805,20170613,20170612,210450500,2779.0,462,81782,12830160.0,2779.0,6,2778.0,2
rb1805,20170613,20170612,210451000,2778.0,464,81780,12885720.0,2779.0,8,2778.0,1
rb1805,20170613,20170612,210451500,2778.0,466,81780,12941280.0,2779.0,8,2777.0,6
rb1805,20170613,20170612,210452000,2778.0,466,81780,12941280.0,2779.0,7,2777.0,7
rb1805,20170613,20170612,210453000,2779.0,468,81780,12996860.0,2779.0,6,2777.0,7
rb1805,20170613,20170612,210456000,2779.0,468,81780,12996860.0,2779.0,6,2777.0,7
rb1805,20170613,20170612,210457000,2777.0,470,81780,13052400.0,2779.0,6,2777.0,6
rb1805,20170613,20170612,210458000,2779.0,482,81780,13385880.0,2780.0,3,2779.0,9
rb1805,20170613,20170612,210458500,2779.0,486,81782,13497040.0,2780.0,3,2779.0,7
rb1805,20170613,20170612,210459500,2779.0,488,81782,13552620.0,2780.0,3,2779.0,6
rb1805,20170613,20170612,210501000,2779.0,488,81782,13552620.0,2780.0,4,2779.0,6
rb1805,20170613,20170612,210501500,2779.0,488,81782,13552620.0,2780.0,4,2779.0,6
rb1805,20170613,20170612,210502000,2779.0,488,81782,13552620.0,2780.0,4,2779.0,7
rb1805,20170613,20170612,210503000,2779.0,490,81784,13608200.0,2780.0,4,2779.0,6
rb1805,20170613,20170612,210504000,2779.0,490,81784,13608200.0,2780.0,4,2779.0,6
rb1805,20170613,20170612,210507000,2779.0,490,81784,13608200.0,2780.0,4,2779.0,6
rb1805,20170613,20170612,210508000,2779.0,490,81784,13608200.0,2780.0,4,2779.0,6
rb1805,20170613,20170612,210508500,2779.0,490,81784,13608200.0,2780.0,4,2779.0,36
rb1805,20170613,20170612,210509000,2780.0,494,81780,13719400.0,2780.0,2,2779.0,36
rb1805,20170613,20170612,210509500,2780.0,494,81780,13719400.0,2780.0,3,2779.0,36
rb1805,20170613,20170612,210511000,2780.0,494,81780,13719400.0,2780.0,4,2779.0,36
rb1805,20170613,20170612,210512000,2780.0,494,81780,13719400.0,2780.0,6,2779.0,36
rb1805,20170613,20170612,210512500,2780.0,494,81780,13719400.0,2780.0,6,2779.0,36
rb1805,20170613,20170612,210513000,2780.0,496,81780,13775000.0,2780.0,5,2779.0,36
rb1805,20170613,20170612,210514000,2780.0,496,81780,13775000.0,2780.0,5,2779.0,36
rb1805,20170613,20170612,210518500,2780.0,496,81780,13775000.0,2780.0,6,2779.0,36
rb1805,20170613,20170612,210521000,2780.0,496,81780,13775000.0,2780.0,6,2779.0,36
rb1805,20170613,20170612,210528000,2780.0,496,81780,13775000.0,2780.0,6,2779.0,36
rb1805,20170613,20170612,210529500,2780.0,496,81780,13775000.0,2780.0,7,2779.0,36
rb1805,20170613,20170612,210530000,2780.0,496,81780,13775000.0,2780.0,7,2779.0,36
rb1805,20170613,20170612,210533500,2780.0,496,81780,13775000.0,2780.0,7,2779.0,36
rb1805,20170613,20170612,210534500,2780.0,496,81780,13775000.0,2780.0,37,2779.0,36
rb1805,20170613,20170612,210535000,2780.0,496,81780,13775000.0,2780.0,37,2779.0,36
rb1805,20170613,20170612,210536500,2780.0,496,81780,13775000.0,2780.0,37,2779.0,36
rb1805,20170613,20170612,210537000,2780.0,496,81780,13775000.0,2780.0,37,2779.0,36
rb1805,20170613,20170612,210537500,2779.0,516,81792,14330800.0,2780.0,37,2779.0,26
rb1805,20170613,20170612,210540000,2779.0,516,81792,14330800.0,2780.0,37,2779.0,26
rb1805,20170613,20170612,210540500,2779.0,516,81792,14330800.0,2780.0,37,2779.0,26
rb1805,20170613,20170612,210541500,2779.0,516,81792,14330800.0,2780.0,37,2779.0,26
rb1805,20170613,20170612,210544000,2779.0,516,81792,14330800.0,2780.0,37,2779.0,26
rb1805,20170613,20170612,210547500,2779.0,516,81792,14330800.0,2780.0,37,2779.0,26
rb1805,20170613,20170612,210548000,2779.0,534,81774,14831020.0,2780.0,37,2779.0,17
rb1805,20170613,20170612,210549000,2779.0,534,81774,14831020.0,2780.0,37,2779.0,17
rb1805,20170613,20170612,210549500,2779.0,568,81740,15775880.0,2779.0,3,2777.0,6
rb1805,20170613,20170612,210550000,2779.0,568,81740,15775880.0,2779.0,4,2777.0,6
rb1805,20170613,20170612,210550500,2779.0,568,81740,15775880.0,2779.0,4,2777.0,6
rb1805,20170613,20170612,210551000,2779.0,568,81740,15775880.0,2779.0,30,2777.0,6
rb1805,20170613,20170612,210551500,2779.0,568,81740,15775880.0,2779.0,30,2777.0,2
rb1805,20170613,20170612,210553500,2779.0,568,81740,15775880.0,2779.0,30,2777.0,2
rb1805,20170613,20170612,210556500,2779.0,568,81740,15775880.0,2779.0,30,2777.0,2
rb1805,20170613,20170612,210557000,2779.0,568,81740,15775880.0,2779.0,29,2777.0,2
rb1805,20170613,20170612,210558500,2779.0,568,81740,15775880.0,2779.0,29,2777.0,2
rb1805,20170613,20170612,210559500,2779.0,568,81740,15775880.0,2779.0,29,2777.0,2
rb1805,20170613,20170612,210600500,2779.0,568,81740,15775880.0,2779.0,29,2777.0,2
rb1805,20170613,20170612,210604000,2779.0,568,81740,15775880.0,2779.0,29,2777.0,2
rb1805,20170613,20170612,210605500,2779.0,568,81740,15775880.0,2778.0,1,2777.0,2
rb1805,20170613,20170612,210607000,2779.0,568,81740,15775880.0,2779.0,29,2777.0,2
rb1805,20170613,20170612,210608000,2779.0,568,81740,15775880.0,2779.0,29,2777.0,2
rb1805,20170613,20170612,210608500,2779.0,568,81740,15775880.0,2778.0,20,2777.0,2
rb1805,20170613,20170612,210611000,2779.0,568,81740,15775880.0,2778.0,20,2777.0,2
rb1805,20170613,20170612,210612500,2778.0,570,81740,15831440.0,2778.0,19,2777.0,2
rb1805,20170613,20170612,210613500,2778.0,570,81740,15831440.0,2778.0,19,2777.0,2
rb1805,20170613,20170612,210614000,2778.0,570,81740,15831440.0,2778.0,20,2777.0,2
rb1805,20170613,20170612,210615000,2778.0,570,81740,15831440.0,2778.0,20,2777.0,2
rb1805,20170613,20170612,210616000,2778.0,570,81740,15831440.0,2778.0,20,2777.0,2
rb1805,20170613,20170612,210619000,2778.0,574,81740,15942560.0,2778.0,18,2777.0,2
rb1805,20170613,20170612,210619500,2778.0,574,81740,15942560.0,2778.0,18,2777.0,2
rb1805,20170613,20170612,210620000,2778.0,574,81740,15942560.0,2778.0,18,2777.0,2
rb1805,20170613,20170612,210622500,2778.0,574,81740,15942560.0,2778.0,18,2777.0,2
rb1805,20170613,20170612,210628500,2778.0,574,81740,15942560.0,2778.0,18,2777.0,2
rb1805,20170613,20170612,210632000,2778.0,574,81740,15942560.0,2778.0,18,2777.0,2
rb1805,20170613,20170612,210635500,2777.0,576,81738,15998100.0,2778.0,18,2777.0,1
rb1805,20170613,20170612,210636000,2778.0,578,81738,16053660.0,2778.0,17,2777.0,1
rb1805,20170613,20170612,210639500,2778.0,578,81738,16053660.0,2778.0,17,2777.0,6
rb1805,20170613,20170612,210642500,2778.0,586,81738,16275900.0,2778.0,13,2777.0,6
rb1805,20170613,20170612,210643000,2778.0,598,81736,16609260.0,2778.0,7,2777.0,6
rb1805,20170613,20170612,210643500,2778.0,612,81722,16998180.0,2779.0,4,2778.0,7
rb1805,20170613,20170612,210644000,2778.0,612,81722,16998180.0,2779.0,3,2778.0,3
rb1805,20170613,20170612,210645000,2778.0,612,81722,16998180.0,2779.0,3,2778.0,3
rb1805,20170613,20170612,210650500,2778.0,612,81722,16998180.0,2779.0,3,2778.0,3
rb1805,20170613,20170612,210652000,2778.0,612,81722,16998180.0,2779.0,3,2778.0,3
rb1805,20170613,20170612,210652500,2778.0,612,81722,16998180.0,2779.0,3,2778.0,8
rb1805,20170613,20170612,210653500,2779.0,618,81722,17164920.0,2780.0,5,2778.0,8
rb1805,20170613,20170612,210654000,2779.0,618,81722,17164920.0,2780.0,5,2779.0,2
rb1805,20170613,20170612,210655000,2779.0,618,81722,17164920.0,2780.0,5,2779.0,5
rb1805,20170613,20170612,210657500,2779.0,628,81722,17442820.0,2780.0,5,2778.0,8
rb1805,20170613,20170612,210658000,2780.0,630,81722,17498420.0,2780.0,4,2779.0,2
rb1805,20170613,20170612,210659500,2780.0,630,81722,17498420.0,2780.0,4,2779.0,7
rb1805,20170613,20170612,210700000,2780.0,634,81722,17609620.0,2780.0,2,2779.0,7
rb1805,20170613,20170612,210701000,2780.0,634,81722,17609620.0,2780.0,2,2779.0,7
rb1805,20170613,20170612,210701500,2780.0,634,81722,17609620.0,2780.0,2,2779.0,7
rb1805,20170613,20170612,210702500,2780.0,634,81722,17609620.0,2780.0,3,2779.0,7
rb1805,20170613,20170612,210703000,2780.0,640,81722,17776420.0,2781.0,2,2780.0,5
rb1805,20170613,20170612,210703500,2780.0,640,81722,17776420.0,2781.0,2,2779.0,7
rb1805,20170613,20170612,210705000,2780.0,640,81722,17776420.0,2781.0,2,2779.0,7
rb1805,20170613,20170612,210707000,2780.0,640,81722,17776420.0,2781.0,2,2779.0,7
rb1805,20170613,20170612,210708000,2781.0,642,81724,17832040.0,2781.0,1,2779.0,7
rb1805,20170613,20170612,210709000,2781.0,642,81724,17832040.0,2781.0,1,2779.0,7
rb1805,20170613,20170612,210710000,2781.0,644,81724,17887660.0,2782.0,1,2781.0,15
rb1805,20170613,20170612,210710500,2781.0,648,81726,17998900.0,2782.0,1,2781.0,13
rb1805,20170613,20170612,210711000,2781.0,648,81726,17998900.0,2782.0,1,2781.0,13
rb1805,20170613,20170612,210711500,2781.0,648,81726,17998900.0,2782.0,1,2781.0,13
rb1805,20170613,20170612,210712000,2781.0,648,81726,17998900.0,2782.0,1,2781.0,13
rb1805,20170613,20170612,210712500,2781.0,648,81726,17998900.0,2782.0,1,2781.0,13
rb1805,20170613,20170612,210713000,2781.0,648,81726,17998900.0,2782.0,1,2781.0,13
rb1805,20170613,20170612,210713500,2781.0,648,81726,17998900.0,2782.0,1,2781.0,13
rb1805,20170613,20170612,210715000,2781.0,648,81726,17998900.0,2782.0,6,2781.0,13
rb1805,20170613,20170612,210715500,2781.0,656,81726,18221380.0,2782.0,7,2781.0,9
rb1805,20170613,20170612,210716000,2781.0,668,81738,18555100.0,2782.0,7,2781.0,3
rb1805,20170613,20170612,210716500,2781.0,674,81742,18721960.0,2781.0,5,2780.0,3
rb1805,20170613,20170612,210717000,2781.0,674,81742,18721960.0,2782.0,7,2780.0,3
rb1805,20170613,20170612,210717500,2781.0,676,81742,18777580.0,2781.0,4,2780.0,3
rb1805,20170613,20170612,210718000,2781.0,676,81742,18777580.0,2781.0,4,2780.0,3
rb1805,20170613,20170612,210719000,2781.0,676,81742,18777580.0,2781.0,4,2780.0,3
rb1805,20170613,20170612,210721000,2781.0,678,81742,18833200.0,2781.0,3,2780.0,3
rb1805,20170613,20170612,210721500,2781.0,684,81742,19000060.0,2782.0,9,2781.0,17
rb1805,20170613,20170612,210722000,2781.0,684,81742,19000060.0,2782.0,4,2781.0,17
rb1805,20170613,20170612,210724000,2781.0,686,81742,19055680.0,2782.0,4,2781.0,16
rb1805,20170613,20170612,210726500,2781.0,686,81742,19055680.0,2782.0,4,2781.0,16
rb1805,20170613,20170612,210728000,2781.0,686,81742,19055680.0,2782.0,18,2781.0,16
rb1805,20170613,20170612,210729000,2781.0,686,81742,19055680.0,2782.0,18,2781.0,16
rb1805,20170613,20170612,210729500,2781.0,686,81742,19055680.0,2782.0,18,2781.0,16
rb1805,20170613,20170612,210730500,2781.0,686,81742,19055680.0,2782.0,36,2781.0,16
rb1805,20170613,20170612,210732000,2781.0,688,81742,19111300.0,2782.0,36,2781.0,15
rb1805,20170613,20170612,210732500,2781.0,690,81742,19166920.0,2782.0,36,2781.0,14
rb1805,20170613,20170612,210733500,2781.0,692,81742,19222540.0,2782.0,36,2781.0,13
rb1805,20170613,20170612,210734000,2781.0,692,81742,19222540.0,2782.0,36,2781.0,13
rb1805,20170613,20170612,210734500,2781.0,696,81742,19333780.0,2782.0,34,2781.0,11
rb1805,20170613,20170612,210735500,2781.0,696,81742,19333780.0,2782.0,34,2781.0,11
rb1805,20170613,20170612,210738000,2781.0,696,81742,19333780.0,2782.0,34,2781.0,11
rb1805,20170613,20170612,210738500,2781.0,696,81742,19333780.0,2782.0,34,2781.0,16
rb1805,20170613,20170612,210741000,2782.0,700,81742,19445060.0,2782.0,32,2781.0,16
rb1805,20170613,20170612,210741500,2782.0,700,81742,19445060.0,2782.0,32,2781.0,16
rb1805,20170613,20170612,210742000,2782.0,700,81742,19445060.0,2782.0,32,2781.0,16
rb1805,20170613,20170612,210742500,2782.0,700,81742,19445060.0,2782.0,32,2781.0,16
rb1805,20170613,20170612,210744000,2782.0,700,81742,19445060.0,2782.0,32,2781.0,11
rb1805,20170613,20170612,210745500,2782.0,700,81742,19445060.0,2782.0,32,2781.0,11
rb1805,20170613,20170612,210747000,2782.0,700,81742,19445060.0,2782.0,32,2781.0,11
rb1805,20170613,20170612,210748000,2782.0,700,81742,19445060.0,2782.0,32,2781.0,16
rb1805,20170613,20170612,210749000,2782.0,702,81742,19500700.0,2782.0,31,2781.0,16
rb1805,20170613,20170612,210749500,2782.0,702,81742,19500700.0,2782.0,31,2781.0,16
rb1805,20170613,20170612,210752500,2782.0,702,81742,19500700.0,2782.0,31,2781.0,11
rb1805,20170613,20170612,210753000,2782.0,702,81742,19500700.0,2782.0,31,2781.0,11
rb1805,20170613,20170612,210753500,2782.0,702,81742,19500700.0,2782.0,32,2781.0,11
rb1805,20170613,20170612,210754500,2782.0,702,81742,19500700.0,2782.0,32,2781.0,11
rb1805,20170613,20170612,210755000,2782.0,704,81742,19556340.0,2782.0,31,2781.0,11
rb1805,20170613,20170612,210756000,2782.0,704,81742,19556340.0,2782.0,31,2781.0,11
rb1805,20170613,20170612,210759000,2782.0,704,81742,19556340.0,2782.0,31,2781.0,11
rb1805,20170613,20170612,210805000,2782.0,706,81742,19611980.0,2782.0,30,2781.0,11
rb1805,20170613,20170612,210806000,2782.0,706,81742,19611980.0,2782.0,30,2781.0,11
rb1805,20170613,20170612,210807500,2782.0,706,81742,19611980.0,2782.0,30,2781.0,11
rb1805,20170613,20170612,210808500,2782.0,706,81742,19611980.0,2782.0,30,2781.0,11
rb1805,20170613,20170612,210810000,2782.0,706,81742,19611980.0,2782.0,36,2781.0,12
rb1805,20170613,20170612,210812000,2782.0,734,81742,20390860.0,2782.0,26,2781.0,8
rb1805,20170613,20170612,210812500,2782.0,734,81742,20390860.0,2782.0,20,2781.0,8
rb1805,20170613,20170612,210813500,2782.0,736,81742,20446500.0,2782.0,19,2781.0,8
rb1805,20170613,20170612,210814000,2782.0,736,81742,20446500.0,2782.0,19,2781.0,8
rb1805,20170613,20170612,210814500,2782.0,738,81742,20502140.0,2782.0,18,2781.0,8
rb1805,20170613,20170612,210815000,2782.0,738,81742,20502140.0,2782.0,19,2781.0,8
rb1805,20170613,20170612,210815500,2782.0,738,81742,20502140.0,2782.0,20,2781.0,8
rb1805,20170613,20170612,210816000,2782.0,758,81742,21058540.0,2782.0,10,2781.0,8
rb1805,20170613,20170612,210819500,2781.0,780,81744,21670560.0,2783.0,3,2781.0,7
rb1805,20170613,20170612,210820000,2781.0,780,81744,21670560.0,2783.0,3,2781.0,7
rb1805,20170613,20170612,210821000,2781.0,780,81744,21670560.0,2783.0,3,2781.0,7
rb1805,20170613,20170612,210821500,2781.0,780,81744,21670560.0,2783.0,3,2782.0,2
rb1805,20170613,20170612,210822000,2782.0,784,81746,21781840.0,2782.0,2,2781.0,7
rb1805,20170613,20170612,210822500,2782.0,784,81746,21781840.0,2783.0,3,2781.0,7
rb1805,20170613,20170612,210826500,2782.0,784,81746,21781840.0,2783.0,8,2781.0,7
rb1805,20170613,20170612,210827000,2782.0,784,81746,21781840.0,2783.0,10,2781.0,7
rb1805,20170613,20170612,210828500,2782.0,784,81746,21781840.0,2782.0,2,2781.0,7
rb1805,20170613,20170612,210829000,2781.0,798,81754,22171180.0,2781.0,1,2780.0,5
rb1805,20170613,20170612,210829500,2780.0,800,81754,22226780.0,2781.0,2,2780.0,4
rb1805,20170613,20170612,210830000,2780.0,800,81754,22226780.0,2781.0,2,2780.0,4
rb1805,20170613,20170612,210832500,2780.0,800,81754,22226780.0,2781.0,2,2780.0,4
rb1805,20170613,20170612,210833000,2780.0,800,81754,22226780.0,2781.0,2,2780.0,4
rb1805,20170613,20170612,210833500,2780.0,804,81758,22337980.0,2781.0,2,2780.0,2
rb1805,20170613,20170612,210837500,2780.0,804,81758,22337980.0,2781.0,2,2780.0,2
rb1805,20170613,20170612,210843500,2780.0,804,81758,22337980.0,2781.0,2,2780.0,2
rb1805,20170613,20170612,210844500,2780.0,804,81758,22337980.0,2781.0,2,2780.0,2
rb1805,20170613,20170612,210845000,2780.0,804,81758,22337980.0,2782.0,8,2780.0,2
rb1805,20170613,20170612,210845500,2780.0,804,81758,22337980.0,2782.0,8,2780.0,2
rb1805,20170613,20170612,210849000,2782.0,806,81756,22393620.0,2782.0,7,2780.0,2
rb1805,20170613,20170612,210849500,2782.0,806,81756,22393620.0,2782.0,7,2781.0,2
rb1805,20170613,20170612,210850000,2782.0,806,81756,22393620.0,2782.0,2,2781.0,2
rb1805,20170613,20170612,210852000,2782.0,806,81756,22393620.0,2782.0,2,2781.0,2
rb1805,20170613,20170612,210852500,2781.0,810,81760,22504860.0,2782.0,2,2780.0,4
rb1805,20170613,20170612,210853000,2781.0,810,81760,22504860.0,2782.0,2,2780.0,4
rb1805,20170613,20170612,210855500,2781.0,810,81760,22504860.0,2781.0,3,2780.0,4
rb1805,20170613,20170612,210856000,2781.0,810,81760,22504860.0,2781.0,3,2780.0,4
rb1805,20170613,20170612,210856500,2781.0,810,81760,22504860.0,2781.0,3,2780.0,5
rb1805,20170613,20170612,210858000,2781.0,810,81760,22504860.0,2781.0,1,2780.0,5
rb1805,20170613,20170612,210859500,2781.0,810,81760,22504860.0,2781.0,1,2780.0,5
rb1805,20170613,20170612,210901000,2781.0,810,81760,22504860.0,2781.0,2,2780.0,5
rb1805,20170613,20170612,210902000,2781.0,810,81760,22504860.0,2781.0,2,2780.0,8
rb1805,20170613,20170612,210905500,2781.0,814,81760,22616100.0,2782.0,2,2781.0,3
rb1805,20170613,20170612,210906500,2781.0,816,81760,22671720.0,2782.0,2,2781.0,2
rb1805,20170613,20170612,210910000,2781.0,816,81760,22671720.0,2782.0,2,2781.0,2
rb1805,20170613,20170612,210910500,2781.0,818,81762,22727340.0,2782.0,2,2781.0,1
rb1805,20170613,20170612,210912500,2781.0,818,81762,22727340.0,2782.0,2,2781.0,1
rb1805,20170613,20170612,210914500,2781.0,818,81762,22727340.0,2782.0,3,2781.0,1
rb1805,20170613,20170612,210915000,2781.0,818,81762,22727340.0,2782.0,3,2781.0,1
rb1805,20170613,20170612,210916000,2782.0,824,81762,22894260.0,2782.0,1,2781.0,1
rb1805,20170613,20170612,210916500,2782.0,824,81762,22894260.0,2782.0,1,2781.0,1
rb1805,20170613,20170612,210919000,2782.0,824,81762,22894260.0,2782.0,1,2781.0,1
rb1805,20170613,20170612,210920500,2781.0,826,81764,22949880.0,2782.0,1,2780.0,11
rb1805,20170613,20170612,210923500,2781.0,826,81764,22949880.0,2782.0,1,2780.0,11
rb1805,20170613,20170612,210926500,2781.0,826,81764,22949880.0,2782.0,1,2780.0,21
rb1805,20170613,20170612,210927000,2781.0,826,81764,22949880.0,2782.0,2,2780.0,21
rb1805,20170613,20170612,210927500,2781.0,826,81764,22949880.0,2781.0,1,2780.0,21
rb1805,20170613,20170612,210928500,2781.0,826,81764,22949880.0,2781.0,1,2780.0,21
rb1805,20170613,20170612,210932000,2781.0,828,81766,23005500.0,2782.0,2,2780.0,21
rb1805,20170613,20170612,210932500,2781.0,828,81766,23005500.0,2782.0,2,2780.0,21
rb1805,20170613,20170612,210934500,2781.0,828,81766,23005500.0,2782.0,3,2780.0,21
rb1805,20170613,20170612,210935500,2781.0,828,81766,23005500.0,2781.0,1,2780.0,21
rb1805,20170613,20170612,210937500,2781.0,828,81766,23005500.0,2781.0,1,2780.0,20
rb1805,20170613,20170612,210938000,2781.0,828,81766,23005500.0,2781.0,2,2780.0,20
rb1805,20170613,20170612,210940000,2781.0,830,81766,23061120.0,2781.0,1,2780.0,20
rb1805,20170613,20170612,210941000,2781.0,832,81766,23116740.0,2782.0,3,2780.0,20
rb1805,20170613,20170612,210941500,2781.0,832,81766,23116740.0,2782.0,3,2780.0,20
rb1805,20170613,20170612,210944500,2781.0,832,81766,23116740.0,2781.0,5,2780.0,20
rb1805,20170613,20170612,210945000,2781.0,832,81766,23116740.0,2781.0,7,2780.0,20
rb1805,20170613,20170612,210945500,2781.0,832,81766,23116740.0,2781.0,7,2780.0,20
rb1805,20170613,20170612,210949000,2781.0,834,81766,23172360.0,2781.0,6,2780.0,20
rb1805,20170613,20170612,210951500,2781.0,834,81766,23172360.0,2781.0,7,2780.0,20
rb1805,20170613,20170612,210952500,2781.0,834,81766,23172360.0,2781.0,7,2780.0,20
rb1805,20170613,20170612,210953000,2780.0,836,81768,23227960.0,2781.0,7,2780.0,19
rb1805,20170613,20170612,210959000,2780.0,836,81768,23227960.0,2781.0,7,2780.0,19
rb1805,20170613,20170612,211000500,2780.0,836,81768,23227960.0,2781.0,7,2780.0,19
rb1805,20170613,20170612,211004000,2780.0,836,81768,23227960.0,2781.0,7,2780.0,18
rb1805,20170613,20170612,211005000,2781.0,838,81768,23283580.0,2781.0,6,2780.0,18
rb1805,20170613,20170612,211006500,2781.0,838,81768,23283580.0,2781.0,6,2780.0,18
rb1805,20170613,20170612,211007000,2781.0,838,81768,23283580.0,2781.0,6,2780.0,18
rb1805,20170613,20170612,211010000,2780.0,842,81768,23394780.0,2781.0,6,2780.0,16
rb1805,20170613,20170612,211017500,2780.0,842,81768,23394780.0,2781.0,6,2780.0,16
rb1805,20170613,20170612,211018000,2780.0,842,81768,23394780.0,2781.0,7,2780.0,16
rb1805,20170613,20170612,211019500,2781.0,844,81768,23450400.0,2781.0,6,2780.0,16
rb1805,20170613,20170612,211023500,2780.0,876,81762,24340000.0,2781.0,6,2779.0,5
rb1805,20170613,20170612,211024500,2780.0,876,81762,24340000.0,2781.0,6,2779.0,5
rb1805,20170613,20170612,211027500,2780.0,876,81762,24340000.0,2781.0,6,2780.0,5
rb1805,20170613,20170612,211031500,2780.0,878,81762,24395600.0,2781.0,6,2780.0,4
rb1805,20170613,20170612,211032000,2781.0,882,81758,24506840.0,2781.0,4,2780.0,10
rb1805,20170613,20170612,211032500,2781.0,884,81756,24562460.0,2781.0,3,2780.0,10
rb1805,20170613,20170612,211035000,2781.0,884,81756,24562460.0,2781.0,19,2780.0,10
rb1805,20170613,20170612,211037000,2781.0,884,81756,24562460.0,2781.0,19,2780.0,9
rb1805,20170613,20170612,211037500,2781.0,884,81756,24562460.0,2781.0,19,2780.0,9
rb1805,20170613,20170612,211038000,2781.0,886,81754,24618080.0,2781.0,18,2780.0,4
rb1805,20170613,20170612,211041000,2781.0,886,81754,24618080.0,2781.0,18,2780.0,4
rb1805,20170613,20170612,211044500,2780.0,894,81754,24840480.0,2780.0,3,2779.0,5
rb1805,20170613,20170612,211045000,2780.0,902,81754,25062880.0,2781.0,18,2780.0,3
rb1805,20170613,20170612,211045500,2780.0,902,81754,25062880.0,2781.0,18,2780.0,2
rb1805,20170613,20170612,211046500,2780.0,902,81754,25062880.0,2781.0,18,2780.0,2
rb1805,20170613,20170612,211047500,2780.0,902,81754,25062880.0,2781.0,18,2780.0,12
rb1805,20170613,20170612,211050500,2780.0,904,81754,25118480.0,2781.0,18,2780.0,10
rb1805,20170613,20170612,211053500,2780.0,904,81754,25118480.0,2781.0,18,2780.0,14
rb1805,20170613,20170612,211054000,2780.0,904,81754,25118480.0,2781.0,18,2780.0,14
rb1805,20170613,20170612,211054500,2780.0,904,81754,25118480.0,2781.0,18,2780.0,16
rb1805,20170613,20170612,211055000,2781.0,914,81754,25396580.0,2781.0,13,2780.0,16
rb1805,20170613,20170612,211056000,2781.0,914,81754,25396580.0,2781.0,13,2780.0,16
rb1805,20170613,20170612,211057000,2781.0,914,81754,25396580.0,2781.0,14,2780.0,16
rb1805,20170613,20170612,211059000,2781.0,914,81754,25396580.0,2781.0,14,2780.0,17
rb1805,20170613,20170612,211101000,2781.0,914,81754,25396580.0,2781.0,14,2780.0,17
rb1805,20170613,20170612,211103000,2781.0,914,81754,25396580.0,2781.0,14,2780.0,17
rb1805,20170613,20170612,211104000,2780.0,916,81756,25452180.0,2781.0,14,2780.0,16
rb1805,20170613,20170612,211107500,2780.0,918,81758,25507780.0,2781.0,14,2780.0,15
rb1805,20170613,20170612,211109500,2780.0,918,81758,25507780.0,2781.0,14,2780.0,15
rb1805,20170613,20170612,211112500,2780.0,918,81758,25507780.0,2781.0,14,2780.0,15
rb1805,20170613,20170612,211117000,2780.0,918,81758,25507780.0,2781.0,14,2780.0,15
rb1805,20170613,20170612,211120500,2780.0,918,81758,25507780.0,2781.0,14,2780.0,15
rb1805,20170613,20170612,211121000,2780.0,918,81758,25507780.0,2781.0,14,2780.0,15
rb1805,20170613,20170612,211134000,2780.0,918,81758,25507780.0,2781.0,14,2780.0,15
rb1805,20170613,20170612,211136500,2780.0,920,81758,25563380.0,2781.0,14,2780.0,14
rb1805,20170613,20170612,211137500,2780.0,920,81758,25563380.0,2781.0,14,2780.0,14
rb1805,20170613,20170612,211138000,2780.0,920,81758,25563380.0,2781.0,14,2780.0,24
rb1805,20170613,20170612,211138500,2780.0,924,81762,25674580.0,2781.0,14,2780.0,22
rb1805,20170613,20170612,211141000,2781.0,952,81736,26453260.0,2782.0,5,2780.0,22
rb1805,20170613,20170612,211142000,2781.0,952,81736,26453260.0,2782.0,5,2780.0,22
rb1805,20170613,20170612,211146000,2781.0,952,81736,26453260.0,2782.0,10,2780.0,22
rb1805,20170613,20170612,211147000,2781.0,952,81736,26453260.0,2782.0,10,2780.0,22
rb1805,20170613,20170612,211147500,2782.0,956,81736,26564540.0,2782.0,8,2780.0,22
rb1805,20170613,20170612,211149000,2782.0,956,81736,26564540.0,2782.0,13,2780.0,32
rb1805,20170613,20170612,211150000,2782.0,958,81738,26620180.0,2782.0,12,2780.0,32
rb1805,20170613,20170612,211150500,2782.0,958,81738,26620180.0,2782.0,12,2781.0,7
rb1805,20170613,20170612,211151000,2781.0,962,81738,26731420.0,2782.0,12,2781.0,5
rb1805,20170613,20170612,211151500,2782.0,964,81740,26787060.0,2782.0,11,2781.0,5
rb1805,20170613,20170612,211154500,2782.0,964,81740,26787060.0,2782.0,11,2781.0,3
rb1805,20170613,20170612,211155500,2782.0,966,81740,26842700.0,2782.0,10,2781.0,3
rb1805,20170613,20170612,211156500,2782.0,966,81740,26842700.0,2782.0,10,2781.0,3
rb1805,20170613,20170612,211157500,2782.0,966,81740,26842700.0,2782.0,10,2781.0,5
rb1805,20170613,20170612,211200500,2782.0,966,81740,26842700.0,2782.0,11,2781.0,5
rb1805,20170613,20170612,211202000,2782.0,966,81740,26842700.0,2782.0,11,2781.0,15
rb1805,20170613,20170612,211203000,2783.0,990,81740,27510400.0,2783.0,9,2781.0,15
rb1805,20170613,20170612,211203500,2783.0,990,81740,27510400.0,2782.0,1,2781.0,15
rb1805,20170613,20170612,211204500,2783.0,990,81740,27510400.0,2782.0,1,2781.0,15
rb1805,20170613,20170612,211205000,2783.0,990,81740,27510400.0,2783.0,9,2781.0,15
rb1805,20170613,20170612,211207500,2783.0,990,81740,27510400.0,2783.0,9,2781.0,15
rb1805,20170613,20170612,211208000,2783.0,990,81740,27510400.0,2783.0,9,2781.0,15
rb1805,20170613,20170612,211208500,2783.0,990,81740,27510400.0,2783.0,9,2782.0,5
rb1805,20170613,20170612,211209000,2783.0,990,81740,27510400.0,2783.0,4,2782.0,5
rb1805,20170613,20170612,211211500,2783.0,990,81740,27510400.0,2783.0,4,2782.0,5
rb1805,20170613,20170612,211212500,2783.0,992,81740,27566060.0,2783.0,3,2782.0,5
rb1805,20170613,20170612,211213000,2783.0,992,81740,27566060.0,2783.0,3,2782.0,5
rb1805,20170613,20170612,211215000,2783.0,992,81740,27566060.0,2783.0,13,2782.0,5
rb1805,20170613,20170612,211217000,2783.0,994,81742,27621720.0,2783.0,12,2782.0,5
rb1805,20170613,20170612,211217500,2782.0,1002,81742,27844280.0,2783.0,12,2782.0,1
rb1805,20170613,20170612,211218000,2782.0,1002,81742,27844280.0,2783.0,12,2781.0,20
rb1805,20170613,20170612,211221500,2782.0,1002,81742,27844280.0,2783.0,13,2781.0,20
rb1805,20170613,20170612,211223500,2782.0,1002,81742,27844280.0,2783.0,13,2781.0,20
rb1805,20170613,20170612,211224500,2782.0,1002,81742,27844280.0,2783.0,13,2781.0,20
rb1805,20170613,20170612,211225500,2782.0,1002,81742,27844280.0,2783.0,13,2781.0,25
rb1805,20170613,20170612,211226000,2782.0,1002,81742,27844280.0,2783.0,13,2781.0,25
rb1805,20170613,20170612,211226500,2782.0,1002,81742,27844280.0,2783.0,13,2781.0,25
rb1805,20170613,20170612,211228000,2782.0,1002,81742,27844280.0,2783.0,13,2781.0,25
rb1805,20170613,20170612,211229500,2782.0,1002,81742,27844280.0,2783.0,13,2782.0,1
rb1805,20170613,20170612,211230000,2782.0,1002,81742,27844280.0,2783.0,13,2782.0,6
rb1805,20170613,20170612,211230500,2783.0,1010,81734,28066920.0,2783.0,8,2782.0,6
rb1805,20170613,20170612,211231000,2783.0,1026,81718,28512200.0,2784.0,3,2782.0,6
rb1805,20170613,20170612,211231500,2783.0,1026,81718,28512200.0,2784.0,3,2782.0,6
rb1805,20170613,20170612,211232500,2782.0,1030,81722,28623480.0,2784.0,3,2782.0,4
rb1805,20170613,20170612,211233000,2782.0,1030,81722,28623480.0,2784.0,3,2782.0,4
rb1805,20170613,20170612,211234000,2782.0,1030,81722,28623480.0,2784.0,2,2782.0,6
rb1805,20170613,20170612,211237500,2782.0,1030,81722,28623480.0,2784.0,3,2782.0,6
rb1805,20170613,20170612,211238000,2782.0,1030,81722,28623480.0,2784.0,3,2782.0,7
rb1805,20170613,20170612,211238500,2782.0,1032,81724,28679120.0,2784.0,3,2782.0,8
rb1805,20170613,20170612,211239000,2782.0,1032,81724,28679120.0,2783.0,4,2782.0,8
rb1805,20170613,20170612,211241500,2782.0,1032,81724,28679120.0,2783.0,4,2782.0,5
rb1805,20170613,20170612,211242500,2782.0,1032,81724,28679120.0,2783.0,4,2782.0,3
rb1805,20170613,20170612,211243500,2782.0,1032,81724,28679120.0,2783.0,4,2782.0,3
rb1805,20170613,20170612,211245000,2782.0,1032,81724,28679120.0,2783.0,4,2782.0,3
rb1805,20170613,20170612,211245500,2782.0,1032,81724,28679120.0,2783.0,4,2782.0,3
rb1805,20170613,20170612,211247500,2782.0,1032,81724,28679120.0,2783.0,4,2782.0,3
rb1805,20170613,20170612,211249000,2782.0,1032,81724,28679120.0,2783.0,5,2782.0,3
rb1805,20170613,20170612,211250000,2782.0,1032,81724,28679120.0,2783.0,5,2782.0,3
rb1805,20170613,20170612,211250500,2782.0,1038,81724,28846040.0,2782.0,1,2781.0,26
rb1805,20170613,20170612,211251000,2782.0,1040,81724,28901680.0,2783.0,5,2782.0,1
rb1805,20170613,20170612,211252500,2783.0,1042,81726,28957340.0,2783.0,4,2781.0,26
rb1805,20170613,20170612,211253000,2783.0,1042,81726,28957340.0,2783.0,4,2781.0,26
rb1805,20170613,20170612,211255500,2783.0,1050,81726,29179980.0,2784.0,3,2783.0,5
rb1805,20170613,20170612,211256000,2783.0,1052,81724,29235640.0,2784.0,4,2783.0,4
rb1805,20170613,20170612,211256500,2783.0,1056,81720,29346960.0,2784.0,4,2783.0,4
rb1805,20170613,20170612,211257000,2783.0,1056,81720,29346960.0,2784.0,4,2783.0,5
rb1805,20170613,20170612,211301000,2783.0,1056,81720,29346960.0,2784.0,3,2783.0,5
rb1805,20170613,20170612,211306500,2783.0,1056,81720,29346960.0,2784.0,3,2783.0,5
rb1805,20170613,20170612,211307000,2783.0,1056,81720,29346960.0,2784.0,3,2783.0,5
rb1805,20170613,20170612,211308000,2784.0,1058,81720,29402640.0,2784.0,2,2783.0,5
rb1805,20170613,20170612,211308500,2784.0,1058,81720,29402640.0,2784.0,2,2783.0,5
rb1805,20170613,20170612,211313000,2784.0,1058,81720,29402640.0,2784.0,2,2783.0,5
rb1805,20170613,20170612,211313500,2784.0,1060,81720,29458320.0,2784.0,1,2783.0,5
rb1805,20170613,20170612,211315500,2784.0,1060,81720,29458320.0,2784.0,1,2783.0,5
rb1805,20170613,20170612,211318500,2784.0,1060,81720,29458320.0,2784.0,1,2783.0,8
rb1805,20170613,20170612,211321500,2784.0,1060,81720,29458320.0,2784.0,1,2783.0,8
rb1805,20170613,20170612,211322500,2784.0,1060,81720,29458320.0,2784.0,1,2783.0,8
rb1805,20170613,20170612,211324500,2784.0,1062,81718,29514000.0,2785.0,31,2784.0,5
rb1805,20170613,20170612,211325000,2784.0,1062,81718,29514000.0,2785.0,31,2784.0,6
rb1805,20170613,20170612,211325500,2784.0,1062,81718,29514000.0,2785.0,31,2784.0,5
rb1805,20170613,20170612,211326000,2784.0,1062,81718,29514000.0,2785.0,31,2784.0,5
rb1805,20170613,20170612,211327500,2784.0,1062,81718,29514000.0,2785.0,32,2784.0,5
rb1805,20170613,20170612,211328000,2784.0,1062,81718,29514000.0,2785.0,32,2784.0,5
rb1805,20170613,20170612,211330000,2784.0,1062,81718,29514000.0,2785.0,32,2784.0,5
rb1805,20170613,20170612,211330500,2785.0,1072,81708,29792500.0,2785.0,27,2783.0,8
rb1805,20170613,20170612,211331000,2783.0,1074,81706,29848160.0,2785.0,27,2784.0,1
rb1805,20170613,20170612,211333000,2783.0,1074,81706,29848160.0,2785.0,27,2784.0,1
rb1805,20170613,20170612,211333500,2785.0,1082,81708,30070960.0,2785.0,23,2784.0,1
rb1805,20170613,20170612,211334000,2785.0,1082,81708,30070960.0,2785.0,23,2784.0,21
rb1805,20170613,20170612,211335000,2785.0,1082,81708,30070960.0,2785.0,23,2784.0,21
rb1805,20170613,20170612,211339000,2785.0,1082,81708,30070960.0,2785.0,23,2784.0,21
rb1805,20170613,20170612,211340000,2784.0,1084,81708,30126640.0,2785.0,23,2784.0,20
rb1805,20170613,20170612,211340500,2785.0,1114,81678,30962140.0,2785.0,8,2784.0,20
rb1805,20170613,20170612,211341500,2784.0,1124,81678,31240540.0,2785.0,8,2784.0,15
rb1805,20170613,20170612,211344000,2784.0,1124,81678,31240540.0,2785.0,8,2784.0,15
rb1805,20170613,20170612,211345000,2784.0,1124,81678,31240540.0,2785.0,8,2784.0,15
rb1805,20170613,20170612,211345500,2785.0,1134,81678,31519040.0,2785.0,3,2784.0,15
rb1805,20170613,20170612,211346500,2785.0,1134,81678,31519040.0,2785.0,3,2784.0,15
rb1805,20170613,20170612,211349500,2785.0,1142,81678,31741820.0,2787.0,5,2786.0,2
rb1805,20170613,20170612,211350000,2786.0,1146,81682,31853260.0,2786.0,10,2784.0,14
rb1805,20170613,20170612,211350500,2786.0,1148,81682,31908980.0,2786.0,3,2784.0,14
rb1805,20170613,20170612,211351500,2785.0,1154,81682,32076080.0,2786.0,3,2785.0,4
rb1805,20170613,20170612,211352000,2785.0,1156,81682,32131780.0,2786.0,3,2785.0,18
rb1805,20170613,20170612,211353500,2785.0,1166,81682,32410280.0,2786.0,3,2785.0,13
rb1805,20170613,20170612,211354000,2785.0,1166,81682,32410280.0,2786.0,3,2785.0,13
rb1805,20170613,20170612,211356000,2785.0,1168,81682,32465980.0,2786.0,3,2785.0,12
rb1805,20170613,20170612,211356500,2785.0,1170,81684,32521680.0,2786.0,1,2785.0,11
rb1805,20170613,20170612,211357000,2785.0,1170,81684,32521680.0,2786.0,1,2785.0,11
rb1805,20170613,20170612,211359000,2785.0,1170,81684,32521680.0,2786.0,1,2785.0,11
rb1805,20170613,20170612,211359500,2785.0,1172,81684,32577380.0,2786.0,1,2785.0,10
rb1805,20170613,20170612,211400500,2786.0,1176,81684,32688800.0,2787.0,6,2785.0,9
rb1805,20170613,20170612,211401500,2786.0,1176,81684,32688800.0,2786.0,3,2785.0,9
rb1805,20170613,20170612,211402000,2786.0,1176,81684,32688800.0,2787.0,6,2785.0,9
rb1805,20170613,20170612,211403000,2786.0,1176,81684,32688800.0,2787.0,6,2785.0,12
rb1805,20170613,20170612,211403500,2786.0,1178,81684,32744520.0,2787.0,6,2785.0,12
rb1805,20170613,20170612,211404000,2786.0,1178,81684,32744520.0,2787.0,5,2785.0,12
rb1805,20170613,20170612,211405500,2787.0,1190,81688,33078960.0,2788.0,10,2787.0,9
rb1805,20170613,20170612,211406000,2787.0,1190,81688,33078960.0,2788.0,11,2787.0,9
rb1805,20170613,20170612,211407000,2787.0,1190,81688,33078960.0,2788.0,11,2787.0,9
rb1805,20170613,20170612,211407500,2787.0,1190,81688,33078960.0,2788.0,11,2787.0,9
rb1805,20170613,20170612,211408000,2787.0,1190,81688,33078960.0,2788.0,10,2787.0,9
rb1805,20170613,20170612,211408500,2787.0,1192,81688,33134700.0,2788.0,10,2787.0,8
rb1805,20170613,20170612,211409000,2787.0,1194,81688,33190440.0,2788.0,10,2787.0,8
rb1805,20170613,20170612,211410500,2787.0,1194,81688,33190440.0,2788.0,16,2787.0,8
rb1805,20170613,20170612,211411000,2787.0,1196,81688,33246180.0,2788.0,16,2787.0,7
rb1805,20170613,20170612,211411500,2787.0,1196,81688,33246180.0,2788.0,17,2787.0,10
rb1805,20170613,20170612,211412000,2787.0,1196,81688,33246180.0,2788.0,17,2787.0,10
rb1805,20170613,20170612,211412500,2787.0,1196,81688,33246180.0,2788.0,16,2787.0,10
rb1805,20170613,20170612,211415000,2787.0,1198,81688,33301920.0,2788.0,16,2787.0,9
rb1805,20170613,20170612,211417000,2787.0,1198,81688,33301920.0,2788.0,10,2787.0,9
rb1805,20170613,20170612,211417500,2787.0,1198,81688,33301920.0,2788.0,10,2787.0,6
rb1805,20170613,20170612,211418000,2787.0,1202,81692,33413400.0,2788.0,10,2787.0,4
rb1805,20170613,20170612,211418500,2787.0,1204,81692,33469140.0,2788.0,10,2787.0,3
rb1805,20170613,20170612,211419000,2787.0,1204,81692,33469140.0,2788.0,11,2787.0,3
rb1805,20170613,20170612,211419500,2787.0,1204,81692,33469140.0,2788.0,12,2787.0,3
rb1805,20170613,20170612,211420000,2787.0,1204,81692,33469140.0,2788.0,12,2787.0,3
rb1805,20170613,20170612,211420500,2787.0,1206,81692,33524880.0,2788.0,12,2787.0,2
rb1805,20170613,20170612,211421000,2787.0,1210,81696,33636360.0,2787.0,4,2786.0,1
rb1805,20170613,20170612,211421500,2787.0,1210,81696,33636360.0,2788.0,12,2786.0,1
rb1805,20170613,20170612,211422500,2787.0,1210,81696,33636360.0,2788.0,17,2786.0,1
rb1805,20170613,20170612,211423000,2787.0,1210,81696,33636360.0,2787.0,3,2786.0,1
rb1805,20170613,20170612,211424000,2787.0,1210,81696,33636360.0,2787.0,3,2786.0,1
rb1805,20170613,20170612,211426000,2787.0,1210,81696,33636360.0,2787.0,3,2786.0,2
rb1805,20170613,20170612,211426500,2787.0,1210,81696,33636360.0,2787.0,3,2786.0,2
rb1805,20170613,20170612,211427000,2787.0,1210,81696,33636360.0,2787.0,3,2786.0,2
rb1805,20170613,20170612,211428500,2787.0,1210,81696,33636360.0,2787.0,3,2786.0,2
rb1805,20170613,20170612,211430500,2787.0,1210,81696,33636360.0,2787.0,7,2786.0,2
rb1805,20170613,20170612,211431500,2787.0,1210,81696,33636360.0,2787.0,7,2786.0,2
rb1805,20170613,20170612,211432500,2786.0,1214,81696,33747800.0,2786.0,3,2785.0,16
rb1805,20170613,20170612,211433000,2786.0,1218,81694,33859240.0,2786.0,1,2785.0,16
rb1805,20170613,20170612,211433500,2786.0,1218,81694,33859240.0,2786.0,1,2785.0,16
rb1805,20170613,20170612,211434000,2786.0,1218,81694,33859240.0,2786.0,1,2785.0,13
rb1805,20170613,20170612,211435000,2786.0,1218,81694,33859240.0,2786.0,1,2785.0,13
rb1805,20170613,20170612,211437500,2786.0,1218,81694,33859240.0,2786.0,1,2785.0,13
rb1805,20170613,20170612,211440000,2786.0,1218,81694,33859240.0,2786.0,1,2785.0,13
rb1805,20170613,20170612,211441500,2786.0,1220,81694,33914960.0,2787.0,25,2786.0,1
rb1805,20170613,20170612,211442000,2786.0,1220,81694,33914960.0,2787.0,25,2786.0,5
rb1805,20170613,20170612,211442500,2786.0,1220,81694,33914960.0,2787.0,25,2786.0,3
rb1805,20170613,20170612,211444500,2786.0,1220,81694,33914960.0,2787.0,25,2786.0,3
rb1805,20170613,20170612,211445000,2786.0,1220,81694,33914960.0,2787.0,25,2786.0,3
rb1805,20170613,20170612,211445500,2787.0,1230,81702,34193660.0,2787.0,20,2786.0,4
rb1805,20170613,20170612,211449000,2787.0,1230,81702,34193660.0,2787.0,20,2786.0,4
rb1805,20170613,20170612,211450000,2787.0,1244,81702,34583840.0,2787.0,46,2786.0,4
rb1805,20170613,20170612,211453000,2787.0,1244,81702,34583840.0,2787.0,46,2786.0,6
rb1805,20170613,20170612,211453500,2787.0,1244,81702,34583840.0,2787.0,47,2786.0,6
rb1805,20170613,20170612,211454000,2787.0,1244,81702,34583840.0,2787.0,47,2786.0,6
rb1805,20170613,20170612,211455000,2787.0,1244,81702,34583840.0,2787.0,47,2786.0,1
rb1805,20170613,20170612,211456000,2787.0,1244,81702,34583840.0,2787.0,47,2786.0,1
rb1805,20170613,20170612,211458000,2787.0,1244,81702,34583840.0,2787.0,47,2786.0,6
rb1805,20170613,20170612,211458500,2786.0,1246,81702,34639560.0,2787.0,47,2786.0,5
rb1805,20170613,20170612,211459000,2786.0,1246,81702,34639560.0,2787.0,47,2786.0,6
rb1805,20170613,20170612,211501500,2786.0,1246,81702,34639560.0,2787.0,47,2786.0,6
rb1805,20170613,20170612,211502500,2786.0,1246,81702,34639560.0,2787.0,47,2786.0,6
rb1805,20170613,20170612,211503500,2786.0,1258,81702,34973880.0,2786.0,34,2785.0,13
rb1805,20170613,20170612,211504000,2786.0,1272,81688,35363920.0,2786.0,27,2785.0,16
rb1805,20170613,20170612,211504500,2786.0,1276,81684,35475360.0,2786.0,25,2785.0,16
rb1805,20170613,20170612,211505000,2786.0,1276,81684,35475360.0,2786.0,25,2785.0,14
rb1805,20170613,20170612,211506500,2786.0,1276,81684,35475360.0,2786.0,25,2785.0,14
rb1805,20170613,20170612,211507000,2786.0,1276,81684,35475360.0,2786.0,25,2785.0,14
rb1805,20170613,20170612,211507500,2786.0,1278,81684,35531080.0,2786.0,24,2785.0,14
rb1805,20170613,20170612,211510500,2786.0,1278,81684,35531080.0,2786.0,29,2785.0,13
rb1805,20170613,20170612,211512500,2786.0,1278,81684,35531080.0,2786.0,24,2785.0,13
rb1805,20170613,20170612,211515500,2786.0,1278,81684,35531080.0,2786.0,24,2785.0,13
rb1805,20170613,20170612,211517500,2785.0,1282,81688,35642480.0,2786.0,24,2785.0,11
rb1805,20170613,20170612,211518000,2785.0,1282,81688,35642480.0,2786.0,24,2785.0,11
rb1805,20170613,20170612,211519500,2785.0,1282,81688,35642480.0,2786.0,25,2785.0,11
rb1805,20170613,20170612,211521000,2785.0,1282,81688,35642480.0,2786.0,25,2785.0,11
rb1805,20170613,20170612,211521500,2785.0,1282,81688,35642480.0,2786.0,25,2785.0,12
rb1805,20170613,20170612,211523500,2785.0,1282,81688,35642480.0,2786.0,25,2785.0,12
rb1805,20170613,20170612,211524000,2786.0,1292,81688,35921080.0,2786.0,20,2785.0,12
rb1805,20170613,20170612,211526000,2786.0,1292,81688,35921080.0,2786.0,21,2785.0,12
rb1805,20170613,20170612,211528500,2786.0,1292,81688,35921080.0,2786.0,21,2785.0,12
rb1805,20170613,20170612,211529000,2786.0,1292,81688,35921080.0,2786.0,21,2785.0,12
rb1805,20170613,20170612,211531500,2785.0,1294,81690,35976780.0,2786.0,21,2785.0,11
rb1805,20170613,20170612,211532000,2785.0,1296,81690,36032480.0,2786.0,22,2785.0,10
rb1805,20170613,20170612,211535000,2785.0,1312,81688,36478080.0,2786.0,22,2785.0,2
rb1805,20170613,20170612,211536000,2785.0,1312,81688,36478080.0,2786.0,22,2785.0,2
rb1805,20170613,20170612,211537500,2785.0,1312,81688,36478080.0,2786.0,22,2785.0,2
rb1805,20170613,20170612,211539000,2785.0,1312,81688,36478080.0,2786.0,22,2785.0,2
rb1805,20170613,20170612,211540500,2785.0,1312,81688,36478080.0,2786.0,22,2785.0,3
rb1805,20170613,20170612,211541000,2785.0,1312,81688,36478080.0,2786.0,23,2785.0,3
rb1805,20170613,20170612,211541500,2785.0,1312,81688,36478080.0,2786.0,23,2785.0,3
rb1805,20170613,20170612,211542500,2785.0,1314,81686,36533780.0,2786.0,23,2785.0,2
rb1805,20170613,20170612,211543000,2785.0,1314,81686,36533780.0,2786.0,23,2785.0,4
rb1805,20170613,20170612,211544000,2785.0,1316,81686,36589480.0,2786.0,23,2785.0,3
rb1805,20170613,20170612,211546000,2785.0,1316,81686,36589480.0,2786.0,23,2785.0,4
rb1805,20170613,20170612,211546500,2785.0,1318,81688,36645180.0,2786.0,23,2785.0,3
rb1805,20170613,20170612,211548000,2785.0,1318,81688,36645180.0,2786.0,23,2785.0,3
rb1805,20170613,20170612,211548500,2786.0,1320,81686,36700900.0,2786.0,22,2785.0,3
rb1805,20170613,20170612,211549000,2786.0,1326,81680,36868060.0,2786.0,19,2785.0,3
rb1805,20170613,20170612,211549500,2786.0,1326,81680,36868060.0,2786.0,19,2785.0,3
rb1805,20170613,20170612,211552000,2786.0,1326,81680,36868060.0,2786.0,19,2785.0,3
rb1805,20170613,20170612,211553000,2786.0,1326,81680,36868060.0,2786.0,19,2785.0,3
rb1805,20170613,20170612,211555500,2786.0,1326,81680,36868060.0,2786.0,19,2785.0,3
rb1805,20170613,20170612,211559000,2786.0,1326,81680,36868060.0,2786.0,19,2785.0,3
rb1805,20170613,20170612,211600000,2786.0,1326,81680,36868060.0,2786.0,21,2785.0,3
rb1805,20170613,20170612,211601000,2786.0,1326,81680,36868060.0,2786.0,21,2785.0,3
rb1805,20170613,20170612,211602000,2786.0,1332,81674,37035220.0,2786.0,18,2785.0,3
rb1805,20170613,20170612,211602500,2786.0,1348,81658,37480980.0,2786.0,10,2785.0,3
rb1805,20170613,20170612,211603000,2786.0,1350,81656,37536700.0,2786.0,9,2785.0,3
rb1805,20170613,20170612,211605500,2786.0,1350,81656,37536700.0,2786.0,9,2785.0,3
rb1805,20170613,20170612,211606000,2785.0,1360,81662,37815200.0,2785.0,5,2784.0,22
rb1805,20170613,20170612,211606500,2785.0,1360,81662,37815200.0,2785.0,5,2784.0,19
rb1805,20170613,20170612,211607500,2785.0,1360,81662,37815200.0,2785.0,5,2784.0,19
rb1805,20170613,20170612,211608500,2785.0,1360,81662,37815200.0,2785.0,5,2784.0,19
rb1805,20170613,20170612,211610000,2784.0,1362,81662,37870880.0,2785.0,5,2784.0,18
rb1805,20170613,20170612,211610500,2785.0,1364,81664,37926580.0,2785.0,4,2784.0,18
rb1805,20170613,20170612,211611000,2785.0,1364,81664,37926580.0,2785.0,4,2784.0,18
rb1805,20170613,20170612,211612500,2785.0,1366,81666,37982280.0,2785.0,3,2784.0,18
rb1805,20170613,20170612,211613500,2785.0,1366,81666,37982280.0,2785.0,4,2784.0,18
rb1805,20170613,20170612,211614500,2784.0,1370,81666,38093640.0,2785.0,9,2784.0,16
rb1805,20170613,20170612,211615000,2784.0,1370,81666,38093640.0,2785.0,9,2784.0,14
rb1805,20170613,20170612,211615500,2784.0,1386,81682,38539080.0,2785.0,9,2784.0,6
rb1805,20170613,20170612,211616000,2784.0,1390,81684,38650440.0,2785.0,10,2784.0,4
rb1805,20170613,20170612,211617500,2784.0,1390,81684,38650440.0,2785.0,10,2784.0,4
rb1805,20170613,20170612,211619000,2784.0,1390,81684,38650440.0,2785.0,11,2784.0,4
rb1805,20170613,20170612,211620000,2784.0,1390,81684,38650440.0,2785.0,6,2784.0,4
rb1805,20170613,20170612,211620500,2784.0,1390,81684,38650440.0,2785.0,5,2784.0,4
rb1805,20170613,20170612,211623000,2784.0,1390,81684,38650440.0,2785.0,5,2784.0,4
rb1805,20170613,20170612,211623500,2784.0,1390,81684,38650440.0,2785.0,5,2784.0,9
rb1805,20170613,20170612,211627500,2784.0,1390,81684,38650440.0,2785.0,4,2784.0,4
rb1805,20170613,20170612,211628500,2784.0,1390,81684,38650440.0,2785.0,9,2784.0,4
rb1805,20170613,20170612,211629000,2784.0,1398,81684,38873160.0,2784.0,2,2783.0,5
rb1805,20170613,20170612,211629500,2784.0,1398,81684,38873160.0,2785.0,10,2783.0,5
rb1805,20170613,20170612,211631500,2784.0,1398,81684,38873160.0,2785.0,5,2783.0,10
rb1805,20170613,20170612,211632000,2784.0,1398,81684,38873160.0,2785.0,5,2783.0,10
rb1805,20170613,20170612,211632500,2784.0,1398,81684,38873160.0,2785.0,4,2783.0,10
rb1805,20170613,20170612,211633000,2784.0,1398,81684,38873160.0,2784.0,1,2783.0,10
rb1805,20170613,20170612,211633500,2784.0,1400,81682,38928840.0,2785.0,4,2784.0,2
rb1805,20170613,20170612,211634000,2784.0,1400,81682,38928840.0,2785.0,4,2783.0,11
rb1805,20170613,20170612,211634500,2784.0,1400,81682,38928840.0,2785.0,4,2783.0,10
rb1805,20170613,20170612,211636000,2783.0,1406,81678,39095820.0,2785.0,4,2783.0,7
rb1805,20170613,20170612,211636500,2783.0,1408,81678,39151480.0,2785.0,4,2783.0,6
rb1805,20170613,20170612,211637000,2783.0,1408,81678,39151480.0,2785.0,4,2783.0,6
rb1805,20170613,20170612,211637500,2783.0,1408,81678,39151480.0,2785.0,4,2783.0,7
rb1805,20170613,20170612,211639500,2783.0,1408,81678,39151480.0,2785.0,4,2783.0,12
rb1805,20170613,20170612,211641500,2783.0,1408,81678,39151480.0,2785.0,5,2783.0,13
rb1805,20170613,20170612,211642500,2783.0,1408,81678,39151480.0,2785.0,5,2783.0,13
rb1805,20170613,20170612,211643500,2783.0,1408,81678,39151480.0,2785.0,5,2783.0,13
rb1805,20170613,20170612,211644500,2783.0,1408,81678,39151480.0,2785.0,6,2783.0,13
rb1805,20170613,20170612,211645500,2783.0,1408,81678,39151480.0,2785.0,7,2783.0,13
rb1805,20170613,20170612,211646000,2783.0,1418,81670,39429780.0,2785.0,7,2783.0,8
rb1805,20170613,20170612,211646500,2783.0,1418,81670,39429780.0,2785.0,7,2783.0,8
rb1805,20170613,20170612,211647500,2783.0,1418,81670,39429780.0,2785.0,7,2783.0,8
rb1805,20170613,20170612,211648000,2783.0,1418,81670,39429780.0,2785.0,7,2783.0,8
rb1805,20170613,20170612,211648500,2783.0,1418,81670,39429780.0,2785.0,7,2783.0,8
rb1805,20170613,20170612,211649500,2783.0,1418,81670,39429780.0,2785.0,7,2783.0,8
rb1805,20170613,20170612,211650000,2783.0,1418,81670,39429780.0,2785.0,8,2783.0,8
rb1805,20170613,20170612,211650500,2785.0,1434,81660,39875380.0,2786.0,3,2783.0,10
rb1805,20170613,20170612,211651000,2785.0,1436,81660,39931080.0,2785.0,1,2784.0,6
rb1805,20170613,20170612,211651500,2785.0,1438,81660,39986780.0,2786.0,9,2785.0,1
rb1805,20170613,20170612,211652000,2785.0,1440,81658,40042480.0,2786.0,9,2784.0,6
rb1805,20170613,20170612,211652500,2785.0,1440,81658,40042480.0,2786.0,9,2785.0,1
rb1805,20170613,20170612,211653000,2785.0,1442,81660,40098180.0,2786.0,4,2784.0,6
rb1805,20170613,20170612,211655000,2785.0,1442,81660,40098180.0,2786.0,4,2784.0,6
rb1805,20170613,20170612,211656500,2786.0,1452,81660,40376780.0,2787.0,47,2786.0,495
rb1805,20170613,20170612,211657000,2786.0,1460,81668,40599660.0,2787.0,47,2786.0,491
rb1805,20170613,20170612,211657500,2786.0,1460,81668,40599660.0,2787.0,47,2786.0,491
rb1805,20170613,20170612,211659000,2786.0,1466,81668,40766820.0,2787.0,47,2786.0,488
rb1805,20170613,20170612,211659500,2786.0,1472,81674,40933980.0,2787.0,47,2786.0,485
rb1805,20170613,20170612,211700000,2786.0,1476,81676,41045420.0,2787.0,47,2786.0,483
rb1805,20170613,20170612,211700500,2786.0,1476,81676,41045420.0,2787.0,47,2786.0,483
rb1805,20170613,20170612,211702000,2786.0,1484,81684,41268300.0,2787.0,47,2786.0,479
rb1805,20170613,20170612,211702500,2786.0,1486,81684,41324020.0,2787.0,47,2786.0,478
rb1805,20170613,20170612,211703500,2787.0,1490,81680,41435500.0,2787.0,45,2786.0,478
rb1805,20170613,20170612,211704500,2787.0,1494,81680,41546980.0,2787.0,43,2786.0,478
rb1805,20170613,20170612,211706500,2787.0,1496,81680,41602720.0,2787.0,42,2786.0,478
rb1805,20170613,20170612,211707000,2787.0,1496,81680,41602720.0,2787.0,42,2786.0,478
rb1805,20170613,20170612,211708000,2787.0,1496,81680,41602720.0,2787.0,44,2786.0,478
rb1805,20170613,20170612,211709000,2787.0,1496,81680,41602720.0,2787.0,45,2786.0,478
rb1805,20170613,20170612,211710000,2787.0,1498,81680,41658460.0,2787.0,44,2786.0,478
rb1805,20170613,20170612,211710500,2787.0,1498,81680,41658460.0,2787.0,44,2786.0,478
rb1805,20170613,20170612,211712000,2787.0,1498,81680,41658460.0,2787.0,44,2786.0,479
rb1805,20170613,20170612,211713000,2787.0,1502,81680,41769940.0,2787.0,42,2786.0,479
rb1805,20170613,20170612,211715000,2786.0,1508,81680,41937140.0,2787.0,40,2786.0,478
rb1805,20170613,20170612,211715500,2786.0,1524,81680,42382900.0,2787.0,40,2786.0,470
rb1805,20170613,20170612,211716500,2786.0,1524,81680,42382900.0,2787.0,40,2786.0,469
rb1805,20170613,20170612,211717000,2786.0,1534,81682,42661500.0,2787.0,40,2786.0,464
rb1805,20170613,20170612,211717500,2786.0,1534,81682,42661500.0,2787.0,40,2786.0,464
rb1805,20170613,20170612,211719500,2786.0,1536,81682,42717220.0,2787.0,40,2786.0,463
rb1805,20170613,20170612,211720000,2786.0,1536,81682,42717220.0,2787.0,40,2786.0,463
rb1805,20170613,20170612,211722000,2786.0,1536,81682,42717220.0,2787.0,40,2786.0,463
rb1805,20170613,20170612,211723500,2786.0,1536,81682,42717220.0,2787.0,40,2786.0,463
rb1805,20170613,20170612,211724000,2786.0,1536,81682,42717220.0,2787.0,40,2786.0,463
rb1805,20170613,20170612,211726500,2786.0,1536,81682,42717220.0,2787.0,40,2786.0,463
rb1805,20170613,20170612,211727000,2786.0,1536,81682,42717220.0,2787.0,40,2786.0,463
rb1805,20170613,20170612,211727500,2786.0,1536,81682,42717220.0,2787.0,40,2784.0,2
rb1805,20170613,20170612,211728000,2786.0,1536,81682,42717220.0,2787.0,45,2785.0,2
rb1805,20170613,20170612,211729000,2786.0,1536,81682,42717220.0,2786.0,1,2785.0,2
rb1805,20170613,20170612,211731500,2786.0,1538,81684,42772940.0,2787.0,45,2785.0,2
rb1805,20170613,20170612,211732000,2786.0,1538,81684,42772940.0,2787.0,45,2785.0,2
rb1805,20170613,20170612,211733500,2786.0,1538,81684,42772940.0,2786.0,2,2785.0,2
rb1805,20170613,20170612,211734000,2786.0,1538,81684,42772940.0,2786.0,2,2785.0,3
rb1805,20170613,20170612,211734500,2786.0,1542,81684,42884380.0,2787.0,40,2786.0,9
rb1805,20170613,20170612,211735000,2786.0,1542,81684,42884380.0,2787.0,40,2786.0,4
rb1805,20170613,20170612,211735500,2786.0,1542,81684,42884380.0,2787.0,40,2786.0,5
rb1805,20170613,20170612,211736500,2786.0,1542,81684,42884380.0,2787.0,40,2786.0,5
rb1805,20170613,20170612,211737000,2786.0,1542,81684,42884380.0,2787.0,40,2786.0,1
rb1805,20170613,20170612,211740000,2786.0,1542,81684,42884380.0,2787.0,38,2786.0,1
rb1805,20170613,20170612,211740500,2786.0,1542,81684,42884380.0,2787.0,38,2786.0,1
rb1805,20170613,20170612,211742000,2786.0,1542,81684,42884380.0,2787.0,38,2785.0,4
rb1805,20170613,20170612,211742500,2786.0,1542,81684,42884380.0,2787.0,38,2786.0,1
rb1805,20170613,20170612,211743500,2786.0,1544,81684,42940100.0,2787.0,38,2785.0,4
rb1805,20170613,20170612,211745000,2786.0,1544,81684,42940100.0,2787.0,38,2785.0,2
rb1805,20170613,20170612,211746000,2786.0,1544,81684,42940100.0,2787.0,38,2785.0,2
rb1805,20170613,20170612,211748000,2786.0,1544,81684,42940100.0,2787.0,38,2786.0,3
rb1805,20170613,20170612,211748500,2787.0,1548,81680,43051580.0,2787.0,36,2786.0,3
rb1805,20170613,20170612,211749500,2787.0,1548,81680,43051580.0,2787.0,36,2786.0,3
rb1805,20170613,20170612,211750000,2787.0,1548,81680,43051580.0,2787.0,38,2786.0,3
rb1805,20170613,20170612,211753000,2787.0,1548,81680,43051580.0,2787.0,38,2786.0,3
rb1805,20170613,20170612,211756500,2787.0,1548,81680,43051580.0,2787.0,36,2786.0,3
rb1805,20170613,20170612,211758500,2786.0,1554,81674,43218740.0,2786.0,34,2785.0,42
rb1805,20170613,20170612,211759000,2786.0,1568,81674,43608780.0,2786.0,27,2785.0,42
rb1805,20170613,20170612,211759500,2786.0,1568,81674,43608780.0,2786.0,27,2785.0,42
rb1805,20170613,20170612,211800000,2786.0,1570,81672,43664500.0,2786.0,26,2785.0,43
rb1805,20170613,20170612,211800500,2786.0,1590,81654,44221700.0,2786.0,16,2785.0,43
rb1805,20170613,20170612,211801000,2786.0,1592,81654,44277420.0,2786.0,15,2785.0,43
rb1805,20170613,20170612,211801500,2786.0,1594,81654,44333140.0,2786.0,14,2785.0,43
rb1805,20170613,20170612,211802500,2786.0,1594,81654,44333140.0,2786.0,14,2785.0,41
rb1805,20170613,20170612,211803000,2786.0,1594,81654,44333140.0,2786.0,14,2785.0,41
rb1805,20170613,20170612,211805500,2786.0,1594,81654,44333140.0,2786.0,14,2785.0,41
rb1805,20170613,20170612,211806000,2786.0,1594,81654,44333140.0,2786.0,15,2785.0,41
rb1805,20170613,20170612,211807000,2786.0,1594,81654,44333140.0,2786.0,15,2785.0,41
rb1805,20170613,20170612,211807500,2786.0,1594,81654,44333140.0,2786.0,15,2785.0,41
rb1805,20170613,20170612,211808000,2786.0,1594,81654,44333140.0,2786.0,15,2785.0,55
rb1805,20170613,20170612,211809000,2786.0,1594,81654,44333140.0,2786.0,15,2785.0,55
rb1805,20170613,20170612,211811000,2786.0,1594,81654,44333140.0,2786.0,20,2785.0,55
rb1805,20170613,20170612,211814000,2786.0,1596,81652,44388860.0,2786.0,19,2785.0,55
rb1805,20170613,20170612,211815000,2786.0,1596,81652,44388860.0,2786.0,19,2785.0,55
rb1805,20170613,20170612,211815500,2786.0,1596,81652,44388860.0,2786.0,19,2785.0,55
rb1805,20170613,20170612,211816000,2785.0,1604,81660,44611660.0,2786.0,19,2785.0,51
rb1805,20170613,20170612,211816500,2785.0,1606,81662,44667360.0,2786.0,20,2785.0,50
rb1805,20170613,20170612,211817500,2785.0,1610,81662,44778760.0,2786.0,20,2785.0,48
rb1805,20170613,20170612,211819000,2785.0,1612,81662,44834460.0,2786.0,20,2785.0,47
rb1805,20170613,20170612,211821500,2785.0,1614,81664,44890160.0,2786.0,20,2785.0,46
rb1805,20170613,20170612,211823000,2785.0,1614,81664,44890160.0,2786.0,20,2785.0,46
rb1805,20170613,20170612,211827500,2786.0,1616,81664,44945880.0,2786.0,19,2785.0,46
rb1805,20170613,20170612,211829000,2786.0,1616,81664,44945880.0,2786.0,19,2785.0,46
rb1805,20170613,20170612,211831500,2786.0,1616,81664,44945880.0,2786.0,19,2785.0,46
rb1805,20170613,20170612,211832500,2786.0,1616,81664,44945880.0,2786.0,18,2785.0,46
rb1805,20170613,20170612,211834500,2786.0,1616,81664,44945880.0,2786.0,13,2785.0,46
rb1805,20170613,20170612,211835500,2785.0,1618,81664,45001580.0,2786.0,13,2785.0,45
rb1805,20170613,20170612,211837000,2785.0,1618,81664,45001580.0,2786.0,14,2785.0,45
rb1805,20170613,20170612,211841500,2785.0,1618,81664,45001580.0,2786.0,19,2785.0,44
rb1805,20170613,20170612,211846000,2785.0,1618,81664,45001580.0,2786.0,14,2785.0,44
rb1805,20170613,20170612,211847000,2785.0,1630,81664,45335780.0,2786.0,19,2785.0,38
rb1805,20170613,20170612,211847500,2785.0,1630,81664,45335780.0,2786.0,20,2785.0,38
rb1805,20170613,20170612,211848500,2785.0,1630,81664,45335780.0,2786.0,16,2785.0,38
rb1805,20170613,20170612,211852500,2785.0,1630,81664,45335780.0,2786.0,28,2785.0,38
rb1805,20170613,20170612,211853000,2785.0,1630,81664,45335780.0,2786.0,33,2785.0,38
rb1805,20170613,20170612,211853500,2785.0,1630,81664,45335780.0,2786.0,33,2785.0,40
rb1805,20170613,20170612,211854000,2785.0,1630,81664,45335780.0,2786.0,38,2785.0,40
rb1805,20170613,20170612,211854500,2785.0,1632,81664,45391480.0,2786.0,38,2785.0,39
rb1805,20170613,20170612,211857500,2785.0,1632,81664,45391480.0,2786.0,39,2785.0,39
rb1805,20170613,20170612,211858500,2785.0,1632,81664,45391480.0,2786.0,27,2785.0,39
rb1805,20170613,20170612,211900000,2785.0,1632,81664,45391480.0,2786.0,27,2785.0,39
rb1805,20170613,20170612,211902500,2785.0,1650,81676,45892780.0,2786.0,27,2785.0,28
rb1805,20170613,20170612,211903000,2785.0,1660,81676,46171280.0,2786.0,27,2785.0,23
rb1805,20170613,20170612,211903500,2785.0,1684,81676,46839680.0,2786.0,27,2785.0,11
rb1805,20170613,20170612,211904000,2785.0,1684,81676,46839680.0,2786.0,28,2785.0,11
rb1805,20170613,20170612,211904500,2785.0,1706,81676,47452380.0,2785.0,10,2784.0,5
rb1805,20170613,20170612,211905000,2784.0,1710,81676,47563740.0,2785.0,10,2784.0,3
rb1805,20170613,20170612,211906500,2784.0,1710,81676,47563740.0,2785.0,10,2784.0,3
rb1805,20170613,20170612,211907000,2784.0,1710,81676,47563740.0,2785.0,11,2784.0,3
rb1805,20170613,20170612,211909500,2784.0,1710,81676,47563740.0,2785.0,11,2784.0,2
rb1805,20170613,20170612,211910000,2784.0,1714,81676,47675100.0,2784.0,8,2783.0,9
rb1805,20170613,20170612,211911500,2784.0,1714,81676,47675100.0,2784.0,8,2783.0,9
rb1805,20170613,20170612,211913000,2784.0,1714,81676,47675100.0,2784.0,8,2783.0,9
rb1805,20170613,20170612,211913500,2784.0,1714,81676,47675100.0,2784.0,8,2783.0,9
rb1805,20170613,20170612,211914000,2784.0,1726,81664,48009180.0,2784.0,2,2783.0,9
rb1805,20170613,20170612,211914500,2783.0,1728,81664,48064840.0,2784.0,2,2783.0,8
rb1805,20170613,20170612,211915500,2783.0,1728,81664,48064840.0,2784.0,2,2783.0,8
rb1805,20170613,20170612,211916000,2783.0,1728,81664,48064840.0,2784.0,9,2783.0,8
rb1805,20170613,20170612,211917500,2783.0,1730,81664,48120500.0,2784.0,9,2783.0,7
rb1805,20170613,20170612,211919000,2783.0,1730,81664,48120500.0,2784.0,9,2783.0,7
rb1805,20170613,20170612,211921500,2783.0,1730,81664,48120500.0,2784.0,9,2783.0,7
rb1805,20170613,20170612,211922000,2783.0,1736,81664,48287480.0,2784.0,9,2783.0,4
rb1805,20170613,20170612,211922500,2783.0,1736,81664,48287480.0,2784.0,9,2783.0,4
rb1805,20170613,20170612,211926500,2783.0,1736,81664,48287480.0,2784.0,9,2783.0,4
rb1805,20170613,20170612,211927500,2783.0,1736,81664,48287480.0,2784.0,9,2783.0,4
rb1805,20170613,20170612,211928000,2783.0,1736,81664,48287480.0,2784.0,9,2783.0,4
rb1805,20170613,20170612,211928500,2783.0,1736,81664,48287480.0,2784.0,9,2783.0,5
rb1805,20170613,20170612,211929000,2783.0,1736,81664,48287480.0,2784.0,9,2783.0,6
rb1805,20170613,20170612,211930000,2783.0,1738,81664,48343140.0,2784.0,9,2783.0,5
rb1805,20170613,20170612,211930500,2783.0,1738,81664,48343140.0,2784.0,7,2783.0,5
rb1805,20170613,20170612,211931500,2783.0,1738,81664,48343140.0,2784.0,7,2783.0,5
rb1805,20170613,20170612,211933000,2783.0,1738,81664,48343140.0,2784.0,7,2783.0,5
rb1805,20170613,20170612,211937000,2783.0,1738,81664,48343140.0,2784.0,7,2783.0,5
rb1805,20170613,20170612,211937500,2783.0,1738,81664,48343140.0,2784.0,7,2783.0,5
rb1805,20170613,20170612,211938000,2783.0,1738,81664,48343140.0,2784.0,7,2783.0,5
rb1805,20170613,20170612,211941000,2783.0,1738,81664,48343140.0,2784.0,7,2783.0,5
rb1805,20170613,20170612,211945500,2783.0,1738,81664,48343140.0,2784.0,12,2783.0,5
rb1805,20170613,20170612,211946000,2783.0,1738,81664,48343140.0,2784.0,5,2783.0,5
rb1805,20170613,20170612,211946500,2783.0,1748,81660,48621440.0,2783.0,2,2782.0,1
rb1805,20170613,20170612,211947000,2783.0,1748,81660,48621440.0,2783.0,2,2782.0,1
rb1805,20170613,20170612,211947500,2783.0,1748,81660,48621440.0,2783.0,2,2782.0,1
rb1805,20170613,20170612,211949500,2783.0,1752,81656,48732760.0,2784.0,5,2783.0,1
rb1805,20170613,20170612,211950000,2783.0,1752,81656,48732760.0,2785.0,60,2783.0,1
rb1805,20170613,20170612,211950500,2783.0,1752,81656,48732760.0,2785.0,60,2783.0,1
rb1805,20170613,20170612,211951000,2783.0,1752,81656,48732760.0,2785.0,60,2782.0,1
rb1805,20170613,20170612,211951500,2783.0,1752,81656,48732760.0,2785.0,65,2782.0,6
rb1805,20170613,20170612,211952000,2783.0,1752,81656,48732760.0,2785.0,63,2782.0,6
rb1805,20170613,20170612,211953500,2783.0,1752,81656,48732760.0,2785.0,63,2782.0,6
rb1805,20170613,20170612,211955000,2783.0,1752,81656,48732760.0,2784.0,6,2782.0,6
rb1805,20170613,20170612,211958500,2783.0,1752,81656,48732760.0,2784.0,7,2782.0,6
rb1805,20170613,20170612,212000000,2783.0,1752,81656,48732760.0,2784.0,7,2783.0,1
rb1805,20170613,20170612,212000500,2783.0,1752,81656,48732760.0,2784.0,7,2783.0,1
rb1805,20170613,20170612,212003000,2783.0,1752,81656,48732760.0,2784.0,7,2783.0,1
rb1805,20170613,20170612,212004000,2783.0,1752,81656,48732760.0,2784.0,7,2783.0,1
rb1805,20170613,20170612,212009000,2783.0,1752,81656,48732760.0,2784.0,7,2783.0,2
rb1805,20170613,20170612,212011000,2783.0,1752,81656,48732760.0,2784.0,7,2783.0,2
rb1805,20170613,20170612,212012500,2783.0,1752,81656,48732760.0,2784.0,7,2783.0,2
rb1805,20170613,20170612,212018500,2783.0,1752,81656,48732760.0,2784.0,7,2783.0,7
rb1805,20170613,20170612,212019000,2783.0,1752,81656,48732760.0,2784.0,7,2783.0,7
rb1805,20170613,20170612,212023500,2783.0,1752,81656,48732760.0,2784.0,7,2783.0,7
rb1805,20170613,20170612,212025500,2783.0,1752,81656,48732760.0,2784.0,7,2783.0,7
rb1805,20170613,20170612,212026000,2783.0,1754,81656,48788420.0,2784.0,7,2783.0,6
rb1805,20170613,20170612,212031000,2783.0,1754,81656,48788420.0,2784.0,1,2783.0,6
rb1805,20170613,20170612,212031500,2783.0,1754,81656,48788420.0,2784.0,1,2783.0,6
rb1805,20170613,20170612,212032000,2783.0,1754,81656,48788420.0,2784.0,1,2783.0,6
rb1805,20170613,20170612,212037000,2783.0,1754,81656,48788420.0,2784.0,1,2783.0,6
rb1805,20170613,20170612,212037500,2783.0,1754,81656,48788420.0,2784.0,1,2783.0,6
rb1805,20170613,20170612,212038000,2783.0,1754,81656,48788420.0,2784.0,1,2783.0,6
rb1805,20170613,20170612,212040500,2784.0,1756,81654,48844100.0,2785.0,18,2784.0,2
rb1805,20170613,20170612,212041000,2784.0,1756,81654,48844100.0,2785.0,13,2784.0,2
rb1805,20170613,20170612,212043000,2784.0,1758,81652,48899780.0,2785.0,13,2784.0,1
rb1805,20170613,20170612,212044000,2784.0,1758,81652,48899780.0,2785.0,13,2784.0,1
rb1805,20170613,20170612,212046000,2784.0,1758,81652,48899780.0,2785.0,13,2784.0,1
rb1805,20170613,20170612,212047500,2784.0,1758,81652,48899780.0,2785.0,13,2784.0,1
rb1805,20170613,20170612,212049000,2784.0,1758,81652,48899780.0,2785.0,13,2784.0,1
rb1805,20170613,20170612,212049500,2784.0,1760,81652,48955460.0,2784.0,5,2783.0,6
rb1805,20170613,20170612,212051000,2784.0,1760,81652,48955460.0,2784.0,5,2783.0,6
rb1805,20170613,20170612,212054500,2784.0,1760,81652,48955460.0,2784.0,5,2783.0,6
rb1805,20170613,20170612,212056000,2784.0,1760,81652,48955460.0,2784.0,5,2783.0,6
rb1805,20170613,20170612,212058000,2784.0,1760,81652,48955460.0,2784.0,5,2783.0,6
rb1805,20170613,20170612,212101500,2784.0,1760,81652,48955460.0,2784.0,5,2783.0,6
rb1805,20170613,20170612,212102500,2784.0,1760,81652,48955460.0,2784.0,6,2783.0,6
rb1805,20170613,20170612,212105500,2784.0,1760,81652,48955460.0,2784.0,6,2783.0,6
rb1805,20170613,20170612,212108000,2784.0,1760,81652,48955460.0,2784.0,6,2783.0,6
rb1805,20170613,20170612,212111500,2783.0,1764,81650,49066780.0,2784.0,6,2783.0,4
rb1805,20170613,20170612,212112000,2783.0,1764,81650,49066780.0,2784.0,6,2783.0,5
rb1805,20170613,20170612,212115000,2783.0,1764,81650,49066780.0,2784.0,6,2783.0,5
rb1805,20170613,20170612,212115500,2783.0,1764,81650,49066780.0,2784.0,6,2783.0,5
rb1805,20170613,20170612,212120500,2783.0,1764,81650,49066780.0,2784.0,7,2783.0,5
rb1805,20170613,20170612,212121500,2783.0,1764,81650,49066780.0,2784.0,12,2783.0,5
rb1805,20170613,20170612,212122000,2783.0,1764,81650,49066780.0,2784.0,13,2783.0,5
rb1805,20170613,20170612,212123000,2783.0,1774,81650,49345080.0,2783.0,4,2782.0,6
rb1805,20170613,20170612,212123500,2783.0,1774,81650,49345080.0,2783.0,7,2782.0,1
rb1805,20170613,20170612,212124500,2783.0,1774,81650,49345080.0,2783.0,7,2782.0,1
rb1805,20170613,20170612,212125500,2783.0,1774,81650,49345080.0,2783.0,7,2782.0,1
rb1805,20170613,20170612,212126500,2783.0,1774,81650,49345080.0,2783.0,7,2782.0,6
rb1805,20170613,20170612,212127500,2783.0,1778,81654,49456400.0,2783.0,5,2782.0,6
rb1805,20170613,20170612,212131000,2783.0,1778,81654,49456400.0,2783.0,6,2782.0,6
rb1805,20170613,20170612,212131500,2783.0,1778,81654,49456400.0,2783.0,6,2782.0,7
rb1805,20170613,20170612,212133000,2782.0,1782,81656,49567680.0,2783.0,6,2782.0,5
rb1805,20170613,20170612,212133500,2783.0,1786,81660,49679000.0,2783.0,4,2782.0,5
rb1805,20170613,20170612,212134000,2783.0,1786,81660,49679000.0,2783.0,4,2782.0,5
rb1805,20170613,20170612,212135500,2783.0,1786,81660,49679000.0,2783.0,10,2782.0,5
rb1805,20170613,20170612,212137000,2783.0,1786,81660,49679000.0,2783.0,10,2782.0,5
rb1805,20170613,20170612,212137500,2783.0,1786,81660,49679000.0,2783.0,10,2782.0,5
rb1805,20170613,20170612,212139000,2783.0,1786,81660,49679000.0,2783.0,11,2782.0,5
rb1805,20170613,20170612,212140000,2783.0,1786,81660,49679000.0,2783.0,11,2782.0,5
rb1805,20170613,20170612,212140500,2782.0,1796,81652,49957200.0,2782.0,5,2781.0,20
rb1805,20170613,20170612,212141000,2782.0,1796,81652,49957200.0,2782.0,5,2781.0,20
rb1805,20170613,20170612,212142000,2782.0,1796,81652,49957200.0,2782.0,5,2781.0,20
rb1805,20170613,20170612,212142500,2782.0,1796,81652,49957200.0,2782.0,5,2781.0,20
rb1805,20170613,20170612,212143000,2782.0,1796,81652,49957200.0,2782.0,5,2781.0,20
rb1805,20170613,20170612,212143500,2782.0,1796,81652,49957200.0,2782.0,5,2781.0,20
rb1805,20170613,20170612,212145500,2782.0,1796,81652,49957200.0,2782.0,5,2781.0,20
rb1805,20170613,20170612,212147000,2781.0,1836,81692,51069600.0,2781.0,25,2780.0,10
rb1805,20170613,20170612,212147500,2781.0,1840,81694,51180840.0,2781.0,23,2780.0,12
rb1805,20170613,20170612,212149500,2781.0,1840,81694,51180840.0,2781.0,23,2780.0,12
rb1805,20170613,20170612,212151500,2781.0,1840,81694,51180840.0,2781.0,23,2780.0,12
rb1805,20170613,20170612,212152500,2781.0,1840,81694,51180840.0,2781.0,24,2780.0,12
rb1805,20170613,20170612,212155000,2781.0,1840,81694,51180840.0,2781.0,24,2780.0,12
rb1805,20170613,20170612,212157500,2781.0,1840,81694,51180840.0,2781.0,24,2780.0,12
rb1805,20170613,20170612,212159000,2781.0,1840,81694,51180840.0,2781.0,24,2780.0,12
rb1805,20170613,20170612,212201000,2781.0,1848,81694,51403320.0,2781.0,20,2780.0,12
rb1805,20170613,20170612,212201500,2781.0,1848,81694,51403320.0,2781.0,20,2780.0,10
rb1805,20170613,20170612,212203000,2781.0,1848,81694,51403320.0,2781.0,20,2780.0,12
rb1805,20170613,20170612,212204000,2781.0,1848,81694,51403320.0,2781.0,20,2780.0,12
rb1805,20170613,20170612,212204500,2781.0,1848,81694,51403320.0,2781.0,20,2780.0,17
rb1805,20170613,20170612,212205000,2781.0,1848,81694,51403320.0,2781.0,20,2780.0,19
rb1805,20170613,20170612,212205500,2781.0,1848,81694,51403320.0,2781.0,23,2780.0,19
rb1805,20170613,20170612,212206000,2781.0,1848,81694,51403320.0,2781.0,23,2780.0,19
rb1805,20170613,20170612,212206500,2781.0,1848,81694,51403320.0,2781.0,23,2780.0,22
rb1805,20170613,20170612,212207500,2781.0,1848,81694,51403320.0,2781.0,20,2780.0,22
rb1805,20170613,20170612,212211000,2781.0,1848,81694,51403320.0,2781.0,20,2780.0,26
rb1805,20170613,20170612,212211500,2781.0,1852,81698,51514560.0,2781.0,18,2780.0,26
rb1805,20170613,20170612,212212000,2781.0,1852,81698,51514560.0,2781.0,18,2780.0,26
rb1805,20170613,20170612,212212500,2781.0,1852,81698,51514560.0,2781.0,18,2780.0,26
rb1805,20170613,20170612,212215500,2781.0,1854,81700,51570180.0,2781.0,17,2780.0,26
rb1805,20170613,20170612,212216000,2781.0,1864,81700,51848280.0,2781.0,12,2780.0,26
rb1805,20170613,20170612,212217000,2781.0,1864,81700,51848280.0,2781.0,12,2780.0,26
rb1805,20170613,20170612,212218000,2781.0,1874,81700,52126380.0,2781.0,7,2780.0,21
rb1805,20170613,20170612,212219500,2781.0,1878,81700,52237620.0,2781.0,5,2780.0,20
rb1805,20170613,20170612,212220000,2781.0,1888,81700,52515720.0,2782.0,6,2781.0,1
rb1805,20170613,20170612,212220500,2781.0,1888,81700,52515720.0,2782.0,6,2781.0,2
rb1805,20170613,20170612,212221500,2781.0,1888,81700,52515720.0,2782.0,6,2781.0,1
rb1805,20170613,20170612,212224000,2781.0,1888,81700,52515720.0,2782.0,6,2781.0,1
rb1805,20170613,20170612,212229000,2781.0,1888,81700,52515720.0,2782.0,6,2781.0,1
rb1805,20170613,20170612,212229500,2781.0,1888,81700,52515720.0,2782.0,6,2781.0,1
rb1805,20170613,20170612,212230000,2781.0,1888,81700,52515720.0,2782.0,6,2781.0,1
rb1805,20170613,20170612,212231500,2781.0,1888,81700,52515720.0,2782.0,6,2781.0,2
rb1805,20170613,20170612,212232000,2781.0,1888,81700,52515720.0,2782.0,6,2781.0,3
rb1805,20170613,20170612,212234000,2781.0,1888,81700,52515720.0,2782.0,6,2781.0,4
rb1805,20170613,20170612,212235500,2781.0,1888,81700,52515720.0,2782.0,6,2781.0,5
rb1805,20170613,20170612,212236000,2782.0,1890,81700,52571360.0,2782.0,4,2781.0,5
rb1805,20170613,20170612,212236500,2782.0,1890,81700,52571360.0,2782.0,4,2781.0,9
rb1805,20170613,20170612,212237500,2783.0,1908,81696,53072220.0,2784.0,23,2782.0,1
rb1805,20170613,20170612,212238000,2783.0,1908,81696,53072220.0,2784.0,23,2782.0,1
rb1805,20170613,20170612,212238500,2783.0,1908,81696,53072220.0,2784.0,23,2782.0,1
rb1805,20170613,20170612,212239000,2783.0,1908,81696,53072220.0,2784.0,23,2781.0,9
rb1805,20170613,20170612,212239500,2783.0,1908,81696,53072220.0,2784.0,23,2781.0,14
rb1805,20170613,20170612,212242000,2783.0,1908,81696,53072220.0,2784.0,23,2781.0,14
rb1805,20170613,20170612,212243500,2783.0,1908,81696,53072220.0,2784.0,22,2781.0,14
rb1805,20170613,20170612,212250500,2783.0,1908,81696,53072220.0,2784.0,22,2783.0,1
rb1805,20170613,20170612,212251000,2783.0,1908,81696,53072220.0,2784.0,16,2783.0,1
rb1805,20170613,20170612,212252500,2783.0,1908,81696,53072220.0,2784.0,16,2783.0,3
rb1805,20170613,20170612,212253000,2783.0,1908,81696,53072220.0,2784.0,16,2783.0,2
rb1805,20170613,20170612,212253500,2783.0,1908,81696,53072220.0,2784.0,16,2783.0,2
rb1805,20170613,20170612,212255000,2783.0,1908,81696,53072220.0,2784.0,16,2783.0,2
rb1805,20170613,20170612,212256500,2783.0,1908,81696,53072220.0,2784.0,16,2781.0,14
rb1805,20170613,20170612,212257000,2783.0,1908,81696,53072220.0,2784.0,16,2782.0,2
rb1805,20170613,20170612,212257500,2783.0,1908,81696,53072220.0,2783.0,1,2782.0,2
rb1805,20170613,20170612,212258000,2783.0,1908,81696,53072220.0,2783.0,1,2782.0,2
rb1805,20170613,20170612,212259500,2783.0,1910,81696,53127880.0,2784.0,16,2783.0,1
rb1805,20170613,20170612,212300000,2783.0,1910,81696,53127880.0,2784.0,16,2782.0,2
rb1805,20170613,20170612,212302000,2783.0,1910,81696,53127880.0,2783.0,3,2782.0,2
rb1805,20170613,20170612,212302500,2783.0,1916,81696,53294860.0,2784.0,16,2783.0,1
rb1805,20170613,20170612,212303000,2784.0,1944,81684,54074280.0,2784.0,7,2782.0,2
rb1805,20170613,20170612,212303500,2784.0,1944,81684,54074280.0,2784.0,7,2782.0,4
rb1805,20170613,20170612,212304500,2784.0,1944,81684,54074280.0,2784.0,7,2782.0,4
rb1805,20170613,20170612,212305000,2784.0,1944,81684,54074280.0,2784.0,7,2782.0,9
rb1805,20170613,20170612,212305500,2784.0,1944,81684,54074280.0,2784.0,7,2782.0,9
rb1805,20170613,20170612,212306000,2784.0,1944,81684,54074280.0,2784.0,7,2782.0,4
rb1805,20170613,20170612,212308000,2784.0,1944,81684,54074280.0,2784.0,7,2782.0,4
rb1805,20170613,20170612,212308500,2784.0,1944,81684,54074280.0,2784.0,7,2782.0,4
rb1805,20170613,20170612,212309500,2784.0,1944,81684,54074280.0,2784.0,7,2782.0,4
rb1805,20170613,20170612,212311500,2784.0,1944,81684,54074280.0,2784.0,9,2782.0,4
rb1805,20170613,20170612,212312500,2784.0,1944,81684,54074280.0,2784.0,9,2782.0,4
rb1805,20170613,20170612,212313000,2784.0,1944,81684,54074280.0,2784.0,9,2782.0,4
rb1805,20170613,20170612,212314000,2784.0,1944,81684,54074280.0,2784.0,9,2782.0,2
rb1805,20170613,20170612,212314500,2784.0,1944,81684,54074280.0,2784.0,9,2782.0,2
rb1805,20170613,20170612,212316000,2784.0,1944,81684,54074280.0,2784.0,9,2782.0,2
rb1805,20170613,20170612,212317000,2784.0,1944,81684,54074280.0,2784.0,9,2783.0,5
rb1805,20170613,20170612,212317500,2783.0,1954,81684,54352580.0,2783.0,7,2782.0,2
rb1805,20170613,20170612,212318000,2783.0,1954,81684,54352580.0,2784.0,9,2782.0,2
rb1805,20170613,20170612,212320500,2782.0,1956,81684,54408220.0,2784.0,9,2782.0,1
rb1805,20170613,20170612,212321000,2782.0,1956,81684,54408220.0,2784.0,9,2782.0,1
rb1805,20170613,20170612,212321500,2782.0,1956,81684,54408220.0,2784.0,9,2782.0,6
rb1805,20170613,20170612,212324000,2782.0,1956,81684,54408220.0,2784.0,10,2782.0,6
rb1805,20170613,20170612,212328000,2782.0,1956,81684,54408220.0,2784.0,10,2782.0,6
rb1805,20170613,20170612,212331000,2782.0,1956,81684,54408220.0,2784.0,10,2782.0,6
rb1805,20170613,20170612,212331500,2782.0,1956,81684,54408220.0,2784.0,10,2782.0,6
rb1805,20170613,20170612,212334500,2782.0,1956,81684,54408220.0,2784.0,10,2783.0,5
rb1805,20170613,20170612,212339000,2782.0,1956,81684,54408220.0,2784.0,10,2783.0,5
rb1805,20170613,20170612,212342500,2782.0,1956,81684,54408220.0,2784.0,9,2783.0,5
rb1805,20170613,20170612,212345500,2783.0,1960,81680,54519540.0,2784.0,9,2783.0,3
rb1805,20170613,20170612,212347000,2783.0,1960,81680,54519540.0,2784.0,9,2783.0,3
rb1805,20170613,20170612,212349500,2783.0,1966,81674,54686520.0,2784.0,9,2782.0,6
rb1805,20170613,20170612,212350500,2783.0,1966,81674,54686520.0,2783.0,1,2782.0,6
rb1805,20170613,20170612,212351000,2783.0,1966,81674,54686520.0,2783.0,1,2782.0,1
rb1805,20170613,20170612,212352500,2783.0,1966,81674,54686520.0,2783.0,1,2782.0,1
rb1805,20170613,20170612,212354500,2783.0,1966,81674,54686520.0,2783.0,2,2782.0,1
rb1805,20170613,20170612,212356000,2784.0,1984,81658,55187560.0,2784.0,3,2781.0,18
rb1805,20170613,20170612,212356500,2784.0,1984,81658,55187560.0,2784.0,3,2782.0,2
rb1805,20170613,20170612,212357500,2784.0,1984,81658,55187560.0,2784.0,1,2782.0,7
rb1805,20170613,20170612,212400500,2784.0,1984,81658,55187560.0,2784.0,1,2782.0,12
rb1805,20170613,20170612,212401000,2782.0,1986,81656,55243200.0,2784.0,1,2782.0,11
rb1805,20170613,20170612,212403000,2782.0,1986,81656,55243200.0,2784.0,2,2782.0,11
rb1805,20170613,20170612,212406000,2782.0,1986,81656,55243200.0,2784.0,3,2782.0,11
rb1805,20170613,20170612,212408500,2782.0,1986,81656,55243200.0,2784.0,3,2782.0,11
rb1805,20170613,20170612,212414000,2782.0,1986,81656,55243200.0,2784.0,3,2782.0,10
rb1805,20170613,20170612,212419500,2782.0,1986,81656,55243200.0,2784.0,3,2782.0,10
rb1805,20170613,20170612,212420000,2782.0,1986,81656,55243200.0,2784.0,3,2782.0,10
rb1805,20170613,20170612,212421500,2782.0,1986,81656,55243200.0,2784.0,3,2783.0,10
rb1805,20170613,20170612,212423500,2782.0,1986,81656,55243200.0,2784.0,3,2783.0,10
rb1805,20170613,20170612,212435500,2784.0,1998,81646,55577280.0,2784.0,17,2783.0,5
rb1805,20170613,20170612,212438000,2784.0,1998,81646,55577280.0,2784.0,17,2783.0,5
rb1805,20170613,20170612,212442000,2783.0,2000,81644,55632940.0,2784.0,17,2783.0,4
rb1805,20170613,20170612,212444500,2783.0,2000,81644,55632940.0,2784.0,17,2783.0,4
rb1805,20170613,20170612,212447500,2783.0,2008,81636,55855580.0,2784.0,17,2782.0,16
rb1805,20170613,20170612,212449500,2783.0,2008,81636,55855580.0,2783.0,1,2782.0,16
rb1805,20170613,20170612,212450000,2784.0,2024,81620,56301000.0,2784.0,10,2782.0,11
rb1805,20170613,20170612,212450500,2784.0,2026,81618,56356680.0,2784.0,9,2782.0,11
rb1805,20170613,20170612,212451000,2784.0,2026,81618,56356680.0,2784.0,9,2782.0,11
rb1805,20170613,20170612,212453000,2782.0,2048,81608,56968720.0,2782.0,39,2781.0,14
rb1805,20170613,20170612,212453500,2782.0,2064,81594,57413840.0,2782.0,31,2781.0,9
rb1805,20170613,20170612,212454000,2782.0,2080,81578,57858960.0,2782.0,23,2781.0,9
rb1805,20170613,20170612,212454500,2782.0,2082,81576,57914600.0,2782.0,22,2781.0,9
rb1805,20170613,20170612,212455000,2782.0,2082,81576,57914600.0,2782.0,22,2781.0,9
rb1805,20170613,20170612,212455500,2782.0,2082,81576,57914600.0,2782.0,22,2781.0,9
rb1805,20170613,20170612,212457000,2782.0,2088,81570,58081520.0,2782.0,19,2781.0,9
rb1805,20170613,20170612,212457500,2782.0,2102,81556,58471000.0,2782.0,12,2781.0,9
rb1805,20170613,20170612,212458000,2782.0,2114,81544,58804840.0,2782.0,6,2781.0,9
rb1805,20170613,20170612,212458500,2782.0,2114,81544,58804840.0,2782.0,6,2781.0,9
rb1805,20170613,20170612,212459000,2782.0,2120,81538,58971760.0,2782.0,3,2781.0,9
rb1805,20170613,20170612,212459500,2782.0,2126,81532,59138680.0,2784.0,11,2783.0,1
rb1805,20170613,20170612,212500000,2783.0,2130,81532,59250000.0,2784.0,13,2781.0,9
rb1805,20170613,20170612,212500500,2783.0,2130,81532,59250000.0,2784.0,13,2782.0,1
