instrument,tradingday,calendarday,time,lastp,volume,openinterest,turnover,ask1,asksz1,bid1,bidsz1
rb1805,20171027,20171026,183418500,3677.0,0,1164444,0.0,0.0,0,0.0,0
rb1805,20171027,20171026,205900500,3671.0,2266,1164884,83184860.0,3673.0,1,3671.0,26
rb1805,20171027,20171026,210000500,3673.0,3434,1165146,126106480.0,3676.0,154,3673.0,5
rb1805,20171027,20171026,210001000,3674.0,3892,1165340,142929220.0,3675.0,32,3674.0,7
rb1805,20171027,20171026,210001500,3674.0,4366,1165448,160342240.0,3674.0,295,3673.0,37
rb1805,20171027,20171026,210002000,3672.0,4548,1165466,167026700.0,3673.0,370,3672.0,31
rb1805,20171027,20171026,210002500,3672.0,4698,1165478,172534680.0,3672.0,63,3671.0,149
rb1805,20171027,20171026,210003000,3672.0,4762,1165484,174884420.0,3672.0,134,3671.0,133
rb1805,20171027,20171026,210003500,3671.0,5134,1165488,188543600.0,3673.0,354,3671.0,108
rb1805,20171027,20171026,210004000,3672.0,5304,1165592,194785940.0,3673.0,310,3671.0,85
rb1805,20171027,20171026,210004500,3671.0,5322,1165602,195446900.0,3673.0,306,3671.0,81
rb1805,20171027,20171026,210005000,3671.0,5380,1165650,197576120.0,3672.0,2,3671.0,54
rb1805,20171027,20171026,210005500,3672.0,5772,1165682,211973420.0,3673.0,137,3672.0,10
rb1805,20171027,20171026,210006000,3673.0,5864,1165728,215351880.0,3673.0,128,3672.0,10
rb1805,20171027,20171026,210006500,3671.0,6010,1165802,220711760.0,3671.0,40,3670.0,138
rb1805,20171027,20171026,210007000,3671.0,6184,1165878,227099320.0,3673.0,122,3671.0,9
rb1805,20171027,20171026,210007500,3672.0,6194,1165888,227466520.0,3672.0,2,3671.0,19
rb1805,20171027,20171026,210008000,3672.0,6276,1165950,230477120.0,3672.0,299,3671.0,25
rb1805,20171027,20171026,210008500,3672.0,6338,1165916,232753720.0,3672.0,274,3671.0,28
rb1805,20171027,20171026,210009000,3672.0,6362,1165912,233634840.0,3672.0,274,3671.0,19
rb1805,20171027,20171026,210009500,3671.0,6412,1165930,235470320.0,3671.0,28,3670.0,128
rb1805,20171027,20171026,210010000,3671.0,6488,1165988,238260240.0,3671.0,10,3670.0,127
rb1805,20171027,20171026,210010500,3671.0,6548,1166004,240462820.0,3672.0,275,3670.0,125
rb1805,20171027,20171026,210011000,3672.0,6596,1165980,242225380.0,3672.0,275,3670.0,126
rb1805,20171027,20171026,210011500,3671.0,6624,1166004,243253240.0,3671.0,47,3670.0,126
rb1805,20171027,20171026,210012000,3672.0,6740,1166020,247511620.0,3672.0,278,3671.0,133
rb1805,20171027,20171026,210012500,3671.0,6846,1166112,251402880.0,3672.0,280,3671.0,82
rb1805,20171027,20171026,210013000,3671.0,6904,1166122,253532140.0,3672.0,286,3671.0,39
rb1805,20171027,20171026,210013500,3672.0,7086,1166158,260213280.0,3672.0,286,3671.0,2
rb1805,20171027,20171026,210014000,3672.0,7236,1166062,265720640.0,3672.0,256,3670.0,159
rb1805,20171027,20171026,210014500,3670.0,7476,1166196,274528920.0,3671.0,92,3670.0,52
rb1805,20171027,20171026,210015000,3670.0,7614,1166198,279593940.0,3671.0,142,3670.0,8
rb1805,20171027,20171026,210015500,3670.0,7722,1166138,283557120.0,3670.0,61,3669.0,2
rb1805,20171027,20171026,210016000,3670.0,7774,1166150,285465480.0,3670.0,55,3668.0,65
rb1805,20171027,20171026,210016500,3670.0,7846,1166202,288106980.0,3670.0,68,3668.0,70
rb1805,20171027,20171026,210017000,3668.0,7884,1166210,289501300.0,3670.0,60,3668.0,50
rb1805,20171027,20171026,210017500,3670.0,8360,1166356,306965620.0,3670.0,5,3669.0,9
rb1805,20171027,20171026,210018000,3668.0,8388,1166370,307992980.0,3669.0,1,3668.0,100
rb1805,20171027,20171026,210018500,3668.0,8410,1166362,308799980.0,3669.0,3,3668.0,114
rb1805,20171027,20171026,210019000,3668.0,8774,1166344,322153800.0,3668.0,3,3667.0,41
rb1805,20171027,20171026,210019500,3668.0,8932,1166346,327949360.0,3669.0,4,3668.0,80
rb1805,20171027,20171026,210020000,3669.0,9018,1166276,331104200.0,3669.0,10,3668.0,62
rb1805,20171027,20171026,210020500,3668.0,9252,1166218,339687360.0,3668.0,33,3667.0,54
rb1805,20171027,20171026,210021000,3667.0,9418,1166166,345775380.0,3668.0,2,3667.0,4
rb1805,20171027,20171026,210021500,3667.0,9480,1166136,348048880.0,3667.0,24,3666.0,296
rb1805,20171027,20171026,210022000,3667.0,9686,1166148,355602960.0,3668.0,19,3667.0,37
rb1805,20171027,20171026,210022500,3668.0,9770,1166142,358684060.0,3669.0,37,3668.0,30
rb1805,20171027,20171026,210023000,3668.0,10490,1165976,385082940.0,3669.0,37,3668.0,13
rb1805,20171027,20171026,210023500,3667.0,10624,1166040,389997620.0,3668.0,46,3667.0,16
rb1805,20171027,20171026,210024000,3667.0,10664,1166022,391464560.0,3668.0,104,3667.0,11
rb1805,20171027,20171026,210024500,3667.0,10700,1166036,392784720.0,3668.0,110,3667.0,18
rb1805,20171027,20171026,210025000,3667.0,10746,1166048,394471600.0,3667.0,4,3666.0,82
rb1805,20171027,20171026,210025500,3668.0,10876,1166124,399239720.0,3668.0,62,3667.0,20
rb1805,20171027,20171026,210026000,3668.0,10912,1166112,400559960.0,3668.0,97,3667.0,18
rb1805,20171027,20171026,210026500,3667.0,10964,1166092,402466780.0,3667.0,185,3666.0,99
rb1805,20171027,20171026,210027000,3667.0,11252,1166028,413027700.0,3667.0,45,3666.0,100
rb1805,20171027,20171026,210027500,3667.0,12770,1165642,468655900.0,3667.0,38,3666.0,1
rb1805,20171027,20171026,210028000,3664.0,12800,1165638,469755080.0,3665.0,1,3663.0,3
rb1805,20171027,20171026,210028500,3665.0,13340,1165652,489535520.0,3666.0,257,3660.0,263
rb1805,20171027,20171026,210029000,3662.0,13550,1165666,497227700.0,3663.0,212,3662.0,21
rb1805,20171027,20171026,210029500,3660.0,14134,1165558,518608160.0,3661.0,1,3660.0,168
rb1805,20171027,20171026,210030000,3660.0,15532,1165686,569780880.0,3660.0,162,3658.0,52
rb1805,20171027,20171026,210030500,3658.0,16200,1165784,594228900.0,3660.0,64,3658.0,131
rb1805,20171027,20171026,210031000,3659.0,17220,1165854,631544040.0,3660.0,38,3659.0,6
rb1805,20171027,20171026,210031500,3660.0,17490,1165782,641424400.0,3662.0,116,3660.0,20
rb1805,20171027,20171026,210032000,3660.0,17716,1165854,649695280.0,3660.0,354,3659.0,89
rb1805,20171027,20171026,210032500,3660.0,17970,1165928,658990640.0,3660.0,337,3659.0,34
rb1805,20171027,20171026,210033000,3660.0,18178,1166026,666602800.0,3660.0,279,3659.0,5
rb1805,20171027,20171026,210033500,3659.0,18324,1166100,671945580.0,3660.0,251,3659.0,34
rb1805,20171027,20171026,210034000,3659.0,18470,1166148,677288620.0,3660.0,276,3659.0,44
rb1805,20171027,20171026,210034500,3660.0,18592,1166172,681753260.0,3660.0,244,3659.0,16
rb1805,20171027,20171026,210035000,3660.0,18682,1166224,685046880.0,3660.0,220,3659.0,5
rb1805,20171027,20171026,210035500,3660.0,18934,1166170,694269980.0,3660.0,102,3659.0,36
rb1805,20171027,20171026,210036000,3660.0,19184,1166178,703419520.0,3661.0,67,3660.0,179
rb1805,20171027,20171026,210036500,3660.0,19364,1166154,710008560.0,3661.0,19,3660.0,227
rb1805,20171027,20171026,210037000,3662.0,19468,1166156,713816420.0,3662.0,44,3661.0,26
rb1805,20171027,20171026,210037500,3662.0,19876,1166160,728752480.0,3662.0,3,3661.0,10
rb1805,20171027,20171026,210038000,3661.0,19900,1166166,729631300.0,3663.0,159,3662.0,6
rb1805,20171027,20171026,210038500,3662.0,20044,1166072,734902660.0,3662.0,31,3660.0,385
rb1805,20171027,20171026,210039000,3661.0,20324,1166092,745156140.0,3661.0,279,3660.0,384
rb1805,20171027,20171026,210039500,3661.0,20668,1166204,757749900.0,3661.0,129,3660.0,390
rb1805,20171027,20171026,210040000,3662.0,20974,1166376,768953080.0,3662.0,26,3661.0,95
rb1805,20171027,20171026,210040500,3661.0,21322,1166050,781695460.0,3662.0,1,3660.0,423
rb1805,20171027,20171026,210041000,3662.0,21330,1166052,781988420.0,3663.0,79,3662.0,17
rb1805,20171027,20171026,210041500,3662.0,21358,1166064,783013840.0,3663.0,62,3662.0,20
rb1805,20171027,20171026,210042000,3662.0,21466,1166014,786969320.0,3663.0,29,3662.0,13
rb1805,20171027,20171026,210042500,3663.0,21490,1166002,787848340.0,3663.0,39,3662.0,43
rb1805,20171027,20171026,210043000,3663.0,21794,1165908,798980700.0,3663.0,22,3662.0,10
rb1805,20171027,20171026,210043500,3663.0,21970,1165804,805425900.0,3663.0,29,3662.0,50
rb1805,20171027,20171026,210044000,3662.0,22100,1165822,810186740.0,3663.0,15,3661.0,47
rb1805,20171027,20171026,210044500,3663.0,22222,1165884,814656400.0,3664.0,28,3662.0,20
rb1805,20171027,20171026,210045000,3663.0,22292,1165842,817220520.0,3664.0,27,3663.0,35
rb1805,20171027,20171026,210045500,3663.0,22412,1165854,821615880.0,3664.0,22,3663.0,2
rb1805,20171027,20171026,210046000,3664.0,22498,1165888,824766780.0,3665.0,55,3664.0,278
rb1805,20171027,20171026,210046500,3664.0,22570,1165902,827405460.0,3665.0,25,3664.0,277
rb1805,20171027,20171026,210047000,3665.0,22598,1165926,828431500.0,3665.0,24,3664.0,277
rb1805,20171027,20171026,210047500,3665.0,22672,1165944,831143520.0,3665.0,59,3664.0,272
rb1805,20171027,20171026,210048000,3665.0,22774,1165942,834881600.0,3665.0,64,3664.0,260
rb1805,20171027,20171026,210048500,3665.0,22802,1165936,835907740.0,3665.0,74,3664.0,260
rb1805,20171027,20171026,210049000,3665.0,22978,1165948,842356820.0,3665.0,53,3664.0,215
rb1805,20171027,20171026,210049500,3665.0,22994,1165938,842943220.0,3665.0,72,3664.0,217
rb1805,20171027,20171026,210050000,3665.0,23070,1165914,845728620.0,3665.0,70,3664.0,296
rb1805,20171027,20171026,210050500,3664.0,23080,1165914,846095080.0,3665.0,83,3664.0,304
rb1805,20171027,20171026,210051000,3665.0,23706,1165932,869032360.0,3665.0,62,3664.0,43
rb1805,20171027,20171026,210051500,3664.0,23856,1165846,874528720.0,3665.0,49,3664.0,6
rb1805,20171027,20171026,210052000,3663.0,24008,1165800,880099000.0,3665.0,28,3663.0,43
rb1805,20171027,20171026,210052500,3664.0,24042,1165814,881344560.0,3664.0,16,3663.0,37
rb1805,20171027,20171026,210053000,3665.0,24196,1165856,886988160.0,3666.0,116,3665.0,1
rb1805,20171027,20171026,210053500,3665.0,24248,1165866,888893820.0,3665.0,17,3664.0,43
rb1805,20171027,20171026,210054000,3665.0,24284,1165838,890213220.0,3666.0,122,3665.0,3
rb1805,20171027,20171026,210054500,3665.0,24330,1165864,891898900.0,3666.0,144,3664.0,41
rb1805,20171027,20171026,210055000,3666.0,24348,1165876,892558660.0,3666.0,120,3665.0,2
rb1805,20171027,20171026,210055500,3664.0,24360,1165880,892998420.0,3665.0,3,3664.0,102
rb1805,20171027,20171026,210056000,3665.0,24426,1165892,895417760.0,3665.0,97,3664.0,104
rb1805,20171027,20171026,210056500,3665.0,24632,1166068,902967540.0,3665.0,21,3664.0,95
rb1805,20171027,20171026,210057000,3665.0,24680,1166034,904726740.0,3666.0,87,3665.0,101
rb1805,20171027,20171026,210057500,3666.0,24722,1166038,906266380.0,3666.0,71,3665.0,56
rb1805,20171027,20171026,210058000,3665.0,24826,1166086,910077980.0,3666.0,72,3665.0,102
rb1805,20171027,20171026,210058500,3665.0,24968,1166094,915283560.0,3666.0,8,3665.0,176
rb1805,20171027,20171026,210059000,3666.0,25394,1165876,930896800.0,3667.0,68,3666.0,106
rb1805,20171027,20171026,210059500,3666.0,25546,1165998,936469160.0,3667.0,66,3666.0,38
rb1805,20171027,20171026,210100000,3667.0,25730,1166014,943216020.0,3667.0,17,3666.0,40
rb1805,20171027,20171026,210100500,3667.0,25816,1166002,946369300.0,3667.0,15,3666.0,31
rb1805,20171027,20171026,210101000,3667.0,25932,1166062,950622960.0,3668.0,60,3667.0,60
rb1805,20171027,20171026,210101500,3668.0,25998,1166094,953043440.0,3668.0,50,3667.0,47
rb1805,20171027,20171026,210102000,3667.0,26062,1166122,955390640.0,3668.0,33,3667.0,43
rb1805,20171027,20171026,210102500,3667.0,26180,1166196,959718540.0,3669.0,80,3668.0,5
rb1805,20171027,20171026,210103000,3667.0,26380,1166332,967052740.0,3667.0,12,3666.0,57
rb1805,20171027,20171026,210103500,3667.0,26448,1166310,969546480.0,3668.0,61,3667.0,19
rb1805,20171027,20171026,210104000,3667.0,26486,1166306,970940160.0,3668.0,70,3667.0,11
rb1805,20171027,20171026,210104500,3668.0,26524,1166282,972333880.0,3668.0,73,3667.0,10
rb1805,20171027,20171026,210105000,3668.0,26604,1166292,975267860.0,3668.0,56,3667.0,37
rb1805,20171027,20171026,210105500,3664.0,27030,1166118,990883280.0,3668.0,27,3667.0,6
rb1805,20171027,20171026,210106000,3666.0,27210,1166134,997484120.0,3666.0,24,3664.0,100
rb1805,20171027,20171026,210106500,3668.0,27484,1166112,1007531380.0,3668.0,152,3667.0,2
rb1805,20171027,20171026,210107000,3667.0,27604,1166088,1011932440.0,3667.0,17,3666.0,146
rb1805,20171027,20171026,210107500,3667.0,27828,1166212,1020147900.0,3668.0,53,3667.0,64
rb1805,20171027,20171026,210108000,3668.0,27844,1166206,1020734680.0,3668.0,58,3667.0,39
rb1805,20171027,20171026,210108500,3668.0,27894,1166226,1022568260.0,3668.0,60,3667.0,25
rb1805,20171027,20171026,210109000,3668.0,27926,1166236,1023741720.0,3668.0,89,3667.0,15
rb1805,20171027,20171026,210109500,3668.0,27984,1166270,1025868840.0,3668.0,71,3667.0,5
rb1805,20171027,20171026,210110000,3668.0,28048,1166332,1028216260.0,3667.0,23,3666.0,153
rb1805,20171027,20171026,210110500,3667.0,28276,1166456,1036575440.0,3668.0,59,3667.0,90
rb1805,20171027,20171026,210111000,3668.0,28284,1166462,1036868880.0,3668.0,61,3667.0,92
rb1805,20171027,20171026,210111500,3667.0,28304,1166458,1037602460.0,3668.0,53,3667.0,91
rb1805,20171027,20171026,210112000,3668.0,28354,1166500,1039436260.0,3668.0,42,3667.0,90
rb1805,20171027,20171026,210112500,3668.0,28360,1166500,1039656340.0,3668.0,40,3667.0,92
rb1805,20171027,20171026,210113000,3668.0,28384,1166492,1040536580.0,3668.0,52,3667.0,93
rb1805,20171027,20171026,210113500,3667.0,28416,1166502,1041710280.0,3668.0,41,3667.0,92
rb1805,20171027,20171026,210114000,3668.0,28506,1166540,1045011400.0,3669.0,119,3668.0,36
rb1805,20171027,20171026,210114500,3668.0,28650,1166624,1050293320.0,3668.0,176,3667.0,99
rb1805,20171027,20171026,210115000,3668.0,28702,1166670,1052200560.0,3668.0,83,3667.0,155
rb1805,20171027,20171026,210115500,3668.0,28728,1166684,1053154140.0,3668.0,68,3667.0,115
rb1805,20171027,20171026,210116000,3667.0,28744,1166692,1053741000.0,3668.0,62,3667.0,116
rb1805,20171027,20171026,210116500,3667.0,28804,1166714,1055941640.0,3668.0,43,3667.0,113
rb1805,20171027,20171026,210117000,3667.0,29042,1166692,1064669140.0,3667.0,3,3666.0,106
rb1805,20171027,20171026,210117500,3668.0,29072,1166696,1065769320.0,3668.0,33,3667.0,25
rb1805,20171027,20171026,210118000,3667.0,29100,1166694,1066796100.0,3667.0,52,3666.0,108
rb1805,20171027,20171026,210118500,3667.0,29108,1166696,1067089440.0,3667.0,49,3666.0,107
rb1805,20171027,20171026,210119000,3667.0,29124,1166690,1067676160.0,3667.0,56,3666.0,108
rb1805,20171027,20171026,210119500,3667.0,29146,1166680,1068482880.0,3667.0,51,3666.0,105
rb1805,20171027,20171026,210120000,3666.0,29160,1166670,1068996160.0,3667.0,64,3666.0,103
rb1805,20171027,20171026,210120500,3666.0,29190,1166670,1070095980.0,3667.0,67,3666.0,88
rb1805,20171027,20171026,210121000,3667.0,29552,1166706,1083367740.0,3667.0,26,3666.0,6
rb1805,20171027,20171026,210121500,3666.0,29566,1166716,1083880980.0,3666.0,96,3665.0,49
rb1805,20171027,20171026,210122000,3665.0,29670,1166740,1087692580.0,3665.0,3,3664.0,168
rb1805,20171027,20171026,210122500,3665.0,29778,1166736,1091651300.0,3666.0,141,3664.0,165
rb1805,20171027,20171026,210123000,3666.0,29866,1166672,1094876380.0,3666.0,155,3665.0,17
rb1805,20171027,20171026,210123500,3664.0,29914,1166636,1096635540.0,3665.0,38,3664.0,158
rb1805,20171027,20171026,210124000,3665.0,29964,1166638,1098467660.0,3665.0,58,3664.0,139
rb1805,20171027,20171026,210124500,3664.0,29976,1166642,1098907340.0,3665.0,126,3664.0,133
rb1805,20171027,20171026,210125000,3665.0,30062,1166676,1102059220.0,3665.0,126,3664.0,172
rb1805,20171027,20171026,210125500,3665.0,30106,1166686,1103671740.0,3665.0,106,3664.0,168
rb1805,20171027,20171026,210126000,3664.0,30136,1166712,1104771000.0,3665.0,63,3664.0,157
rb1805,20171027,20171026,210126500,3665.0,30162,1166732,1105723720.0,3665.0,65,3664.0,150
rb1805,20171027,20171026,210127000,3664.0,30224,1166776,1107995720.0,3665.0,79,3664.0,135
rb1805,20171027,20171026,210127500,3664.0,30360,1166818,1112980000.0,3665.0,17,3664.0,129
rb1805,20171027,20171026,210128000,3664.0,30644,1167036,1123385760.0,3664.0,15,3663.0,86
rb1805,20171027,20171026,210128500,3664.0,30672,1167016,1124411680.0,3664.0,14,3663.0,86
rb1805,20171027,20171026,210129000,3664.0,30714,1167028,1125950500.0,3664.0,30,3663.0,107
rb1805,20171027,20171026,210129500,3664.0,30730,1167032,1126536700.0,3664.0,28,3663.0,105
rb1805,20171027,20171026,210130000,3664.0,30766,1167042,1127855680.0,3664.0,100,3663.0,102
rb1805,20171027,20171026,210130500,3663.0,30826,1167090,1130053720.0,3664.0,94,3663.0,85
rb1805,20171027,20171026,210131000,3664.0,30898,1167110,1132691720.0,3664.0,65,3663.0,89
rb1805,20171027,20171026,210131500,3663.0,30930,1167130,1133863900.0,3664.0,83,3663.0,74
rb1805,20171027,20171026,210132000,3663.0,30964,1167130,1135109340.0,3664.0,83,3663.0,58
rb1805,20171027,20171026,210132500,3663.0,30966,1167132,1135182600.0,3664.0,99,3663.0,51
rb1805,20171027,20171026,210133000,3663.0,31094,1167134,1139871160.0,3663.0,190,3662.0,139
rb1805,20171027,20171026,210133500,3662.0,31128,1167116,1141116500.0,3663.0,180,3662.0,143
rb1805,20171027,20171026,210134000,3662.0,31138,1167118,1141482720.0,3663.0,191,3662.0,140
rb1805,20171027,20171026,210134500,3662.0,31168,1167112,1142581500.0,3663.0,190,3662.0,127
rb1805,20171027,20171026,210135000,3662.0,31196,1167110,1143606900.0,3663.0,225,3662.0,115
rb1805,20171027,20171026,210135500,3663.0,31218,1167112,1144412660.0,3663.0,219,3662.0,110
rb1805,20171027,20171026,210136000,3662.0,31230,1167112,1144852140.0,3663.0,236,3662.0,107
rb1805,20171027,20171026,210136500,3662.0,31284,1167086,1146829840.0,3663.0,201,3662.0,122
rb1805,20171027,20171026,210137000,3663.0,31366,1167146,1149832700.0,3663.0,203,3662.0,84
rb1805,20171027,20171026,210137500,3662.0,31550,1167226,1156570780.0,3662.0,18,3661.0,107
rb1805,20171027,20171026,210138000,3662.0,31612,1167208,1158841200.0,3663.0,204,3662.0,15
rb1805,20171027,20171026,210138500,3662.0,31662,1167226,1160672220.0,3663.0,205,3662.0,30
rb1805,20171027,20171026,210139000,3662.0,31664,1167226,1160745460.0,3663.0,201,3662.0,45
rb1805,20171027,20171026,210139500,3662.0,31908,1167054,1169682760.0,3663.0,100,3662.0,70
rb1805,20171027,20171026,210140000,3663.0,32244,1167092,1181990420.0,3664.0,103,3663.0,129
rb1805,20171027,20171026,210140500,3664.0,32292,1167118,1183748920.0,3664.0,74,3663.0,126
rb1805,20171027,20171026,210141000,3663.0,32332,1167134,1185214320.0,3664.0,64,3663.0,118
rb1805,20171027,20171026,210141500,3664.0,32472,1167122,1190343820.0,3665.0,111,3664.0,123
rb1805,20171027,20171026,210142000,3664.0,32638,1167108,1196426080.0,3665.0,120,3664.0,42
rb1805,20171027,20171026,210142500,3663.0,32780,1167152,1201628460.0,3664.0,15,3663.0,106
rb1805,20171027,20171026,210143000,3664.0,32962,1167174,1208295620.0,3664.0,54,3663.0,63
rb1805,20171027,20171026,210143500,3663.0,33096,1167302,1213204040.0,3663.0,11,3662.0,112
rb1805,20171027,20171026,210144000,3662.0,33134,1167286,1214595920.0,3663.0,25,3662.0,98
rb1805,20171027,20171026,210144500,3663.0,33186,1167236,1216500200.0,3663.0,48,3662.0,75
rb1805,20171027,20171026,210145000,3662.0,33232,1167238,1218184940.0,3663.0,75,3662.0,63
rb1805,20171027,20171026,210145500,3663.0,33386,1167306,1223824460.0,3663.0,81,3661.0,123
rb1805,20171027,20171026,210146000,3661.0,33400,1167314,1224337020.0,3662.0,204,3661.0,116
rb1805,20171027,20171026,210146500,3661.0,33694,1167474,1235100360.0,3661.0,6,3660.0,499
rb1805,20171027,20171026,210147000,3660.0,34134,1167692,1251204700.0,3661.0,54,3660.0,299
rb1805,20171027,20171026,210147500,3660.0,34792,1167420,1275287720.0,3660.0,5,3659.0,101
rb1805,20171027,20171026,210148000,3659.0,34942,1167438,1280776380.0,3660.0,226,3659.0,63
rb1805,20171027,20171026,210148500,3659.0,35088,1167494,1286118500.0,3659.0,11,3658.0,115
rb1805,20171027,20171026,210149000,3659.0,35160,1167492,1288753140.0,3660.0,108,3659.0,6
rb1805,20171027,20171026,210149500,3659.0,35186,1167476,1289704420.0,3659.0,16,3658.0,143
rb1805,20171027,20171026,210150000,3660.0,35354,1167540,1295852160.0,3659.0,2,3658.0,140
rb1805,20171027,20171026,210150500,3659.0,35388,1167554,1297096300.0,3660.0,97,3659.0,6
rb1805,20171027,20171026,210151000,3659.0,35620,1167658,1305583260.0,3659.0,19,3658.0,41
rb1805,20171027,20171026,210151500,3659.0,35670,1167688,1307412740.0,3659.0,51,3658.0,30
rb1805,20171027,20171026,210152000,3659.0,35858,1167854,1314291720.0,3660.0,113,3659.0,61
rb1805,20171027,20171026,210152500,3659.0,36132,1167792,1324317360.0,3660.0,115,3659.0,95
rb1805,20171027,20171026,210153000,3659.0,36446,1167886,1335806500.0,3659.0,20,3658.0,48
rb1805,20171027,20171026,210153500,3658.0,36582,1167928,1340782020.0,3659.0,5,3658.0,18
rb1805,20171027,20171026,210154000,3660.0,36750,1167866,1346929660.0,3660.0,43,3659.0,48
rb1805,20171027,20171026,210154500,3659.0,37000,1167948,1356076700.0,3659.0,4,3658.0,303
rb1805,20171027,20171026,210155000,3659.0,37104,1168018,1359882060.0,3660.0,35,3659.0,5
rb1805,20171027,20171026,210155500,3658.0,37232,1168068,1364565460.0,3659.0,2,3658.0,307
rb1805,20171027,20171026,210156000,3659.0,37252,1168076,1365297300.0,3660.0,41,3659.0,28
rb1805,20171027,20171026,210156500,3658.0,37350,1168094,1368882800.0,3660.0,54,3659.0,4
rb1805,20171027,20171026,210157000,3660.0,37522,1168080,1375177740.0,3661.0,77,3660.0,37
rb1805,20171027,20171026,210157500,3660.0,37692,1167994,1381399400.0,3660.0,63,3659.0,29
rb1805,20171027,20171026,210158000,3659.0,37728,1168016,1382716680.0,3660.0,108,3659.0,47
rb1805,20171027,20171026,210158500,3660.0,37746,1168008,1383375400.0,3660.0,103,3659.0,55
rb1805,20171027,20171026,210159000,3659.0,37884,1168018,1388424740.0,3659.0,121,3658.0,316
rb1805,20171027,20171026,210159500,3659.0,38292,1168044,1403349680.0,3659.0,41,3658.0,127
rb1805,20171027,20171026,210200000,3659.0,38580,1168050,1413885180.0,3659.0,241,3658.0,9
rb1805,20171027,20171026,210200500,3658.0,38662,1168060,1416884380.0,3658.0,263,3657.0,98
rb1805,20171027,20171026,210201000,3656.0,39058,1168050,1431364860.0,3657.0,169,3656.0,244
rb1805,20171027,20171026,210201500,3655.0,40008,1168586,1466097900.0,3656.0,1,3655.0,128
rb1805,20171027,20171026,210202000,3655.0,40618,1168362,1488391560.0,3655.0,41,3654.0,69
rb1805,20171027,20171026,210202500,3652.0,41324,1168132,1514182160.0,3653.0,1,3652.0,360
rb1805,20171027,20171026,210203000,3653.0,43018,1167396,1576074200.0,3654.0,38,3653.0,203
rb1805,20171027,20171026,210203500,3655.0,44584,1167530,1633297420.0,3655.0,7,3653.0,106
rb1805,20171027,20171026,210204000,3653.0,45010,1167440,1648863040.0,3656.0,30,3654.0,1
rb1805,20171027,20171026,210204500,3652.0,45344,1167412,1661063760.0,3653.0,5,3652.0,76
rb1805,20171027,20171026,210205000,3654.0,45690,1167346,1673704920.0,3655.0,69,3653.0,202
rb1805,20171027,20171026,210205500,3655.0,46002,1167400,1685108640.0,3656.0,100,3655.0,22
rb1805,20171027,20171026,210206000,3657.0,46386,1167376,1699144800.0,3657.0,15,3656.0,94
rb1805,20171027,20171026,210206500,3655.0,46858,1167552,1716399700.0,3657.0,59,3655.0,38
rb1805,20171027,20171026,210207000,3656.0,47034,1167612,1722834440.0,3657.0,58,3655.0,63
rb1805,20171027,20171026,210207500,3655.0,47306,1167566,1732780260.0,3657.0,1,3655.0,100
rb1805,20171027,20171026,210208000,3655.0,47498,1167598,1739798220.0,3656.0,52,3655.0,54
rb1805,20171027,20171026,210208500,3655.0,47664,1167652,1745865480.0,3655.0,27,3654.0,17
rb1805,20171027,20171026,210209000,3655.0,47902,1167532,1754560720.0,3655.0,18,3654.0,61
rb1805,20171027,20171026,210209500,3656.0,47996,1167520,1757996420.0,3656.0,56,3655.0,1
rb1805,20171027,20171026,210210000,3654.0,48256,1167582,1767497760.0,3655.0,17,3654.0,13
rb1805,20171027,20171026,210210500,3655.0,48404,1167646,1772906900.0,3656.0,116,3655.0,9
rb1805,20171027,20171026,210211000,3655.0,48496,1167660,1776269440.0,3656.0,109,3655.0,16
rb1805,20171027,20171026,210211500,3654.0,48622,1167710,1780874580.0,3654.0,88,3653.0,105
rb1805,20171027,20171026,210212000,3656.0,49106,1167884,1798565000.0,3656.0,41,3655.0,141
rb1805,20171027,20171026,210212500,3655.0,49310,1167860,1806022360.0,3656.0,19,3655.0,102
rb1805,20171027,20171026,210213000,3655.0,49492,1167800,1812675260.0,3657.0,62,3655.0,53
rb1805,20171027,20171026,210213500,3656.0,49514,1167822,1813479500.0,3657.0,62,3656.0,396
rb1805,20171027,20171026,210214000,3657.0,49666,1167790,1819037940.0,3658.0,132,3657.0,2
rb1805,20171027,20171026,210214500,3658.0,49808,1167876,1824230380.0,3658.0,130,3657.0,36
rb1805,20171027,20171026,210215000,3656.0,50252,1168134,1840465140.0,3658.0,93,3656.0,226
rb1805,20171027,20171026,210215500,3657.0,50296,1168134,1842074040.0,3657.0,9,3656.0,222
rb1805,20171027,20171026,210216000,3657.0,50336,1168158,1843537100.0,3658.0,129,3657.0,10
rb1805,20171027,20171026,210216500,3657.0,50372,1168182,1844853660.0,3658.0,232,3657.0,2
rb1805,20171027,20171026,210217000,3658.0,50598,1168314,1853119880.0,3658.0,214,3656.0,225
rb1805,20171027,20171026,210217500,3657.0,50744,1168220,1858460340.0,3657.0,5,3656.0,228
rb1805,20171027,20171026,210218000,3657.0,50796,1168200,1860361980.0,3657.0,184,3656.0,228
rb1805,20171027,20171026,210218500,3657.0,51162,1167856,1873746500.0,3657.0,87,3656.0,229
rb1805,20171027,20171026,210219000,3657.0,51428,1167942,1883474120.0,3657.0,6,3656.0,229
rb1805,20171027,20171026,210219500,3658.0,51722,1167820,1894225060.0,3658.0,104,3657.0,17
rb1805,20171027,20171026,210220000,3658.0,51800,1167796,1897077340.0,3658.0,108,3657.0,21
rb1805,20171027,20171026,210220500,3657.0,51934,1167868,1901977000.0,3658.0,112,3657.0,14
rb1805,20171027,20171026,210221000,3658.0,52064,1167844,1906731140.0,3658.0,123,3657.0,2
rb1805,20171027,20171026,210221500,3656.0,52124,1167814,1908925560.0,3657.0,4,3656.0,165
rb1805,20171027,20171026,210222000,3657.0,52164,1167812,1910388500.0,3658.0,116,3657.0,11
rb1805,20171027,20171026,210222500,3657.0,52392,1167632,1918728660.0,3658.0,6,3657.0,37
rb1805,20171027,20171026,210223000,3658.0,52460,1167646,1921216100.0,3659.0,38,3658.0,55
rb1805,20171027,20171026,210223500,3658.0,52578,1167644,1925532880.0,3659.0,66,3658.0,55
rb1805,20171027,20171026,210224000,3658.0,52712,1167642,1930434400.0,3658.0,86,3657.0,43
rb1805,20171027,20171026,210224500,3658.0,52726,1167636,1930946500.0,3658.0,81,3657.0,48
rb1805,20171027,20171026,210225000,3658.0,52744,1167638,1931604820.0,3658.0,66,3657.0,48
rb1805,20171027,20171026,210225500,3658.0,52806,1167600,1933872780.0,3658.0,60,3657.0,51
rb1805,20171027,20171026,210226000,3658.0,52942,1167586,1938847680.0,3659.0,73,3658.0,47
rb1805,20171027,20171026,210226500,3659.0,53150,1167724,1946458160.0,3660.0,146,3659.0,10
rb1805,20171027,20171026,210227000,3658.0,53224,1167764,1949165340.0,3659.0,6,3658.0,134
rb1805,20171027,20171026,210227500,3660.0,53364,1167812,1954288080.0,3660.0,115,3658.0,114
rb1805,20171027,20171026,210228000,3660.0,53414,1167834,1956117980.0,3660.0,96,3658.0,120
rb1805,20171027,20171026,210228500,3660.0,53450,1167856,1957435400.0,3660.0,96,3659.0,1
rb1805,20171027,20171026,210229000,3660.0,53472,1167862,1958240340.0,3660.0,122,3659.0,51
rb1805,20171027,20171026,210229500,3660.0,53662,1167796,1965193100.0,3660.0,93,3659.0,2
rb1805,20171027,20171026,210230000,3658.0,53686,1167792,1966071380.0,3660.0,84,3658.0,138
rb1805,20171027,20171026,210230500,3660.0,53802,1167770,1970316840.0,3660.0,47,3659.0,14
rb1805,20171027,20171026,210231000,3660.0,53832,1167762,1971414660.0,3660.0,51,3659.0,10
rb1805,20171027,20171026,210231500,3659.0,53874,1167772,1972951420.0,3659.0,9,3658.0,143
rb1805,20171027,20171026,210232000,3659.0,53932,1167796,1975073700.0,3660.0,62,3659.0,19
rb1805,20171027,20171026,210232500,3659.0,53992,1167798,1977269080.0,3659.0,156,3658.0,133
rb1805,20171027,20171026,210233000,3658.0,54174,1167776,1983927360.0,3659.0,115,3658.0,82
rb1805,20171027,20171026,210233500,3658.0,54340,1167894,1989999640.0,3658.0,22,3657.0,62
rb1805,20171027,20171026,210234000,3658.0,54374,1167918,1991243320.0,3658.0,102,3657.0,54
rb1805,20171027,20171026,210234500,3658.0,54402,1167924,1992267540.0,3658.0,89,3657.0,63
rb1805,20171027,20171026,210235000,3657.0,54554,1167996,1997826000.0,3657.0,36,3656.0,176
rb1805,20171027,20171026,210235500,3656.0,54582,1168012,1998849940.0,3657.0,138,3656.0,175
rb1805,20171027,20171026,210236000,3657.0,54628,1168048,2000531940.0,3657.0,131,3656.0,162
rb1805,20171027,20171026,210236500,3657.0,54736,1168054,2004481460.0,3657.0,86,3656.0,160
rb1805,20171027,20171026,210237000,3656.0,54752,1168070,2005066420.0,3657.0,96,3656.0,151
rb1805,20171027,20171026,210237500,3656.0,54814,1168120,2007333700.0,3657.0,67,3656.0,153
rb1805,20171027,20171026,210238000,3657.0,54874,1168160,2009527520.0,3657.0,61,3656.0,137
rb1805,20171027,20171026,210238500,3656.0,55012,1168254,2014573880.0,3657.0,7,3656.0,115
rb1805,20171027,20171026,210239000,3657.0,55038,1168242,2015524680.0,3658.0,117,3657.0,3
rb1805,20171027,20171026,210239500,3657.0,55068,1168240,2016621640.0,3657.0,5,3656.0,116
rb1805,20171027,20171026,210240000,3658.0,55224,1168378,2022325180.0,3658.0,122,3657.0,32
rb1805,20171027,20171026,210240500,3657.0,55240,1168384,2022910300.0,3658.0,123,3657.0,50
rb1805,20171027,20171026,210241000,3657.0,55366,1168486,2027518040.0,3657.0,9,3656.0,164
rb1805,20171027,20171026,210241500,3657.0,55396,1168498,2028615040.0,3657.0,14,3656.0,160
rb1805,20171027,20171026,210242000,3657.0,55474,1168496,2031467500.0,3658.0,126,3657.0,65
rb1805,20171027,20171026,210242500,3658.0,55538,1168532,2033808180.0,3658.0,115,3657.0,46
rb1805,20171027,20171026,210243000,3657.0,55576,1168566,2035197920.0,3658.0,112,3657.0,33
rb1805,20171027,20171026,210243500,3658.0,55608,1168582,2036368240.0,3658.0,60,3657.0,46
rb1805,20171027,20171026,210244000,3657.0,55658,1168632,2038196880.0,3658.0,53,3657.0,62
rb1805,20171027,20171026,210244500,3657.0,55688,1168614,2039294020.0,3658.0,51,3657.0,79
rb1805,20171027,20171026,210245000,3657.0,56046,1168654,2052389120.0,3659.0,203,3657.0,56
rb1805,20171027,20171026,210245500,3657.0,56188,1168712,2057582200.0,3657.0,38,3656.0,250
rb1805,20171027,20171026,210246000,3657.0,56384,1168810,2064750080.0,3658.0,34,3657.0,7
rb1805,20171027,20171026,210246500,3657.0,56394,1168806,2065115780.0,3658.0,55,3657.0,47
rb1805,20171027,20171026,210247000,3658.0,56484,1168808,2068407140.0,3658.0,65,3657.0,5
rb1805,20171027,20171026,210247500,3657.0,56500,1168812,2068992280.0,3658.0,64,3657.0,24
rb1805,20171027,20171026,210248000,3658.0,56506,1168814,2069211740.0,3658.0,63,3657.0,27
rb1805,20171027,20171026,210248500,3658.0,56530,1168826,2070089640.0,3658.0,81,3657.0,29
rb1805,20171027,20171026,210249000,3657.0,56564,1168804,2071333320.0,3658.0,68,3657.0,29
rb1805,20171027,20171026,210249500,3657.0,56732,1168914,2077477080.0,3657.0,34,3656.0,366
rb1805,20171027,20171026,210250000,3657.0,56754,1168932,2078281600.0,3657.0,25,3656.0,365
rb1805,20171027,20171026,210250500,3658.0,56846,1169016,2081646360.0,3658.0,73,3657.0,187
rb1805,20171027,20171026,210251000,3658.0,56886,1169038,2083109220.0,3658.0,75,3657.0,182
rb1805,20171027,20171026,210251500,3657.0,56932,1169084,2084791440.0,3658.0,75,3657.0,160
rb1805,20171027,20171026,210252000,3657.0,56960,1169096,2085815400.0,3658.0,75,3657.0,150
rb1805,20171027,20171026,210252500,3658.0,57000,1169134,2087278600.0,3658.0,56,3657.0,153
rb1805,20171027,20171026,210253000,3657.0,57014,1169130,2087790660.0,3658.0,52,3657.0,152
rb1805,20171027,20171026,210253500,3657.0,57154,1169230,2092910820.0,3658.0,36,3657.0,102
rb1805,20171027,20171026,210254000,3657.0,57268,1169324,2097080800.0,3658.0,1,3657.0,97
rb1805,20171027,20171026,210254500,3657.0,57288,1169326,2097812340.0,3658.0,29,3657.0,105
rb1805,20171027,20171026,210255000,3658.0,57318,1169352,2098909700.0,3658.0,69,3657.0,104
rb1805,20171027,20171026,210255500,3657.0,57322,1169354,2099055980.0,3658.0,80,3657.0,99
rb1805,20171027,20171026,210256000,3657.0,57538,1169496,2106955620.0,3658.0,80,3657.0,30
rb1805,20171027,20171026,210256500,3658.0,57542,1169498,2107101940.0,3658.0,91,3657.0,34
rb1805,20171027,20171026,210257000,3657.0,57622,1169522,2110027540.0,3657.0,73,3656.0,377
rb1805,20171027,20171026,210257500,3657.0,57812,1169590,2116975840.0,3658.0,107,3657.0,6
rb1805,20171027,20171026,210258000,3657.0,58184,1169646,2130578100.0,3658.0,115,3657.0,135
rb1805,20171027,20171026,210258500,3658.0,58438,1169870,2139869280.0,3659.0,107,3658.0,84
rb1805,20171027,20171026,210259000,3659.0,58654,1169968,2147770960.0,3659.0,87,3657.0,157
rb1805,20171027,20171026,210259500,3660.0,59032,1169832,2161603980.0,3661.0,195,3660.0,192
rb1805,20171027,20171026,210300000,3660.0,59248,1169790,2169509600.0,3661.0,203,3660.0,85
rb1805,20171027,20171026,210300500,3659.0,59640,1169670,2183856520.0,3660.0,197,3659.0,8
rb1805,20171027,20171026,210301000,3659.0,59756,1169676,2188100220.0,3659.0,68,3658.0,34
rb1805,20171027,20171026,210301500,3658.0,59882,1169700,2192709320.0,3659.0,86,3658.0,17
rb1805,20171027,20171026,210302000,3658.0,59928,1169738,2194392060.0,3659.0,95,3658.0,35
rb1805,20171027,20171026,210302500,3659.0,60170,1169722,2203246300.0,3659.0,19,3658.0,49
rb1805,20171027,20171026,210303000,3658.0,60254,1169718,2206319040.0,3659.0,16,3658.0,19
rb1805,20171027,20171026,210303500,3659.0,60334,1169718,2209245840.0,3659.0,7,3657.0,40
rb1805,20171027,20171026,210304000,3660.0,60448,1169706,2213418000.0,3660.0,145,3659.0,1
rb1805,20171027,20171026,210304500,3659.0,60514,1169712,2215832420.0,3658.0,2,3657.0,117
rb1805,20171027,20171026,210305000,3658.0,60604,1169738,2219125340.0,3659.0,2,3658.0,44
rb1805,20171027,20171026,210305500,3660.0,60622,1169750,2219783900.0,3660.0,146,3659.0,1
rb1805,20171027,20171026,210306000,3657.0,61202,1170148,2240993080.0,3657.0,283,3656.0,137
rb1805,20171027,20171026,210306500,3655.0,62042,1170586,2271702080.0,3655.0,33,3654.0,175
rb1805,20171027,20171026,210307000,3657.0,62170,1170676,2276381520.0,3657.0,261,3656.0,3
rb1805,20171027,20171026,210307500,3656.0,62218,1170646,2278136400.0,3656.0,9,3655.0,221
rb1805,20171027,20171026,210308000,3656.0,62346,1170610,2282816100.0,3657.0,162,3656.0,22
rb1805,20171027,20171026,210308500,3656.0,62440,1170616,2286253100.0,3656.0,2,3655.0,245
rb1805,20171027,20171026,210309000,3655.0,62730,1170738,2296855380.0,3656.0,1,3655.0,231
rb1805,20171027,20171026,210309500,3657.0,63182,1170920,2313379800.0,3658.0,21,3657.0,175
rb1805,20171027,20171026,210310000,3657.0,63412,1170902,2321790920.0,3658.0,40,3657.0,64
rb1805,20171027,20171026,210310500,3657.0,63552,1170906,2326910660.0,3657.0,257,3656.0,31
rb1805,20171027,20171026,210311000,3656.0,63614,1170892,2329177420.0,3657.0,267,3656.0,17
rb1805,20171027,20171026,210311500,3657.0,63728,1170826,2333345440.0,3657.0,256,3655.0,42
rb1805,20171027,20171026,210312000,3656.0,63780,1170872,2335246260.0,3656.0,14,3655.0,23
rb1805,20171027,20171026,210312500,3655.0,63808,1170892,2336269840.0,3656.0,55,3655.0,21
rb1805,20171027,20171026,210313000,3656.0,63824,1170902,2336854700.0,3656.0,86,3655.0,16
rb1805,20171027,20171026,210313500,3655.0,63970,1171038,2342192040.0,3656.0,36,3655.0,18
rb1805,20171027,20171026,210314000,3655.0,64054,1171068,2345262320.0,3655.0,157,3654.0,244
rb1805,20171027,20171026,210314500,3655.0,64448,1171178,2359663040.0,3656.0,30,3655.0,18
rb1805,20171027,20171026,210315000,3656.0,64510,1171134,2361929520.0,3656.0,11,3655.0,31
rb1805,20171027,20171026,210315500,3655.0,64650,1171188,2367047420.0,3657.0,244,3656.0,2
rb1805,20171027,20171026,210316000,3657.0,64692,1171170,2368582900.0,3657.0,151,3656.0,54
rb1805,20171027,20171026,210316500,3656.0,64914,1171256,2376698560.0,3656.0,52,3655.0,2
rb1805,20171027,20171026,210317000,3656.0,64944,1171264,2377795180.0,3656.0,142,3655.0,6
rb1805,20171027,20171026,210317500,3656.0,64974,1171284,2378891840.0,3656.0,148,3655.0,6
rb1805,20171027,20171026,210318000,3655.0,65076,1171340,2382620340.0,3655.0,24,3654.0,208
rb1805,20171027,20171026,210318500,3655.0,65482,1171154,2397459920.0,3656.0,95,3655.0,17
rb1805,20171027,20171026,210319000,3655.0,65790,1171386,2408714660.0,3655.0,74,3654.0,84
rb1805,20171027,20171026,210319500,3656.0,65934,1171400,2413978080.0,3656.0,88,3654.0,84
rb1805,20171027,20171026,210320000,3654.0,66064,1171446,2418728560.0,3655.0,19,3654.0,33
rb1805,20171027,20171026,210320500,3654.0,66206,1171500,2423918020.0,3654.0,21,3653.0,146
rb1805,20171027,20171026,210321000,3653.0,66552,1171676,2436557860.0,3654.0,40,3653.0,2
rb1805,20171027,20171026,210321500,3653.0,66654,1171704,2440283960.0,3653.0,10,3652.0,227
rb1805,20171027,20171026,210322000,3654.0,66742,1171700,2443498520.0,3653.0,2,3652.0,227
rb1805,20171027,20171026,210322500,3653.0,66814,1171712,2446128660.0,3653.0,28,3652.0,215
rb1805,20171027,20171026,210323000,3652.0,66890,1171756,2448904520.0,3653.0,39,3652.0,189
rb1805,20171027,20171026,210323500,3653.0,67002,1171754,2452995900.0,3654.0,99,3653.0,33
rb1805,20171027,20171026,210324000,3652.0,67112,1171700,2457014080.0,3653.0,14,3652.0,200
rb1805,20171027,20171026,210324500,3654.0,67442,1171946,2469071140.0,3655.0,67,3654.0,62
rb1805,20171027,20171026,210325000,3654.0,67540,1172032,2472652520.0,3655.0,52,3654.0,71
rb1805,20171027,20171026,210325500,3654.0,67680,1172106,2477768560.0,3655.0,22,3654.0,35
rb1805,20171027,20171026,210326000,3655.0,67740,1172110,2479961200.0,3655.0,17,3654.0,23
rb1805,20171027,20171026,210326500,3654.0,67772,1172116,2481130580.0,3655.0,36,3654.0,19
rb1805,20171027,20171026,210327000,3654.0,67790,1172122,2481788340.0,3655.0,33,3654.0,13
rb1805,20171027,20171026,210327500,3654.0,67914,1172138,2486319460.0,3654.0,4,3653.0,125
rb1805,20171027,20171026,210328000,3653.0,67936,1172154,2487123360.0,3654.0,5,3653.0,149
rb1805,20171027,20171026,210328500,3654.0,68054,1172060,2491434000.0,3654.0,1,3653.0,98
rb1805,20171027,20171026,210329000,3654.0,68110,1172086,2493480240.0,3655.0,23,3653.0,109
rb1805,20171027,20171026,210329500,3653.0,68132,1172088,2494284060.0,3654.0,7,3653.0,121
rb1805,20171027,20171026,210330000,3654.0,68182,1172098,2496111080.0,3655.0,25,3654.0,34
rb1805,20171027,20171026,210330500,3654.0,68244,1172096,2498377000.0,3655.0,18,3654.0,30
rb1805,20171027,20171026,210331000,3654.0,68258,1172092,2498888600.0,3655.0,37,3654.0,60
rb1805,20171027,20171026,210331500,3654.0,68276,1172102,2499546380.0,3655.0,44,3654.0,59
rb1805,20171027,20171026,210332000,3655.0,68284,1172104,2499838720.0,3655.0,43,3654.0,90
rb1805,20171027,20171026,210332500,3654.0,68456,1172118,2506123620.0,3655.0,43,3654.0,38
rb1805,20171027,20171026,210333000,3655.0,68516,1172100,2508316500.0,3655.0,29,3654.0,40
rb1805,20171027,20171026,210333500,3654.0,68604,1172050,2511532440.0,3655.0,16,3654.0,28
rb1805,20171027,20171026,210334000,3654.0,68650,1172058,2513213640.0,3656.0,102,3655.0,1
rb1805,20171027,20171026,210334500,3655.0,68714,1172028,2515552800.0,3656.0,102,3655.0,16
rb1805,20171027,20171026,210335000,3655.0,68776,1172022,2517818660.0,3655.0,2,3654.0,47
rb1805,20171027,20171026,210335500,3655.0,68854,1172030,2520668980.0,3655.0,9,3654.0,27
rb1805,20171027,20171026,210336000,3655.0,68882,1172026,2521692340.0,3655.0,9,3654.0,146
rb1805,20171027,20171026,210336500,3654.0,68900,1172016,2522350080.0,3655.0,14,3654.0,142
rb1805,20171027,20171026,210337000,3655.0,68930,1172022,2523446580.0,3655.0,3,3654.0,144
rb1805,20171027,20171026,210337500,3655.0,68982,1172032,2525346840.0,3655.0,28,3654.0,128
rb1805,20171027,20171026,210338000,3656.0,69224,1172122,2534190920.0,3656.0,86,3654.0,75
rb1805,20171027,20171026,210338500,3654.0,69248,1172146,2535067900.0,3655.0,27,3654.0,65
rb1805,20171027,20171026,210339000,3655.0,69300,1172166,2536968180.0,3655.0,18,3654.0,61
rb1805,20171027,20171026,210339500,3654.0,69342,1172198,2538503220.0,3655.0,1,3654.0,58
rb1805,20171027,20171026,210340000,3655.0,69356,1172194,2539014900.0,3656.0,75,3655.0,1
rb1805,20171027,20171026,210340500,3655.0,69378,1172208,2539818960.0,3656.0,80,3655.0,35
rb1805,20171027,20171026,210341000,3655.0,69586,1172210,2547422700.0,3656.0,13,3655.0,5
rb1805,20171027,20171026,210341500,3655.0,69654,1172224,2549908560.0,3656.0,1,3655.0,80
rb1805,20171027,20171026,210342000,3655.0,69732,1172210,2552759660.0,3657.0,169,3655.0,65
rb1805,20171027,20171026,210342500,3655.0,69784,1172210,2554660300.0,3657.0,176,3655.0,76
rb1805,20171027,20171026,210343000,3657.0,69788,1172210,2554806540.0,3657.0,166,3656.0,2
rb1805,20171027,20171026,210343500,3655.0,69958,1172140,2561022000.0,3657.0,142,3655.0,81
rb1805,20171027,20171026,210344000,3657.0,70006,1172122,2562777040.0,3657.0,131,3655.0,112
rb1805,20171027,20171026,210344500,3656.0,70018,1172122,2563215760.0,3657.0,134,3656.0,42
rb1805,20171027,20171026,210345000,3655.0,70334,1172226,2574768460.0,3657.0,89,3655.0,58
rb1805,20171027,20171026,210345500,3657.0,70390,1172278,2576816020.0,3657.0,70,3655.0,51
rb1805,20171027,20171026,210346000,3657.0,70448,1172256,2578936680.0,3657.0,63,3656.0,20
rb1805,20171027,20171026,210346500,3657.0,70574,1172276,2583544500.0,3657.0,6,3656.0,27
rb1805,20171027,20171026,210347000,3657.0,70594,1172272,2584275960.0,3658.0,62,3657.0,59
rb1805,20171027,20171026,210347500,3657.0,70598,1172270,2584422240.0,3658.0,55,3657.0,72
rb1805,20171027,20171026,210348000,3658.0,70604,1172272,2584641680.0,3658.0,86,3657.0,82
rb1805,20171027,20171026,210348500,3658.0,70630,1172270,2585592700.0,3658.0,85,3657.0,90
rb1805,20171027,20171026,210349000,3657.0,70672,1172266,2587128740.0,3658.0,86,3657.0,74
rb1805,20171027,20171026,210349500,3657.0,70702,1172268,2588225880.0,3658.0,98,3657.0,61
rb1805,20171027,20171026,210350000,3657.0,70712,1172272,2588591580.0,3658.0,104,3657.0,57
rb1805,20171027,20171026,210350500,3657.0,70924,1172302,2596344380.0,3657.0,29,3656.0,48
rb1805,20171027,20171026,210351000,3657.0,70960,1172322,2597660880.0,3657.0,53,3656.0,85
rb1805,20171027,20171026,210351500,3657.0,70994,1172296,2598904200.0,3657.0,130,3656.0,82
rb1805,20171027,20171026,210352000,3656.0,71162,1172322,2605046280.0,3656.0,85,3655.0,319
rb1805,20171027,20171026,210352500,3657.0,71338,1172420,2611480920.0,3657.0,167,3656.0,14
rb1805,20171027,20171026,210353000,3656.0,71368,1172420,2612577720.0,3656.0,23,3655.0,315
rb1805,20171027,20171026,210353500,3656.0,71376,1172422,2612870160.0,3656.0,18,3655.0,320
rb1805,20171027,20171026,210354000,3656.0,71454,1172402,2615722040.0,3657.0,150,3656.0,72
rb1805,20171027,20171026,210354500,3656.0,71580,1172460,2620328400.0,3656.0,6,3655.0,323
rb1805,20171027,20171026,210355000,3657.0,71636,1172506,2622375720.0,3657.0,146,3656.0,1
rb1805,20171027,20171026,210355500,3656.0,71764,1172436,2627055340.0,3657.0,136,3656.0,11
rb1805,20171027,20171026,210356000,3655.0,71852,1172496,2630272160.0,3657.0,134,3656.0,17
rb1805,20171027,20171026,210356500,3656.0,71876,1172520,2631149600.0,3657.0,136,3656.0,15
rb1805,20171027,20171026,210357000,3656.0,71910,1172524,2632392780.0,3657.0,127,3656.0,11
rb1805,20171027,20171026,210357500,3657.0,72216,1172694,2643583380.0,3658.0,158,3657.0,33
rb1805,20171027,20171026,210358000,3657.0,72320,1172678,2647386420.0,3658.0,175,3657.0,2
rb1805,20171027,20171026,210358500,3657.0,72338,1172692,2648044660.0,3657.0,8,3656.0,83
rb1805,20171027,20171026,210359000,3657.0,72352,1172692,2648556560.0,3657.0,63,3656.0,82
rb1805,20171027,20171026,210359500,3656.0,72416,1172682,2650896700.0,3657.0,49,3656.0,37
rb1805,20171027,20171026,210400000,3657.0,72436,1172666,2651628100.0,3657.0,40,3656.0,51
rb1805,20171027,20171026,210400500,3656.0,72496,1172650,2653821920.0,3657.0,49,3656.0,71
rb1805,20171027,20171026,210401000,3656.0,72668,1172780,2660110040.0,3657.0,59,3656.0,3
rb1805,20171027,20171026,210401500,3656.0,72890,1172668,2668228340.0,3657.0,2,3656.0,2
rb1805,20171027,20171026,210402000,3655.0,72952,1172692,2670494940.0,3656.0,1,3655.0,344
rb1805,20171027,20171026,210402500,3656.0,72982,1172700,2671591760.0,3657.0,30,3656.0,26
rb1805,20171027,20171026,210403000,3656.0,73172,1172744,2678538160.0,3656.0,74,3655.0,343
rb1805,20171027,20171026,210403500,3656.0,73224,1172756,2680438800.0,3656.0,99,3655.0,321
rb1805,20171027,20171026,210404000,3657.0,73474,1172688,2689579440.0,3657.0,13,3655.0,330
rb1805,20171027,20171026,210404500,3655.0,73580,1172752,2693453940.0,3657.0,32,3655.0,290
rb1805,20171027,20171026,210405000,3656.0,73770,1172696,2700400180.0,3657.0,42,3656.0,1
rb1805,20171027,20171026,210405500,3656.0,73882,1172770,2704494840.0,3657.0,47,3656.0,6
rb1805,20171027,20171026,210406000,3656.0,74000,1172882,2708808100.0,3656.0,55,3655.0,203
rb1805,20171027,20171026,210406500,3655.0,74114,1172970,2712974920.0,3656.0,124,3655.0,145
rb1805,20171027,20171026,210407000,3655.0,74306,1172918,2719992580.0,3656.0,121,3655.0,52
rb1805,20171027,20171026,210407500,3655.0,74532,1173088,2728251880.0,3655.0,52,3654.0,191
rb1805,20171027,20171026,210408000,3655.0,74702,1173204,2734463960.0,3655.0,46,3654.0,130
rb1805,20171027,20171026,210408500,3655.0,74740,1173196,2735852840.0,3655.0,127,3654.0,129
rb1805,20171027,20171026,210409000,3654.0,74806,1173170,2738265060.0,3655.0,98,3654.0,128
rb1805,20171027,20171026,210409500,3655.0,74860,1173182,2740238720.0,3655.0,75,3654.0,124
rb1805,20171027,20171026,210410000,3655.0,74948,1173214,2743454980.0,3655.0,37,3654.0,119
rb1805,20171027,20171026,210410500,3656.0,75240,1173192,2754129460.0,3657.0,53,3656.0,38
rb1805,20171027,20171026,210411000,3656.0,75292,1173206,2756030940.0,3657.0,37,3656.0,36
rb1805,20171027,20171026,210411500,3657.0,75368,1173178,2758810220.0,3658.0,161,3657.0,49
rb1805,20171027,20171026,210412000,3657.0,75372,1173174,2758956500.0,3658.0,162,3657.0,54
rb1805,20171027,20171026,210412500,3658.0,75520,1173146,2764369900.0,3658.0,110,3657.0,41
rb1805,20171027,20171026,210413000,3657.0,75546,1173122,2765320720.0,3658.0,107,3657.0,28
rb1805,20171027,20171026,210413500,3658.0,75730,1173234,2772049700.0,3658.0,97,3657.0,9
rb1805,20171027,20171026,210414000,3657.0,75786,1173288,2774097620.0,3658.0,106,3657.0,2
rb1805,20171027,20171026,210414500,3657.0,75898,1173378,2778194420.0,3658.0,59,3657.0,76
rb1805,20171027,20171026,210415000,3658.0,76016,1173326,2782510860.0,3659.0,133,3658.0,399
rb1805,20171027,20171026,210415500,3659.0,76314,1173412,2793414700.0,3660.0,189,3659.0,95
rb1805,20171027,20171026,210416000,3659.0,76596,1173300,2803735520.0,3660.0,77,3659.0,175
rb1805,20171027,20171026,210416500,3659.0,77052,1173302,2820420500.0,3660.0,77,3659.0,48
rb1805,20171027,20171026,210417000,3660.0,77172,1173386,2824811520.0,3660.0,66,3659.0,12
rb1805,20171027,20171026,210417500,3659.0,77282,1173324,2828836380.0,3659.0,3,3658.0,381
rb1805,20171027,20171026,210418000,3659.0,77356,1173326,2831544520.0,3660.0,49,3659.0,3
rb1805,20171027,20171026,210418500,3659.0,77388,1173334,2832715460.0,3659.0,2,3658.0,381
rb1805,20171027,20171026,210419000,3659.0,77400,1173330,2833154540.0,3659.0,32,3658.0,391
rb1805,20171027,20171026,210419500,3660.0,77468,1173306,2835642660.0,3660.0,60,3658.0,392
rb1805,20171027,20171026,210420000,3660.0,77478,1173296,2836008660.0,3659.0,24,3658.0,387
rb1805,20171027,20171026,210420500,3658.0,77572,1173246,2839447940.0,3660.0,85,3658.0,386
rb1805,20171027,20171026,210421000,3660.0,77576,1173248,2839594340.0,3660.0,97,3659.0,20
rb1805,20171027,20171026,210421500,3660.0,77604,1173248,2840618980.0,3660.0,94,3659.0,29
rb1805,20171027,20171026,210422000,3660.0,77642,1173246,2842009720.0,3660.0,82,3659.0,53
rb1805,20171027,20171026,210422500,3659.0,77818,1173246,2848451280.0,3660.0,15,3659.0,57
rb1805,20171027,20171026,210423000,3659.0,78004,1173186,2855257720.0,3659.0,14,3658.0,379
rb1805,20171027,20171026,210423500,3660.0,78086,1173218,2858258280.0,3660.0,4,3659.0,29
rb1805,20171027,20171026,210424000,3659.0,78190,1173256,2862064180.0,3660.0,24,3659.0,15
rb1805,20171027,20171026,210424500,3659.0,78282,1173244,2865430380.0,3659.0,8,3658.0,377
rb1805,20171027,20171026,210425000,3659.0,78304,1173234,2866235320.0,3659.0,3,3658.0,375
rb1805,20171027,20171026,210425500,3659.0,78346,1173220,2867772260.0,3660.0,62,3659.0,1
rb1805,20171027,20171026,210426000,3660.0,78356,1173218,2868138240.0,3660.0,61,3659.0,8
rb1805,20171027,20171026,210426500,3660.0,78468,1173196,2872236940.0,3660.0,36,3659.0,28
rb1805,20171027,20171026,210427000,3660.0,78588,1173132,2876628900.0,3661.0,242,3660.0,11
rb1805,20171027,20171026,210427500,3659.0,78734,1173216,2881973220.0,3661.0,212,3660.0,1
rb1805,20171027,20171026,210428000,3660.0,78778,1173208,2883583660.0,3661.0,193,3660.0,3
rb1805,20171027,20171026,210428500,3661.0,78834,1173198,2885633360.0,3661.0,184,3660.0,3
rb1805,20171027,20171026,210429000,3660.0,78874,1173178,2887097360.0,3660.0,38,3659.0,36
rb1805,20171027,20171026,210429500,3660.0,78888,1173182,2887609760.0,3660.0,34,3659.0,44
rb1805,20171027,20171026,210430000,3660.0,78976,1173202,2890830560.0,3660.0,14,3659.0,81
rb1805,20171027,20171026,210430500,3661.0,79100,1173226,2895369160.0,3661.0,169,3660.0,2
rb1805,20171027,20171026,210431000,3660.0,79230,1173304,2900128040.0,3660.0,3,3659.0,81
rb1805,20171027,20171026,210431500,3660.0,79400,1173442,2906348440.0,3660.0,1,3659.0,8
rb1805,20171027,20171026,210432000,3660.0,79546,1173322,2911692060.0,3661.0,137,3660.0,17
rb1805,20171027,20171026,210432500,3660.0,79618,1173280,2914327200.0,3660.0,46,3659.0,23
rb1805,20171027,20171026,210433000,3660.0,79632,1173272,2914839560.0,3660.0,118,3659.0,21
rb1805,20171027,20171026,210433500,3660.0,79872,1173264,2923623560.0,3660.0,10,3659.0,72
rb1805,20171027,20171026,210434000,3660.0,79978,1173290,2927503160.0,3661.0,146,3660.0,16
rb1805,20171027,20171026,210434500,3661.0,79992,1173302,2928015580.0,3661.0,151,3660.0,51
rb1805,20171027,20171026,210435000,3661.0,79994,1173302,2928088800.0,3661.0,149,3660.0,54
rb1805,20171027,20171026,210435500,3660.0,80078,1173300,2931163680.0,3661.0,129,3660.0,43
rb1805,20171027,20171026,210436000,3660.0,80124,1173332,2932847320.0,3661.0,128,3660.0,9
rb1805,20171027,20171026,210436500,3660.0,80284,1173366,2938704220.0,3660.0,2,3659.0,86
rb1805,20171027,20171026,210437000,3661.0,80316,1173366,2939875420.0,3660.0,1,3659.0,92
rb1805,20171027,20171026,210437500,3660.0,80430,1173376,2944048820.0,3661.0,34,3660.0,180
rb1805,20171027,20171026,210438000,3660.0,80612,1173418,2950711260.0,3661.0,1,3660.0,178
rb1805,20171027,20171026,210438500,3660.0,80636,1173402,2951589800.0,3661.0,14,3660.0,174
rb1805,20171027,20171026,210439000,3661.0,80692,1173402,2953639800.0,3661.0,27,3660.0,169
rb1805,20171027,20171026,210439500,3660.0,80790,1173388,2957227220.0,3661.0,42,3660.0,158
rb1805,20171027,20171026,210440000,3661.0,81018,1173324,2965573280.0,3661.0,9,3660.0,113
rb1805,20171027,20171026,210440500,3661.0,81100,1173290,2968574940.0,3661.0,16,3660.0,103
rb1805,20171027,20171026,210441000,3661.0,81352,1173350,2977798540.0,3661.0,34,3659.0,87
rb1805,20171027,20171026,210441500,3660.0,81356,1173348,2977944960.0,3660.0,5,3659.0,39
rb1805,20171027,20171026,210442000,3660.0,81584,1173440,2986288880.0,3661.0,121,3660.0,10
rb1805,20171027,20171026,210442500,3661.0,82318,1172992,3013156180.0,3662.0,133,3661.0,46
rb1805,20171027,20171026,210443000,3659.0,82492,1172976,3019525300.0,3660.0,59,3659.0,112
rb1805,20171027,20171026,210443500,3659.0,82548,1173006,3021574660.0,3660.0,53,3659.0,13
rb1805,20171027,20171026,210444000,3660.0,82570,1173014,3022379820.0,3660.0,51,3659.0,16
rb1805,20171027,20171026,210444500,3660.0,82674,1173016,3026186200.0,3660.0,7,3659.0,24
rb1805,20171027,20171026,210445000,3660.0,82756,1172998,3029186960.0,3660.0,43,3659.0,13
rb1805,20171027,20171026,210445500,3660.0,82820,1173018,3031528980.0,3660.0,70,3659.0,99
rb1805,20171027,20171026,210446000,3659.0,83054,1173196,3040090860.0,3659.0,1,3658.0,189
rb1805,20171027,20171026,210446500,3659.0,83086,1173202,3041261800.0,3660.0,120,3659.0,39
rb1805,20171027,20171026,210447000,3659.0,83254,1173248,3047409040.0,3659.0,1,3658.0,184
rb1805,20171027,20171026,210447500,3659.0,83280,1173272,3048360460.0,3660.0,137,3659.0,3
rb1805,20171027,20171026,210448000,3660.0,83314,1173300,3049604720.0,3660.0,126,3658.0,203
rb1805,20171027,20171026,210448500,3658.0,83320,1173298,3049824200.0,3659.0,13,3658.0,401
rb1805,20171027,20171026,210449000,3660.0,83348,1173280,3050848740.0,3660.0,141,3659.0,111
rb1805,20171027,20171026,210449500,3659.0,83396,1173278,3052605080.0,3660.0,143,3659.0,99
rb1805,20171027,20171026,210450000,3660.0,83452,1173314,3054654540.0,3660.0,145,3659.0,66
rb1805,20171027,20171026,210450500,3660.0,83508,1173316,3056703640.0,3660.0,154,3659.0,252
rb1805,20171027,20171026,210451000,3660.0,83722,1173288,3064535980.0,3660.0,58,3659.0,279
rb1805,20171027,20171026,210451500,3660.0,83846,1173242,3069074380.0,3661.0,280,3660.0,16
rb1805,20171027,20171026,210452000,3661.0,83886,1173244,3070538580.0,3661.0,278,3660.0,45
rb1805,20171027,20171026,210452500,3660.0,83904,1173242,3071197380.0,3661.0,290,3660.0,52
rb1805,20171027,20171026,210453000,3660.0,84098,1173350,3078297800.0,3661.0,290,3660.0,35
rb1805,20171027,20171026,210453500,3660.0,84104,1173354,3078517400.0,3661.0,291,3660.0,33
rb1805,20171027,20171026,210454000,3660.0,84174,1173416,3081079440.0,3661.0,292,3660.0,16
rb1805,20171027,20171026,210454500,3660.0,84216,1173446,3082616640.0,3660.0,30,3659.0,286
rb1805,20171027,20171026,210455000,3660.0,84316,1173512,3086276640.0,3660.0,51,3659.0,298
rb1805,20171027,20171026,210455500,3659.0,84338,1173524,3087081780.0,3660.0,112,3659.0,295
rb1805,20171027,20171026,210456000,3660.0,84340,1173524,3087154980.0,3660.0,274,3659.0,295
rb1805,20171027,20171026,210456500,3660.0,84390,1173524,3088984980.0,3660.0,253,3659.0,295
rb1805,20171027,20171026,210457000,3659.0,84466,1173548,3091766060.0,3660.0,245,3659.0,259
rb1805,20171027,20171026,210457500,3659.0,84550,1173544,3094839640.0,3660.0,280,3659.0,218
rb1805,20171027,20171026,210458000,3658.0,85018,1173352,3111963720.0,3659.0,43,3658.0,405
rb1805,20171027,20171026,210458500,3658.0,85036,1173350,3112622160.0,3659.0,42,3658.0,419
rb1805,20171027,20171026,210459000,3658.0,85116,1173330,3115548760.0,3659.0,55,3658.0,387
rb1805,20171027,20171026,210459500,3659.0,85124,1173328,3115841460.0,3659.0,62,3658.0,396
rb1805,20171027,20171026,210500000,3658.0,85158,1173330,3117085280.0,3659.0,90,3658.0,386
rb1805,20171027,20171026,210500500,3659.0,85222,1173314,3119426460.0,3659.0,116,3658.0,348
rb1805,20171027,20171026,210501000,3658.0,85672,1173324,3135887540.0,3659.0,118,3658.0,127
rb1805,20171027,20171026,210501500,3658.0,85946,1173358,3145910460.0,3658.0,328,3657.0,271
rb1805,20171027,20171026,210502000,3657.0,86076,1173368,3150664820.0,3658.0,400,3657.0,220
rb1805,20171027,20171026,210502500,3657.0,86124,1173364,3152420200.0,3658.0,245,3657.0,206
rb1805,20171027,20171026,210503000,3658.0,86168,1173360,3154029340.0,3658.0,294,3657.0,187
rb1805,20171027,20171026,210503500,3657.0,86184,1173354,3154614540.0,3658.0,271,3657.0,199
rb1805,20171027,20171026,210504000,3658.0,86190,1173358,3154834000.0,3658.0,270,3657.0,198
rb1805,20171027,20171026,210504500,3657.0,86210,1173362,3155565540.0,3658.0,264,3657.0,195
rb1805,20171027,20171026,210505000,3658.0,86332,1173368,3160028300.0,3658.0,199,3657.0,186
rb1805,20171027,20171026,210505500,3658.0,86366,1173368,3161271880.0,3658.0,188,3657.0,203
rb1805,20171027,20171026,210506000,3658.0,86794,1173602,3176928120.0,3659.0,89,3658.0,35
rb1805,20171027,20171026,210506500,3658.0,86874,1173602,3179854700.0,3659.0,54,3658.0,81
rb1805,20171027,20171026,210507000,3659.0,87012,1173552,3184904120.0,3660.0,241,3659.0,5
rb1805,20171027,20171026,210507500,3659.0,87016,1173552,3185050480.0,3660.0,284,3659.0,44
rb1805,20171027,20171026,210508000,3660.0,87134,1173496,3189369200.0,3660.0,72,3659.0,72
rb1805,20171027,20171026,210508500,3660.0,87298,1173568,3195371600.0,3661.0,313,3660.0,107
rb1805,20171027,20171026,210509000,3660.0,87452,1173560,3201009480.0,3661.0,247,3660.0,102
rb1805,20171027,20171026,210509500,3660.0,87548,1173602,3204523140.0,3661.0,232,3660.0,120
rb1805,20171027,20171026,210510000,3661.0,87726,1173474,3211039500.0,3661.0,154,3660.0,148
rb1805,20171027,20171026,210510500,3661.0,88064,1173428,3223413680.0,3662.0,208,3661.0,269
rb1805,20171027,20171026,210511000,3662.0,88224,1173532,3229272220.0,3662.0,161,3661.0,230
rb1805,20171027,20171026,210511500,3662.0,88458,1173450,3237840920.0,3662.0,73,3661.0,198
rb1805,20171027,20171026,210512000,3662.0,88704,1173584,3246848440.0,3663.0,186,3662.0,6
rb1805,20171027,20171026,210512500,3662.0,88868,1173560,3252855060.0,3662.0,20,3661.0,171
rb1805,20171027,20171026,210513000,3662.0,88936,1173566,3255345120.0,3662.0,10,3661.0,175
rb1805,20171027,20171026,210513500,3662.0,88976,1173576,3256809920.0,3662.0,6,3661.0,183
rb1805,20171027,20171026,210514000,3662.0,89008,1173584,3257981760.0,3663.0,139,3662.0,16
rb1805,20171027,20171026,210514500,3663.0,89318,1173674,3269336880.0,3664.0,179,3663.0,60
rb1805,20171027,20171026,210515000,3663.0,89388,1173672,3271901340.0,3664.0,165,3663.0,67
rb1805,20171027,20171026,210515500,3664.0,89494,1173580,3275785160.0,3664.0,114,3663.0,67
rb1805,20171027,20171026,210516000,3663.0,89764,1173440,3285677620.0,3665.0,266,3664.0,80
rb1805,20171027,20171026,210516500,3665.0,89834,1173430,3288242460.0,3665.0,272,3664.0,54
rb1805,20171027,20171026,210517000,3664.0,89970,1173334,3293226320.0,3665.0,234,3664.0,35
rb1805,20171027,20171026,210517500,3664.0,90038,1173346,3295718320.0,3665.0,218,3664.0,84
rb1805,20171027,20171026,210518000,3665.0,90194,1173266,3301434560.0,3665.0,200,3664.0,27
rb1805,20171027,20171026,210518500,3665.0,90240,1173286,3303120420.0,3665.0,200,3664.0,31
rb1805,20171027,20171026,210519000,3665.0,90680,1173078,3319246380.0,3666.0,107,3664.0,30
rb1805,20171027,20171026,210519500,3664.0,90704,1173080,3320125960.0,3666.0,108,3664.0,42
rb1805,20171027,20171026,210520000,3666.0,91040,1173200,3332443040.0,3667.0,152,3666.0,71
rb1805,20171027,20171026,210520500,3667.0,91206,1173200,3338529420.0,3667.0,111,3666.0,50
rb1805,20171027,20171026,210521000,3666.0,91590,1173012,3352606600.0,3666.0,98,3665.0,24
rb1805,20171027,20171026,210521500,3666.0,91858,1172978,3362429340.0,3666.0,100,3665.0,4
rb1805,20171027,20171026,210522000,3666.0,91996,1172868,3367488240.0,3666.0,59,3665.0,32
rb1805,20171027,20171026,210522500,3666.0,92088,1172868,3370860960.0,3666.0,33,3665.0,60
rb1805,20171027,20171026,210523000,3666.0,92138,1172870,3372693720.0,3666.0,39,3665.0,48
rb1805,20171027,20171026,210523500,3665.0,92200,1172838,3374966200.0,3666.0,40,3665.0,37
rb1805,20171027,20171026,210524000,3665.0,92280,1172816,3377898860.0,3666.0,37,3665.0,55
rb1805,20171027,20171026,210524500,3666.0,92402,1172802,3382370820.0,3666.0,13,3665.0,27
rb1805,20171027,20171026,210525000,3665.0,92498,1172840,3385889280.0,3665.0,376,3664.0,64
rb1805,20171027,20171026,210525500,3665.0,93112,1172994,3408388340.0,3665.0,271,3663.0,204
rb1805,20171027,20171026,210526000,3665.0,93142,1173010,3409487700.0,3665.0,265,3663.0,253
rb1805,20171027,20171026,210526500,3665.0,93262,1173050,3413885500.0,3665.0,215,3663.0,247
rb1805,20171027,20171026,210527000,3665.0,93270,1173050,3414178680.0,3665.0,214,3663.0,257
rb1805,20171027,20171026,210527500,3665.0,93272,1173048,3414251980.0,3665.0,217,3663.0,259
rb1805,20171027,20171026,210528000,3663.0,93310,1173062,3415644240.0,3665.0,224,3663.0,254
rb1805,20171027,20171026,210528500,3663.0,93322,1173058,3416083840.0,3665.0,254,3663.0,248
rb1805,20171027,20171026,210529000,3663.0,93338,1173066,3416669960.0,3664.0,1,3663.0,210
rb1805,20171027,20171026,210529500,3663.0,93368,1173068,3417769360.0,3665.0,264,3663.0,208
rb1805,20171027,20171026,210530000,3665.0,93380,1173076,3418209140.0,3665.0,260,3664.0,1
rb1805,20171027,20171026,210530500,3664.0,93386,1173074,3418428960.0,3664.0,10,3663.0,228
rb1805,20171027,20171026,210531000,3664.0,93402,1173060,3419015200.0,3665.0,284,3664.0,22
rb1805,20171027,20171026,210531500,3664.0,93456,1173010,3420993740.0,3664.0,6,3663.0,245
rb1805,20171027,20171026,210532000,3663.0,93468,1173016,3421433340.0,3664.0,9,3663.0,242
rb1805,20171027,20171026,210532500,3664.0,93518,1173024,3423265520.0,3664.0,3,3663.0,242
rb1805,20171027,20171026,210533000,3662.0,94070,1173278,3443485800.0,3663.0,160,3662.0,52
rb1805,20171027,20171026,210533500,3663.0,94338,1173402,3453300620.0,3663.0,135,3661.0,53
rb1805,20171027,20171026,210534000,3661.0,94498,1173458,3459158600.0,3661.0,82,3660.0,44
rb1805,20171027,20171026,210534500,3661.0,94524,1173470,3460110400.0,3661.0,79,3660.0,46
rb1805,20171027,20171026,210535000,3661.0,94676,1173548,3465674580.0,3661.0,24,3660.0,49
rb1805,20171027,20171026,210535500,3661.0,94748,1173562,3468310480.0,3661.0,99,3660.0,51
rb1805,20171027,20171026,210536000,3660.0,94914,1173578,3474386700.0,3661.0,68,3660.0,12
rb1805,20171027,20171026,210536500,3661.0,94976,1173586,3476656200.0,3661.0,59,3660.0,15
rb1805,20171027,20171026,210537000,3660.0,94996,1173600,3477388360.0,3661.0,57,3660.0,56
rb1805,20171027,20171026,210537500,3661.0,95020,1173604,3478266980.0,3661.0,43,3660.0,84
rb1805,20171027,20171026,210538000,3663.0,95108,1173602,3481488700.0,3663.0,135,3661.0,213
rb1805,20171027,20171026,210538500,3661.0,95152,1173602,3483099540.0,3662.0,1,3661.0,208
rb1805,20171027,20171026,210539000,3661.0,95202,1173602,3484930080.0,3662.0,32,3661.0,138
rb1805,20171027,20171026,210539500,3661.0,95234,1173588,3486101720.0,3662.0,28,3661.0,131
rb1805,20171027,20171026,210540000,3662.0,95276,1173574,3487639540.0,3662.0,18,3661.0,125
rb1805,20171027,20171026,210540500,3663.0,95342,1173534,3490056500.0,3663.0,181,3662.0,30
rb1805,20171027,20171026,210541000,3662.0,95344,1173534,3490129740.0,3663.0,182,3662.0,41
rb1805,20171027,20171026,210541500,3661.0,95464,1173614,3494523760.0,3663.0,183,3662.0,1
rb1805,20171027,20171026,210542000,3662.0,95474,1173612,3494889920.0,3663.0,188,3662.0,1
rb1805,20171027,20171026,210542500,3662.0,95482,1173616,3495182880.0,3662.0,11,3661.0,114
rb1805,20171027,20171026,210543000,3661.0,95538,1173636,3497233520.0,3662.0,89,3661.0,110
rb1805,20171027,20171026,210543500,3662.0,95552,1173650,3497746200.0,3662.0,113,3661.0,111
rb1805,20171027,20171026,210544000,3661.0,95648,1173692,3501261700.0,3662.0,98,3661.0,110
rb1805,20171027,20171026,210544500,3661.0,95660,1173692,3501701060.0,3662.0,97,3661.0,107
rb1805,20171027,20171026,210545000,3661.0,95682,1173692,3502506500.0,3662.0,99,3661.0,97
rb1805,20171027,20171026,210545500,3661.0,95708,1173694,3503458380.0,3662.0,98,3661.0,84
rb1805,20171027,20171026,210546000,3661.0,96026,1173896,3515101360.0,3661.0,1,3660.0,146
rb1805,20171027,20171026,210546500,3662.0,96050,1173912,3515979980.0,3661.0,1,3660.0,140
rb1805,20171027,20171026,210547000,3662.0,96066,1173900,3516565880.0,3662.0,44,3661.0,25
rb1805,20171027,20171026,210547500,3662.0,96122,1173862,3518616540.0,3662.0,19,3661.0,28
rb1805,20171027,20171026,210548000,3661.0,96130,1173858,3518909460.0,3662.0,20,3661.0,32
rb1805,20171027,20171026,210548500,3662.0,96234,1173814,3522717940.0,3663.0,289,3662.0,39
rb1805,20171027,20171026,210549000,3662.0,96320,1173740,3525867260.0,3662.0,25,3661.0,54
rb1805,20171027,20171026,210549500,3661.0,96364,1173746,3527478320.0,3662.0,20,3661.0,159
rb1805,20171027,20171026,210550000,3662.0,96492,1173800,3532166080.0,3662.0,48,3661.0,171
rb1805,20171027,20171026,210550500,3662.0,96524,1173798,3533337760.0,3662.0,41,3661.0,167
rb1805,20171027,20171026,210551000,3661.0,96580,1173842,3535387980.0,3662.0,48,3661.0,140
rb1805,20171027,20171026,210551500,3661.0,96862,1173826,3545712000.0,3661.0,52,3660.0,161
rb1805,20171027,20171026,210552000,3661.0,96876,1173834,3546224540.0,3661.0,55,3660.0,159
rb1805,20171027,20171026,210552500,3661.0,96888,1173846,3546663860.0,3661.0,49,3660.0,162
rb1805,20171027,20171026,210553000,3661.0,96990,1173910,3550398080.0,3662.0,69,3661.0,8
rb1805,20171027,20171026,210553500,3661.0,97010,1173914,3551130280.0,3661.0,5,3660.0,162
rb1805,20171027,20171026,210554000,3661.0,97044,1173946,3552375000.0,3662.0,68,3661.0,13
rb1805,20171027,20171026,210554500,3661.0,97112,1174000,3554864480.0,3661.0,46,3660.0,162
rb1805,20171027,20171026,210555000,3660.0,97124,1174002,3555303780.0,3661.0,76,3660.0,166
rb1805,20171027,20171026,210555500,3661.0,97162,1174012,3556694800.0,3661.0,70,3660.0,161
rb1805,20171027,20171026,210556000,3661.0,97194,1174038,3557866280.0,3661.0,58,3660.0,166
rb1805,20171027,20171026,210556500,3661.0,97200,1174040,3558085940.0,3661.0,55,3660.0,173
rb1805,20171027,20171026,210557000,3661.0,97230,1174048,3559184220.0,3661.0,41,3660.0,173
rb1805,20171027,20171026,210557500,3661.0,97248,1174060,3559843140.0,3661.0,44,3660.0,172
rb1805,20171027,20171026,210558000,3660.0,97260,1174058,3560282440.0,3661.0,55,3660.0,178
rb1805,20171027,20171026,210558500,3661.0,97272,1174066,3560721760.0,3661.0,57,3660.0,180
rb1805,20171027,20171026,210559000,3661.0,97274,1174068,3560794980.0,3661.0,64,3660.0,220
rb1805,20171027,20171026,210559500,3661.0,97292,1174082,3561453960.0,3661.0,55,3660.0,221
rb1805,20171027,20171026,210600000,3661.0,97304,1174092,3561893280.0,3661.0,44,3660.0,223
rb1805,20171027,20171026,210600500,3660.0,97320,1174094,3562478980.0,3661.0,96,3660.0,221
rb1805,20171027,20171026,210601000,3661.0,97346,1174090,3563430820.0,3661.0,85,3660.0,227
rb1805,20171027,20171026,210601500,3660.0,97354,1174092,3563723660.0,3661.0,79,3660.0,227
rb1805,20171027,20171026,210602000,3660.0,97360,1174090,3563943260.0,3661.0,102,3660.0,224
rb1805,20171027,20171026,210602500,3661.0,97362,1174092,3564016480.0,3661.0,102,3660.0,224
rb1805,20171027,20171026,210603000,3661.0,97582,1174216,3572070680.0,3662.0,69,3661.0,139
rb1805,20171027,20171026,210603500,3662.0,97778,1174194,3579248200.0,3663.0,219,3662.0,98
rb1805,20171027,20171026,210604000,3662.0,97926,1174242,3584667960.0,3663.0,218,3662.0,24
rb1805,20171027,20171026,210604500,3663.0,97950,1174264,3585546860.0,3663.0,231,3662.0,34
rb1805,20171027,20171026,210605000,3661.0,98060,1174184,3589575040.0,3662.0,75,3661.0,77
rb1805,20171027,20171026,210605500,3662.0,98092,1174188,3590746880.0,3662.0,63,3661.0,129
rb1805,20171027,20171026,210606000,3662.0,98200,1174206,3594701840.0,3663.0,234,3662.0,7
rb1805,20171027,20171026,210606500,3662.0,98308,1174234,3598656000.0,3663.0,263,3662.0,9
rb1805,20171027,20171026,210607000,3662.0,98334,1174252,3599608120.0,3663.0,249,3662.0,55
rb1805,20171027,20171026,210607500,3662.0,98342,1174250,3599901120.0,3663.0,247,3662.0,53
rb1805,20171027,20171026,210608000,3663.0,98438,1174256,3603417420.0,3663.0,218,3662.0,53
rb1805,20171027,20171026,210608500,3663.0,98464,1174240,3604369580.0,3663.0,208,3662.0,49
rb1805,20171027,20171026,210609000,3662.0,98474,1174242,3604735840.0,3663.0,209,3662.0,48
rb1805,20171027,20171026,210609500,3662.0,98490,1174244,3605321780.0,3663.0,208,3662.0,57
rb1805,20171027,20171026,210610000,3662.0,98504,1174254,3605834560.0,3663.0,202,3662.0,60
rb1805,20171027,20171026,210610500,3663.0,98520,1174258,3606420540.0,3663.0,214,3662.0,59
rb1805,20171027,20171026,210611000,3663.0,98538,1174268,3607079820.0,3663.0,198,3662.0,56
rb1805,20171027,20171026,210611500,3663.0,98544,1174270,3607299580.0,3663.0,204,3662.0,57
rb1805,20171027,20171026,210612000,3662.0,98778,1174352,3615870720.0,3663.0,101,3662.0,52
rb1805,20171027,20171026,210612500,3662.0,98850,1174404,3618507800.0,3663.0,73,3662.0,40
rb1805,20171027,20171026,210613000,3663.0,98938,1174466,3621731240.0,3663.0,31,3662.0,44
rb1805,20171027,20171026,210613500,3663.0,99012,1174526,3624441800.0,3663.0,17,3662.0,43
rb1805,20171027,20171026,210614000,3662.0,99052,1174558,3625906920.0,3663.0,1,3662.0,40
rb1805,20171027,20171026,210614500,3663.0,99074,1174554,3626712860.0,3664.0,65,3663.0,26
rb1805,20171027,20171026,210615000,3663.0,99074,1174554,3626712860.0,3664.0,74,3663.0,31
rb1805,20171027,20171026,210615500,3663.0,99102,1174556,3627738540.0,3664.0,68,3663.0,29
rb1805,20171027,20171026,210616000,3663.0,99208,1174592,3631621360.0,3664.0,71,3663.0,22
rb1805,20171027,20171026,210616500,3664.0,99224,1174584,3632207580.0,3664.0,72,3663.0,24
rb1805,20171027,20171026,210617000,3664.0,99232,1174582,3632500660.0,3664.0,58,3663.0,23
rb1805,20171027,20171026,210617500,3663.0,99280,1174576,3634258920.0,3663.0,28,3662.0,104
rb1805,20171027,20171026,210618000,3663.0,99342,1174630,3636529980.0,3663.0,6,3662.0,97
rb1805,20171027,20171026,210618500,3663.0,99350,1174638,3636822980.0,3663.0,5,3662.0,95
rb1805,20171027,20171026,210619000,3663.0,99362,1174648,3637262540.0,3664.0,68,3662.0,96
rb1805,20171027,20171026,210619500,3663.0,99382,1174648,3637995140.0,3663.0,2,3662.0,107
rb1805,20171027,20171026,210620000,3663.0,99412,1174654,3639093920.0,3664.0,78,3663.0,1
rb1805,20171027,20171026,210620500,3662.0,99422,1174662,3639460180.0,3663.0,1,3662.0,99
rb1805,20171027,20171026,210621000,3663.0,99428,1174662,3639679980.0,3664.0,87,3663.0,2
rb1805,20171027,20171026,210621500,3662.0,99444,1174656,3640266000.0,3663.0,30,3662.0,104
rb1805,20171027,20171026,210622000,3662.0,99452,1174658,3640558960.0,3663.0,30,3662.0,102
rb1805,20171027,20171026,210622500,3662.0,99478,1174656,3641511300.0,3663.0,42,3662.0,123
rb1805,20171027,20171026,210623000,3663.0,99662,1174668,3648251220.0,3664.0,153,3663.0,48
rb1805,20171027,20171026,210623500,3664.0,99980,1174790,3659902640.0,3665.0,360,3664.0,4
rb1805,20171027,20171026,210624000,3664.0,100010,1174814,3661001720.0,3664.0,3,3663.0,49
rb1805,20171027,20171026,210624500,3663.0,100102,1174900,3664372460.0,3665.0,360,3663.0,33
rb1805,20171027,20171026,210625000,3663.0,100146,1174902,3665984180.0,3665.0,361,3664.0,5
rb1805,20171027,20171026,210625500,3664.0,100154,1174910,3666277300.0,3665.0,377,3664.0,104
rb1805,20171027,20171026,210626000,3665.0,100168,1174918,3666790300.0,3665.0,370,3664.0,101
rb1805,20171027,20171026,210626500,3664.0,100174,1174922,3667010160.0,3665.0,369,3664.0,100
rb1805,20171027,20171026,210627000,3664.0,100242,1174990,3669501720.0,3665.0,368,3664.0,68
rb1805,20171027,20171026,210627500,3665.0,100266,1175006,3670381240.0,3665.0,362,3664.0,64
rb1805,20171027,20171026,210628000,3664.0,100294,1175030,3671407400.0,3665.0,350,3664.0,93
rb1805,20171027,20171026,210628500,3664.0,100300,1175034,3671627260.0,3665.0,365,3664.0,91
rb1805,20171027,20171026,210629000,3665.0,100314,1175036,3672140280.0,3665.0,363,3664.0,88
rb1805,20171027,20171026,210629500,3665.0,100320,1175040,3672360160.0,3665.0,352,3664.0,86
rb1805,20171027,20171026,210630000,3664.0,100340,1175054,3673093100.0,3665.0,348,3664.0,84
rb1805,20171027,20171026,210630500,3664.0,100376,1175062,3674412220.0,3665.0,344,3664.0,71
rb1805,20171027,20171026,210631000,3664.0,100384,1175068,3674705360.0,3665.0,347,3664.0,68
rb1805,20171027,20171026,210631500,3664.0,100424,1175094,3676171100.0,3665.0,441,3664.0,55
rb1805,20171027,20171026,210632000,3665.0,100576,1175238,3681740920.0,3665.0,320,3664.0,6
rb1805,20171027,20171026,210632500,3665.0,100588,1175244,3682180680.0,3665.0,316,3664.0,13
rb1805,20171027,20171026,210633000,3664.0,100636,1175240,3683939460.0,3665.0,314,3664.0,3
rb1805,20171027,20171026,210633500,3664.0,100664,1175242,3684965540.0,3664.0,4,3663.0,47
rb1805,20171027,20171026,210634000,3665.0,100684,1175244,3685698400.0,3665.0,305,3664.0,2
rb1805,20171027,20171026,210634500,3665.0,100696,1175252,3686138120.0,3664.0,1,3663.0,52
rb1805,20171027,20171026,210635000,3664.0,100704,1175254,3686431240.0,3664.0,39,3663.0,52
rb1805,20171027,20171026,210635500,3664.0,100720,1175266,3687017480.0,3664.0,142,3663.0,55
rb1805,20171027,20171026,210636000,3664.0,100726,1175270,3687237320.0,3664.0,141,3663.0,55
rb1805,20171027,20171026,210636500,3663.0,100734,1175270,3687530420.0,3664.0,144,3663.0,54
rb1805,20171027,20171026,210637000,3664.0,100742,1175272,3687823520.0,3664.0,146,3663.0,49
rb1805,20171027,20171026,210637500,3664.0,100784,1175272,3689362160.0,3664.0,138,3663.0,47
rb1805,20171027,20171026,210638000,3663.0,100792,1175276,3689655240.0,3664.0,166,3663.0,47
rb1805,20171027,20171026,210638500,3664.0,100894,1175240,3693391500.0,3664.0,155,3663.0,1
rb1805,20171027,20171026,210639000,3662.0,100904,1175242,3693757820.0,3664.0,156,3662.0,195
rb1805,20171027,20171026,210639500,3663.0,100906,1175244,3693831080.0,3664.0,158,3663.0,1
rb1805,20171027,20171026,210640000,3664.0,100958,1175244,3695736360.0,3664.0,132,3663.0,11
rb1805,20171027,20171026,210640500,3663.0,100968,1175238,3696102660.0,3664.0,133,3663.0,14
rb1805,20171027,20171026,210641000,3663.0,100978,1175236,3696468960.0,3664.0,74,3663.0,12
rb1805,20171027,20171026,210641500,3663.0,100996,1175234,3697128420.0,3664.0,69,3663.0,9
rb1805,20171027,20171026,210642000,3664.0,101108,1175302,3701232000.0,3664.0,18,3663.0,3
rb1805,20171027,20171026,210642500,3664.0,101108,1175302,3701232000.0,3664.0,18,3663.0,34
rb1805,20171027,20171026,210643000,3663.0,101112,1175302,3701378520.0,3664.0,27,3663.0,33
rb1805,20171027,20171026,210643500,3663.0,101134,1175306,3702184400.0,3664.0,97,3663.0,24
rb1805,20171027,20171026,210644000,3664.0,101162,1175330,3703210280.0,3664.0,85,3663.0,30
rb1805,20171027,20171026,210644500,3663.0,101166,1175334,3703356800.0,3664.0,85,3663.0,38
rb1805,20171027,20171026,210645000,3662.0,101244,1175346,3706213920.0,3663.0,1,3662.0,367
rb1805,20171027,20171026,210645500,3663.0,101256,1175356,3706653500.0,3663.0,38,3662.0,368
rb1805,20171027,20171026,210646000,3663.0,101340,1175430,3709730420.0,3663.0,14,3662.0,366
rb1805,20171027,20171026,210646500,3663.0,101388,1175460,3711488700.0,3663.0,43,3662.0,366
rb1805,20171027,20171026,210647000,3662.0,101400,1175466,3711928240.0,3663.0,40,3662.0,365
rb1805,20171027,20171026,210647500,3663.0,101410,1175472,3712294520.0,3663.0,59,3662.0,364
rb1805,20171027,20171026,210648000,3663.0,101456,1175486,3713979480.0,3663.0,37,3662.0,363
rb1805,20171027,20171026,210648500,3662.0,101474,1175494,3714638740.0,3663.0,33,3662.0,358
rb1805,20171027,20171026,210649000,3663.0,101546,1175460,3717276040.0,3664.0,252,3663.0,20
rb1805,20171027,20171026,210649500,3663.0,101730,1175456,3724015680.0,3663.0,28,3662.0,344
rb1805,20171027,20171026,210650000,3663.0,101782,1175418,3725920420.0,3664.0,256,3663.0,9
rb1805,20171027,20171026,210650500,3663.0,101828,1175408,3727605380.0,3663.0,91,3662.0,334
rb1805,20171027,20171026,210651000,3662.0,101854,1175408,3728557560.0,3663.0,84,3662.0,345
rb1805,20171027,20171026,210651500,3663.0,101860,1175408,3728777320.0,3663.0,80,3662.0,322
rb1805,20171027,20171026,210652000,3662.0,101890,1175406,3729875980.0,3663.0,85,3662.0,310
rb1805,20171027,20171026,210652500,3663.0,101904,1175404,3730388680.0,3663.0,76,3662.0,311
rb1805,20171027,20171026,210653000,3663.0,101926,1175404,3731194540.0,3663.0,26,3662.0,311
rb1805,20171027,20171026,210653500,3663.0,101946,1175402,3731927100.0,3663.0,12,3662.0,309
rb1805,20171027,20171026,210654000,3663.0,102048,1175422,3735663360.0,3663.0,2,3662.0,309
rb1805,20171027,20171026,210654500,3663.0,102058,1175418,3736029620.0,3664.0,216,3663.0,75
rb1805,20171027,20171026,210655000,3663.0,102108,1175468,3737861120.0,3664.0,216,3663.0,51
rb1805,20171027,20171026,210655500,3664.0,102210,1175484,3741598200.0,3664.0,175,3663.0,42
rb1805,20171027,20171026,210656000,3664.0,102378,1175484,3747752540.0,3664.0,155,3662.0,339
rb1805,20171027,20171026,210656500,3663.0,102406,1175458,3748778220.0,3664.0,163,3663.0,11
rb1805,20171027,20171026,210657000,3663.0,102508,1175430,3752514460.0,3663.0,18,3662.0,330
rb1805,20171027,20171026,210657500,3662.0,102520,1175424,3752953980.0,3663.0,3,3662.0,340
rb1805,20171027,20171026,210658000,3663.0,102528,1175428,3753247020.0,3664.0,169,3663.0,9
rb1805,20171027,20171026,210658500,3664.0,102530,1175428,3753320300.0,3664.0,168,3663.0,20
rb1805,20171027,20171026,210659000,3663.0,102540,1175430,3753686620.0,3664.0,169,3663.0,23
rb1805,20171027,20171026,210659500,3663.0,102552,1175440,3754126180.0,3664.0,169,3663.0,18
rb1805,20171027,20171026,210700000,3663.0,102558,1175438,3754345980.0,3664.0,168,3663.0,18
rb1805,20171027,20171026,210700500,3664.0,102566,1175438,3754639060.0,3664.0,166,3663.0,66
rb1805,20171027,20171026,210701000,3663.0,102578,1175436,3755078620.0,3664.0,166,3663.0,61
rb1805,20171027,20171026,210701500,3664.0,102610,1175420,3756251020.0,3664.0,155,3663.0,59
rb1805,20171027,20171026,210702000,3664.0,102610,1175420,3756251020.0,3664.0,155,3663.0,62
rb1805,20171027,20171026,210702500,3663.0,102620,1175424,3756617340.0,3664.0,154,3663.0,58
rb1805,20171027,20171026,210703000,3663.0,102622,1175422,3756690600.0,3664.0,154,3663.0,59
rb1805,20171027,20171026,210703500,3663.0,102622,1175422,3756690600.0,3664.0,156,3663.0,60
rb1805,20171027,20171026,210704000,3664.0,102630,1175424,3756983660.0,3664.0,156,3663.0,58
rb1805,20171027,20171026,210704500,3663.0,102648,1175426,3757643060.0,3664.0,154,3663.0,52
rb1805,20171027,20171026,210705000,3663.0,102770,1175402,3762111920.0,3663.0,3,3662.0,355
rb1805,20171027,20171026,210705500,3663.0,102780,1175408,3762478220.0,3663.0,35,3662.0,356
rb1805,20171027,20171026,210706000,3663.0,102816,1175400,3763796820.0,3663.0,138,3662.0,353
rb1805,20171027,20171026,210706500,3662.0,103418,1175544,3785842120.0,3663.0,166,3662.0,51
rb1805,20171027,20171026,210707000,3662.0,103564,1175586,3791188640.0,3662.0,437,3661.0,82
rb1805,20171027,20171026,210707500,3661.0,103818,1175612,3800487580.0,3661.0,128,3660.0,387
rb1805,20171027,20171026,210708000,3661.0,103900,1175680,3803488820.0,3661.0,131,3660.0,400
rb1805,20171027,20171026,210708500,3660.0,103926,1175676,3804440460.0,3661.0,133,3660.0,386
rb1805,20171027,20171026,210709000,3660.0,103940,1175678,3804952860.0,3661.0,133,3660.0,379
rb1805,20171027,20171026,210709500,3661.0,103950,1175676,3805318880.0,3661.0,133,3660.0,375
rb1805,20171027,20171026,210710000,3661.0,103970,1175682,3806050920.0,3661.0,131,3660.0,368
rb1805,20171027,20171026,210710500,3660.0,103992,1175672,3806856260.0,3661.0,124,3660.0,363
rb1805,20171027,20171026,210711000,3660.0,103996,1175676,3807002660.0,3661.0,124,3660.0,355
rb1805,20171027,20171026,210711500,3660.0,104002,1175676,3807222260.0,3661.0,125,3660.0,349
rb1805,20171027,20171026,210712000,3660.0,104266,1175584,3816886820.0,3662.0,219,3661.0,2
rb1805,20171027,20171026,210712500,3661.0,104288,1175602,3817692060.0,3662.0,211,3661.0,2
rb1805,20171027,20171026,210713000,3661.0,104292,1175604,3817838500.0,3662.0,149,3661.0,85
rb1805,20171027,20171026,210713500,3661.0,104312,1175602,3818570700.0,3662.0,144,3661.0,182
rb1805,20171027,20171026,210714000,3661.0,104326,1175602,3819083240.0,3662.0,105,3661.0,219
rb1805,20171027,20171026,210714500,3661.0,104440,1175612,3823256780.0,3662.0,95,3661.0,162
rb1805,20171027,20171026,210715000,3662.0,104450,1175618,3823622920.0,3662.0,102,3661.0,162
rb1805,20171027,20171026,210715500,3662.0,104472,1175624,3824428420.0,3662.0,91,3661.0,155
rb1805,20171027,20171026,210716000,3661.0,104480,1175620,3824721340.0,3662.0,89,3661.0,113
rb1805,20171027,20171026,210716500,3661.0,104486,1175622,3824941020.0,3662.0,90,3661.0,113
rb1805,20171027,20171026,210717000,3661.0,104486,1175622,3824941020.0,3662.0,90,3661.0,114
rb1805,20171027,20171026,210717500,3661.0,104486,1175622,3824941020.0,3662.0,140,3661.0,145
rb1805,20171027,20171026,210718000,3661.0,104488,1175622,3825014240.0,3662.0,143,3661.0,144
rb1805,20171027,20171026,210718500,3662.0,104500,1175622,3825453660.0,3662.0,282,3661.0,144
rb1805,20171027,20171026,210719000,3661.0,104506,1175622,3825673340.0,3662.0,284,3661.0,143
rb1805,20171027,20171026,210719500,3662.0,104590,1175590,3828749020.0,3662.0,259,3661.0,122
rb1805,20171027,20171026,210720000,3661.0,104594,1175590,3828895480.0,3662.0,260,3661.0,122
rb1805,20171027,20171026,210720500,3661.0,104628,1175584,3830140300.0,3662.0,255,3661.0,109
rb1805,20171027,20171026,210721000,3661.0,104644,1175578,3830726080.0,3662.0,256,3661.0,103
rb1805,20171027,20171026,210721500,3661.0,104646,1175578,3830799300.0,3662.0,256,3661.0,103
rb1805,20171027,20171026,210722000,3659.0,105438,1176120,3859788340.0,3660.0,116,3659.0,26
rb1805,20171027,20171026,210722500,3660.0,105580,1176112,3864985220.0,3660.0,61,3659.0,16
rb1805,20171027,20171026,210723000,3660.0,105626,1176116,3866668800.0,3660.0,39,3659.0,24
rb1805,20171027,20171026,210723500,3660.0,105718,1176120,3870036040.0,3661.0,194,3660.0,2
rb1805,20171027,20171026,210724000,3660.0,105736,1176130,3870694860.0,3661.0,192,3660.0,50
rb1805,20171027,20171026,210724500,3660.0,105762,1176152,3871646480.0,3661.0,192,3660.0,39
rb1805,20171027,20171026,210725000,3661.0,105766,1176150,3871792900.0,3661.0,191,3660.0,41
rb1805,20171027,20171026,210725500,3660.0,105780,1176150,3872305300.0,3661.0,193,3660.0,43
rb1805,20171027,20171026,210726000,3660.0,105802,1176168,3873110500.0,3661.0,192,3660.0,29
rb1805,20171027,20171026,210726500,3660.0,105810,1176172,3873403320.0,3661.0,191,3660.0,51
rb1805,20171027,20171026,210727000,3660.0,105818,1176176,3873696120.0,3661.0,193,3660.0,54
rb1805,20171027,20171026,210727500,3660.0,105884,1176188,3876111760.0,3661.0,191,3660.0,23
rb1805,20171027,20171026,210728000,3660.0,105930,1176170,3877795360.0,3660.0,12,3659.0,35
rb1805,20171027,20171026,210728500,3659.0,105940,1176166,3878161280.0,3660.0,25,3659.0,58
rb1805,20171027,20171026,210729000,3660.0,106048,1176260,3882114100.0,3660.0,11,3659.0,58
rb1805,20171027,20171026,210729500,3660.0,106072,1176258,3882992500.0,3660.0,58,3659.0,59
rb1805,20171027,20171026,210730000,3660.0,106078,1176258,3883212080.0,3660.0,62,3659.0,55
rb1805,20171027,20171026,210730500,3659.0,106124,1176296,3884895660.0,3660.0,146,3659.0,64
rb1805,20171027,20171026,210731000,3659.0,106146,1176310,3885700660.0,3660.0,145,3659.0,53
rb1805,20171027,20171026,210731500,3659.0,106154,1176312,3885993380.0,3660.0,170,3659.0,44
rb1805,20171027,20171026,210732000,3660.0,106180,1176326,3886944900.0,3660.0,162,3659.0,45
rb1805,20171027,20171026,210732500,3660.0,106210,1176340,3888042740.0,3660.0,159,3659.0,34
rb1805,20171027,20171026,210733000,3659.0,106224,1176340,3888555100.0,3660.0,156,3659.0,59
rb1805,20171027,20171026,210733500,3659.0,106252,1176356,3889579820.0,3660.0,150,3659.0,75
rb1805,20171027,20171026,210734000,3659.0,106254,1176356,3889653000.0,3660.0,155,3659.0,75
rb1805,20171027,20171026,210734500,3659.0,106260,1176356,3889872540.0,3660.0,256,3659.0,76
rb1805,20171027,20171026,210735000,3659.0,106274,1176354,3890384800.0,3660.0,257,3659.0,80
rb1805,20171027,20171026,210735500,3659.0,106318,1176358,3891994780.0,3660.0,256,3659.0,80
rb1805,20171027,20171026,210736000,3659.0,106488,1176454,3898215060.0,3659.0,32,3658.0,173
rb1805,20171027,20171026,210736500,3659.0,106494,1176456,3898434600.0,3659.0,38,3658.0,169
rb1805,20171027,20171026,210737000,3659.0,106500,1176460,3898654120.0,3659.0,49,3658.0,168
rb1805,20171027,20171026,210737500,3659.0,106514,1176458,3899166260.0,3659.0,54,3658.0,161
rb1805,20171027,20171026,210738000,3659.0,106532,1176472,3899824800.0,3659.0,50,3658.0,161
rb1805,20171027,20171026,210738500,3658.0,106554,1176488,3900629760.0,3659.0,141,3658.0,160
rb1805,20171027,20171026,210739000,3658.0,106576,1176484,3901434580.0,3659.0,140,3658.0,152
rb1805,20171027,20171026,210739500,3659.0,106600,1176480,3902312520.0,3659.0,141,3658.0,142
rb1805,20171027,20171026,210740000,3658.0,106618,1176492,3902970960.0,3659.0,134,3658.0,134
rb1805,20171027,20171026,210740500,3658.0,106636,1176492,3903629420.0,3659.0,133,3658.0,127
rb1805,20171027,20171026,210741000,3659.0,106652,1176496,3904214720.0,3659.0,123,3658.0,123
rb1805,20171027,20171026,210741500,3658.0,106654,1176498,3904287880.0,3659.0,129,3658.0,121
rb1805,20171027,20171026,210742000,3658.0,106672,1176498,3904946360.0,3659.0,139,3658.0,155
rb1805,20171027,20171026,210742500,3659.0,106818,1176440,3910287080.0,3659.0,138,3658.0,83
rb1805,20171027,20171026,210743000,3658.0,106988,1176450,3916505680.0,3658.0,28,3657.0,105
rb1805,20171027,20171026,210743500,3658.0,107040,1176434,3918407760.0,3658.0,19,3657.0,101
rb1805,20171027,20171026,210744000,3657.0,107054,1176436,3918919840.0,3658.0,45,3657.0,101
rb1805,20171027,20171026,210744500,3658.0,107080,1176434,3919870860.0,3658.0,58,3657.0,97
rb1805,20171027,20171026,210745000,3658.0,107088,1176434,3920163460.0,3658.0,64,3657.0,97
rb1805,20171027,20171026,210745500,3658.0,107110,1176434,3920968080.0,3658.0,80,3657.0,91
rb1805,20171027,20171026,210746000,3657.0,107142,1176402,3922138340.0,3658.0,81,3657.0,76
rb1805,20171027,20171026,210746500,3658.0,107144,1176402,3922211500.0,3658.0,82,3657.0,74
rb1805,20171027,20171026,210747000,3657.0,107174,1176394,3923308700.0,3658.0,77,3657.0,64
rb1805,20171027,20171026,210747500,3657.0,107182,1176396,3923601300.0,3658.0,76,3657.0,75
rb1805,20171027,20171026,210748000,3657.0,107456,1176252,3933622020.0,3657.0,100,3656.0,147
rb1805,20171027,20171026,210748500,3657.0,107598,1176144,3938814960.0,3657.0,31,3656.0,153
rb1805,20171027,20171026,210749000,3657.0,107676,1176142,3941667440.0,3658.0,54,3657.0,63
rb1805,20171027,20171026,210749500,3658.0,107780,1176090,3945470760.0,3658.0,47,3657.0,75
rb1805,20171027,20171026,210750000,3658.0,107844,1176126,3947811620.0,3658.0,29,3657.0,88
rb1805,20171027,20171026,210750500,3658.0,107880,1176122,3949128200.0,3658.0,44,3657.0,79
rb1805,20171027,20171026,210751000,3658.0,108082,1176162,3956515980.0,3658.0,30,3657.0,16
rb1805,20171027,20171026,210751500,3657.0,108190,1176170,3960466380.0,3658.0,39,3657.0,19
rb1805,20171027,20171026,210752000,3658.0,108284,1176218,3963904760.0,3659.0,142,3658.0,9
rb1805,20171027,20171026,210752500,3657.0,108346,1176250,3966172300.0,3657.0,80,3656.0,181
rb1805,20171027,20171026,210753000,3657.0,108556,1176222,3973852080.0,3658.0,7,3657.0,186
rb1805,20171027,20171026,210753500,3658.0,108746,1176286,3980802280.0,3659.0,134,3658.0,11
rb1805,20171027,20171026,210754000,3657.0,108778,1176286,3981972760.0,3658.0,26,3657.0,131
rb1805,20171027,20171026,210754500,3657.0,108858,1176332,3984899060.0,3658.0,114,3657.0,138
rb1805,20171027,20171026,210755000,3657.0,108882,1176314,3985776820.0,3658.0,111,3657.0,130
rb1805,20171027,20171026,210755500,3659.0,109332,1176352,4002235660.0,3659.0,41,3657.0,20
rb1805,20171027,20171026,210756000,3657.0,109354,1176362,4003040360.0,3658.0,1,3657.0,26
rb1805,20171027,20171026,210756500,3658.0,109390,1176352,4004356960.0,3658.0,3,3657.0,13
rb1805,20171027,20171026,210757000,3657.0,109424,1176382,4005600340.0,3657.0,108,3656.0,192
rb1805,20171027,20171026,210757500,3657.0,109650,1176556,4013865140.0,3658.0,6,3657.0,116
rb1805,20171027,20171026,210758000,3657.0,109672,1176558,4014669800.0,3659.0,50,3657.0,113
rb1805,20171027,20171026,210758500,3657.0,109676,1176560,4014816080.0,3658.0,3,3657.0,112
rb1805,20171027,20171026,210759000,3657.0,109710,1176562,4016059620.0,3658.0,6,3657.0,103
rb1805,20171027,20171026,210759500,3657.0,109754,1176562,4017668700.0,3658.0,31,3657.0,89
rb1805,20171027,20171026,210800000,3657.0,109846,1176566,4021033160.0,3658.0,37,3657.0,48
rb1805,20171027,20171026,210800500,3657.0,109960,1176586,4025202140.0,3657.0,22,3656.0,192
rb1805,20171027,20171026,210801000,3657.0,109988,1176582,4026226080.0,3657.0,11,3656.0,186
rb1805,20171027,20171026,210801500,3657.0,109996,1176586,4026518620.0,3657.0,33,3656.0,185
rb1805,20171027,20171026,210802000,3656.0,110020,1176602,4027396120.0,3657.0,71,3656.0,176
rb1805,20171027,20171026,210802500,3656.0,110138,1176582,4031710340.0,3657.0,60,3656.0,128
rb1805,20171027,20171026,210803000,3656.0,110292,1176672,4037341680.0,3657.0,59,3656.0,114
rb1805,20171027,20171026,210803500,3656.0,110308,1176666,4037926700.0,3657.0,56,3656.0,111
rb1805,20171027,20171026,210804000,3656.0,110394,1176634,4041071020.0,3657.0,49,3656.0,86
rb1805,20171027,20171026,210804500,3657.0,110404,1176636,4041436700.0,3657.0,51,3656.0,86
rb1805,20171027,20171026,210805000,3656.0,110410,1176642,4041656080.0,3657.0,55,3656.0,74
rb1805,20171027,20171026,210805500,3657.0,110428,1176654,4042314200.0,3657.0,61,3656.0,73
rb1805,20171027,20171026,210806000,3657.0,110458,1176684,4043411220.0,3657.0,54,3656.0,70
rb1805,20171027,20171026,210806500,3656.0,110480,1176690,4044215540.0,3657.0,54,3656.0,69
rb1805,20171027,20171026,210807000,3656.0,110596,1176740,4048456540.0,3657.0,73,3656.0,19
rb1805,20171027,20171026,210807500,3656.0,110644,1176716,4050211400.0,3656.0,277,3655.0,394
rb1805,20171027,20171026,210808000,3656.0,110666,1176720,4051015680.0,3656.0,283,3655.0,402
rb1805,20171027,20171026,210808500,3655.0,110894,1176942,4059349120.0,3656.0,287,3655.0,290
rb1805,20171027,20171026,210809000,3655.0,111484,1177358,4080913720.0,3655.0,121,3654.0,139
rb1805,20171027,20171026,210809500,3654.0,111784,1177612,4091877820.0,3655.0,290,3654.0,94
rb1805,20171027,20171026,210810000,3654.0,112094,1177638,4103204300.0,3654.0,50,3653.0,148
rb1805,20171027,20171026,210810500,3654.0,112278,1177770,4109927740.0,3655.0,115,3654.0,20
rb1805,20171027,20171026,210811000,3654.0,112632,1177878,4122863900.0,3654.0,46,3653.0,210
rb1805,20171027,20171026,210811500,3653.0,113182,1178242,4142960740.0,3654.0,352,3653.0,228
rb1805,20171027,20171026,210812000,3653.0,113240,1178264,4145079720.0,3654.0,345,3653.0,220
rb1805,20171027,20171026,210812500,3653.0,113490,1178418,4154213600.0,3654.0,277,3653.0,172
rb1805,20171027,20171026,210813000,3654.0,113590,1178366,4157866740.0,3654.0,272,3653.0,130
rb1805,20171027,20171026,210813500,3653.0,113710,1178374,4162250580.0,3654.0,260,3653.0,85
rb1805,20171027,20171026,210814000,3653.0,113920,1178434,4169921920.0,3653.0,117,3652.0,266
rb1805,20171027,20171026,210814500,3653.0,114150,1178464,4178322400.0,3653.0,107,3652.0,199
rb1805,20171027,20171026,210815000,3653.0,114300,1178490,4183801480.0,3653.0,56,3652.0,180
rb1805,20171027,20171026,210815500,3653.0,114356,1178504,4185846960.0,3653.0,60,3652.0,173
rb1805,20171027,20171026,210816000,3652.0,114438,1178540,4188841700.0,3653.0,139,3652.0,139
rb1805,20171027,20171026,210816500,3652.0,114838,1178520,4203450340.0,3653.0,141,3652.0,163
rb1805,20171027,20171026,210817000,3652.0,115102,1178606,4213091800.0,3653.0,102,3652.0,52
rb1805,20171027,20171026,210817500,3652.0,115448,1178722,4225728480.0,3653.0,45,3652.0,15
rb1805,20171027,20171026,210818000,3652.0,115784,1178954,4237999140.0,3652.0,294,3651.0,472
rb1805,20171027,20171026,210818500,3651.0,116140,1179004,4250999280.0,3652.0,170,3651.0,451
rb1805,20171027,20171026,210819000,3652.0,116896,1179112,4278604800.0,3652.0,106,3651.0,264
rb1805,20171027,20171026,210819500,3651.0,117358,1179230,4295474460.0,3652.0,28,3651.0,135
rb1805,20171027,20171026,210820000,3651.0,117594,1179252,4304090920.0,3652.0,41,3651.0,31
rb1805,20171027,20171026,210820500,3651.0,117694,1179264,4307742060.0,3652.0,41,3651.0,66
rb1805,20171027,20171026,210821000,3652.0,117864,1179238,4313949600.0,3653.0,79,3652.0,26
rb1805,20171027,20171026,210821500,3651.0,118016,1179258,4319499700.0,3653.0,79,3652.0,2
rb1805,20171027,20171026,210822000,3652.0,118092,1179300,4322275280.0,3653.0,88,3652.0,1
rb1805,20171027,20171026,210822500,3651.0,118264,1179416,4328556420.0,3652.0,85,3651.0,129
rb1805,20171027,20171026,210823000,3652.0,118280,1179422,4329140740.0,3652.0,79,3651.0,134
rb1805,20171027,20171026,210823500,3652.0,118428,1179544,4334545640.0,3652.0,29,3651.0,122
rb1805,20171027,20171026,210824000,3652.0,118728,1179506,4345498840.0,3652.0,18,3651.0,8
rb1805,20171027,20171026,210824500,3652.0,118754,1179524,4346448140.0,3652.0,24,3651.0,4
rb1805,20171027,20171026,210825000,3652.0,118788,1179540,4347689620.0,3652.0,41,3651.0,71
rb1805,20171027,20171026,210825500,3652.0,118888,1179488,4351341620.0,3653.0,157,3652.0,4
rb1805,20171027,20171026,210826000,3651.0,118944,1179460,4353386260.0,3653.0,158,3652.0,1
rb1805,20171027,20171026,210826500,3652.0,119084,1179478,4358498300.0,3653.0,137,3652.0,4
rb1805,20171027,20171026,210827000,3652.0,119146,1179506,4360762200.0,3652.0,8,3651.0,72
rb1805,20171027,20171026,210827500,3652.0,119434,1179436,4371278500.0,3653.0,142,3652.0,3
rb1805,20171027,20171026,210828000,3653.0,119560,1179516,4375880920.0,3653.0,98,3652.0,18
rb1805,20171027,20171026,210828500,3652.0,119626,1179524,4378291220.0,3652.0,16,3651.0,6
rb1805,20171027,20171026,210829000,3652.0,119664,1179512,4379678820.0,3652.0,41,3651.0,10
rb1805,20171027,20171026,210829500,3651.0,119790,1179600,4384280480.0,3652.0,61,3651.0,23
rb1805,20171027,20171026,210830000,3652.0,119812,1179612,4385083860.0,3652.0,61,3651.0,26
rb1805,20171027,20171026,210830500,3651.0,119894,1179634,4388077860.0,3652.0,55,3651.0,60
rb1805,20171027,20171026,210831000,3652.0,119916,1179644,4388881160.0,3652.0,72,3651.0,54
rb1805,20171027,20171026,210831500,3652.0,119954,1179658,4390268900.0,3652.0,59,3651.0,59
rb1805,20171027,20171026,210832000,3652.0,120040,1179702,4393409500.0,3652.0,27,3651.0,56
rb1805,20171027,20171026,210832500,3652.0,120172,1179712,4398228960.0,3652.0,23,3651.0,6
rb1805,20171027,20171026,210833000,3651.0,120186,1179710,4398740180.0,3652.0,44,3651.0,11
rb1805,20171027,20171026,210833500,3652.0,120240,1179728,4400712080.0,3652.0,31,3651.0,23
rb1805,20171027,20171026,210834000,3651.0,120406,1179792,4406773840.0,3651.0,100,3650.0,1295
rb1805,20171027,20171026,210834500,3651.0,120642,1179720,4415390460.0,3652.0,4,3651.0,25
rb1805,20171027,20171026,210835000,3652.0,120786,1179762,4420649100.0,3652.0,10,3651.0,25
rb1805,20171027,20171026,210835500,3651.0,120830,1179756,4422255640.0,3652.0,32,3651.0,9
rb1805,20171027,20171026,210836000,3652.0,120858,1179770,4423277960.0,3652.0,39,3651.0,13
rb1805,20171027,20171026,210836500,3651.0,121004,1179764,4428608560.0,3651.0,72,3650.0,1305
rb1805,20171027,20171026,210837000,3651.0,121140,1179850,4433573880.0,3651.0,16,3650.0,1314
rb1805,20171027,20171026,210837500,3651.0,121200,1179884,4435764580.0,3652.0,26,3651.0,261
rb1805,20171027,20171026,210838000,3651.0,121362,1179970,4441679480.0,3652.0,25,3651.0,196
rb1805,20171027,20171026,210838500,3652.0,121392,1179990,4442774860.0,3652.0,25,3651.0,196
rb1805,20171027,20171026,210839000,3651.0,121558,1180104,4448835540.0,3652.0,78,3651.0,133
rb1805,20171027,20171026,210839500,3652.0,121742,1180212,4455554720.0,3652.0,34,3651.0,124
rb1805,20171027,20171026,210840000,3651.0,121986,1180268,4464463340.0,3652.0,92,3651.0,36
rb1805,20171027,20171026,210840500,3651.0,122184,1180262,4471692460.0,3651.0,197,3650.0,1364
rb1805,20171027,20171026,210841000,3651.0,122212,1180258,4472714640.0,3651.0,190,3650.0,1369
rb1805,20171027,20171026,210841500,3651.0,122326,1180236,4476875840.0,3651.0,191,3650.0,1320
rb1805,20171027,20171026,210842000,3651.0,122376,1180216,4478701000.0,3651.0,189,3650.0,1305
rb1805,20171027,20171026,210842500,3650.0,122566,1180058,4485637760.0,3651.0,104,3650.0,1299
rb1805,20171027,20171026,210843000,3650.0,123122,1180108,4505932560.0,3651.0,65,3650.0,1071
rb1805,20171027,20171026,210843500,3650.0,123300,1180126,4512430060.0,3651.0,55,3650.0,1007
rb1805,20171027,20171026,210844000,3650.0,123628,1180372,4524402280.0,3651.0,46,3650.0,857
rb1805,20171027,20171026,210844500,3650.0,123772,1180498,4529658420.0,3651.0,104,3650.0,792
rb1805,20171027,20171026,210845000,3650.0,124702,1181080,4563603660.0,3651.0,173,3650.0,340
rb1805,20171027,20171026,210845500,3650.0,125754,1181626,4602005680.0,3652.0,95,3651.0,1
rb1805,20171027,20171026,210846000,3650.0,125848,1181616,4605436560.0,3650.0,160,3649.0,530
rb1805,20171027,20171026,210846500,3649.0,126374,1181728,4624635520.0,3650.0,9,3649.0,524
rb1805,20171027,20171026,210847000,3650.0,127038,1181956,4648867840.0,3650.0,10,3649.0,338
rb1805,20171027,20171026,210847500,3650.0,127236,1182000,4656095100.0,3651.0,148,3650.0,14
rb1805,20171027,20171026,210848000,3650.0,127356,1182034,4660474580.0,3650.0,10,3649.0,321
rb1805,20171027,20171026,210848500,3650.0,127536,1182070,4667043920.0,3651.0,199,3650.0,17
rb1805,20171027,20171026,210849000,3650.0,127600,1182092,4669380020.0,3651.0,202,3650.0,26
rb1805,20171027,20171026,210849500,3650.0,127662,1182116,4671643060.0,3651.0,202,3650.0,47
rb1805,20171027,20171026,210850000,3650.0,127730,1182108,4674125600.0,3651.0,176,3650.0,191
rb1805,20171027,20171026,210850500,3650.0,127796,1182106,4676534800.0,3651.0,168,3650.0,362
rb1805,20171027,20171026,210851000,3651.0,128186,1181950,4690773180.0,3652.0,205,3651.0,7
rb1805,20171027,20171026,210851500,3650.0,128328,1181946,4695956800.0,3652.0,202,3650.0,270
rb1805,20171027,20171026,210852000,3650.0,128406,1181944,4698804140.0,3652.0,196,3651.0,1
rb1805,20171027,20171026,210852500,3651.0,128466,1181952,4700994680.0,3652.0,188,3650.0,321
rb1805,20171027,20171026,210853000,3651.0,128580,1181856,4705156920.0,3652.0,183,3651.0,40
rb1805,20171027,20171026,210853500,3652.0,128734,1181940,4710778960.0,3652.0,179,3651.0,40
rb1805,20171027,20171026,210854000,3651.0,128936,1181992,4718155060.0,3652.0,126,3651.0,107
rb1805,20171027,20171026,210854500,3651.0,129498,1181902,4738673880.0,3651.0,140,3650.0,192
rb1805,20171027,20171026,210855000,3651.0,129714,1181714,4746559960.0,3651.0,39,3650.0,183
rb1805,20171027,20171026,210855500,3651.0,129778,1181662,4748896580.0,3651.0,10,3650.0,164
rb1805,20171027,20171026,210856000,3650.0,129978,1181774,4756198540.0,3652.0,214,3651.0,1
rb1805,20171027,20171026,210856500,3651.0,130064,1181790,4759338400.0,3652.0,223,3651.0,18
rb1805,20171027,20171026,210857000,3650.0,130168,1181740,4763135420.0,3651.0,68,3650.0,184
rb1805,20171027,20171026,210857500,3650.0,130222,1181766,4765106780.0,3651.0,31,3650.0,189
rb1805,20171027,20171026,210858000,3651.0,130296,1181834,4767808520.0,3652.0,231,3651.0,5
rb1805,20171027,20171026,210858500,3651.0,130352,1181850,4769852940.0,3652.0,231,3651.0,5
rb1805,20171027,20171026,210859000,3651.0,130374,1181852,4770656140.0,3651.0,100,3650.0,187
rb1805,20171027,20171026,210859500,3651.0,130552,1181818,4777154920.0,3652.0,232,3651.0,54
rb1805,20171027,20171026,210900000,3651.0,130766,1181882,4784967560.0,3651.0,19,3650.0,186
rb1805,20171027,20171026,210900500,3650.0,131112,1182098,4797596800.0,3651.0,60,3650.0,35
rb1805,20171027,20171026,210901000,3650.0,131300,1182140,4804458800.0,3650.0,33,3649.0,312
rb1805,20171027,20171026,210901500,3649.0,131492,1182312,4811465320.0,3650.0,57,3649.0,238
rb1805,20171027,20171026,210902000,3650.0,131916,1182518,4826941960.0,3650.0,6,3649.0,185
rb1805,20171027,20171026,210902500,3650.0,131946,1182514,4828036900.0,3651.0,27,3650.0,2
rb1805,20171027,20171026,210903000,3650.0,131980,1182518,4829277900.0,3651.0,69,3649.0,182
rb1805,20171027,20171026,210903500,3650.0,131994,1182518,4829788940.0,3651.0,78,3649.0,194
rb1805,20171027,20171026,210904000,3651.0,132038,1182510,4831395280.0,3651.0,91,3650.0,8
rb1805,20171027,20171026,210904500,3649.0,132096,1182512,4833512340.0,3651.0,79,3650.0,6
rb1805,20171027,20171026,210905000,3651.0,132120,1182520,4834388440.0,3651.0,89,3650.0,65
rb1805,20171027,20171026,210905500,3650.0,132146,1182534,4835337520.0,3651.0,88,3650.0,133
rb1805,20171027,20171026,210906000,3651.0,132402,1182520,4844683980.0,3652.0,244,3651.0,17
rb1805,20171027,20171026,210906500,3651.0,132476,1182512,4847386320.0,3652.0,214,3651.0,25
rb1805,20171027,20171026,210907000,3652.0,132502,1182500,4848335720.0,3652.0,207,3651.0,55
rb1805,20171027,20171026,210907500,3652.0,132530,1182500,4849358200.0,3652.0,198,3651.0,94
rb1805,20171027,20171026,210908000,3652.0,132938,1182428,4864258360.0,3653.0,134,3652.0,260
rb1805,20171027,20171026,210908500,3652.0,133198,1182416,4873754560.0,3653.0,84,3652.0,177
rb1805,20171027,20171026,210909000,3653.0,133316,1182406,4878065020.0,3653.0,39,3652.0,243
rb1805,20171027,20171026,210909500,3653.0,133480,1182458,4884055540.0,3653.0,1,3652.0,244
rb1805,20171027,20171026,210910000,3654.0,133502,1182458,4884859280.0,3654.0,71,3653.0,30
rb1805,20171027,20171026,210910500,3653.0,133568,1182480,4887270320.0,3654.0,133,3653.0,6
rb1805,20171027,20171026,210911000,3653.0,133588,1182490,4888001000.0,3654.0,175,3653.0,51
rb1805,20171027,20171026,210911500,3654.0,133612,1182486,4888877860.0,3654.0,168,3653.0,52
rb1805,20171027,20171026,210912000,3654.0,133756,1182508,4894139500.0,3654.0,112,3653.0,52
rb1805,20171027,20171026,210912500,3654.0,133934,1182504,4900643500.0,3654.0,30,3653.0,71
rb1805,20171027,20171026,210913000,3654.0,134088,1182594,4906270400.0,3655.0,183,3654.0,2
rb1805,20171027,20171026,210913500,3654.0,134122,1182584,4907512820.0,3654.0,96,3653.0,73
rb1805,20171027,20171026,210914000,3654.0,134196,1182560,4910216760.0,3654.0,97,3653.0,53
rb1805,20171027,20171026,210914500,3654.0,134240,1182552,4911824480.0,3654.0,125,3653.0,53
rb1805,20171027,20171026,210915000,3653.0,134264,1182566,4912701340.0,3654.0,135,3653.0,49
rb1805,20171027,20171026,210915500,3654.0,134296,1182596,4913870620.0,3654.0,125,3653.0,50
