instrument,tradingday,calendarday,time,lastp,volume,openinterest,turnover,ask1,asksz1,bid1,bidsz1
rb1805,20170727,20170726,191202500,3298.0,0,100738,0.0,0.0,0,0.0,0
rb1805,20170727,20170726,205900500,3298.0,38,100740,1253240.0,3300.0,1,3298.0,2
rb1805,20170727,20170726,210000500,3295.0,46,100748,1517020.0,3293.0,3,3290.0,1
rb1805,20170727,20170726,210001000,3292.0,48,100748,1582860.0,3293.0,2,3292.0,5
rb1805,20170727,20170726,210001500,3292.0,58,100748,1912060.0,3292.0,1,3290.0,1
rb1805,20170727,20170726,210002000,3290.0,64,100754,2109460.0,3292.0,2,3288.0,6
rb1805,20170727,20170726,210002500,3291.0,70,100754,2306920.0,3291.0,1,3289.0,4
rb1805,20170727,20170726,210003000,3291.0,70,100754,2306920.0,3291.0,1,3289.0,4
rb1805,20170727,20170726,210003500,3289.0,72,100754,2372700.0,3292.0,1,3289.0,3
rb1805,20170727,20170726,210004000,3289.0,74,100752,2438480.0,3292.0,1,3289.0,2
rb1805,20170727,20170726,210004500,3292.0,76,100750,2504320.0,3293.0,2,3289.0,2
rb1805,20170727,20170726,210005000,3289.0,78,100750,2570100.0,3292.0,1,3289.0,1
rb1805,20170727,20170726,210005500,3292.0,80,100748,2635940.0,3293.0,2,3289.0,1
rb1805,20170727,20170726,210006000,3292.0,80,100748,2635940.0,3293.0,4,3292.0,6
rb1805,20170727,20170726,210006500,3292.0,92,100760,3030980.0,3291.0,1,3289.0,1
rb1805,20170727,20170726,210007000,3289.0,94,100760,3096760.0,3291.0,1,3288.0,6
rb1805,20170727,20170726,210007500,3292.0,104,100762,3425960.0,3292.0,3,3288.0,6
rb1805,20170727,20170726,210008000,3292.0,104,100762,3425960.0,3292.0,3,3288.0,6
rb1805,20170727,20170726,210008500,3292.0,104,100762,3425960.0,3291.0,3,3288.0,6
rb1805,20170727,20170726,210009000,3292.0,104,100762,3425960.0,3291.0,3,3288.0,6
rb1805,20170727,20170726,210009500,3288.0,106,100760,3491720.0,3291.0,3,3287.0,1
rb1805,20170727,20170726,210010000,3288.0,106,100760,3491720.0,3293.0,2,3289.0,9
rb1805,20170727,20170726,210010500,3288.0,106,100760,3491720.0,3290.0,1,3289.0,9
rb1805,20170727,20170726,210011000,3290.0,108,100758,3557520.0,3293.0,2,3291.0,9
rb1805,20170727,20170726,210011500,3291.0,116,100756,3820800.0,3293.0,2,3291.0,5
rb1805,20170727,20170726,210012000,3291.0,128,100754,4215720.0,3291.0,1,3287.0,1
rb1805,20170727,20170726,210012500,3288.0,130,100752,4281480.0,3292.0,2,3288.0,8
rb1805,20170727,20170726,210013000,3288.0,130,100752,4281480.0,3293.0,2,3287.0,1
rb1805,20170727,20170726,210013500,3287.0,132,100750,4347220.0,3292.0,1,3285.0,2
rb1805,20170727,20170726,210014000,3287.0,132,100750,4347220.0,3292.0,1,3287.0,1
rb1805,20170727,20170726,210014500,3287.0,134,100748,4412960.0,3292.0,1,3286.0,1
rb1805,20170727,20170726,210015000,3287.0,134,100748,4412960.0,3292.0,1,3289.0,2
rb1805,20170727,20170726,210015500,3287.0,136,100746,4478700.0,3291.0,1,3289.0,11
rb1805,20170727,20170726,210016000,3289.0,144,100752,4741820.0,3291.0,1,3289.0,7
rb1805,20170727,20170726,210016500,3291.0,148,100752,4873460.0,3293.0,3,3291.0,4
rb1805,20170727,20170726,210017000,3291.0,150,100752,4939280.0,3293.0,3,3291.0,4
rb1805,20170727,20170726,210018000,3291.0,150,100752,4939280.0,3293.0,3,3291.0,4
rb1805,20170727,20170726,210018500,3291.0,152,100752,5005100.0,3293.0,3,3291.0,3
rb1805,20170727,20170726,210019000,3291.0,152,100752,5005100.0,3293.0,3,3291.0,8
rb1805,20170727,20170726,210019500,3291.0,154,100752,5070920.0,3293.0,3,3291.0,7
rb1805,20170727,20170726,210020000,3291.0,154,100752,5070920.0,3293.0,3,3291.0,7
rb1805,20170727,20170726,210020500,3291.0,154,100752,5070920.0,3293.0,4,3291.0,7
rb1805,20170727,20170726,210021000,3291.0,154,100752,5070920.0,3293.0,4,3291.0,8
rb1805,20170727,20170726,210021500,3291.0,154,100752,5070920.0,3293.0,2,3291.0,8
rb1805,20170727,20170726,210022000,3291.0,156,100754,5136740.0,3293.0,2,3291.0,7
rb1805,20170727,20170726,210023000,3291.0,160,100752,5268380.0,3293.0,2,3291.0,5
rb1805,20170727,20170726,210023500,3291.0,162,100752,5334200.0,3293.0,10,3291.0,4
rb1805,20170727,20170726,210024000,3291.0,162,100752,5334200.0,3293.0,10,3291.0,4
rb1805,20170727,20170726,210024500,3291.0,162,100752,5334200.0,3293.0,2,3291.0,4
rb1805,20170727,20170726,210025000,3291.0,162,100752,5334200.0,3293.0,2,3291.0,4
rb1805,20170727,20170726,210025500,3291.0,162,100752,5334200.0,3293.0,2,3291.0,4
rb1805,20170727,20170726,210026000,3291.0,162,100752,5334200.0,3293.0,2,3291.0,4
rb1805,20170727,20170726,210026500,3291.0,162,100752,5334200.0,3293.0,2,3291.0,4
rb1805,20170727,20170726,210027000,3291.0,162,100752,5334200.0,3293.0,4,3291.0,4
rb1805,20170727,20170726,210027500,3291.0,172,100746,5663300.0,3293.0,2,3290.0,1
rb1805,20170727,20170726,210028000,3291.0,172,100746,5663300.0,3292.0,2,3290.0,1
rb1805,20170727,20170726,210028500,3291.0,172,100746,5663300.0,3291.0,1,3290.0,1
rb1805,20170727,20170726,210029000,3291.0,172,100746,5663300.0,3291.0,1,3290.0,1
rb1805,20170727,20170726,210029500,3291.0,172,100746,5663300.0,3291.0,1,3290.0,1
rb1805,20170727,20170726,210030000,3291.0,172,100746,5663300.0,3291.0,1,3290.0,1
rb1805,20170727,20170726,210030500,3291.0,174,100746,5729120.0,3293.0,1,3291.0,8
rb1805,20170727,20170726,210031000,3291.0,176,100744,5794940.0,3293.0,4,3291.0,7
rb1805,20170727,20170726,210031500,3291.0,176,100744,5794940.0,3293.0,3,3291.0,7
rb1805,20170727,20170726,210032000,3291.0,176,100744,5794940.0,3293.0,2,3290.0,1
rb1805,20170727,20170726,210032500,3291.0,176,100744,5794940.0,3293.0,2,3290.0,1
rb1805,20170727,20170726,210033000,3291.0,176,100744,5794940.0,3293.0,4,3290.0,1
rb1805,20170727,20170726,210033500,3291.0,176,100744,5794940.0,3292.0,4,3290.0,1
rb1805,20170727,20170726,210034000,3291.0,176,100744,5794940.0,3293.0,1,3291.0,1
rb1805,20170727,20170726,210034500,3291.0,176,100744,5794940.0,3292.0,10,3291.0,1
rb1805,20170727,20170726,210035000,3291.0,178,100744,5860760.0,3293.0,1,3290.0,1
rb1805,20170727,20170726,210035500,3291.0,180,100744,5926580.0,3292.0,2,3291.0,1
rb1805,20170727,20170726,210036000,3291.0,182,100744,5992400.0,3291.0,2,3290.0,1
rb1805,20170727,20170726,210036500,3291.0,182,100744,5992400.0,3292.0,1,3290.0,1
rb1805,20170727,20170726,210037000,3291.0,182,100744,5992400.0,3292.0,1,3290.0,1
rb1805,20170727,20170726,210037500,3291.0,182,100744,5992400.0,3292.0,6,3290.0,1
rb1805,20170727,20170726,210038000,3292.0,192,100744,6321600.0,3292.0,1,3290.0,101
rb1805,20170727,20170726,210038500,3292.0,192,100744,6321600.0,3292.0,1,3290.0,101
rb1805,20170727,20170726,210039000,3292.0,192,100744,6321600.0,3292.0,1,3290.0,101
rb1805,20170727,20170726,210039500,3292.0,192,100744,6321600.0,3292.0,1,3290.0,101
rb1805,20170727,20170726,210040000,3292.0,192,100744,6321600.0,3292.0,11,3290.0,101
rb1805,20170727,20170726,210040500,3292.0,192,100744,6321600.0,3291.0,8,3290.0,101
rb1805,20170727,20170726,210041000,3291.0,196,100748,6453240.0,3292.0,1,3290.0,101
rb1805,20170727,20170726,210041500,3291.0,196,100748,6453240.0,3292.0,7,3290.0,101
rb1805,20170727,20170726,210042000,3290.0,206,100746,6782240.0,3292.0,7,3290.0,96
rb1805,20170727,20170726,210042500,3290.0,206,100746,6782240.0,3291.0,10,3290.0,96
rb1805,20170727,20170726,210043000,3290.0,240,100764,7900840.0,3291.0,2,3290.0,79
rb1805,20170727,20170726,210043500,3290.0,240,100764,7900840.0,3291.0,2,3290.0,79
rb1805,20170727,20170726,210044500,3290.0,250,100764,8229840.0,3291.0,2,3290.0,74
rb1805,20170727,20170726,210045500,3290.0,250,100764,8229840.0,3292.0,10,3290.0,74
rb1805,20170727,20170726,210046500,3290.0,290,100764,9545840.0,3292.0,10,3290.0,54
rb1805,20170727,20170726,210047000,3290.0,290,100764,9545840.0,3292.0,10,3290.0,54
rb1805,20170727,20170726,210047500,3290.0,290,100764,9545840.0,3291.0,10,3290.0,54
rb1805,20170727,20170726,210048000,3290.0,290,100764,9545840.0,3292.0,11,3290.0,54
rb1805,20170727,20170726,210048500,3290.0,290,100764,9545840.0,3292.0,11,3290.0,55
rb1805,20170727,20170726,210049000,3290.0,300,100764,9874840.0,3292.0,11,3290.0,50
rb1805,20170727,20170726,210049500,3290.0,300,100764,9874840.0,3292.0,11,3291.0,1
rb1805,20170727,20170726,210050500,3290.0,300,100764,9874840.0,3292.0,21,3291.0,1
rb1805,20170727,20170726,210051000,3290.0,300,100764,9874840.0,3292.0,21,3291.0,5
rb1805,20170727,20170726,210053000,3291.0,326,100744,10730700.0,3292.0,11,3291.0,2
rb1805,20170727,20170726,210053500,3292.0,330,100746,10862380.0,3294.0,2,3292.0,7
rb1805,20170727,20170726,210054000,3292.0,344,100732,11323260.0,3293.0,2,3291.0,2
rb1805,20170727,20170726,210054500,3292.0,344,100732,11323260.0,3293.0,2,3291.0,2
rb1805,20170727,20170726,210055500,3292.0,344,100732,11323260.0,3293.0,2,3291.0,2
rb1805,20170727,20170726,210056500,3292.0,344,100732,11323260.0,3294.0,2,3291.0,2
rb1805,20170727,20170726,210057000,3291.0,348,100728,11454900.0,3294.0,3,3292.0,2
rb1805,20170727,20170726,210057500,3292.0,352,100728,11586580.0,3293.0,2,3291.0,2
rb1805,20170727,20170726,210058000,3292.0,352,100728,11586580.0,3293.0,2,3291.0,2
rb1805,20170727,20170726,210059500,3292.0,352,100728,11586580.0,3293.0,2,3291.0,2
rb1805,20170727,20170726,210100000,3292.0,352,100728,11586580.0,3293.0,2,3291.0,2
rb1805,20170727,20170726,210101000,3292.0,352,100728,11586580.0,3294.0,2,3293.0,1
rb1805,20170727,20170726,210101500,3291.0,358,100728,11784080.0,3293.0,2,3291.0,3
rb1805,20170727,20170726,210102000,3291.0,360,100726,11849900.0,3291.0,1,3290.0,49
rb1805,20170727,20170726,210102500,3291.0,360,100726,11849900.0,3291.0,1,3290.0,49
rb1805,20170727,20170726,210103000,3290.0,370,100732,12179080.0,3295.0,1,3290.0,47
rb1805,20170727,20170726,210103500,3290.0,370,100732,12179080.0,3292.0,1,3290.0,53
rb1805,20170727,20170726,210104000,3290.0,370,100732,12179080.0,3294.0,6,3290.0,52
rb1805,20170727,20170726,210104500,3290.0,374,100732,12310680.0,3294.0,5,3290.0,50
rb1805,20170727,20170726,210105000,3290.0,374,100732,12310680.0,3294.0,10,3291.0,15
rb1805,20170727,20170726,210105500,3290.0,374,100732,12310680.0,3293.0,20,3291.0,20
rb1805,20170727,20170726,210106000,3290.0,374,100732,12310680.0,3293.0,20,3291.0,20
rb1805,20170727,20170726,210106500,3290.0,374,100732,12310680.0,3292.0,7,3291.0,20
rb1805,20170727,20170726,210107000,3290.0,374,100732,12310680.0,3292.0,7,3291.0,20
rb1805,20170727,20170726,210107500,3290.0,374,100732,12310680.0,3292.0,2,3291.0,20
rb1805,20170727,20170726,210108000,3290.0,374,100732,12310680.0,3294.0,5,3292.0,12
rb1805,20170727,20170726,210108500,3292.0,386,100732,12705720.0,3294.0,5,3292.0,11
rb1805,20170727,20170726,210109000,3292.0,388,100732,12771560.0,3294.0,15,3292.0,10
rb1805,20170727,20170726,210109500,3292.0,408,100732,13429960.0,3292.0,10,3291.0,22
rb1805,20170727,20170726,210110000,3292.0,408,100732,13429960.0,3292.0,10,3291.0,22
rb1805,20170727,20170726,210110500,3292.0,408,100732,13429960.0,3292.0,10,3291.0,22
rb1805,20170727,20170726,210111000,3292.0,410,100730,13495800.0,3295.0,7,3291.0,22
rb1805,20170727,20170726,210111500,3292.0,410,100730,13495800.0,3292.0,1,3291.0,23
rb1805,20170727,20170726,210112000,3292.0,412,100732,13561640.0,3292.0,5,3291.0,18
rb1805,20170727,20170726,210112500,3293.0,424,100734,13956700.0,3293.0,9,3291.0,17
rb1805,20170727,20170726,210113000,3293.0,452,100762,14878740.0,3295.0,7,3291.0,17
rb1805,20170727,20170726,210113500,3295.0,470,100762,15471600.0,3295.0,5,3292.0,1
rb1805,20170727,20170726,210114000,3295.0,470,100762,15471600.0,3294.0,2,3292.0,6
rb1805,20170727,20170726,210114500,3295.0,474,100762,15603400.0,3295.0,7,3292.0,6
rb1805,20170727,20170726,210115000,3295.0,474,100762,15603400.0,3294.0,1,3292.0,6
rb1805,20170727,20170726,210115500,3295.0,476,100764,15669300.0,3295.0,10,3292.0,1
rb1805,20170727,20170726,210116000,3292.0,478,100764,15735140.0,3292.0,3,3291.0,23
rb1805,20170727,20170726,210116500,3294.0,490,100764,16130300.0,3294.0,19,3292.0,3
rb1805,20170727,20170726,210117000,3294.0,496,100764,16327940.0,3294.0,21,3292.0,3
rb1805,20170727,20170726,210117500,3294.0,496,100764,16327940.0,3294.0,5,3292.0,3
rb1805,20170727,20170726,210118000,3294.0,496,100764,16327940.0,3293.0,16,3292.0,3
rb1805,20170727,20170726,210118500,3294.0,496,100764,16327940.0,3293.0,16,3292.0,3
rb1805,20170727,20170726,210119000,3292.0,500,100764,16459620.0,3293.0,16,3292.0,6
rb1805,20170727,20170726,210119500,3292.0,504,100764,16591300.0,3293.0,16,3292.0,4
rb1805,20170727,20170726,210120000,3292.0,508,100764,16722980.0,3293.0,16,3292.0,2
rb1805,20170727,20170726,210120500,3292.0,512,100764,16854660.0,3292.0,10,3291.0,24
rb1805,20170727,20170726,210121000,3292.0,518,100764,17052180.0,3292.0,7,3291.0,25
rb1805,20170727,20170726,210121500,3294.0,552,100772,18171740.0,3294.0,3,3291.0,25
rb1805,20170727,20170726,210122000,3292.0,570,100772,18764580.0,3293.0,3,3292.0,1
rb1805,20170727,20170726,210122500,3292.0,572,100772,18830420.0,3292.0,1,3291.0,25
rb1805,20170727,20170726,210123000,3292.0,572,100772,18830420.0,3292.0,1,3291.0,19
rb1805,20170727,20170726,210123500,3292.0,572,100772,18830420.0,3292.0,1,3291.0,19
rb1805,20170727,20170726,210124500,3294.0,576,100772,18962140.0,3294.0,10,3292.0,1
rb1805,20170727,20170726,210125000,3292.0,578,100770,19027980.0,3292.0,2,3291.0,20
rb1805,20170727,20170726,210125500,3291.0,580,100770,19093800.0,3292.0,2,3291.0,19
rb1805,20170727,20170726,210126000,3291.0,580,100770,19093800.0,3292.0,5,3291.0,20
rb1805,20170727,20170726,210126500,3292.0,586,100770,19291320.0,3292.0,2,3291.0,20
rb1805,20170727,20170726,210127000,3291.0,594,100770,19554600.0,3292.0,2,3291.0,16
rb1805,20170727,20170726,210127500,3291.0,600,100772,19752060.0,3292.0,3,3291.0,13
rb1805,20170727,20170726,210128500,3291.0,616,100766,20278700.0,3292.0,2,3291.0,9
rb1805,20170727,20170726,210129500,3292.0,624,100768,20542000.0,3292.0,1,3291.0,6
rb1805,20170727,20170726,210130500,3292.0,624,100768,20542000.0,3292.0,1,3291.0,6
rb1805,20170727,20170726,210131000,3292.0,624,100768,20542000.0,3292.0,2,3291.0,6
rb1805,20170727,20170726,210131500,3291.0,628,100764,20673640.0,3292.0,3,3291.0,4
rb1805,20170727,20170726,210132000,3291.0,636,100764,20936920.0,3291.0,10,3290.0,63
rb1805,20170727,20170726,210132500,3291.0,636,100764,20936920.0,3291.0,11,3290.0,58
rb1805,20170727,20170726,210133000,3291.0,636,100764,20936920.0,3292.0,4,3290.0,59
rb1805,20170727,20170726,210133500,3291.0,636,100764,20936920.0,3292.0,7,3290.0,59
rb1805,20170727,20170726,210134000,3290.0,656,100764,21594920.0,3292.0,7,3290.0,49
rb1805,20170727,20170726,210134500,3290.0,656,100764,21594920.0,3292.0,7,3290.0,49
rb1805,20170727,20170726,210135000,3290.0,664,100764,21858120.0,3292.0,4,3290.0,45
rb1805,20170727,20170726,210135500,3290.0,676,100764,22252920.0,3292.0,15,3290.0,39
rb1805,20170727,20170726,210136000,3290.0,676,100764,22252920.0,3291.0,1,3290.0,39
rb1805,20170727,20170726,210136500,3290.0,682,100764,22450320.0,3291.0,1,3290.0,36
rb1805,20170727,20170726,210137000,3290.0,684,100764,22516120.0,3291.0,1,3290.0,35
rb1805,20170727,20170726,210138000,3291.0,688,100764,22647740.0,3292.0,14,3290.0,32
rb1805,20170727,20170726,210138500,3290.0,692,100764,22779340.0,3291.0,1,3290.0,30
rb1805,20170727,20170726,210139000,3290.0,696,100764,22910940.0,3291.0,1,3290.0,28
rb1805,20170727,20170726,210139500,3290.0,702,100766,23108340.0,3291.0,2,3290.0,25
rb1805,20170727,20170726,210140000,3290.0,752,100746,24753340.0,3290.0,2,3289.0,7
rb1805,20170727,20170726,210140500,3290.0,752,100746,24753340.0,3290.0,2,3289.0,7
rb1805,20170727,20170726,210141000,3288.0,768,100746,25279560.0,3289.0,13,3288.0,3
rb1805,20170727,20170726,210141500,3288.0,768,100746,25279560.0,3289.0,13,3288.0,3
rb1805,20170727,20170726,210142000,3288.0,770,100746,25345320.0,3289.0,13,3288.0,2
rb1805,20170727,20170726,210142500,3288.0,770,100746,25345320.0,3290.0,7,3288.0,2
rb1805,20170727,20170726,210143000,3288.0,770,100746,25345320.0,3290.0,7,3288.0,2
rb1805,20170727,20170726,210143500,3288.0,774,100748,25476840.0,3289.0,2,3287.0,1
rb1805,20170727,20170726,210144000,3287.0,776,100750,25542580.0,3289.0,2,3287.0,1
rb1805,20170727,20170726,210144500,3287.0,776,100750,25542580.0,3289.0,12,3287.0,1
rb1805,20170727,20170726,210145000,3287.0,778,100752,25608320.0,3289.0,12,3286.0,1
rb1805,20170727,20170726,210145500,3289.0,796,100750,26200120.0,3289.0,8,3286.0,6
rb1805,20170727,20170726,210146000,3289.0,796,100750,26200120.0,3289.0,11,3286.0,6
rb1805,20170727,20170726,210146500,3287.0,804,100750,26463080.0,3289.0,3,3288.0,2
rb1805,20170727,20170726,210147000,3286.0,810,100750,26660320.0,3287.0,8,3286.0,4
rb1805,20170727,20170726,210147500,3286.0,810,100750,26660320.0,3288.0,4,3286.0,1
rb1805,20170727,20170726,210148000,3286.0,810,100750,26660320.0,3286.0,18,3285.0,4
rb1805,20170727,20170726,210148500,3286.0,810,100750,26660320.0,3286.0,18,3285.0,5
rb1805,20170727,20170726,210149000,3286.0,810,100750,26660320.0,3286.0,18,3285.0,5
rb1805,20170727,20170726,210149500,3286.0,810,100750,26660320.0,3286.0,18,3285.0,4
rb1805,20170727,20170726,210150000,3285.0,818,100756,26923120.0,3285.0,11,3284.0,1
rb1805,20170727,20170726,210150500,3285.0,818,100756,26923120.0,3285.0,11,3284.0,4
rb1805,20170727,20170726,210151500,3285.0,820,100756,26988820.0,3285.0,10,3284.0,4
rb1805,20170727,20170726,210152000,3285.0,820,100756,26988820.0,3285.0,15,3284.0,4
rb1805,20170727,20170726,210152500,3284.0,828,100748,27251540.0,3284.0,4,3282.0,9
rb1805,20170727,20170726,210153000,3284.0,828,100748,27251540.0,3284.0,4,3283.0,1
rb1805,20170727,20170726,210153500,3284.0,828,100748,27251540.0,3284.0,2,3283.0,1
rb1805,20170727,20170726,210154000,3284.0,828,100748,27251540.0,3284.0,2,3283.0,1
rb1805,20170727,20170726,210154500,3284.0,830,100746,27317220.0,3284.0,1,3283.0,1
rb1805,20170727,20170726,210155000,3284.0,832,100744,27382900.0,3285.0,5,3284.0,2
rb1805,20170727,20170726,210155500,3285.0,846,100740,27842760.0,3286.0,18,3284.0,5
rb1805,20170727,20170726,210156000,3283.0,856,100730,28171060.0,3284.0,10,3283.0,1
rb1805,20170727,20170726,210156500,3283.0,866,100726,28499440.0,3283.0,19,3282.0,9
rb1805,20170727,20170726,210157000,3283.0,874,100718,28762080.0,3283.0,17,3282.0,9
rb1805,20170727,20170726,210157500,3283.0,874,100718,28762080.0,3283.0,17,3282.0,9
rb1805,20170727,20170726,210159000,3283.0,874,100718,28762080.0,3283.0,20,3282.0,9
rb1805,20170727,20170726,210200000,3282.0,880,100714,28959000.0,3283.0,18,3282.0,6
rb1805,20170727,20170726,210200500,3282.0,890,100704,29287200.0,3283.0,18,3282.0,1
rb1805,20170727,20170726,210201000,3282.0,892,100704,29352840.0,3283.0,18,3281.0,2
rb1805,20170727,20170726,210201500,3282.0,892,100704,29352840.0,3282.0,14,3281.0,2
rb1805,20170727,20170726,210202000,3282.0,892,100704,29352840.0,3282.0,14,3281.0,2
rb1805,20170727,20170726,210202500,3282.0,892,100704,29352840.0,3282.0,14,3281.0,2
rb1805,20170727,20170726,210203000,3282.0,892,100704,29352840.0,3282.0,14,3281.0,2
rb1805,20170727,20170726,210203500,3282.0,892,100704,29352840.0,3282.0,14,3281.0,2
rb1805,20170727,20170726,210204000,3282.0,912,100702,30009240.0,3282.0,4,3281.0,2
rb1805,20170727,20170726,210205000,3282.0,912,100702,30009240.0,3282.0,4,3281.0,3
rb1805,20170727,20170726,210205500,3281.0,918,100700,30206100.0,3281.0,12,3280.0,12
rb1805,20170727,20170726,210206000,3281.0,930,100700,30599820.0,3281.0,6,3280.0,15
rb1805,20170727,20170726,210206500,3281.0,930,100700,30599820.0,3281.0,6,3280.0,12
rb1805,20170727,20170726,210207000,3281.0,930,100700,30599820.0,3281.0,7,3280.0,12
rb1805,20170727,20170726,210208000,3281.0,932,100698,30665440.0,3281.0,6,3280.0,12
rb1805,20170727,20170726,210208500,3281.0,936,100698,30796680.0,3281.0,4,3280.0,12
rb1805,20170727,20170726,210209000,3281.0,944,100690,31059160.0,3282.0,4,3280.0,12
rb1805,20170727,20170726,210209500,3281.0,944,100690,31059160.0,3282.0,4,3281.0,1
rb1805,20170727,20170726,210210000,3281.0,944,100690,31059160.0,3282.0,4,3281.0,21
rb1805,20170727,20170726,210210500,3281.0,944,100690,31059160.0,3282.0,4,3281.0,22
rb1805,20170727,20170726,210211000,3281.0,948,100688,31190420.0,3282.0,3,3281.0,21
rb1805,20170727,20170726,210213000,3281.0,948,100688,31190420.0,3282.0,3,3281.0,26
rb1805,20170727,20170726,210213500,3282.0,954,100682,31387340.0,3283.0,18,3281.0,26
rb1805,20170727,20170726,210214000,3281.0,958,100682,31518580.0,3283.0,18,3281.0,24
rb1805,20170727,20170726,210215000,3281.0,958,100682,31518580.0,3283.0,18,3281.0,24
rb1805,20170727,20170726,210215500,3281.0,958,100682,31518580.0,3283.0,18,3281.0,24
rb1805,20170727,20170726,210216000,3281.0,958,100682,31518580.0,3283.0,18,3281.0,26
rb1805,20170727,20170726,210216500,3281.0,960,100682,31584200.0,3283.0,18,3281.0,25
rb1805,20170727,20170726,210217000,3281.0,962,100684,31649820.0,3283.0,23,3281.0,24
rb1805,20170727,20170726,210217500,3281.0,962,100684,31649820.0,3283.0,24,3281.0,24
rb1805,20170727,20170726,210218000,3281.0,962,100684,31649820.0,3283.0,24,3281.0,24
rb1805,20170727,20170726,210219500,3281.0,962,100684,31649820.0,3283.0,24,3281.0,24
rb1805,20170727,20170726,210220500,3281.0,962,100684,31649820.0,3283.0,24,3282.0,1
rb1805,20170727,20170726,210221000,3281.0,962,100684,31649820.0,3283.0,23,3282.0,1
rb1805,20170727,20170726,210221500,3281.0,962,100684,31649820.0,3283.0,20,3282.0,1
rb1805,20170727,20170726,210222000,3281.0,962,100684,31649820.0,3283.0,20,3282.0,1
rb1805,20170727,20170726,210222500,3282.0,964,100684,31715460.0,3283.0,20,3282.0,1
rb1805,20170727,20170726,210223000,3282.0,966,100684,31781100.0,3282.0,17,3281.0,21
rb1805,20170727,20170726,210223500,3282.0,1000,100718,32896980.0,3283.0,20,3282.0,3
rb1805,20170727,20170726,210224000,3283.0,1002,100716,32962640.0,3283.0,19,3282.0,3
rb1805,20170727,20170726,210224500,3283.0,1014,100716,33356600.0,3283.0,13,3282.0,3
rb1805,20170727,20170726,210225500,3283.0,1014,100716,33356600.0,3283.0,13,3282.0,4
rb1805,20170727,20170726,210226000,3283.0,1014,100716,33356600.0,3283.0,13,3282.0,5
rb1805,20170727,20170726,210226500,3283.0,1018,100716,33487920.0,3283.0,11,3282.0,5
rb1805,20170727,20170726,210227000,3283.0,1042,100694,34275840.0,3283.0,2,3282.0,5
rb1805,20170727,20170726,210227500,3283.0,1042,100694,34275840.0,3283.0,2,3282.0,6
rb1805,20170727,20170726,210228000,3283.0,1042,100694,34275840.0,3283.0,2,3282.0,6
rb1805,20170727,20170726,210229000,3283.0,1046,100698,34407160.0,3285.0,1,3283.0,16
rb1805,20170727,20170726,210229500,3283.0,1046,100698,34407160.0,3285.0,2,3283.0,16
rb1805,20170727,20170726,210230500,3283.0,1046,100698,34407160.0,3285.0,2,3283.0,21
rb1805,20170727,20170726,210231000,3283.0,1046,100698,34407160.0,3285.0,2,3283.0,21
rb1805,20170727,20170726,210231500,3283.0,1046,100698,34407160.0,3285.0,1,3283.0,21
rb1805,20170727,20170726,210232000,3283.0,1046,100698,34407160.0,3285.0,1,3283.0,21
rb1805,20170727,20170726,210233000,3283.0,1046,100698,34407160.0,3285.0,1,3284.0,1
rb1805,20170727,20170726,210233500,3283.0,1046,100698,34407160.0,3285.0,1,3284.0,1
rb1805,20170727,20170726,210234000,3283.0,1046,100698,34407160.0,3286.0,5,3284.0,1
rb1805,20170727,20170726,210234500,3283.0,1046,100698,34407160.0,3285.0,1,3284.0,1
rb1805,20170727,20170726,210235000,3283.0,1046,100698,34407160.0,3285.0,1,3284.0,1
rb1805,20170727,20170726,210236000,3283.0,1046,100698,34407160.0,3286.0,5,3284.0,1
rb1805,20170727,20170726,210236500,3283.0,1046,100698,34407160.0,3286.0,6,3284.0,1
rb1805,20170727,20170726,210237500,3283.0,1046,100698,34407160.0,3286.0,2,3284.0,3
rb1805,20170727,20170726,210238000,3283.0,1046,100698,34407160.0,3286.0,2,3284.0,6
rb1805,20170727,20170726,210238500,3283.0,1046,100698,34407160.0,3286.0,2,3284.0,3
rb1805,20170727,20170726,210239000,3283.0,1046,100698,34407160.0,3286.0,2,3284.0,3
rb1805,20170727,20170726,210239500,3284.0,1048,100700,34472840.0,3286.0,2,3284.0,2
rb1805,20170727,20170726,210240000,3284.0,1048,100700,34472840.0,3286.0,1,3284.0,2
rb1805,20170727,20170726,210241000,3284.0,1048,100700,34472840.0,3286.0,2,3284.0,2
rb1805,20170727,20170726,210241500,3284.0,1048,100700,34472840.0,3286.0,2,3284.0,2
rb1805,20170727,20170726,210242500,3284.0,1048,100700,34472840.0,3285.0,1,3284.0,2
rb1805,20170727,20170726,210243500,3284.0,1048,100700,34472840.0,3285.0,1,3284.0,2
rb1805,20170727,20170726,210244000,3284.0,1048,100700,34472840.0,3285.0,1,3284.0,2
rb1805,20170727,20170726,210244500,3284.0,1048,100700,34472840.0,3285.0,1,3283.0,23
rb1805,20170727,20170726,210246000,3284.0,1048,100700,34472840.0,3285.0,1,3283.0,26
rb1805,20170727,20170726,210246500,3284.0,1048,100700,34472840.0,3285.0,1,3284.0,3
rb1805,20170727,20170726,210247000,3284.0,1048,100700,34472840.0,3285.0,1,3284.0,3
rb1805,20170727,20170726,210247500,3284.0,1048,100700,34472840.0,3285.0,1,3284.0,4
rb1805,20170727,20170726,210249500,3284.0,1048,100700,34472840.0,3285.0,1,3284.0,2
rb1805,20170727,20170726,210250500,3285.0,1050,100700,34538540.0,3286.0,1,3284.0,2
rb1805,20170727,20170726,210251000,3285.0,1050,100700,34538540.0,3286.0,2,3284.0,2
rb1805,20170727,20170726,210251500,3285.0,1050,100700,34538540.0,3286.0,2,3284.0,3
rb1805,20170727,20170726,210252000,3285.0,1050,100700,34538540.0,3286.0,2,3285.0,1
rb1805,20170727,20170726,210252500,3284.0,1054,100704,34669920.0,3286.0,2,3284.0,4
rb1805,20170727,20170726,210253000,3286.0,1056,100704,34735640.0,3286.0,1,3284.0,4
rb1805,20170727,20170726,210254000,3286.0,1056,100704,34735640.0,3286.0,1,3284.0,4
rb1805,20170727,20170726,210257500,3286.0,1056,100704,34735640.0,3286.0,2,3284.0,4
rb1805,20170727,20170726,210258000,3286.0,1056,100704,34735640.0,3286.0,2,3284.0,4
rb1805,20170727,20170726,210258500,3286.0,1056,100704,34735640.0,3286.0,2,3284.0,4
rb1805,20170727,20170726,210259000,3286.0,1056,100704,34735640.0,3286.0,2,3284.0,4
rb1805,20170727,20170726,210259500,3284.0,1064,100700,34998360.0,3284.0,1,3283.0,23
rb1805,20170727,20170726,210300000,3286.0,1068,100698,35129760.0,3286.0,3,3283.0,26
rb1805,20170727,20170726,210300500,3286.0,1078,100696,35458360.0,3286.0,3,3283.0,26
rb1805,20170727,20170726,210301500,3286.0,1078,100696,35458360.0,3285.0,1,3283.0,26
rb1805,20170727,20170726,210302000,3285.0,1080,100696,35524060.0,3286.0,3,3283.0,26
rb1805,20170727,20170726,210302500,3285.0,1080,100696,35524060.0,3286.0,2,3283.0,26
rb1805,20170727,20170726,210303000,3286.0,1082,100694,35589780.0,3286.0,1,3284.0,2
rb1805,20170727,20170726,210303500,3286.0,1082,100694,35589780.0,3286.0,1,3284.0,2
rb1805,20170727,20170726,210304000,3286.0,1084,100692,35655500.0,3288.0,1,3284.0,22
rb1805,20170727,20170726,210304500,3286.0,1084,100692,35655500.0,3286.0,1,3285.0,1
rb1805,20170727,20170726,210305000,3286.0,1084,100692,35655500.0,3286.0,1,3284.0,28
rb1805,20170727,20170726,210305500,3286.0,1084,100692,35655500.0,3286.0,1,3285.0,1
rb1805,20170727,20170726,210306500,3286.0,1084,100692,35655500.0,3286.0,1,3285.0,1
rb1805,20170727,20170726,210307000,3286.0,1084,100692,35655500.0,3286.0,6,3285.0,1
rb1805,20170727,20170726,210307500,3285.0,1086,100694,35721200.0,3286.0,7,3284.0,28
rb1805,20170727,20170726,210308000,3285.0,1086,100694,35721200.0,3285.0,2,3284.0,23
rb1805,20170727,20170726,210308500,3285.0,1086,100694,35721200.0,3285.0,7,3284.0,22
rb1805,20170727,20170726,210309000,3285.0,1088,100694,35786900.0,3285.0,6,3284.0,22
rb1805,20170727,20170726,210309500,3286.0,1128,100714,37101040.0,3288.0,6,3286.0,2
rb1805,20170727,20170726,210310000,3286.0,1132,100718,37232480.0,3286.0,1,3284.0,22
rb1805,20170727,20170726,210310500,3284.0,1134,100720,37298160.0,3286.0,1,3284.0,19
rb1805,20170727,20170726,210311000,3284.0,1136,100720,37363840.0,3287.0,1,3284.0,18
rb1805,20170727,20170726,210311500,3284.0,1136,100720,37363840.0,3287.0,1,3285.0,1
rb1805,20170727,20170726,210312000,3284.0,1136,100720,37363840.0,3286.0,1,3285.0,1
rb1805,20170727,20170726,210313000,3284.0,1136,100720,37363840.0,3287.0,1,3285.0,1
rb1805,20170727,20170726,210313500,3284.0,1136,100720,37363840.0,3287.0,2,3285.0,1
rb1805,20170727,20170726,210314000,3284.0,1136,100720,37363840.0,3287.0,6,3285.0,11
rb1805,20170727,20170726,210314500,3284.0,1136,100720,37363840.0,3287.0,6,3285.0,11
rb1805,20170727,20170726,210315500,3284.0,1138,100722,37429520.0,3287.0,6,3285.0,10
rb1805,20170727,20170726,210317000,3284.0,1138,100722,37429520.0,3287.0,6,3285.0,10
rb1805,20170727,20170726,210317500,3284.0,1138,100722,37429520.0,3287.0,7,3285.0,10
rb1805,20170727,20170726,210318000,3284.0,1138,100722,37429520.0,3287.0,7,3285.0,110
rb1805,20170727,20170726,210319000,3284.0,1138,100722,37429520.0,3287.0,7,3285.0,110
rb1805,20170727,20170726,210319500,3284.0,1138,100722,37429520.0,3287.0,6,3285.0,110
rb1805,20170727,20170726,210320500,3284.0,1138,100722,37429520.0,3287.0,7,3285.0,110
rb1805,20170727,20170726,210321000,3284.0,1138,100722,37429520.0,3287.0,7,3285.0,110
rb1805,20170727,20170726,210321500,3285.0,1140,100722,37495220.0,3287.0,6,3285.0,109
rb1805,20170727,20170726,210322000,3285.0,1140,100722,37495220.0,3287.0,7,3285.0,105
rb1805,20170727,20170726,210323000,3285.0,1140,100722,37495220.0,3287.0,7,3285.0,105
rb1805,20170727,20170726,210323500,3285.0,1140,100722,37495220.0,3287.0,7,3286.0,1
rb1805,20170727,20170726,210324000,3286.0,1142,100724,37560940.0,3287.0,7,3285.0,105
rb1805,20170727,20170726,210324500,3286.0,1142,100724,37560940.0,3287.0,7,3285.0,105
rb1805,20170727,20170726,210326000,3286.0,1142,100724,37560940.0,3287.0,7,3285.0,105
rb1805,20170727,20170726,210327000,3286.0,1142,100724,37560940.0,3287.0,7,3285.0,105
rb1805,20170727,20170726,210329000,3286.0,1142,100724,37560940.0,3287.0,7,3285.0,105
rb1805,20170727,20170726,210329500,3286.0,1142,100724,37560940.0,3287.0,7,3285.0,105
rb1805,20170727,20170726,210330000,3286.0,1142,100724,37560940.0,3286.0,1,3285.0,105
rb1805,20170727,20170726,210330500,3286.0,1144,100724,37626660.0,3287.0,7,3285.0,105
rb1805,20170727,20170726,210332000,3286.0,1144,100724,37626660.0,3287.0,7,3285.0,105
rb1805,20170727,20170726,210332500,3286.0,1144,100724,37626660.0,3287.0,7,3285.0,105
rb1805,20170727,20170726,210333000,3286.0,1144,100724,37626660.0,3286.0,1,3285.0,105
rb1805,20170727,20170726,210334500,3286.0,1144,100724,37626660.0,3286.0,1,3285.0,105
rb1805,20170727,20170726,210335000,3286.0,1144,100724,37626660.0,3286.0,1,3285.0,105
rb1805,20170727,20170726,210335500,3286.0,1144,100724,37626660.0,3286.0,2,3285.0,105
rb1805,20170727,20170726,210336000,3286.0,1144,100724,37626660.0,3286.0,3,3285.0,105
rb1805,20170727,20170726,210337000,3285.0,1148,100726,37758080.0,3286.0,2,3285.0,104
rb1805,20170727,20170726,210337500,3285.0,1148,100726,37758080.0,3286.0,3,3285.0,105
rb1805,20170727,20170726,210338000,3285.0,1152,100724,37889500.0,3286.0,2,3285.0,104
rb1805,20170727,20170726,210339500,3285.0,1152,100724,37889500.0,3286.0,2,3285.0,106
rb1805,20170727,20170726,210340000,3285.0,1154,100726,37955200.0,3286.0,2,3285.0,105
rb1805,20170727,20170726,210340500,3285.0,1248,100800,41043100.0,3286.0,6,3285.0,58
rb1805,20170727,20170726,210341000,3285.0,1252,100802,41174500.0,3286.0,7,3285.0,56
rb1805,20170727,20170726,210341500,3285.0,1256,100802,41305900.0,3286.0,7,3285.0,54
rb1805,20170727,20170726,210342000,3285.0,1256,100802,41305900.0,3286.0,7,3285.0,54
rb1805,20170727,20170726,210342500,3285.0,1262,100808,41503000.0,3286.0,7,3285.0,51
rb1805,20170727,20170726,210343000,3285.0,1262,100808,41503000.0,3286.0,7,3285.0,51
rb1805,20170727,20170726,210343500,3285.0,1262,100808,41503000.0,3286.0,7,3285.0,51
rb1805,20170727,20170726,210344500,3285.0,1324,100808,43539700.0,3286.0,7,3285.0,20
rb1805,20170727,20170726,210345000,3286.0,1326,100810,43605420.0,3286.0,9,3285.0,20
rb1805,20170727,20170726,210345500,3285.0,1330,100810,43736820.0,3286.0,8,3285.0,18
rb1805,20170727,20170726,210346000,3285.0,1366,100814,44919420.0,3285.0,3,3284.0,25
rb1805,20170727,20170726,210346500,3285.0,1366,100814,44919420.0,3285.0,1,3284.0,20
rb1805,20170727,20170726,210347000,3284.0,1370,100818,45050780.0,3285.0,5,3284.0,18
rb1805,20170727,20170726,210347500,3284.0,1378,100822,45313500.0,3285.0,5,3284.0,14
rb1805,20170727,20170726,210348000,3285.0,1388,100822,45642000.0,3286.0,9,3284.0,19
rb1805,20170727,20170726,210348500,3284.0,1390,100822,45707680.0,3286.0,9,3284.0,18
rb1805,20170727,20170726,210349500,3284.0,1390,100822,45707680.0,3285.0,1,3284.0,18
rb1805,20170727,20170726,210350000,3285.0,1392,100820,45773380.0,3286.0,9,3284.0,18
rb1805,20170727,20170726,210350500,3286.0,1394,100820,45839100.0,3286.0,8,3284.0,18
rb1805,20170727,20170726,210351500,3284.0,1410,100820,46364540.0,3286.0,8,3284.0,10
rb1805,20170727,20170726,210352500,3284.0,1410,100820,46364540.0,3286.0,9,3284.0,10
rb1805,20170727,20170726,210353000,3284.0,1410,100820,46364540.0,3285.0,10,3284.0,10
rb1805,20170727,20170726,210353500,3285.0,1412,100818,46430240.0,3285.0,9,3284.0,10
rb1805,20170727,20170726,210354000,3285.0,1412,100818,46430240.0,3286.0,7,3284.0,10
rb1805,20170727,20170726,210355500,3285.0,1412,100818,46430240.0,3286.0,7,3284.0,13
rb1805,20170727,20170726,210356000,3285.0,1412,100818,46430240.0,3286.0,7,3284.0,13
rb1805,20170727,20170726,210356500,3285.0,1412,100818,46430240.0,3286.0,7,3284.0,10
rb1805,20170727,20170726,210357000,3285.0,1412,100818,46430240.0,3286.0,7,3284.0,10
rb1805,20170727,20170726,210357500,3285.0,1412,100818,46430240.0,3286.0,7,3284.0,10
rb1805,20170727,20170726,210358000,3285.0,1412,100818,46430240.0,3286.0,7,3284.0,15
rb1805,20170727,20170726,210358500,3285.0,1412,100818,46430240.0,3286.0,8,3284.0,10
rb1805,20170727,20170726,210359000,3285.0,1412,100818,46430240.0,3285.0,1,3284.0,10
rb1805,20170727,20170726,210401000,3285.0,1412,100818,46430240.0,3285.0,2,3284.0,10
rb1805,20170727,20170726,210403000,3284.0,1430,100818,47021360.0,3285.0,2,3284.0,1
rb1805,20170727,20170726,210403500,3285.0,1432,100820,47087060.0,3285.0,3,3284.0,1
rb1805,20170727,20170726,210405500,3285.0,1432,100820,47087060.0,3285.0,3,3284.0,1
rb1805,20170727,20170726,210406000,3285.0,1432,100820,47087060.0,3285.0,3,3284.0,1
rb1805,20170727,20170726,210406500,3284.0,1434,100820,47152740.0,3285.0,3,3283.0,18
rb1805,20170727,20170726,210407000,3283.0,1438,100820,47284060.0,3285.0,1,3283.0,16
rb1805,20170727,20170726,210409000,3283.0,1438,100820,47284060.0,3285.0,2,3283.0,14
rb1805,20170727,20170726,210409500,3283.0,1440,100822,47349720.0,3284.0,2,3283.0,13
rb1805,20170727,20170726,210410000,3283.0,1442,100822,47415380.0,3284.0,2,3283.0,12
rb1805,20170727,20170726,210411000,3283.0,1442,100822,47415380.0,3285.0,2,3283.0,12
rb1805,20170727,20170726,210411500,3283.0,1442,100822,47415380.0,3285.0,3,3283.0,12
rb1805,20170727,20170726,210412000,3283.0,1442,100822,47415380.0,3285.0,3,3283.0,12
rb1805,20170727,20170726,210412500,3283.0,1442,100822,47415380.0,3284.0,2,3283.0,12
rb1805,20170727,20170726,210413000,3283.0,1466,100844,48203300.0,3283.0,2,3282.0,3
rb1805,20170727,20170726,210413500,3281.0,1478,100848,48597080.0,3283.0,6,3281.0,17
rb1805,20170727,20170726,210414000,3281.0,1478,100848,48597080.0,3282.0,4,3281.0,17
rb1805,20170727,20170726,210414500,3281.0,1494,100862,49122040.0,3282.0,6,3281.0,9
rb1805,20170727,20170726,210415000,3281.0,1512,100878,49712620.0,3282.0,9,3280.0,13
rb1805,20170727,20170726,210415500,3280.0,1514,100878,49778220.0,3281.0,4,3280.0,12
rb1805,20170727,20170726,210416000,3281.0,1570,100920,51614900.0,3282.0,9,3278.0,2
rb1805,20170727,20170726,210416500,3281.0,1570,100920,51614900.0,3279.0,2,3278.0,2
rb1805,20170727,20170726,210417000,3281.0,1570,100920,51614900.0,3281.0,7,3278.0,2
rb1805,20170727,20170726,210417500,3279.0,1574,100920,51746060.0,3281.0,3,3279.0,6
rb1805,20170727,20170726,210418000,3279.0,1578,100920,51877220.0,3281.0,3,3279.0,13
rb1805,20170727,20170726,210418500,3279.0,1578,100920,51877220.0,3282.0,4,3279.0,13
rb1805,20170727,20170726,210419000,3279.0,1578,100920,51877220.0,3282.0,4,3280.0,2
rb1805,20170727,20170726,210419500,3279.0,1578,100920,51877220.0,3282.0,6,3280.0,2
rb1805,20170727,20170726,210420000,3279.0,1578,100920,51877220.0,3282.0,9,3280.0,2
rb1805,20170727,20170726,210420500,3280.0,1582,100920,52008420.0,3280.0,5,3279.0,13
rb1805,20170727,20170726,210421000,3280.0,1582,100920,52008420.0,3280.0,7,3279.0,8
rb1805,20170727,20170726,210421500,3280.0,1582,100920,52008420.0,3280.0,10,3279.0,8
rb1805,20170727,20170726,210422000,3279.0,1596,100906,52467480.0,3280.0,10,3279.0,1
rb1805,20170727,20170726,210422500,3279.0,1598,100906,52533060.0,3279.0,1,3278.0,7
rb1805,20170727,20170726,210423000,3278.0,1608,100910,52860860.0,3279.0,2,3276.0,12
rb1805,20170727,20170726,210423500,3278.0,1608,100910,52860860.0,3278.0,2,3277.0,1
rb1805,20170727,20170726,210424000,3278.0,1608,100910,52860860.0,3278.0,14,3277.0,1
rb1805,20170727,20170726,210424500,3276.0,1644,100920,54040340.0,3277.0,2,3275.0,1
rb1805,20170727,20170726,210425000,3276.0,1678,100948,55153860.0,3277.0,71,3273.0,1
rb1805,20170727,20170726,210425500,3276.0,1690,100958,55546980.0,3276.0,3,3273.0,1
rb1805,20170727,20170726,210426000,3274.0,1694,100962,55677940.0,3276.0,3,3273.0,1
rb1805,20170727,20170726,210426500,3274.0,1694,100962,55677940.0,3277.0,15,3273.0,6
rb1805,20170727,20170726,210427000,3274.0,1694,100962,55677940.0,3277.0,14,3273.0,7
rb1805,20170727,20170726,210427500,3274.0,1694,100962,55677940.0,3276.0,6,3273.0,6
rb1805,20170727,20170726,210428000,3274.0,1694,100962,55677940.0,3276.0,6,3273.0,6
rb1805,20170727,20170726,210428500,3273.0,1696,100962,55743400.0,3275.0,10,3273.0,5
rb1805,20170727,20170726,210429000,3273.0,1696,100962,55743400.0,3275.0,10,3273.0,5
rb1805,20170727,20170726,210429500,3273.0,1696,100962,55743400.0,3275.0,10,3273.0,5
rb1805,20170727,20170726,210430000,3273.0,1698,100962,55808860.0,3275.0,10,3273.0,4
rb1805,20170727,20170726,210431000,3275.0,1716,100954,56398080.0,3275.0,8,3273.0,2
rb1805,20170727,20170726,210431500,3275.0,1724,100954,56660080.0,3275.0,4,3273.0,2
rb1805,20170727,20170726,210432000,3275.0,1724,100954,56660080.0,3275.0,4,3273.0,3
rb1805,20170727,20170726,210432500,3275.0,1724,100954,56660080.0,3275.0,4,3273.0,2
rb1805,20170727,20170726,210433000,3275.0,1724,100954,56660080.0,3275.0,4,3273.0,24
rb1805,20170727,20170726,210433500,3275.0,1724,100954,56660080.0,3275.0,4,3273.0,23
rb1805,20170727,20170726,210434000,3275.0,1724,100954,56660080.0,3275.0,4,3273.0,23
rb1805,20170727,20170726,210434500,3275.0,1724,100954,56660080.0,3274.0,1,3273.0,24
rb1805,20170727,20170726,210435000,3274.0,1726,100954,56725560.0,3276.0,2,3274.0,1
rb1805,20170727,20170726,210435500,3274.0,1730,100954,56856520.0,3275.0,5,3274.0,1
rb1805,20170727,20170726,210436000,3274.0,1730,100954,56856520.0,3275.0,5,3274.0,1
rb1805,20170727,20170726,210436500,3274.0,1730,100954,56856520.0,3275.0,5,3274.0,1
rb1805,20170727,20170726,210437000,3274.0,1730,100954,56856520.0,3275.0,5,3274.0,1
rb1805,20170727,20170726,210437500,3274.0,1730,100954,56856520.0,3275.0,5,3274.0,1
rb1805,20170727,20170726,210438000,3274.0,1732,100952,56922000.0,3275.0,6,3274.0,1
rb1805,20170727,20170726,210438500,3274.0,1732,100952,56922000.0,3275.0,6,3274.0,1
rb1805,20170727,20170726,210439000,3274.0,1732,100952,56922000.0,3275.0,11,3273.0,23
rb1805,20170727,20170726,210439500,3274.0,1732,100952,56922000.0,3275.0,11,3273.0,25
rb1805,20170727,20170726,210440000,3274.0,1732,100952,56922000.0,3275.0,11,3273.0,24
rb1805,20170727,20170726,210441000,3274.0,1732,100952,56922000.0,3275.0,11,3273.0,24
rb1805,20170727,20170726,210441500,3275.0,1734,100952,56987500.0,3275.0,10,3273.0,25
rb1805,20170727,20170726,210442000,3273.0,1736,100952,57052960.0,3275.0,10,3273.0,23
rb1805,20170727,20170726,210442500,3273.0,1736,100952,57052960.0,3275.0,10,3273.0,24
rb1805,20170727,20170726,210443000,3273.0,1738,100954,57118420.0,3275.0,11,3273.0,23
rb1805,20170727,20170726,210443500,3275.0,1742,100954,57249380.0,3275.0,5,3273.0,22
rb1805,20170727,20170726,210444000,3275.0,1742,100954,57249380.0,3275.0,5,3273.0,22
rb1805,20170727,20170726,210444500,3275.0,1744,100954,57314880.0,3275.0,9,3273.0,22
rb1805,20170727,20170726,210445000,3275.0,1746,100954,57380380.0,3275.0,8,3273.0,22
rb1805,20170727,20170726,210445500,3273.0,1748,100956,57445840.0,3275.0,8,3273.0,21
rb1805,20170727,20170726,210446000,3273.0,1748,100956,57445840.0,3275.0,8,3273.0,20
rb1805,20170727,20170726,210446500,3273.0,1748,100956,57445840.0,3275.0,8,3273.0,20
rb1805,20170727,20170726,210447000,3273.0,1748,100956,57445840.0,3275.0,8,3273.0,20
rb1805,20170727,20170726,210448000,3275.0,1756,100960,57707840.0,3275.0,4,3273.0,20
rb1805,20170727,20170726,210448500,3275.0,1756,100960,57707840.0,3275.0,4,3273.0,20
rb1805,20170727,20170726,210449000,3275.0,1758,100960,57773340.0,3275.0,4,3274.0,4
rb1805,20170727,20170726,210450000,3274.0,1762,100960,57904300.0,3275.0,4,3274.0,4
rb1805,20170727,20170726,210450500,3274.0,1764,100960,57969780.0,3275.0,1,3274.0,3
rb1805,20170727,20170726,210451000,3274.0,1764,100960,57969780.0,3275.0,1,3274.0,4
rb1805,20170727,20170726,210452000,3274.0,1764,100960,57969780.0,3275.0,1,3274.0,4
rb1805,20170727,20170726,210452500,3277.0,1768,100962,58100820.0,3277.0,3,3274.0,4
rb1805,20170727,20170726,210453000,3277.0,1770,100962,58166360.0,3276.0,1,3274.0,4
rb1805,20170727,20170726,210453500,3277.0,1770,100962,58166360.0,3276.0,6,3274.0,4
rb1805,20170727,20170726,210455000,3277.0,1770,100962,58166360.0,3276.0,6,3274.0,4
rb1805,20170727,20170726,210456000,3277.0,1770,100962,58166360.0,3276.0,8,3275.0,1
rb1805,20170727,20170726,210456500,3275.0,1772,100964,58231860.0,3276.0,8,3275.0,1
rb1805,20170727,20170726,210457000,3275.0,1772,100964,58231860.0,3276.0,2,3275.0,1
rb1805,20170727,20170726,210458000,3275.0,1772,100964,58231860.0,3276.0,3,3275.0,1
rb1805,20170727,20170726,210459000,3277.0,1778,100964,58428440.0,3277.0,8,3275.0,1
rb1805,20170727,20170726,210459500,3277.0,1780,100964,58493980.0,3277.0,7,3276.0,1
rb1805,20170727,20170726,210500500,3277.0,1780,100964,58493980.0,3277.0,2,3276.0,1
rb1805,20170727,20170726,210501000,3276.0,1782,100964,58559500.0,3277.0,5,3276.0,2
rb1805,20170727,20170726,210501500,3276.0,1782,100964,58559500.0,3277.0,5,3276.0,2
rb1805,20170727,20170726,210502000,3275.0,1788,100964,58756040.0,3277.0,5,3275.0,1
rb1805,20170727,20170726,210502500,3275.0,1788,100964,58756040.0,3277.0,10,3275.0,1
rb1805,20170727,20170726,210503000,3275.0,1788,100964,58756040.0,3277.0,6,3275.0,1
rb1805,20170727,20170726,210503500,3275.0,1790,100964,58821540.0,3277.0,5,3274.0,4
rb1805,20170727,20170726,210504000,3275.0,1790,100964,58821540.0,3277.0,9,3275.0,3
rb1805,20170727,20170726,210504500,3275.0,1796,100968,59018040.0,3275.0,2,3274.0,5
rb1805,20170727,20170726,210505000,3275.0,1796,100968,59018040.0,3275.0,2,3274.0,5
rb1805,20170727,20170726,210505500,3275.0,1796,100968,59018040.0,3275.0,2,3274.0,5
rb1805,20170727,20170726,210506000,3275.0,1798,100970,59083540.0,3275.0,1,3274.0,5
rb1805,20170727,20170726,210506500,3277.0,1812,100978,59542160.0,3277.0,3,3275.0,1
rb1805,20170727,20170726,210507000,3277.0,1814,100978,59607700.0,3277.0,2,3274.0,6
rb1805,20170727,20170726,210507500,3277.0,1814,100978,59607700.0,3277.0,2,3275.0,3
rb1805,20170727,20170726,210508000,3277.0,1814,100978,59607700.0,3277.0,2,3275.0,3
rb1805,20170727,20170726,210509000,3277.0,1814,100978,59607700.0,3278.0,3,3275.0,102
rb1805,20170727,20170726,210509500,3278.0,1820,100978,59804380.0,3279.0,1,3278.0,4
rb1805,20170727,20170726,210510000,3278.0,1826,100978,60001060.0,3278.0,6,3275.0,106
rb1805,20170727,20170726,210510500,3278.0,1838,100974,60394420.0,3279.0,4,3278.0,1
rb1805,20170727,20170726,210511000,3278.0,1838,100974,60394420.0,3279.0,4,3275.0,108
rb1805,20170727,20170726,210511500,3276.0,1840,100974,60459940.0,3279.0,4,3275.0,106
rb1805,20170727,20170726,210512000,3276.0,1840,100974,60459940.0,3279.0,4,3275.0,106
rb1805,20170727,20170726,210513000,3275.0,1842,100976,60525440.0,3279.0,5,3275.0,105
rb1805,20170727,20170726,210513500,3275.0,1844,100978,60590940.0,3279.0,1,3276.0,1
rb1805,20170727,20170726,210514000,3279.0,1846,100978,60656520.0,3280.0,8,3276.0,5
rb1805,20170727,20170726,210514500,3279.0,1846,100978,60656520.0,3280.0,8,3276.0,5
rb1805,20170727,20170726,210515000,3279.0,1846,100978,60656520.0,3280.0,9,3276.0,5
rb1805,20170727,20170726,210515500,3279.0,1846,100978,60656520.0,3280.0,9,3276.0,5
rb1805,20170727,20170726,210516000,3276.0,1866,100998,61311720.0,3279.0,4,3275.0,105
rb1805,20170727,20170726,210516500,3276.0,1866,100998,61311720.0,3279.0,9,3275.0,105
rb1805,20170727,20170726,210517000,3276.0,1866,100998,61311720.0,3279.0,5,3276.0,2
rb1805,20170727,20170726,210517500,3276.0,1866,100998,61311720.0,3278.0,2,3276.0,2
rb1805,20170727,20170726,210518000,3276.0,1866,100998,61311720.0,3278.0,2,3276.0,2
rb1805,20170727,20170726,210518500,3276.0,1866,100998,61311720.0,3278.0,2,3276.0,2
rb1805,20170727,20170726,210519000,3276.0,1866,100998,61311720.0,3278.0,2,3276.0,3
rb1805,20170727,20170726,210519500,3276.0,1866,100998,61311720.0,3278.0,7,3276.0,3
rb1805,20170727,20170726,210520000,3276.0,1866,100998,61311720.0,3278.0,7,3276.0,3
rb1805,20170727,20170726,210520500,3276.0,1866,100998,61311720.0,3278.0,7,3276.0,3
rb1805,20170727,20170726,210521000,3276.0,1866,100998,61311720.0,3278.0,7,3276.0,3
rb1805,20170727,20170726,210521500,3276.0,1866,100998,61311720.0,3278.0,7,3276.0,3
rb1805,20170727,20170726,210522000,3276.0,1866,100998,61311720.0,3278.0,7,3276.0,3
rb1805,20170727,20170726,210522500,3276.0,1866,100998,61311720.0,3278.0,7,3276.0,3
rb1805,20170727,20170726,210523000,3276.0,1866,100998,61311720.0,3278.0,8,3276.0,3
rb1805,20170727,20170726,210523500,3276.0,1866,100998,61311720.0,3278.0,8,3276.0,4
rb1805,20170727,20170726,210525000,3276.0,1866,100998,61311720.0,3278.0,8,3277.0,1
rb1805,20170727,20170726,210525500,3276.0,1872,101000,61508320.0,3277.0,1,3276.0,3
rb1805,20170727,20170726,210526000,3277.0,1874,100998,61573860.0,3278.0,8,3276.0,3
rb1805,20170727,20170726,210528000,3277.0,1874,100998,61573860.0,3278.0,6,3276.0,3
rb1805,20170727,20170726,210529500,3277.0,1874,100998,61573860.0,3278.0,6,3276.0,3
rb1805,20170727,20170726,210530000,3277.0,1874,100998,61573860.0,3278.0,6,3276.0,4
rb1805,20170727,20170726,210530500,3277.0,1874,100998,61573860.0,3278.0,6,3276.0,4
rb1805,20170727,20170726,210531000,3277.0,1874,100998,61573860.0,3278.0,6,3277.0,1
rb1805,20170727,20170726,210531500,3276.0,1878,101000,61704920.0,3278.0,6,3276.0,3
rb1805,20170727,20170726,210532000,3276.0,1878,101000,61704920.0,3278.0,6,3276.0,2
rb1805,20170727,20170726,210533000,3276.0,1878,101000,61704920.0,3278.0,6,3276.0,2
rb1805,20170727,20170726,210533500,3276.0,1878,101000,61704920.0,3278.0,6,3276.0,2
rb1805,20170727,20170726,210534000,3276.0,1878,101000,61704920.0,3278.0,6,3276.0,2
rb1805,20170727,20170726,210535000,3276.0,1878,101000,61704920.0,3278.0,6,3276.0,2
rb1805,20170727,20170726,210535500,3276.0,1878,101000,61704920.0,3278.0,6,3276.0,2
rb1805,20170727,20170726,210537000,3276.0,1880,101002,61770440.0,3278.0,6,3276.0,1
rb1805,20170727,20170726,210537500,3278.0,1902,101022,62491600.0,3279.0,7,3278.0,87
rb1805,20170727,20170726,210538000,3278.0,1954,101072,64196160.0,3279.0,8,3278.0,61
rb1805,20170727,20170726,210538500,3278.0,1970,101088,64720640.0,3279.0,7,3278.0,53
rb1805,20170727,20170726,210539000,3278.0,1970,101088,64720640.0,3279.0,7,3278.0,53
rb1805,20170727,20170726,210540000,3278.0,1970,101088,64720640.0,3279.0,7,3278.0,66
rb1805,20170727,20170726,210540500,3278.0,1970,101088,64720640.0,3279.0,7,3278.0,66
rb1805,20170727,20170726,210541000,3278.0,1980,101088,65048440.0,3279.0,7,3278.0,61
rb1805,20170727,20170726,210541500,3278.0,1982,101088,65114000.0,3279.0,7,3278.0,60
rb1805,20170727,20170726,210542000,3278.0,1982,101088,65114000.0,3279.0,2,3278.0,60
rb1805,20170727,20170726,210542500,3278.0,1982,101088,65114000.0,3279.0,2,3278.0,60
rb1805,20170727,20170726,210543500,3278.0,1988,101088,65310680.0,3279.0,2,3278.0,57
rb1805,20170727,20170726,210544000,3278.0,1988,101088,65310680.0,3279.0,1,3278.0,57
rb1805,20170727,20170726,210544500,3278.0,1988,101088,65310680.0,3279.0,1,3278.0,62
rb1805,20170727,20170726,210545000,3278.0,1990,101088,65376240.0,3279.0,2,3278.0,61
rb1805,20170727,20170726,210545500,3278.0,2010,101088,66031840.0,3279.0,2,3278.0,51
rb1805,20170727,20170726,210546000,3279.0,2012,101090,66097420.0,3280.0,6,3278.0,46
rb1805,20170727,20170726,210546500,3279.0,2012,101090,66097420.0,3280.0,7,3278.0,46
rb1805,20170727,20170726,210547000,3279.0,2012,101090,66097420.0,3280.0,7,3278.0,46
rb1805,20170727,20170726,210547500,3279.0,2012,101090,66097420.0,3280.0,6,3278.0,47
rb1805,20170727,20170726,210548000,3279.0,2012,101090,66097420.0,3280.0,6,3279.0,10
rb1805,20170727,20170726,210548500,3279.0,2042,101106,67081060.0,3279.0,4,3278.0,44
rb1805,20170727,20170726,210549000,3279.0,2042,101106,67081060.0,3280.0,7,3278.0,44
rb1805,20170727,20170726,210549500,3279.0,2042,101106,67081060.0,3279.0,3,3278.0,44
rb1805,20170727,20170726,210550000,3279.0,2042,101106,67081060.0,3279.0,3,3278.0,44
rb1805,20170727,20170726,210552000,3279.0,2042,101106,67081060.0,3279.0,3,3278.0,44
rb1805,20170727,20170726,210552500,3279.0,2042,101106,67081060.0,3279.0,13,3278.0,49
rb1805,20170727,20170726,210553500,3279.0,2042,101106,67081060.0,3279.0,13,3278.0,44
rb1805,20170727,20170726,210554500,3278.0,2050,101106,67343300.0,3279.0,13,3278.0,40
rb1805,20170727,20170726,210555000,3278.0,2054,101106,67474420.0,3279.0,13,3278.0,38
rb1805,20170727,20170726,210555500,3278.0,2054,101106,67474420.0,3279.0,13,3278.0,38
rb1805,20170727,20170726,210556000,3278.0,2054,101106,67474420.0,3279.0,13,3278.0,43
rb1805,20170727,20170726,210556500,3279.0,2056,101106,67540000.0,3279.0,12,3278.0,43
rb1805,20170727,20170726,210557000,3279.0,2080,101128,68326960.0,3280.0,7,3278.0,38
rb1805,20170727,20170726,210557500,3278.0,2094,101128,68785880.0,3280.0,7,3278.0,31
rb1805,20170727,20170726,210558500,3278.0,2094,101128,68785880.0,3280.0,3,3278.0,36
rb1805,20170727,20170726,210559000,3278.0,2094,101128,68785880.0,3280.0,3,3278.0,37
rb1805,20170727,20170726,210559500,3278.0,2094,101128,68785880.0,3280.0,2,3278.0,37
rb1805,20170727,20170726,210600000,3278.0,2094,101128,68785880.0,3280.0,2,3278.0,37
rb1805,20170727,20170726,210600500,3280.0,2098,101126,68917080.0,3281.0,2,3278.0,37
rb1805,20170727,20170726,210601000,3280.0,2098,101126,68917080.0,3281.0,2,3279.0,16
rb1805,20170727,20170726,210601500,3280.0,2098,101126,68917080.0,3281.0,2,3279.0,16
rb1805,20170727,20170726,210602000,3279.0,2100,101128,68982660.0,3281.0,2,3279.0,15
rb1805,20170727,20170726,210602500,3279.0,2100,101128,68982660.0,3281.0,3,3279.0,18
rb1805,20170727,20170726,210603000,3279.0,2102,101126,69048240.0,3281.0,2,3279.0,23
rb1805,20170727,20170726,210603500,3279.0,2102,101126,69048240.0,3281.0,2,3279.0,23
rb1805,20170727,20170726,210605000,3279.0,2102,101126,69048240.0,3281.0,3,3279.0,23
rb1805,20170727,20170726,210605500,3281.0,2106,101126,69179480.0,3281.0,1,3279.0,23
rb1805,20170727,20170726,210606000,3281.0,2106,101126,69179480.0,3281.0,1,3279.0,23
rb1805,20170727,20170726,210606500,3281.0,2108,101124,69245100.0,3282.0,2,3281.0,2
rb1805,20170727,20170726,210607000,3281.0,2108,101124,69245100.0,3281.0,1,3279.0,26
rb1805,20170727,20170726,210607500,3280.0,2112,101124,69376300.0,3282.0,2,3279.0,23
rb1805,20170727,20170726,210608000,3280.0,2112,101124,69376300.0,3282.0,2,3280.0,3
rb1805,20170727,20170726,210608500,3280.0,2112,101124,69376300.0,3282.0,2,3280.0,3
rb1805,20170727,20170726,210609000,3280.0,2112,101124,69376300.0,3282.0,2,3280.0,8
rb1805,20170727,20170726,210609500,3280.0,2112,101124,69376300.0,3282.0,2,3280.0,8
rb1805,20170727,20170726,210610000,3282.0,2124,101120,69770140.0,3283.0,5,3282.0,2
rb1805,20170727,20170726,210610500,3282.0,2124,101120,69770140.0,3283.0,4,3282.0,20
rb1805,20170727,20170726,210611000,3283.0,2132,101120,70032780.0,3284.0,1,3283.0,5
rb1805,20170727,20170726,210611500,3283.0,2132,101120,70032780.0,3284.0,1,3283.0,20
rb1805,20170727,20170726,210612000,3284.0,2134,101120,70098460.0,3285.0,1,3284.0,2
rb1805,20170727,20170726,210612500,3284.0,2134,101120,70098460.0,3285.0,1,3284.0,20
rb1805,20170727,20170726,210613000,3284.0,2134,101120,70098460.0,3285.0,1,3284.0,25
rb1805,20170727,20170726,210613500,3284.0,2134,101120,70098460.0,3285.0,1,3284.0,25
rb1805,20170727,20170726,210614000,3285.0,2136,101120,70164160.0,3286.0,1,3284.0,25
rb1805,20170727,20170726,210614500,3285.0,2136,101120,70164160.0,3286.0,2,3285.0,5
rb1805,20170727,20170726,210615000,3285.0,2140,101124,70295560.0,3286.0,2,3285.0,23
rb1805,20170727,20170726,210615500,3285.0,2140,101124,70295560.0,3286.0,1,3285.0,23
rb1805,20170727,20170726,210616000,3286.0,2154,101110,70755600.0,3287.0,2,3285.0,28
rb1805,20170727,20170726,210616500,3286.0,2154,101110,70755600.0,3287.0,2,3285.0,29
rb1805,20170727,20170726,210617000,3286.0,2154,101110,70755600.0,3287.0,3,3285.0,29
rb1805,20170727,20170726,210617500,3286.0,2154,101110,70755600.0,3287.0,3,3285.0,29
rb1805,20170727,20170726,210618000,3286.0,2154,101110,70755600.0,3287.0,2,3285.0,29
rb1805,20170727,20170726,210618500,3286.0,2154,101110,70755600.0,3287.0,2,3285.0,32
rb1805,20170727,20170726,210619000,3286.0,2154,101110,70755600.0,3287.0,3,3285.0,32
rb1805,20170727,20170726,210620000,3285.0,2194,101096,72069600.0,3286.0,1,3285.0,12
rb1805,20170727,20170726,210620500,3286.0,2196,101096,72135320.0,3287.0,3,3285.0,27
rb1805,20170727,20170726,210621000,3286.0,2196,101096,72135320.0,3287.0,3,3286.0,25
rb1805,20170727,20170726,210621500,3285.0,2284,101046,75026980.0,3286.0,1,3285.0,8
rb1805,20170727,20170726,210622000,3286.0,2286,101048,75092700.0,3287.0,1,3286.0,2
rb1805,20170727,20170726,210622500,3287.0,2288,101048,75158440.0,3288.0,10,3285.0,8
rb1805,20170727,20170726,210623000,3287.0,2290,101048,75224180.0,3287.0,3,3285.0,10
rb1805,20170727,20170726,210624000,3287.0,2290,101048,75224180.0,3287.0,3,3285.0,10
rb1805,20170727,20170726,210624500,3287.0,2292,101048,75289920.0,3287.0,3,3285.0,10
rb1805,20170727,20170726,210625000,3287.0,2292,101048,75289920.0,3287.0,2,3285.0,10
rb1805,20170727,20170726,210625500,3287.0,2292,101048,75289920.0,3287.0,2,3286.0,16
rb1805,20170727,20170726,210626000,3286.0,2328,101044,76472920.0,3288.0,4,3285.0,10
rb1805,20170727,20170726,210626500,3285.0,2334,101044,76670020.0,3288.0,5,3285.0,7
rb1805,20170727,20170726,210627000,3285.0,2334,101044,76670020.0,3288.0,5,3285.0,7
rb1805,20170727,20170726,210627500,3285.0,2336,101044,76735720.0,3288.0,5,3285.0,11
rb1805,20170727,20170726,210629000,3285.0,2338,101046,76801420.0,3288.0,5,3285.0,10
rb1805,20170727,20170726,210629500,3285.0,2338,101046,76801420.0,3288.0,6,3285.0,10
rb1805,20170727,20170726,210630000,3285.0,2338,101046,76801420.0,3288.0,6,3286.0,2
rb1805,20170727,20170726,210630500,3286.0,2340,101048,76867140.0,3287.0,1,3286.0,4
rb1805,20170727,20170726,210631000,3286.0,2340,101048,76867140.0,3287.0,1,3286.0,4
rb1805,20170727,20170726,210632500,3286.0,2348,101048,77130020.0,3287.0,1,3286.0,5
rb1805,20170727,20170726,210633000,3286.0,2348,101048,77130020.0,3287.0,1,3286.0,5
rb1805,20170727,20170726,210633500,3286.0,2358,101058,77458620.0,3286.0,10,3285.0,25
rb1805,20170727,20170726,210634000,3286.0,2368,101058,77787220.0,3286.0,5,3285.0,25
rb1805,20170727,20170726,210634500,3286.0,2378,101058,78115820.0,3287.0,1,3286.0,4
rb1805,20170727,20170726,210635000,3286.0,2378,101058,78115820.0,3287.0,1,3285.0,25
rb1805,20170727,20170726,210635500,3286.0,2378,101058,78115820.0,3287.0,2,3285.0,25
rb1805,20170727,20170726,210636000,3286.0,2378,101058,78115820.0,3287.0,2,3285.0,25
rb1805,20170727,20170726,210636500,3286.0,2378,101058,78115820.0,3287.0,1,3285.0,25
rb1805,20170727,20170726,210637000,3287.0,2380,101058,78181560.0,3288.0,6,3287.0,2
rb1805,20170727,20170726,210637500,3287.0,2380,101058,78181560.0,3288.0,5,3287.0,1
rb1805,20170727,20170726,210638000,3287.0,2380,101058,78181560.0,3288.0,5,3287.0,1
rb1805,20170727,20170726,210638500,3285.0,2384,101058,78313000.0,3287.0,1,3285.0,24
rb1805,20170727,20170726,210639000,3288.0,2386,101058,78378760.0,3288.0,4,3286.0,1
rb1805,20170727,20170726,210639500,3288.0,2388,101058,78444520.0,3288.0,3,3286.0,1
rb1805,20170727,20170726,210640000,3288.0,2388,101058,78444520.0,3288.0,3,3286.0,1
rb1805,20170727,20170726,210640500,3288.0,2390,101058,78510280.0,3288.0,2,3286.0,1
rb1805,20170727,20170726,210641000,3288.0,2390,101058,78510280.0,3287.0,1,3286.0,1
rb1805,20170727,20170726,210641500,3288.0,2392,101058,78576040.0,3288.0,2,3286.0,1
rb1805,20170727,20170726,210642000,3286.0,2394,101058,78641760.0,3288.0,2,3285.0,9
rb1805,20170727,20170726,210642500,3286.0,2394,101058,78641760.0,3288.0,7,3285.0,9
rb1805,20170727,20170726,210643000,3286.0,2394,101058,78641760.0,3287.0,2,3285.0,9
rb1805,20170727,20170726,210643500,3286.0,2394,101058,78641760.0,3287.0,3,3285.0,9
rb1805,20170727,20170726,210644000,3286.0,2394,101058,78641760.0,3287.0,3,3286.0,1
rb1805,20170727,20170726,210645000,3286.0,2394,101058,78641760.0,3287.0,3,3286.0,1
rb1805,20170727,20170726,210645500,3286.0,2396,101056,78707480.0,3287.0,3,3285.0,10
rb1805,20170727,20170726,210646000,3285.0,2398,101056,78773180.0,3287.0,3,3285.0,9
rb1805,20170727,20170726,210646500,3287.0,2402,101056,78904660.0,3287.0,1,3285.0,10
rb1805,20170727,20170726,210647000,3287.0,2406,101056,79036140.0,3288.0,7,3285.0,10
rb1805,20170727,20170726,210647500,3287.0,2406,101056,79036140.0,3288.0,7,3286.0,2
rb1805,20170727,20170726,210648000,3286.0,2408,101056,79101860.0,3288.0,7,3286.0,1
rb1805,20170727,20170726,210648500,3286.0,2408,101056,79101860.0,3288.0,7,3286.0,1
rb1805,20170727,20170726,210649000,3286.0,2410,101056,79167580.0,3288.0,7,3285.0,25
rb1805,20170727,20170726,210649500,3286.0,2410,101056,79167580.0,3288.0,7,3285.0,20
rb1805,20170727,20170726,210650000,3286.0,2410,101056,79167580.0,3287.0,2,3285.0,20
rb1805,20170727,20170726,210650500,3286.0,2410,101056,79167580.0,3286.0,2,3285.0,20
rb1805,20170727,20170726,210651000,3287.0,2418,101056,79430500.0,3288.0,8,3285.0,20
rb1805,20170727,20170726,210651500,3289.0,2438,101060,80088140.0,3289.0,25,3286.0,5
rb1805,20170727,20170726,210652000,3289.0,2456,101062,80680100.0,3289.0,22,3286.0,9
rb1805,20170727,20170726,210652500,3289.0,2456,101062,80680100.0,3289.0,22,3287.0,1
rb1805,20170727,20170726,210653000,3287.0,2458,101060,80745840.0,3289.0,22,3286.0,11
rb1805,20170727,20170726,210654000,3287.0,2458,101060,80745840.0,3289.0,22,3286.0,11
rb1805,20170727,20170726,210655000,3287.0,2458,101060,80745840.0,3289.0,22,3286.0,10
rb1805,20170727,20170726,210655500,3287.0,2458,101060,80745840.0,3289.0,22,3286.0,10
rb1805,20170727,20170726,210656000,3287.0,2458,101060,80745840.0,3289.0,22,3286.0,7
rb1805,20170727,20170726,210656500,3287.0,2458,101060,80745840.0,3288.0,1,3286.0,7
rb1805,20170727,20170726,210657000,3287.0,2458,101060,80745840.0,3288.0,6,3286.0,7
rb1805,20170727,20170726,210657500,3287.0,2458,101060,80745840.0,3288.0,6,3286.0,7
rb1805,20170727,20170726,210658000,3286.0,2460,101060,80811560.0,3288.0,6,3286.0,6
rb1805,20170727,20170726,210658500,3286.0,2460,101060,80811560.0,3288.0,6,3286.0,6
rb1805,20170727,20170726,210659000,3286.0,2460,101060,80811560.0,3288.0,1,3286.0,6
rb1805,20170727,20170726,210659500,3289.0,2474,101074,81272000.0,3289.0,21,3287.0,1
rb1805,20170727,20170726,210700000,3289.0,2476,101076,81337780.0,3289.0,20,3287.0,1
rb1805,20170727,20170726,210700500,3287.0,2478,101076,81403520.0,3287.0,1,3286.0,6
rb1805,20170727,20170726,210701000,3289.0,2482,101078,81535040.0,3289.0,21,3287.0,2
rb1805,20170727,20170726,210701500,3289.0,2484,101080,81600820.0,3289.0,19,3286.0,1
rb1805,20170727,20170726,210702000,3289.0,2488,101082,81732320.0,3289.0,19,3286.0,5
rb1805,20170727,20170726,210702500,3289.0,2488,101082,81732320.0,3288.0,1,3286.0,5
rb1805,20170727,20170726,210703000,3289.0,2492,101084,81863860.0,3289.0,17,3288.0,1
rb1805,20170727,20170726,210703500,3289.0,2494,101084,81929640.0,3288.0,1,3286.0,7
rb1805,20170727,20170726,210704000,3288.0,2496,101082,81995400.0,3289.0,13,3288.0,1
rb1805,20170727,20170726,210704500,3286.0,2498,101084,82061120.0,3288.0,1,3286.0,6
rb1805,20170727,20170726,210705000,3288.0,2500,101084,82126880.0,3289.0,14,3288.0,1
rb1805,20170727,20170726,210705500,3286.0,2508,101084,82389800.0,3289.0,14,3286.0,4
rb1805,20170727,20170726,210706000,3286.0,2508,101084,82389800.0,3289.0,19,3286.0,2
rb1805,20170727,20170726,210706500,3286.0,2508,101084,82389800.0,3289.0,19,3286.0,2
rb1805,20170727,20170726,210707000,3286.0,2508,101084,82389800.0,3288.0,2,3286.0,2
rb1805,20170727,20170726,210707500,3286.0,2510,101086,82455520.0,3288.0,2,3286.0,1
rb1805,20170727,20170726,210708000,3286.0,2510,101086,82455520.0,3288.0,3,3286.0,1
rb1805,20170727,20170726,210708500,3286.0,2510,101086,82455520.0,3288.0,3,3286.0,1
rb1805,20170727,20170726,210709000,3286.0,2512,101084,82521240.0,3288.0,3,3285.0,29
rb1805,20170727,20170726,210709500,3286.0,2516,101084,82652680.0,3288.0,3,3285.0,29
rb1805,20170727,20170726,210710000,3286.0,2516,101084,82652680.0,3288.0,3,3285.0,29
rb1805,20170727,20170726,210710500,3288.0,2518,101086,82718440.0,3288.0,2,3285.0,29
rb1805,20170727,20170726,210711000,3288.0,2520,101086,82784200.0,3288.0,6,3285.0,29
rb1805,20170727,20170726,210711500,3288.0,2520,101086,82784200.0,3288.0,7,3285.0,29
rb1805,20170727,20170726,210712000,3288.0,2520,101086,82784200.0,3287.0,2,3285.0,29
rb1805,20170727,20170726,210713000,3288.0,2524,101086,82915720.0,3288.0,7,3285.0,29
rb1805,20170727,20170726,210713500,3288.0,2524,101086,82915720.0,3288.0,7,3285.0,29
rb1805,20170727,20170726,210714000,3285.0,2526,101088,82981420.0,3287.0,1,3285.0,28
rb1805,20170727,20170726,210714500,3287.0,2528,101090,83047160.0,3288.0,7,3285.0,28
rb1805,20170727,20170726,210715500,3287.0,2528,101090,83047160.0,3288.0,7,3285.0,23
rb1805,20170727,20170726,210716500,3287.0,2528,101090,83047160.0,3287.0,1,3285.0,23
rb1805,20170727,20170726,210717000,3287.0,2528,101090,83047160.0,3287.0,6,3285.0,23
rb1805,20170727,20170726,210717500,3285.0,2570,101088,84426860.0,3287.0,6,3285.0,3
rb1805,20170727,20170726,210718000,3285.0,2570,101088,84426860.0,3288.0,7,3285.0,3
rb1805,20170727,20170726,210718500,3285.0,2570,101088,84426860.0,3287.0,1,3285.0,3
rb1805,20170727,20170726,210719500,3285.0,2570,101088,84426860.0,3288.0,7,3285.0,3
rb1805,20170727,20170726,210720000,3285.0,2572,101086,84492560.0,3287.0,1,3285.0,2
rb1805,20170727,20170726,210720500,3285.0,2572,101086,84492560.0,3287.0,1,3285.0,2
rb1805,20170727,20170726,210721000,3285.0,2572,101086,84492560.0,3288.0,7,3285.0,2
rb1805,20170727,20170726,210721500,3285.0,2572,101086,84492560.0,3287.0,1,3285.0,2
rb1805,20170727,20170726,210722000,3285.0,2572,101086,84492560.0,3287.0,2,3285.0,2
rb1805,20170727,20170726,210722500,3285.0,2572,101086,84492560.0,3287.0,2,3285.0,2
rb1805,20170727,20170726,210723000,3288.0,2578,101082,84689800.0,3288.0,7,3285.0,2
rb1805,20170727,20170726,210723500,3288.0,2578,101082,84689800.0,3287.0,2,3285.0,2
rb1805,20170727,20170726,210724500,3285.0,2580,101080,84755500.0,3287.0,2,3285.0,1
rb1805,20170727,20170726,210725000,3285.0,2580,101080,84755500.0,3286.0,1,3285.0,1
rb1805,20170727,20170726,210725500,3286.0,2582,101078,84821220.0,3287.0,1,3286.0,1
rb1805,20170727,20170726,210726000,3287.0,2584,101080,84886960.0,3288.0,7,3285.0,1
rb1805,20170727,20170726,210726500,3285.0,2588,101078,85018360.0,3287.0,2,3285.0,2
rb1805,20170727,20170726,210727000,3285.0,2588,101078,85018360.0,3287.0,3,3285.0,5
rb1805,20170727,20170726,210727500,3285.0,2588,101078,85018360.0,3287.0,3,3285.0,5
rb1805,20170727,20170726,210728500,3285.0,2588,101078,85018360.0,3287.0,3,3285.0,2
rb1805,20170727,20170726,210729000,3285.0,2598,101080,85346860.0,3285.0,1,3284.0,5
rb1805,20170727,20170726,210729500,3287.0,2600,101080,85412600.0,3287.0,2,3285.0,3
rb1805,20170727,20170726,210730000,3287.0,2602,101082,85478340.0,3287.0,2,3285.0,3
rb1805,20170727,20170726,210730500,3287.0,2602,101082,85478340.0,3286.0,2,3281.0,21
rb1805,20170727,20170726,210731000,3287.0,2602,101082,85478340.0,3286.0,8,3284.0,3
rb1805,20170727,20170726,210731500,3287.0,2602,101082,85478340.0,3285.0,1,3284.0,3
rb1805,20170727,20170726,210732000,3287.0,2602,101082,85478340.0,3285.0,1,3284.0,3
rb1805,20170727,20170726,210734000,3285.0,2604,101082,85544040.0,3286.0,7,3285.0,3
rb1805,20170727,20170726,210734500,3285.0,2604,101082,85544040.0,3286.0,2,3285.0,3
rb1805,20170727,20170726,210735000,3285.0,2604,101082,85544040.0,3286.0,2,3285.0,3
rb1805,20170727,20170726,210735500,3285.0,2606,101082,85609740.0,3286.0,2,3285.0,2
rb1805,20170727,20170726,210736500,3285.0,2608,101082,85675440.0,3286.0,2,3285.0,1
rb1805,20170727,20170726,210737000,3285.0,2608,101082,85675440.0,3286.0,2,3285.0,1
rb1805,20170727,20170726,210738000,3285.0,2610,101082,85741140.0,3286.0,2,3285.0,1
rb1805,20170727,20170726,210738500,3285.0,2610,101082,85741140.0,3286.0,3,3285.0,4
rb1805,20170727,20170726,210739000,3285.0,2610,101082,85741140.0,3286.0,3,3285.0,5
rb1805,20170727,20170726,210739500,3286.0,2616,101080,85938300.0,3287.0,8,3286.0,2
rb1805,20170727,20170726,210740000,3285.0,2618,101080,86004000.0,3287.0,9,3285.0,4
rb1805,20170727,20170726,210740500,3285.0,2618,101080,86004000.0,3287.0,8,3285.0,7
rb1805,20170727,20170726,210741000,3285.0,2618,101080,86004000.0,3286.0,10,3285.0,4
rb1805,20170727,20170726,210741500,3285.0,2620,101080,86069700.0,3286.0,10,3285.0,3
rb1805,20170727,20170726,210742500,3285.0,2622,101080,86135400.0,3286.0,10,3285.0,2
rb1805,20170727,20170726,210743000,3285.0,2622,101080,86135400.0,3286.0,10,3285.0,2
rb1805,20170727,20170726,210743500,3285.0,2622,101080,86135400.0,3286.0,10,3285.0,5
rb1805,20170727,20170726,210744000,3285.0,2624,101078,86201100.0,3286.0,10,3285.0,4
rb1805,20170727,20170726,210746000,3285.0,2624,101078,86201100.0,3286.0,10,3285.0,4
rb1805,20170727,20170726,210747500,3286.0,2630,101084,86398260.0,3286.0,7,3285.0,4
rb1805,20170727,20170726,210748000,3286.0,2630,101084,86398260.0,3286.0,7,3285.0,6
rb1805,20170727,20170726,210749000,3286.0,2644,101084,86858300.0,3287.0,8,3285.0,6
rb1805,20170727,20170726,210749500,3286.0,2644,101084,86858300.0,3287.0,3,3285.0,6
rb1805,20170727,20170726,210750000,3286.0,2644,101084,86858300.0,3287.0,3,3285.0,6
rb1805,20170727,20170726,210750500,3286.0,2644,101084,86858300.0,3287.0,3,3285.0,6
rb1805,20170727,20170726,210751000,3287.0,2646,101084,86924040.0,3287.0,2,3286.0,2
rb1805,20170727,20170726,210751500,3288.0,2654,101080,87187040.0,3289.0,27,3288.0,1
rb1805,20170727,20170726,210752000,3288.0,2656,101078,87252800.0,3288.0,2,3286.0,6
rb1805,20170727,20170726,210752500,3288.0,2662,101078,87450080.0,3288.0,2,3287.0,2
rb1805,20170727,20170726,210753000,3287.0,2666,101074,87581560.0,3288.0,2,3286.0,4
rb1805,20170727,20170726,210753500,3286.0,2678,101066,87975920.0,3286.0,16,3285.0,1
rb1805,20170727,20170726,210754000,3286.0,2696,101056,88567400.0,3286.0,7,3285.0,5
rb1805,20170727,20170726,210754500,3286.0,2700,101052,88698840.0,3286.0,5,3285.0,4
rb1805,20170727,20170726,210755000,3286.0,2704,101048,88830280.0,3286.0,3,3285.0,2
rb1805,20170727,20170726,210755500,3285.0,2706,101048,88895980.0,3286.0,8,3282.0,21
rb1805,20170727,20170726,210756000,3285.0,2706,101048,88895980.0,3286.0,8,3283.0,5
rb1805,20170727,20170726,210756500,3285.0,2706,101048,88895980.0,3286.0,8,3283.0,5
rb1805,20170727,20170726,210757000,3285.0,2706,101048,88895980.0,3286.0,8,3283.0,6
rb1805,20170727,20170726,210757500,3285.0,2706,101048,88895980.0,3285.0,2,3283.0,6
rb1805,20170727,20170726,210758500,3285.0,2706,101048,88895980.0,3285.0,2,3283.0,4
rb1805,20170727,20170726,210800500,3285.0,2706,101048,88895980.0,3285.0,2,3283.0,5
rb1805,20170727,20170726,210801500,3285.0,2706,101048,88895980.0,3285.0,3,3283.0,9
rb1805,20170727,20170726,210802000,3285.0,2706,101048,88895980.0,3285.0,3,3283.0,12
rb1805,20170727,20170726,210803000,3285.0,2706,101048,88895980.0,3285.0,3,3284.0,1
rb1805,20170727,20170726,210803500,3285.0,2706,101048,88895980.0,3285.0,3,3284.0,1
rb1805,20170727,20170726,210804000,3285.0,2706,101048,88895980.0,3285.0,3,3284.0,5
rb1805,20170727,20170726,210805500,3285.0,2706,101048,88895980.0,3285.0,4,3284.0,5
rb1805,20170727,20170726,210806000,3286.0,2728,101048,89618820.0,3286.0,2,3285.0,4
rb1805,20170727,20170726,210806500,3286.0,2730,101048,89684540.0,3288.0,7,3287.0,3
rb1805,20170727,20170726,210807000,3287.0,2734,101050,89816020.0,3288.0,7,3287.0,1
rb1805,20170727,20170726,210807500,3287.0,2736,101052,89881760.0,3287.0,1,3285.0,3
rb1805,20170727,20170726,210808000,3287.0,2736,101052,89881760.0,3288.0,7,3285.0,3
rb1805,20170727,20170726,210808500,3287.0,2736,101052,89881760.0,3288.0,12,3285.0,8
rb1805,20170727,20170726,210810000,3287.0,2736,101052,89881760.0,3287.0,1,3285.0,8
rb1805,20170727,20170726,210810500,3287.0,2736,101052,89881760.0,3287.0,2,3285.0,8
rb1805,20170727,20170726,210813500,3287.0,2736,101052,89881760.0,3287.0,2,3285.0,11
rb1805,20170727,20170726,210814000,3287.0,2736,101052,89881760.0,3287.0,2,3286.0,3
rb1805,20170727,20170726,210814500,3286.0,2738,101054,89947480.0,3287.0,3,3286.0,7
rb1805,20170727,20170726,210815500,3286.0,2738,101054,89947480.0,3287.0,3,3286.0,7
rb1805,20170727,20170726,210816000,3286.0,2738,101054,89947480.0,3287.0,3,3286.0,7
rb1805,20170727,20170726,210816500,3286.0,2742,101058,90078920.0,3287.0,3,3286.0,5
rb1805,20170727,20170726,210817000,3286.0,2742,101058,90078920.0,3287.0,6,3286.0,5
rb1805,20170727,20170726,210818000,3286.0,2742,101058,90078920.0,3287.0,7,3286.0,5
rb1805,20170727,20170726,210818500,3286.0,2742,101058,90078920.0,3287.0,7,3286.0,5
rb1805,20170727,20170726,210819000,3288.0,2770,101060,90999420.0,3288.0,4,3287.0,1
rb1805,20170727,20170726,210819500,3287.0,2792,101060,91722820.0,3289.0,16,3286.0,5
rb1805,20170727,20170726,210820000,3286.0,2802,101054,92051480.0,3287.0,2,3286.0,3
rb1805,20170727,20170726,210820500,3289.0,2816,101054,92511800.0,3289.0,16,3287.0,2
rb1805,20170727,20170726,210821000,3289.0,2820,101058,92643360.0,3289.0,12,3288.0,1
rb1805,20170727,20170726,210821500,3288.0,2822,101058,92709120.0,3289.0,12,3287.0,6
rb1805,20170727,20170726,210822000,3287.0,2824,101058,92774860.0,3289.0,12,3287.0,5
rb1805,20170727,20170726,210822500,3287.0,2824,101058,92774860.0,3289.0,12,3288.0,1
rb1805,20170727,20170726,210823000,3289.0,2830,101062,92972200.0,3289.0,9,3288.0,4
rb1805,20170727,20170726,210823500,3290.0,2872,101076,94353820.0,3290.0,8,3288.0,5
rb1805,20170727,20170726,210824000,3288.0,2874,101076,94419580.0,3290.0,8,3288.0,4
rb1805,20170727,20170726,210824500,3288.0,2878,101076,94551100.0,3290.0,8,3288.0,1
rb1805,20170727,20170726,210825000,3288.0,2880,101076,94616860.0,3288.0,3,3287.0,5
rb1805,20170727,20170726,210825500,3288.0,2894,101084,95077180.0,3289.0,1,3288.0,4
rb1805,20170727,20170726,210826000,3290.0,2902,101086,95340340.0,3290.0,6,3288.0,5
rb1805,20170727,20170726,210826500,3288.0,2910,101088,95603400.0,3290.0,6,3288.0,9
rb1805,20170727,20170726,210827000,3291.0,2938,101088,96524460.0,3292.0,1,3291.0,1
rb1805,20170727,20170726,210827500,3287.0,2960,101102,97248340.0,3289.0,1,3288.0,2
rb1805,20170727,20170726,210828000,3292.0,2972,101098,97643280.0,3292.0,2,3291.0,1
rb1805,20170727,20170726,210828500,3291.0,2976,101102,97774920.0,3293.0,2,3289.0,1
rb1805,20170727,20170726,210829000,3289.0,2982,101102,97972260.0,3290.0,5,3289.0,2
rb1805,20170727,20170726,210829500,3288.0,2994,101104,98366820.0,3288.0,1,3287.0,1
rb1805,20170727,20170726,210830000,3284.0,3012,101102,98958180.0,3289.0,2,3283.0,7
rb1805,20170727,20170726,210830500,3287.0,3018,101102,99155400.0,3287.0,2,3286.0,5
rb1805,20170727,20170726,210831000,3289.0,3028,101104,99484200.0,3289.0,7,3287.0,3
rb1805,20170727,20170726,210831500,3287.0,3040,101104,99878760.0,3289.0,3,3287.0,1
rb1805,20170727,20170726,210832000,3287.0,3040,101104,99878760.0,3285.0,4,3284.0,1
rb1805,20170727,20170726,210832500,3285.0,3048,101096,100141560.0,3287.0,3,3284.0,2
rb1805,20170727,20170726,210833000,3287.0,3050,101098,100207300.0,3287.0,7,3286.0,1
rb1805,20170727,20170726,210833500,3286.0,3052,101096,100273020.0,3286.0,4,3285.0,2
rb1805,20170727,20170726,210834000,3285.0,3056,101096,100404420.0,3286.0,2,3284.0,2
rb1805,20170727,20170726,210834500,3285.0,3056,101096,100404420.0,3286.0,2,3284.0,2
rb1805,20170727,20170726,210835000,3285.0,3056,101096,100404420.0,3286.0,2,3284.0,2
rb1805,20170727,20170726,210835500,3285.0,3056,101096,100404420.0,3286.0,2,3284.0,2
rb1805,20170727,20170726,210836000,3284.0,3060,101096,100535780.0,3284.0,2,3283.0,9
rb1805,20170727,20170726,210836500,3283.0,3076,101102,101061260.0,3286.0,2,3283.0,7
rb1805,20170727,20170726,210837000,3283.0,3076,101102,101061260.0,3285.0,4,3283.0,7
rb1805,20170727,20170726,210837500,3283.0,3076,101102,101061260.0,3285.0,3,3283.0,7
rb1805,20170727,20170726,210838000,3283.0,3076,101102,101061260.0,3285.0,7,3284.0,3
rb1805,20170727,20170726,210838500,3284.0,3086,101092,101389660.0,3284.0,3,3283.0,7
rb1805,20170727,20170726,210839000,3284.0,3086,101092,101389660.0,3285.0,2,3283.0,7
rb1805,20170727,20170726,210840000,3284.0,3086,101092,101389660.0,3285.0,2,3283.0,8
rb1805,20170727,20170726,210840500,3283.0,3090,101096,101520980.0,3285.0,2,3283.0,6
rb1805,20170727,20170726,210841000,3283.0,3094,101100,101652300.0,3285.0,2,3283.0,4
rb1805,20170727,20170726,210841500,3283.0,3094,101100,101652300.0,3285.0,2,3283.0,4
rb1805,20170727,20170726,210842000,3283.0,3094,101100,101652300.0,3285.0,2,3283.0,4
rb1805,20170727,20170726,210842500,3283.0,3094,101100,101652300.0,3285.0,2,3283.0,4
rb1805,20170727,20170726,210843000,3283.0,3094,101100,101652300.0,3285.0,2,3283.0,5
rb1805,20170727,20170726,210843500,3283.0,3094,101100,101652300.0,3285.0,2,3283.0,4
rb1805,20170727,20170726,210844000,3283.0,3094,101100,101652300.0,3285.0,2,3283.0,5
rb1805,20170727,20170726,210844500,3283.0,3094,101100,101652300.0,3285.0,2,3283.0,5
rb1805,20170727,20170726,210845500,3283.0,3094,101100,101652300.0,3284.0,8,3283.0,5
rb1805,20170727,20170726,210846000,3284.0,3108,101100,102112060.0,3284.0,1,3283.0,5
rb1805,20170727,20170726,210846500,3286.0,3126,101110,102703460.0,3286.0,1,3283.0,9
rb1805,20170727,20170726,210847000,3284.0,3132,101114,102900540.0,3286.0,6,3283.0,9
rb1805,20170727,20170726,210847500,3284.0,3132,101114,102900540.0,3285.0,3,3283.0,7
rb1805,20170727,20170726,210848000,3284.0,3132,101114,102900540.0,3285.0,2,3283.0,7
rb1805,20170727,20170726,210848500,3284.0,3132,101114,102900540.0,3285.0,2,3284.0,1
rb1805,20170727,20170726,210849000,3284.0,3132,101114,102900540.0,3285.0,2,3284.0,1
rb1805,20170727,20170726,210849500,3284.0,3132,101114,102900540.0,3285.0,2,3284.0,1
rb1805,20170727,20170726,210850000,3284.0,3132,101114,102900540.0,3285.0,3,3284.0,1
rb1805,20170727,20170726,210850500,3285.0,3134,101114,102966240.0,3285.0,2,3284.0,1
rb1805,20170727,20170726,210851000,3285.0,3138,101110,103097640.0,3286.0,13,3284.0,1
rb1805,20170727,20170726,210851500,3284.0,3140,101108,103163320.0,3284.0,1,3283.0,9
rb1805,20170727,20170726,210852000,3284.0,3140,101108,103163320.0,3286.0,16,3283.0,8
rb1805,20170727,20170726,210852500,3284.0,3140,101108,103163320.0,3285.0,3,3284.0,1
rb1805,20170727,20170726,210853000,3283.0,3148,101112,103425980.0,3284.0,2,3283.0,7
rb1805,20170727,20170726,210853500,3283.0,3148,101112,103425980.0,3285.0,3,3283.0,7
rb1805,20170727,20170726,210854000,3283.0,3148,101112,103425980.0,3285.0,8,3283.0,7
rb1805,20170727,20170726,210854500,3283.0,3154,101114,103622960.0,3285.0,14,3283.0,4
rb1805,20170727,20170726,210855000,3283.0,3160,101112,103819940.0,3285.0,14,3283.0,4
rb1805,20170727,20170726,210855500,3283.0,3160,101112,103819940.0,3285.0,12,3283.0,4
rb1805,20170727,20170726,210856000,3283.0,3160,101112,103819940.0,3284.0,7,3283.0,5
rb1805,20170727,20170726,210856500,3283.0,3160,101112,103819940.0,3284.0,7,3283.0,5
rb1805,20170727,20170726,210857000,3283.0,3170,101116,104148240.0,3283.0,4,3282.0,3
rb1805,20170727,20170726,210857500,3284.0,3178,101116,104410960.0,3284.0,3,3282.0,2
rb1805,20170727,20170726,210858000,3284.0,3184,101116,104608000.0,3285.0,12,3284.0,1
rb1805,20170727,20170726,210858500,3284.0,3186,101118,104673680.0,3284.0,2,3282.0,5
rb1805,20170727,20170726,210859000,3284.0,3186,101118,104673680.0,3285.0,7,3283.0,6
rb1805,20170727,20170726,210859500,3284.0,3186,101118,104673680.0,3285.0,7,3283.0,8
rb1805,20170727,20170726,210900500,3284.0,3186,101118,104673680.0,3285.0,7,3283.0,8
rb1805,20170727,20170726,210901000,3285.0,3190,101118,104805080.0,3285.0,5,3283.0,8
rb1805,20170727,20170726,210902000,3285.0,3190,101118,104805080.0,3285.0,5,3283.0,8
rb1805,20170727,20170726,210902500,3285.0,3190,101118,104805080.0,3285.0,15,3283.0,8
rb1805,20170727,20170726,210903000,3285.0,3190,101118,104805080.0,3285.0,17,3283.0,8
rb1805,20170727,20170726,210903500,3285.0,3194,101120,104936480.0,3285.0,20,3283.0,8
rb1805,20170727,20170726,210904000,3285.0,3194,101120,104936480.0,3285.0,20,3283.0,9
rb1805,20170727,20170726,210905500,3285.0,3194,101120,104936480.0,3285.0,20,3283.0,10
rb1805,20170727,20170726,210906000,3285.0,3194,101120,104936480.0,3284.0,3,3283.0,10
rb1805,20170727,20170726,210906500,3285.0,3194,101120,104936480.0,3284.0,3,3283.0,10
rb1805,20170727,20170726,210908000,3283.0,3214,101106,105593080.0,3283.0,10,3282.0,6
rb1805,20170727,20170726,210908500,3283.0,3214,101106,105593080.0,3283.0,10,3282.0,5
rb1805,20170727,20170726,210909000,3283.0,3216,101106,105658740.0,3283.0,14,3282.0,5
rb1805,20170727,20170726,210910000,3283.0,3216,101106,105658740.0,3283.0,14,3282.0,5
rb1805,20170727,20170726,210910500,3282.0,3226,101108,105986940.0,3283.0,14,3281.0,1
rb1805,20170727,20170726,210911000,3283.0,3228,101106,106052600.0,3283.0,13,3282.0,1
rb1805,20170727,20170726,210912000,3283.0,3230,101104,106118260.0,3283.0,12,3282.0,1
rb1805,20170727,20170726,210912500,3283.0,3240,101096,106446560.0,3283.0,11,3281.0,2
rb1805,20170727,20170726,210913000,3283.0,3240,101096,106446560.0,3283.0,11,3281.0,1
rb1805,20170727,20170726,210913500,3283.0,3240,101096,106446560.0,3283.0,6,3281.0,1
rb1805,20170727,20170726,210914500,3283.0,3242,101096,106512220.0,3283.0,5,3282.0,1
rb1805,20170727,20170726,210915000,3283.0,3242,101096,106512220.0,3283.0,5,3281.0,3
rb1805,20170727,20170726,210915500,3283.0,3242,101096,106512220.0,3283.0,5,3281.0,2
rb1805,20170727,20170726,210916000,3283.0,3242,101096,106512220.0,3283.0,5,3281.0,1
rb1805,20170727,20170726,210916500,3283.0,3242,101096,106512220.0,3283.0,5,3281.0,1
rb1805,20170727,20170726,210917000,3283.0,3242,101096,106512220.0,3283.0,5,3281.0,1
rb1805,20170727,20170726,210917500,3283.0,3242,101096,106512220.0,3283.0,5,3281.0,1
rb1805,20170727,20170726,210918000,3283.0,3256,101096,106971840.0,3283.0,5,3281.0,1
rb1805,20170727,20170726,210920000,3283.0,3256,101096,106971840.0,3283.0,5,3281.0,1
rb1805,20170727,20170726,210921000,3283.0,3266,101086,107300140.0,3284.0,3,3283.0,4
rb1805,20170727,20170726,210921500,3283.0,3268,101086,107365800.0,3284.0,4,3283.0,3
rb1805,20170727,20170726,210922000,3283.0,3268,101086,107365800.0,3284.0,3,3283.0,3
rb1805,20170727,20170726,210922500,3283.0,3270,101084,107431460.0,3284.0,3,3283.0,2
rb1805,20170727,20170726,210923000,3283.0,3270,101084,107431460.0,3284.0,3,3283.0,2
rb1805,20170727,20170726,210923500,3283.0,3270,101084,107431460.0,3284.0,3,3283.0,2
rb1805,20170727,20170726,210924000,3283.0,3272,101082,107497120.0,3284.0,3,3283.0,1
rb1805,20170727,20170726,210924500,3283.0,3274,101080,107562780.0,3283.0,1,3281.0,2
rb1805,20170727,20170726,210925000,3283.0,3276,101080,107628440.0,3284.0,3,3281.0,3
rb1805,20170727,20170726,210925500,3284.0,3278,101080,107694120.0,3284.0,7,3281.0,3
rb1805,20170727,20170726,210926000,3284.0,3278,101080,107694120.0,3284.0,7,3281.0,3
rb1805,20170727,20170726,210927000,3284.0,3278,101080,107694120.0,3284.0,7,3281.0,3
rb1805,20170727,20170726,210927500,3284.0,3278,101080,107694120.0,3284.0,7,3282.0,2
rb1805,20170727,20170726,210928500,3284.0,3278,101080,107694120.0,3284.0,2,3282.0,3
rb1805,20170727,20170726,210929000,3284.0,3278,101080,107694120.0,3284.0,2,3282.0,3
rb1805,20170727,20170726,210929500,3285.0,3286,101080,107956880.0,3285.0,19,3284.0,2
rb1805,20170727,20170726,210930000,3285.0,3290,101082,108088280.0,3285.0,12,3282.0,5
rb1805,20170727,20170726,210930500,3285.0,3290,101082,108088280.0,3285.0,17,3283.0,1
rb1805,20170727,20170726,210932500,3285.0,3290,101082,108088280.0,3285.0,17,3283.0,1
rb1805,20170727,20170726,210933000,3285.0,3290,101082,108088280.0,3285.0,17,3283.0,2
rb1805,20170727,20170726,210934000,3285.0,3290,101082,108088280.0,3285.0,17,3283.0,2
rb1805,20170727,20170726,210934500,3285.0,3290,101082,108088280.0,3285.0,17,3284.0,1
rb1805,20170727,20170726,210935000,3284.0,3292,101084,108153960.0,3285.0,17,3282.0,3
rb1805,20170727,20170726,210935500,3284.0,3292,101084,108153960.0,3285.0,17,3283.0,1
rb1805,20170727,20170726,210936000,3284.0,3292,101084,108153960.0,3285.0,17,3283.0,1
rb1805,20170727,20170726,210936500,3286.0,3332,101086,109468000.0,3286.0,13,3283.0,1
rb1805,20170727,20170726,210937000,3286.0,3332,101086,109468000.0,3286.0,13,3283.0,6
rb1805,20170727,20170726,210937500,3286.0,3332,101086,109468000.0,3286.0,13,3283.0,11
rb1805,20170727,20170726,210938000,3286.0,3332,101086,109468000.0,3286.0,13,3283.0,12
rb1805,20170727,20170726,210938500,3286.0,3332,101086,109468000.0,3286.0,19,3284.0,1
rb1805,20170727,20170726,210939000,3284.0,3336,101090,109599360.0,3285.0,2,3284.0,2
rb1805,20170727,20170726,210939500,3284.0,3340,101094,109730720.0,3285.0,2,3283.0,5
rb1805,20170727,20170726,210940000,3285.0,3342,101096,109796420.0,3285.0,3,3283.0,5
rb1805,20170727,20170726,210940500,3285.0,3342,101096,109796420.0,3285.0,3,3283.0,5
rb1805,20170727,20170726,210941000,3285.0,3342,101096,109796420.0,3285.0,3,3283.0,5
rb1805,20170727,20170726,210941500,3285.0,3342,101096,109796420.0,3285.0,4,3283.0,5
rb1805,20170727,20170726,210942000,3285.0,3342,101096,109796420.0,3285.0,7,3283.0,5
rb1805,20170727,20170726,210942500,3285.0,3342,101096,109796420.0,3285.0,7,3283.0,5
rb1805,20170727,20170726,210943500,3285.0,3342,101096,109796420.0,3285.0,10,3283.0,6
rb1805,20170727,20170726,210944000,3285.0,3342,101096,109796420.0,3285.0,7,3283.0,6
rb1805,20170727,20170726,210944500,3285.0,3342,101096,109796420.0,3285.0,7,3283.0,6
rb1805,20170727,20170726,210945000,3285.0,3342,101096,109796420.0,3285.0,10,3283.0,6
rb1805,20170727,20170726,210945500,3285.0,3342,101096,109796420.0,3285.0,6,3283.0,6
rb1805,20170727,20170726,210946000,3285.0,3342,101096,109796420.0,3285.0,9,3283.0,6
rb1805,20170727,20170726,210946500,3285.0,3342,101096,109796420.0,3285.0,9,3283.0,6
rb1805,20170727,20170726,210947000,3285.0,3342,101096,109796420.0,3285.0,9,3283.0,6
rb1805,20170727,20170726,210947500,3285.0,3342,101096,109796420.0,3284.0,6,3283.0,6
rb1805,20170727,20170726,210948000,3285.0,3342,101096,109796420.0,3285.0,4,3283.0,6
rb1805,20170727,20170726,210948500,3285.0,3342,101096,109796420.0,3284.0,5,3283.0,6
rb1805,20170727,20170726,210949000,3286.0,3352,101096,110124940.0,3286.0,15,3283.0,6
rb1805,20170727,20170726,210949500,3286.0,3362,101096,110453540.0,3286.0,18,3283.0,11
rb1805,20170727,20170726,210950000,3286.0,3362,101096,110453540.0,3285.0,3,3284.0,2
rb1805,20170727,20170726,210950500,3286.0,3362,101096,110453540.0,3285.0,3,3284.0,2
rb1805,20170727,20170726,210951000,3286.0,3368,101096,110650700.0,3286.0,13,3284.0,2
rb1805,20170727,20170726,210951500,3286.0,3370,101096,110716420.0,3285.0,1,3284.0,2
rb1805,20170727,20170726,210952000,3284.0,3372,101096,110782100.0,3286.0,13,3284.0,1
rb1805,20170727,20170726,210952500,3284.0,3372,101096,110782100.0,3286.0,14,3284.0,1
rb1805,20170727,20170726,210953000,3284.0,3372,101096,110782100.0,3286.0,14,3284.0,2
rb1805,20170727,20170726,210953500,3284.0,3372,101096,110782100.0,3286.0,19,3284.0,2
rb1805,20170727,20170726,210954000,3284.0,3372,101096,110782100.0,3286.0,19,3285.0,1
rb1805,20170727,20170726,210954500,3285.0,3374,101096,110847800.0,3286.0,19,3284.0,1
rb1805,20170727,20170726,210955500,3285.0,3374,101096,110847800.0,3286.0,19,3284.0,7
rb1805,20170727,20170726,210956000,3285.0,3374,101096,110847800.0,3286.0,10,3284.0,7
rb1805,20170727,20170726,210956500,3285.0,3374,101096,110847800.0,3286.0,10,3284.0,7
rb1805,20170727,20170726,210957000,3285.0,3374,101096,110847800.0,3286.0,10,3284.0,8
rb1805,20170727,20170726,210958000,3285.0,3374,101096,110847800.0,3286.0,10,3284.0,8
rb1805,20170727,20170726,210958500,3285.0,3374,101096,110847800.0,3286.0,10,3284.0,7
rb1805,20170727,20170726,210959000,3285.0,3374,101096,110847800.0,3286.0,10,3284.0,7
rb1805,20170727,20170726,210959500,3285.0,3374,101096,110847800.0,3286.0,10,3284.0,7
rb1805,20170727,20170726,211000500,3285.0,3374,101096,110847800.0,3286.0,10,3284.0,7
rb1805,20170727,20170726,211001000,3285.0,3374,101096,110847800.0,3286.0,10,3285.0,2
rb1805,20170727,20170726,211001500,3285.0,3374,101096,110847800.0,3286.0,10,3285.0,2
rb1805,20170727,20170726,211002000,3285.0,3374,101096,110847800.0,3286.0,10,3285.0,2
rb1805,20170727,20170726,211002500,3285.0,3374,101096,110847800.0,3286.0,10,3285.0,2
rb1805,20170727,20170726,211003000,3285.0,3374,101096,110847800.0,3286.0,10,3285.0,2
rb1805,20170727,20170726,211004000,3285.0,3374,101096,110847800.0,3286.0,10,3285.0,2
rb1805,20170727,20170726,211004500,3285.0,3374,101096,110847800.0,3286.0,10,3285.0,2
rb1805,20170727,20170726,211005500,3285.0,3374,101096,110847800.0,3286.0,15,3285.0,2
rb1805,20170727,20170726,211006000,3285.0,3374,101096,110847800.0,3286.0,15,3285.0,2
rb1805,20170727,20170726,211006500,3285.0,3374,101096,110847800.0,3286.0,19,3285.0,2
rb1805,20170727,20170726,211007000,3285.0,3374,101096,110847800.0,3286.0,16,3285.0,2
rb1805,20170727,20170726,211008000,3285.0,3374,101096,110847800.0,3286.0,16,3285.0,2
rb1805,20170727,20170726,211008500,3285.0,3374,101096,110847800.0,3286.0,10,3285.0,2
rb1805,20170727,20170726,211009000,3286.0,3376,101096,110913520.0,3286.0,14,3285.0,2
rb1805,20170727,20170726,211010000,3286.0,3392,101100,111439280.0,3286.0,6,3285.0,7
rb1805,20170727,20170726,211010500,3286.0,3392,101100,111439280.0,3286.0,1,3285.0,7
rb1805,20170727,20170726,211011000,3286.0,3394,101098,111505000.0,3287.0,7,3286.0,3
rb1805,20170727,20170726,211011500,3286.0,3394,101098,111505000.0,3287.0,12,3285.0,8
rb1805,20170727,20170726,211014000,3286.0,3394,101098,111505000.0,3287.0,7,3286.0,1
rb1805,20170727,20170726,211014500,3286.0,3394,101098,111505000.0,3287.0,7,3286.0,1
rb1805,20170727,20170726,211016000,3286.0,3394,101098,111505000.0,3287.0,7,3286.0,6
rb1805,20170727,20170726,211016500,3287.0,3408,101088,111965180.0,3288.0,7,3287.0,5
rb1805,20170727,20170726,211017000,3287.0,3408,101088,111965180.0,3288.0,7,3286.0,8
rb1805,20170727,20170726,211017500,3287.0,3408,101088,111965180.0,3288.0,7,3286.0,8
rb1805,20170727,20170726,211018000,3287.0,3408,101088,111965180.0,3288.0,7,3286.0,8
rb1805,20170727,20170726,211020000,3287.0,3408,101088,111965180.0,3288.0,7,3286.0,7
rb1805,20170727,20170726,211020500,3287.0,3408,101088,111965180.0,3288.0,7,3286.0,7
rb1805,20170727,20170726,211021000,3288.0,3410,101088,112030940.0,3288.0,6,3287.0,1
rb1805,20170727,20170726,211021500,3286.0,3412,101090,112096660.0,3288.0,6,3286.0,7
rb1805,20170727,20170726,211022000,3286.0,3412,101090,112096660.0,3288.0,6,3286.0,7
rb1805,20170727,20170726,211022500,3286.0,3412,101090,112096660.0,3288.0,6,3286.0,10
rb1805,20170727,20170726,211024000,3286.0,3412,101090,112096660.0,3288.0,7,3287.0,1
rb1805,20170727,20170726,211024500,3286.0,3412,101090,112096660.0,3288.0,7,3287.0,1
rb1805,20170727,20170726,211025000,3286.0,3412,101090,112096660.0,3288.0,7,3287.0,1
rb1805,20170727,20170726,211025500,3286.0,3412,101090,112096660.0,3288.0,7,3287.0,1
rb1805,20170727,20170726,211027500,3286.0,3412,101090,112096660.0,3288.0,7,3287.0,1
rb1805,20170727,20170726,211028000,3286.0,3412,101090,112096660.0,3288.0,7,3287.0,5
rb1805,20170727,20170726,211028500,3286.0,3412,101090,112096660.0,3288.0,7,3287.0,5
rb1805,20170727,20170726,211029000,3287.0,3428,101080,112622720.0,3289.0,4,3287.0,5
rb1805,20170727,20170726,211029500,3287.0,3428,101080,112622720.0,3289.0,4,3287.0,5
rb1805,20170727,20170726,211030500,3287.0,3428,101080,112622720.0,3289.0,4,3287.0,7
rb1805,20170727,20170726,211032000,3287.0,3428,101080,112622720.0,3289.0,4,3287.0,6
rb1805,20170727,20170726,211032500,3287.0,3428,101080,112622720.0,3289.0,4,3288.0,1
rb1805,20170727,20170726,211033000,3287.0,3428,101080,112622720.0,3289.0,4,3287.0,4
rb1805,20170727,20170726,211033500,3287.0,3428,101080,112622720.0,3289.0,4,3288.0,1
rb1805,20170727,20170726,211034000,3287.0,3428,101080,112622720.0,3289.0,4,3288.0,6
rb1805,20170727,20170726,211034500,3287.0,3428,101080,112622720.0,3289.0,4,3288.0,6
rb1805,20170727,20170726,211035000,3287.0,3428,101080,112622720.0,3289.0,4,3288.0,5
rb1805,20170727,20170726,211035500,3288.0,3430,101080,112688480.0,3289.0,4,3288.0,5
rb1805,20170727,20170726,211037000,3288.0,3432,101080,112754240.0,3289.0,4,3288.0,4
rb1805,20170727,20170726,211038500,3288.0,3434,101078,112820000.0,3289.0,4,3288.0,3
rb1805,20170727,20170726,211039000,3288.0,3434,101078,112820000.0,3289.0,4,3288.0,1
rb1805,20170727,20170726,211039500,3288.0,3440,101076,113017280.0,3288.0,1,3287.0,5
rb1805,20170727,20170726,211040000,3288.0,3440,101076,113017280.0,3288.0,5,3287.0,2
rb1805,20170727,20170726,211040500,3288.0,3440,101076,113017280.0,3288.0,5,3286.0,11
rb1805,20170727,20170726,211041000,3288.0,3440,101076,113017280.0,3288.0,10,3286.0,6
rb1805,20170727,20170726,211043000,3288.0,3440,101076,113017280.0,3288.0,10,3286.0,6
rb1805,20170727,20170726,211044000,3288.0,3440,101076,113017280.0,3288.0,10,3286.0,5
rb1805,20170727,20170726,211044500,3288.0,3440,101076,113017280.0,3288.0,10,3286.0,5
rb1805,20170727,20170726,211045000,3288.0,3440,101076,113017280.0,3288.0,5,3286.0,12
rb1805,20170727,20170726,211045500,3288.0,3440,101076,113017280.0,3289.0,4,3286.0,13
rb1805,20170727,20170726,211046000,3288.0,3440,101076,113017280.0,3289.0,14,3286.0,13
rb1805,20170727,20170726,211046500,3288.0,3440,101076,113017280.0,3288.0,1,3286.0,13
rb1805,20170727,20170726,211047000,3288.0,3440,101076,113017280.0,3288.0,1,3286.0,13
rb1805,20170727,20170726,211047500,3288.0,3440,101076,113017280.0,3288.0,6,3286.0,17
rb1805,20170727,20170726,211048500,3288.0,3450,101078,113346080.0,3288.0,1,3286.0,17
rb1805,20170727,20170726,211049000,3288.0,3450,101078,113346080.0,3288.0,1,3286.0,17
rb1805,20170727,20170726,211049500,3288.0,3450,101078,113346080.0,3288.0,1,3286.0,13
rb1805,20170727,20170726,211050000,3288.0,3452,101078,113411840.0,3289.0,11,3288.0,12
rb1805,20170727,20170726,211050500,3288.0,3454,101078,113477600.0,3289.0,14,3288.0,13
rb1805,20170727,20170726,211051000,3288.0,3460,101080,113674880.0,3289.0,14,3288.0,8
rb1805,20170727,20170726,211051500,3288.0,3468,101088,113937920.0,3289.0,14,3288.0,6
rb1805,20170727,20170726,211052000,3288.0,3468,101088,113937920.0,3289.0,14,3288.0,4
rb1805,20170727,20170726,211052500,3288.0,3468,101088,113937920.0,3289.0,15,3288.0,6
rb1805,20170727,20170726,211053000,3288.0,3468,101088,113937920.0,3289.0,15,3288.0,4
rb1805,20170727,20170726,211053500,3288.0,3468,101088,113937920.0,3289.0,10,3288.0,4
rb1805,20170727,20170726,211054000,3288.0,3468,101088,113937920.0,3289.0,5,3288.0,6
rb1805,20170727,20170726,211054500,3288.0,3468,101088,113937920.0,3289.0,5,3288.0,4
rb1805,20170727,20170726,211055000,3289.0,3470,101088,114003700.0,3289.0,4,3288.0,4
rb1805,20170727,20170726,211056500,3289.0,3470,101088,114003700.0,3289.0,4,3288.0,4
rb1805,20170727,20170726,211057500,3289.0,3470,101088,114003700.0,3289.0,4,3288.0,5
rb1805,20170727,20170726,211059000,3289.0,3470,101088,114003700.0,3289.0,8,3288.0,5
rb1805,20170727,20170726,211059500,3289.0,3470,101088,114003700.0,3289.0,8,3288.0,5
rb1805,20170727,20170726,211100000,3289.0,3470,101088,114003700.0,3289.0,9,3288.0,5
rb1805,20170727,20170726,211100500,3289.0,3470,101088,114003700.0,3289.0,9,3288.0,5
rb1805,20170727,20170726,211101000,3288.0,3478,101088,114266760.0,3289.0,8,3288.0,2
rb1805,20170727,20170726,211101500,3288.0,3478,101088,114266760.0,3289.0,8,3288.0,2
rb1805,20170727,20170726,211102500,3291.0,3494,101096,114793080.0,3291.0,1,3290.0,1
rb1805,20170727,20170726,211103000,3290.0,3510,101106,115319480.0,3290.0,5,3288.0,8
rb1805,20170727,20170726,211103500,3290.0,3510,101106,115319480.0,3290.0,12,3288.0,2
rb1805,20170727,20170726,211104000,3288.0,3530,101096,115977080.0,3290.0,8,3288.0,2
rb1805,20170727,20170726,211104500,3288.0,3530,101096,115977080.0,3290.0,3,3288.0,6
rb1805,20170727,20170726,211105000,3288.0,3530,101096,115977080.0,3290.0,8,3288.0,6
rb1805,20170727,20170726,211105500,3288.0,3530,101096,115977080.0,3291.0,1,3288.0,8
rb1805,20170727,20170726,211106000,3291.0,3546,101096,116503640.0,3291.0,8,3288.0,7
rb1805,20170727,20170726,211106500,3291.0,3546,101096,116503640.0,3291.0,11,3288.0,10
rb1805,20170727,20170726,211107000,3291.0,3546,101096,116503640.0,3291.0,11,3288.0,12
rb1805,20170727,20170726,211107500,3291.0,3546,101096,116503640.0,3291.0,11,3288.0,10
rb1805,20170727,20170726,211108000,3291.0,3546,101096,116503640.0,3290.0,7,3288.0,9
rb1805,20170727,20170726,211108500,3291.0,3546,101096,116503640.0,3290.0,7,3288.0,11
rb1805,20170727,20170726,211109000,3291.0,3548,101094,116569460.0,3290.0,7,3288.0,2
rb1805,20170727,20170726,211109500,3291.0,3548,101094,116569460.0,3290.0,8,3288.0,5
rb1805,20170727,20170726,211110000,3290.0,3550,101094,116635260.0,3290.0,12,3288.0,5
rb1805,20170727,20170726,211110500,3290.0,3550,101094,116635260.0,3290.0,9,3288.0,9
rb1805,20170727,20170726,211111000,3290.0,3550,101094,116635260.0,3290.0,10,3288.0,9
rb1805,20170727,20170726,211111500,3290.0,3550,101094,116635260.0,3289.0,5,3288.0,9
rb1805,20170727,20170726,211112000,3290.0,3550,101094,116635260.0,3289.0,5,3288.0,3
rb1805,20170727,20170726,211112500,3290.0,3570,101102,117293160.0,3291.0,14,3290.0,4
rb1805,20170727,20170726,211113000,3290.0,3570,101102,117293160.0,3291.0,10,3290.0,9
rb1805,20170727,20170726,211113500,3290.0,3570,101102,117293160.0,3291.0,10,3290.0,9
rb1805,20170727,20170726,211114000,3290.0,3570,101102,117293160.0,3291.0,10,3290.0,9
rb1805,20170727,20170726,211114500,3290.0,3576,101108,117490560.0,3291.0,10,3290.0,6
rb1805,20170727,20170726,211115000,3290.0,3576,101108,117490560.0,3291.0,10,3290.0,6
rb1805,20170727,20170726,211115500,3290.0,3588,101120,117885360.0,3291.0,10,3288.0,7
rb1805,20170727,20170726,211116000,3290.0,3588,101120,117885360.0,3290.0,5,3288.0,12
rb1805,20170727,20170726,211116500,3290.0,3588,101120,117885360.0,3290.0,5,3288.0,5
rb1805,20170727,20170726,211118000,3290.0,3588,101120,117885360.0,3290.0,5,3288.0,5
rb1805,20170727,20170726,211118500,3290.0,3598,101124,118214360.0,3291.0,12,3288.0,6
rb1805,20170727,20170726,211119000,3291.0,3600,101124,118280180.0,3291.0,11,3290.0,1
rb1805,20170727,20170726,211119500,3290.0,3602,101124,118345980.0,3290.0,1,3288.0,11
rb1805,20170727,20170726,211120000,3290.0,3602,101124,118345980.0,3290.0,4,3288.0,5
rb1805,20170727,20170726,211121000,3290.0,3604,101124,118411780.0,3291.0,8,3288.0,9
rb1805,20170727,20170726,211121500,3290.0,3604,101124,118411780.0,3290.0,3,3288.0,5
rb1805,20170727,20170726,211122000,3290.0,3604,101124,118411780.0,3290.0,3,3288.0,8
rb1805,20170727,20170726,211123500,3290.0,3606,101124,118477580.0,3290.0,2,3288.0,8
rb1805,20170727,20170726,211125000,3290.0,3608,101124,118543380.0,3290.0,1,3288.0,8
rb1805,20170727,20170726,211125500,3290.0,3608,101124,118543380.0,3290.0,1,3288.0,8
rb1805,20170727,20170726,211126000,3290.0,3608,101124,118543380.0,3289.0,4,3288.0,3
rb1805,20170727,20170726,211126500,3287.0,3626,101132,119135340.0,3289.0,2,3287.0,1
rb1805,20170727,20170726,211127000,3289.0,3628,101130,119201120.0,3291.0,9,3290.0,4
rb1805,20170727,20170726,211127500,3290.0,3634,101132,119398520.0,3291.0,8,3290.0,1
rb1805,20170727,20170726,211128000,3290.0,3636,101132,119464320.0,3290.0,1,3288.0,6
rb1805,20170727,20170726,211128500,3290.0,3636,101132,119464320.0,3290.0,1,3288.0,6
rb1805,20170727,20170726,211129000,3290.0,3636,101132,119464320.0,3290.0,1,3288.0,6
rb1805,20170727,20170726,211129500,3290.0,3636,101132,119464320.0,3290.0,2,3288.0,6
rb1805,20170727,20170726,211130000,3290.0,3636,101132,119464320.0,3290.0,2,3288.0,2
rb1805,20170727,20170726,211130500,3290.0,3636,101132,119464320.0,3290.0,2,3288.0,2
rb1805,20170727,20170726,211131500,3290.0,3636,101132,119464320.0,3290.0,3,3288.0,2
rb1805,20170727,20170726,211132000,3290.0,3636,101132,119464320.0,3290.0,2,3288.0,2
rb1805,20170727,20170726,211132500,3290.0,3638,101132,119530120.0,3290.0,1,3288.0,2
rb1805,20170727,20170726,211134000,3290.0,3638,101132,119530120.0,3290.0,2,3288.0,2
rb1805,20170727,20170726,211135500,3290.0,3638,101132,119530120.0,3290.0,2,3288.0,2
rb1805,20170727,20170726,211137500,3290.0,3640,101132,119595920.0,3290.0,1,3287.0,6
rb1805,20170727,20170726,211138000,3290.0,3642,101134,119661720.0,3291.0,10,3288.0,2
rb1805,20170727,20170726,211138500,3290.0,3642,101134,119661720.0,3291.0,13,3289.0,1
rb1805,20170727,20170726,211139000,3290.0,3642,101134,119661720.0,3291.0,12,3289.0,1
rb1805,20170727,20170726,211139500,3290.0,3642,101134,119661720.0,3291.0,12,3289.0,1
rb1805,20170727,20170726,211140500,3290.0,3642,101134,119661720.0,3291.0,12,3289.0,1
rb1805,20170727,20170726,211141000,3290.0,3642,101134,119661720.0,3291.0,12,3288.0,12
rb1805,20170727,20170726,211141500,3290.0,3642,101134,119661720.0,3291.0,12,3290.0,1
rb1805,20170727,20170726,211142000,3290.0,3644,101132,119727520.0,3290.0,2,3289.0,1
rb1805,20170727,20170726,211142500,3290.0,3644,101132,119727520.0,3290.0,2,3289.0,1
rb1805,20170727,20170726,211143500,3290.0,3644,101132,119727520.0,3290.0,2,3289.0,1
rb1805,20170727,20170726,211145000,3290.0,3644,101132,119727520.0,3290.0,2,3289.0,1
rb1805,20170727,20170726,211146000,3290.0,3644,101132,119727520.0,3290.0,2,3288.0,12
rb1805,20170727,20170726,211146500,3290.0,3644,101132,119727520.0,3290.0,2,3288.0,12
rb1805,20170727,20170726,211147500,3290.0,3644,101132,119727520.0,3290.0,2,3288.0,12
rb1805,20170727,20170726,211148000,3290.0,3644,101132,119727520.0,3290.0,2,3288.0,11
rb1805,20170727,20170726,211148500,3290.0,3644,101132,119727520.0,3290.0,2,3288.0,11
rb1805,20170727,20170726,211149000,3290.0,3644,101132,119727520.0,3290.0,2,3289.0,1
rb1805,20170727,20170726,211149500,3290.0,3644,101132,119727520.0,3290.0,2,3289.0,1
rb1805,20170727,20170726,211152000,3290.0,3644,101132,119727520.0,3290.0,2,3289.0,1
rb1805,20170727,20170726,211153500,3290.0,3644,101132,119727520.0,3290.0,2,3289.0,2
rb1805,20170727,20170726,211156500,3290.0,3646,101130,119793320.0,3290.0,1,3289.0,1
rb1805,20170727,20170726,211157000,3290.0,3646,101130,119793320.0,3290.0,1,3289.0,1
rb1805,20170727,20170726,211157500,3290.0,3648,101130,119859120.0,3291.0,10,3289.0,1
rb1805,20170727,20170726,211158000,3290.0,3650,101128,119924920.0,3290.0,11,3289.0,1
rb1805,20170727,20170726,211158500,3290.0,3650,101128,119924920.0,3290.0,11,3289.0,1
rb1805,20170727,20170726,211200000,3290.0,3652,101128,119990720.0,3290.0,10,3289.0,1
rb1805,20170727,20170726,211200500,3290.0,3652,101128,119990720.0,3290.0,10,3289.0,1
rb1805,20170727,20170726,211201000,3289.0,3654,101130,120056500.0,3290.0,10,3288.0,11
rb1805,20170727,20170726,211201500,3289.0,3654,101130,120056500.0,3289.0,20,3288.0,11
rb1805,20170727,20170726,211202000,3289.0,3656,101130,120122280.0,3289.0,19,3288.0,2
rb1805,20170727,20170726,211203000,3289.0,3658,101130,120188060.0,3289.0,18,3288.0,3
rb1805,20170727,20170726,211204000,3289.0,3660,101130,120253840.0,3289.0,17,3288.0,3
rb1805,20170727,20170726,211205000,3289.0,3660,101130,120253840.0,3289.0,17,3288.0,3
rb1805,20170727,20170726,211206000,3289.0,3660,101130,120253840.0,3289.0,17,3288.0,3
rb1805,20170727,20170726,211209000,3289.0,3662,101130,120319620.0,3289.0,16,3288.0,3
rb1805,20170727,20170726,211209500,3289.0,3662,101130,120319620.0,3289.0,16,3288.0,5
rb1805,20170727,20170726,211210000,3289.0,3662,101130,120319620.0,3289.0,16,3288.0,5
rb1805,20170727,20170726,211210500,3288.0,3664,101130,120385380.0,3289.0,16,3288.0,4
rb1805,20170727,20170726,211211000,3289.0,3668,101130,120516920.0,3289.0,15,3288.0,3
rb1805,20170727,20170726,211211500,3289.0,3668,101130,120516920.0,3289.0,15,3288.0,3
rb1805,20170727,20170726,211212000,3288.0,3674,101130,120714220.0,3289.0,14,3288.0,2
rb1805,20170727,20170726,211213000,3289.0,3676,101130,120780000.0,3289.0,13,3288.0,2
rb1805,20170727,20170726,211213500,3289.0,3676,101130,120780000.0,3289.0,13,3288.0,2
rb1805,20170727,20170726,211214000,3289.0,3678,101130,120845780.0,3289.0,12,3288.0,2
rb1805,20170727,20170726,211214500,3289.0,3680,101130,120911560.0,3289.0,11,3288.0,2
rb1805,20170727,20170726,211215000,3289.0,3682,101130,120977340.0,3289.0,10,3288.0,2
rb1805,20170727,20170726,211215500,3289.0,3684,101128,121043120.0,3289.0,9,3288.0,1
