instrument,tradingday,calendarday,time,lastp,volume,openinterest,turnover,ask1,asksz1,bid1,bidsz1
rb1805,20170717,20170714,183356500,3228.0,0,87534,0.0,0.0,0,0.0,0
rb1805,20170717,20170714,205900500,3220.0,34,87536,1094800.0,3230.0,1,3220.0,1
rb1805,20170717,20170714,210000500,3220.0,34,87536,1094800.0,3223.0,2,3220.0,6
rb1805,20170717,20170714,210001000,3220.0,46,87532,1481200.0,3223.0,6,3215.0,1
rb1805,20170717,20170714,210001500,3225.0,52,87536,1674660.0,3225.0,38,3216.0,1
rb1805,20170717,20170714,210002000,3225.0,52,87536,1674660.0,3223.0,5,3216.0,1
rb1805,20170717,20170714,210002500,3225.0,52,87536,1674660.0,3225.0,40,3216.0,1
rb1805,20170717,20170714,210003000,3225.0,52,87536,1674660.0,3225.0,44,3216.0,1
rb1805,20170717,20170714,210003500,3216.0,54,87536,1738980.0,3216.0,24,3215.0,2
rb1805,20170717,20170714,210004000,3213.0,90,87506,2896560.0,3214.0,3,3212.0,2
rb1805,20170717,20170714,210004500,3216.0,140,87528,4503880.0,3216.0,5,3212.0,5
rb1805,20170717,20170714,210005000,3216.0,150,87528,4825480.0,3222.0,1,3212.0,5
rb1805,20170717,20170714,210005500,3222.0,158,87530,5082880.0,3225.0,38,3215.0,1
rb1805,20170717,20170714,210006000,3215.0,162,87528,5211500.0,3215.0,17,3212.0,5
rb1805,20170717,20170714,210006500,3215.0,196,87528,6304600.0,3224.0,1,3214.0,3
rb1805,20170717,20170714,210007000,3218.0,198,87528,6368960.0,3224.0,1,3215.0,1
rb1805,20170717,20170714,210007500,3218.0,198,87528,6368960.0,3223.0,1,3216.0,1
rb1805,20170717,20170714,210008000,3223.0,200,87530,6433420.0,3224.0,1,3216.0,2
rb1805,20170717,20170714,210008500,3216.0,206,87526,6626380.0,3216.0,1,3213.0,25
rb1805,20170717,20170714,210009000,3216.0,208,87526,6690700.0,3221.0,20,3214.0,6
rb1805,20170717,20170714,210009500,3216.0,208,87526,6690700.0,3221.0,20,3216.0,1
rb1805,20170717,20170714,210010000,3216.0,212,87524,6819340.0,3216.0,18,3214.0,1
rb1805,20170717,20170714,210010500,3216.0,250,87524,8041420.0,3224.0,1,3216.0,4
rb1805,20170717,20170714,210011000,3224.0,254,87522,8170380.0,3225.0,58,3217.0,1
rb1805,20170717,20170714,210011500,3224.0,254,87522,8170380.0,3224.0,1,3218.0,1
rb1805,20170717,20170714,210012000,3224.0,254,87522,8170380.0,3224.0,1,3218.0,1
rb1805,20170717,20170714,210012500,3224.0,254,87522,8170380.0,3224.0,1,3218.0,1
rb1805,20170717,20170714,210013000,3218.0,256,87522,8234740.0,3218.0,1,3217.0,1
rb1805,20170717,20170714,210013500,3218.0,258,87522,8299100.0,3224.0,1,3218.0,1
rb1805,20170717,20170714,210014000,3218.0,258,87522,8299100.0,3224.0,1,3218.0,1
rb1805,20170717,20170714,210014500,3224.0,260,87524,8363580.0,3223.0,1,3218.0,1
rb1805,20170717,20170714,210015000,3218.0,262,87524,8427940.0,3225.0,58,3218.0,1
rb1805,20170717,20170714,210015500,3224.0,264,87522,8492420.0,3225.0,58,3218.0,1
rb1805,20170717,20170714,210016000,3224.0,264,87522,8492420.0,3225.0,58,3218.0,1
rb1805,20170717,20170714,210016500,3225.0,266,87520,8556920.0,3225.0,57,3218.0,1
rb1805,20170717,20170714,210017500,3225.0,266,87520,8556920.0,3225.0,57,3218.0,2
rb1805,20170717,20170714,210018000,3225.0,266,87520,8556920.0,3225.0,57,3218.0,2
rb1805,20170717,20170714,210018500,3225.0,266,87520,8556920.0,3225.0,57,3218.0,2
rb1805,20170717,20170714,210019000,3225.0,266,87520,8556920.0,3225.0,58,3218.0,2
rb1805,20170717,20170714,210019500,3225.0,266,87520,8556920.0,3225.0,58,3219.0,1
rb1805,20170717,20170714,210020000,3225.0,266,87520,8556920.0,3225.0,58,3219.0,1
rb1805,20170717,20170714,210020500,3225.0,266,87520,8556920.0,3225.0,58,3219.0,1
rb1805,20170717,20170714,210021000,3225.0,266,87520,8556920.0,3225.0,58,3219.0,2
rb1805,20170717,20170714,210021500,3225.0,266,87520,8556920.0,3225.0,58,3220.0,2
rb1805,20170717,20170714,210022000,3225.0,266,87520,8556920.0,3225.0,38,3220.0,2
rb1805,20170717,20170714,210022500,3225.0,268,87520,8621420.0,3225.0,37,3220.0,2
rb1805,20170717,20170714,210023000,3225.0,270,87518,8685920.0,3225.0,36,3220.0,2
rb1805,20170717,20170714,210023500,3225.0,270,87518,8685920.0,3225.0,36,3220.0,2
rb1805,20170717,20170714,210024500,3225.0,270,87518,8685920.0,3225.0,36,3220.0,2
rb1805,20170717,20170714,210025000,3225.0,272,87518,8750420.0,3225.0,35,3220.0,2
rb1805,20170717,20170714,210026000,3225.0,272,87518,8750420.0,3225.0,35,3221.0,1
rb1805,20170717,20170714,210026500,3225.0,272,87518,8750420.0,3225.0,35,3221.0,1
rb1805,20170717,20170714,210027000,3225.0,272,87518,8750420.0,3225.0,35,3221.0,2
rb1805,20170717,20170714,210028000,3225.0,272,87518,8750420.0,3225.0,35,3221.0,2
rb1805,20170717,20170714,210028500,3225.0,272,87518,8750420.0,3225.0,35,3221.0,2
rb1805,20170717,20170714,210029000,3225.0,272,87518,8750420.0,3225.0,35,3222.0,1
rb1805,20170717,20170714,210029500,3225.0,272,87518,8750420.0,3224.0,1,3222.0,1
rb1805,20170717,20170714,210030000,3225.0,272,87518,8750420.0,3224.0,1,3222.0,1
rb1805,20170717,20170714,210031000,3225.0,272,87518,8750420.0,3224.0,1,3221.0,2
rb1805,20170717,20170714,210031500,3225.0,272,87518,8750420.0,3225.0,35,3222.0,1
rb1805,20170717,20170714,210032000,3225.0,272,87518,8750420.0,3224.0,1,3221.0,3
rb1805,20170717,20170714,210032500,3225.0,272,87518,8750420.0,3225.0,35,3224.0,1
rb1805,20170717,20170714,210033000,3224.0,274,87520,8814900.0,3224.0,2,3222.0,1
rb1805,20170717,20170714,210033500,3225.0,276,87520,8879400.0,3225.0,34,3222.0,1
rb1805,20170717,20170714,210034000,3225.0,278,87518,8943900.0,3225.0,33,3224.0,1
rb1805,20170717,20170714,210034500,3224.0,280,87518,9008380.0,3224.0,2,3223.0,1
rb1805,20170717,20170714,210035000,3224.0,280,87518,9008380.0,3225.0,33,3222.0,2
rb1805,20170717,20170714,210035500,3224.0,280,87518,9008380.0,3225.0,33,3223.0,1
rb1805,20170717,20170714,210036000,3224.0,280,87518,9008380.0,3225.0,33,3223.0,1
rb1805,20170717,20170714,210038000,3224.0,280,87518,9008380.0,3225.0,33,3223.0,1
rb1805,20170717,20170714,210038500,3224.0,280,87518,9008380.0,3225.0,33,3223.0,1
rb1805,20170717,20170714,210039000,3224.0,280,87518,9008380.0,3225.0,33,3223.0,1
rb1805,20170717,20170714,210039500,3224.0,280,87518,9008380.0,3225.0,33,3223.0,1
rb1805,20170717,20170714,210040000,3223.0,282,87518,9072840.0,3223.0,2,3222.0,2
rb1805,20170717,20170714,210040500,3223.0,284,87520,9137300.0,3225.0,34,3223.0,1
rb1805,20170717,20170714,210041000,3225.0,286,87520,9201800.0,3225.0,33,3223.0,11
rb1805,20170717,20170714,210043000,3225.0,286,87520,9201800.0,3225.0,33,3223.0,11
rb1805,20170717,20170714,210043500,3225.0,286,87520,9201800.0,3225.0,33,3223.0,11
rb1805,20170717,20170714,210044000,3225.0,352,87516,11330300.0,3228.0,1,3225.0,9
rb1805,20170717,20170714,210044500,3225.0,352,87516,11330300.0,3227.0,1,3225.0,9
rb1805,20170717,20170714,210045000,3225.0,352,87516,11330300.0,3227.0,1,3225.0,9
rb1805,20170717,20170714,210047000,3225.0,352,87516,11330300.0,3227.0,1,3225.0,10
rb1805,20170717,20170714,210047500,3225.0,352,87516,11330300.0,3227.0,1,3225.0,9
rb1805,20170717,20170714,210048000,3225.0,352,87516,11330300.0,3227.0,1,3225.0,9
rb1805,20170717,20170714,210048500,3225.0,352,87516,11330300.0,3227.0,1,3225.0,9
rb1805,20170717,20170714,210049500,3227.0,354,87518,11394840.0,3226.0,1,3225.0,9
rb1805,20170717,20170714,210050000,3225.0,358,87518,11523860.0,3228.0,1,3227.0,1
rb1805,20170717,20170714,210050500,3227.0,362,87520,11652940.0,3228.0,1,3227.0,1
rb1805,20170717,20170714,210051000,3227.0,364,87520,11717480.0,3228.0,1,3227.0,1
rb1805,20170717,20170714,210051500,3228.0,368,87520,11846580.0,3230.0,1,3225.0,8
rb1805,20170717,20170714,210052000,3228.0,368,87520,11846580.0,3230.0,2,3225.0,13
rb1805,20170717,20170714,210052500,3228.0,368,87520,11846580.0,3230.0,2,3225.0,15
rb1805,20170717,20170714,210053000,3228.0,368,87520,11846580.0,3230.0,2,3225.0,15
rb1805,20170717,20170714,210053500,3230.0,370,87522,11911180.0,3230.0,1,3225.0,15
rb1805,20170717,20170714,210054000,3225.0,378,87526,12169280.0,3233.0,20,3225.0,12
rb1805,20170717,20170714,210054500,3233.0,400,87544,12880380.0,3233.0,6,3225.0,12
rb1805,20170717,20170714,210055000,3236.0,410,87542,13203720.0,3232.0,1,3226.0,9
rb1805,20170717,20170714,210055500,3226.0,424,87530,13655360.0,3232.0,1,3226.0,3
rb1805,20170717,20170714,210056000,3226.0,424,87530,13655360.0,3232.0,1,3226.0,3
rb1805,20170717,20170714,210056500,3226.0,424,87530,13655360.0,3232.0,1,3226.0,3
rb1805,20170717,20170714,210057000,3226.0,424,87530,13655360.0,3232.0,1,3226.0,3
rb1805,20170717,20170714,210057500,3226.0,424,87530,13655360.0,3232.0,1,3226.0,3
rb1805,20170717,20170714,210058000,3226.0,424,87530,13655360.0,3232.0,1,3226.0,3
rb1805,20170717,20170714,210100000,3226.0,424,87530,13655360.0,3232.0,1,3226.0,3
rb1805,20170717,20170714,210100500,3226.0,424,87530,13655360.0,3232.0,1,3226.0,3
rb1805,20170717,20170714,210101000,3232.0,426,87532,13720000.0,3233.0,1,3227.0,1
rb1805,20170717,20170714,210101500,3232.0,426,87532,13720000.0,3233.0,6,3228.0,10
rb1805,20170717,20170714,210102000,3232.0,426,87532,13720000.0,3233.0,6,3229.0,3
rb1805,20170717,20170714,210102500,3229.0,428,87530,13784580.0,3233.0,6,3229.0,7
rb1805,20170717,20170714,210104000,3229.0,442,87528,14236640.0,3229.0,1,3228.0,15
rb1805,20170717,20170714,210104500,3228.0,448,87528,14430340.0,3233.0,6,3228.0,13
rb1805,20170717,20170714,210105000,3228.0,448,87528,14430340.0,3232.0,2,3228.0,13
rb1805,20170717,20170714,210105500,3228.0,448,87528,14430340.0,3232.0,7,3228.0,13
rb1805,20170717,20170714,210106000,3228.0,448,87528,14430340.0,3232.0,7,3228.0,13
rb1805,20170717,20170714,210106500,3228.0,448,87528,14430340.0,3232.0,7,3228.0,13
rb1805,20170717,20170714,210107000,3228.0,448,87528,14430340.0,3232.0,7,3228.0,13
rb1805,20170717,20170714,210107500,3228.0,448,87528,14430340.0,3232.0,8,3228.0,13
rb1805,20170717,20170714,210108000,3228.0,448,87528,14430340.0,3232.0,3,3228.0,13
rb1805,20170717,20170714,210109000,3228.0,448,87528,14430340.0,3232.0,1,3228.0,13
rb1805,20170717,20170714,210109500,3228.0,448,87528,14430340.0,3232.0,1,3229.0,4
rb1805,20170717,20170714,210110000,3228.0,448,87528,14430340.0,3232.0,6,3229.0,5
rb1805,20170717,20170714,210110500,3228.0,448,87528,14430340.0,3232.0,6,3229.0,5
rb1805,20170717,20170714,210111000,3228.0,448,87528,14430340.0,3232.0,6,3229.0,3
rb1805,20170717,20170714,210111500,3228.0,448,87528,14430340.0,3232.0,6,3229.0,5
rb1805,20170717,20170714,210112000,3229.0,450,87530,14494920.0,3232.0,1,3229.0,4
rb1805,20170717,20170714,210112500,3229.0,450,87530,14494920.0,3232.0,1,3229.0,4
rb1805,20170717,20170714,210113000,3229.0,450,87530,14494920.0,3230.0,1,3229.0,5
rb1805,20170717,20170714,210113500,3230.0,452,87532,14559520.0,3232.0,2,3230.0,3
rb1805,20170717,20170714,210114000,3230.0,452,87532,14559520.0,3232.0,2,3229.0,5
rb1805,20170717,20170714,210114500,3230.0,452,87532,14559520.0,3232.0,7,3230.0,1
rb1805,20170717,20170714,210115000,3230.0,452,87532,14559520.0,3232.0,8,3230.0,1
rb1805,20170717,20170714,210115500,3230.0,452,87532,14559520.0,3232.0,8,3230.0,1
rb1805,20170717,20170714,210117000,3230.0,452,87532,14559520.0,3232.0,8,3230.0,1
rb1805,20170717,20170714,210117500,3230.0,452,87532,14559520.0,3232.0,8,3230.0,1
rb1805,20170717,20170714,210118500,3230.0,452,87532,14559520.0,3232.0,8,3230.0,1
rb1805,20170717,20170714,210119000,3230.0,452,87532,14559520.0,3232.0,8,3230.0,1
rb1805,20170717,20170714,210119500,3230.0,454,87534,14624120.0,3231.0,1,3229.0,1
rb1805,20170717,20170714,210120500,3230.0,454,87534,14624120.0,3231.0,6,3229.0,1
rb1805,20170717,20170714,210121000,3230.0,454,87534,14624120.0,3231.0,6,3230.0,1
rb1805,20170717,20170714,210121500,3231.0,470,87536,15141060.0,3232.0,8,3231.0,13
rb1805,20170717,20170714,210122000,3231.0,484,87528,15593400.0,3232.0,8,3231.0,6
rb1805,20170717,20170714,210122500,3231.0,488,87524,15722640.0,3232.0,8,3231.0,4
rb1805,20170717,20170714,210123000,3231.0,488,87524,15722640.0,3232.0,8,3231.0,4
rb1805,20170717,20170714,210123500,3231.0,488,87524,15722640.0,3232.0,8,3231.0,4
rb1805,20170717,20170714,210124000,3231.0,490,87522,15787260.0,3232.0,8,3231.0,3
rb1805,20170717,20170714,210124500,3231.0,490,87522,15787260.0,3232.0,8,3231.0,3
rb1805,20170717,20170714,210125500,3231.0,490,87522,15787260.0,3232.0,8,3231.0,3
rb1805,20170717,20170714,210126000,3231.0,490,87522,15787260.0,3232.0,2,3231.0,8
rb1805,20170717,20170714,210128000,3232.0,492,87522,15851900.0,3232.0,1,3231.0,8
rb1805,20170717,20170714,210128500,3231.0,494,87522,15916520.0,3232.0,1,3231.0,7
rb1805,20170717,20170714,210129000,3231.0,494,87522,15916520.0,3232.0,1,3231.0,2
rb1805,20170717,20170714,210129500,3232.0,496,87522,15981160.0,3233.0,6,3232.0,1
rb1805,20170717,20170714,210130000,3233.0,508,87520,16369120.0,3235.0,2,3233.0,1
rb1805,20170717,20170714,210130500,3233.0,514,87514,16563100.0,3233.0,4,3232.0,1
rb1805,20170717,20170714,210131000,3233.0,516,87512,16627760.0,3235.0,2,3233.0,1
rb1805,20170717,20170714,210131500,3232.0,522,87508,16821700.0,3233.0,7,3231.0,2
rb1805,20170717,20170714,210132000,3232.0,522,87508,16821700.0,3233.0,3,3231.0,2
rb1805,20170717,20170714,210132500,3232.0,522,87508,16821700.0,3233.0,3,3232.0,1
rb1805,20170717,20170714,210133000,3233.0,526,87504,16951020.0,3235.0,2,3233.0,1
rb1805,20170717,20170714,210133500,3233.0,526,87504,16951020.0,3235.0,2,3233.0,1
rb1805,20170717,20170714,210134000,3233.0,526,87504,16951020.0,3235.0,2,3233.0,1
rb1805,20170717,20170714,210134500,3233.0,526,87504,16951020.0,3235.0,2,3233.0,1
rb1805,20170717,20170714,210135500,3235.0,530,87500,17080420.0,3236.0,1,3235.0,18
rb1805,20170717,20170714,210136000,3235.0,570,87472,18374420.0,3234.0,1,3231.0,7
rb1805,20170717,20170714,210136500,3235.0,570,87472,18374420.0,3234.0,1,3232.0,3
rb1805,20170717,20170714,210137000,3235.0,570,87472,18374420.0,3234.0,1,3232.0,3
rb1805,20170717,20170714,210138000,3234.0,572,87472,18439100.0,3236.0,1,3232.0,3
rb1805,20170717,20170714,210138500,3234.0,572,87472,18439100.0,3236.0,4,3232.0,7
rb1805,20170717,20170714,210139500,3234.0,572,87472,18439100.0,3236.0,4,3232.0,8
rb1805,20170717,20170714,210140000,3234.0,572,87472,18439100.0,3236.0,4,3232.0,8
rb1805,20170717,20170714,210142000,3234.0,572,87472,18439100.0,3236.0,4,3232.0,8
rb1805,20170717,20170714,210142500,3234.0,572,87472,18439100.0,3236.0,1,3232.0,8
rb1805,20170717,20170714,210143500,3234.0,572,87472,18439100.0,3236.0,1,3232.0,6
rb1805,20170717,20170714,210144000,3234.0,572,87472,18439100.0,3236.0,3,3232.0,6
rb1805,20170717,20170714,210145500,3234.0,572,87472,18439100.0,3236.0,3,3232.0,6
rb1805,20170717,20170714,210146000,3234.0,572,87472,18439100.0,3236.0,3,3232.0,6
rb1805,20170717,20170714,210146500,3234.0,572,87472,18439100.0,3236.0,6,3232.0,6
rb1805,20170717,20170714,210147000,3234.0,572,87472,18439100.0,3236.0,3,3232.0,7
rb1805,20170717,20170714,210147500,3234.0,572,87472,18439100.0,3236.0,23,3232.0,7
rb1805,20170717,20170714,210148000,3234.0,572,87472,18439100.0,3236.0,24,3232.0,7
rb1805,20170717,20170714,210148500,3234.0,572,87472,18439100.0,3236.0,24,3232.0,7
rb1805,20170717,20170714,210149500,3234.0,572,87472,18439100.0,3236.0,24,3232.0,7
rb1805,20170717,20170714,210151000,3236.0,578,87476,18633260.0,3236.0,1,3232.0,7
rb1805,20170717,20170714,210151500,3236.0,578,87476,18633260.0,3235.0,1,3232.0,7
rb1805,20170717,20170714,210152000,3236.0,578,87476,18633260.0,3235.0,1,3233.0,2
rb1805,20170717,20170714,210152500,3236.0,578,87476,18633260.0,3235.0,1,3233.0,2
rb1805,20170717,20170714,210153000,3236.0,578,87476,18633260.0,3235.0,1,3234.0,1
rb1805,20170717,20170714,210153500,3236.0,578,87476,18633260.0,3235.0,1,3234.0,1
rb1805,20170717,20170714,210154000,3236.0,578,87476,18633260.0,3235.0,1,3234.0,1
rb1805,20170717,20170714,210154500,3236.0,580,87474,18697980.0,3236.0,1,3234.0,1
rb1805,20170717,20170714,210155500,3236.0,580,87474,18697980.0,3236.0,1,3234.0,1
rb1805,20170717,20170714,210156000,3234.0,582,87474,18762660.0,3234.0,2,3233.0,2
rb1805,20170717,20170714,210156500,3234.0,586,87478,18892020.0,3236.0,1,3233.0,2
rb1805,20170717,20170714,210157000,3234.0,586,87478,18892020.0,3236.0,1,3233.0,11
rb1805,20170717,20170714,210157500,3234.0,586,87478,18892020.0,3235.0,1,3233.0,11
rb1805,20170717,20170714,210158500,3234.0,586,87478,18892020.0,3235.0,1,3233.0,11
rb1805,20170717,20170714,210159000,3235.0,588,87478,18956720.0,3236.0,51,3233.0,11
rb1805,20170717,20170714,210159500,3235.0,588,87478,18956720.0,3236.0,51,3233.0,11
rb1805,20170717,20170714,210201500,3235.0,588,87478,18956720.0,3236.0,51,3233.0,11
rb1805,20170717,20170714,210202500,3235.0,588,87478,18956720.0,3236.0,51,3233.0,11
rb1805,20170717,20170714,210203000,3236.0,590,87480,19021440.0,3236.0,50,3235.0,5
rb1805,20170717,20170714,210204500,3236.0,590,87480,19021440.0,3236.0,50,3235.0,5
rb1805,20170717,20170714,210205000,3236.0,590,87480,19021440.0,3236.0,50,3235.0,35
rb1805,20170717,20170714,210205500,3236.0,590,87480,19021440.0,3236.0,50,3235.0,35
rb1805,20170717,20170714,210206000,3236.0,590,87480,19021440.0,3236.0,50,3235.0,35
rb1805,20170717,20170714,210206500,3236.0,590,87480,19021440.0,3236.0,50,3235.0,35
rb1805,20170717,20170714,210208000,3235.0,592,87480,19086140.0,3236.0,50,3235.0,34
rb1805,20170717,20170714,210209500,3235.0,594,87478,19150840.0,3236.0,50,3235.0,33
rb1805,20170717,20170714,210210000,3235.0,602,87470,19409640.0,3236.0,53,3235.0,29
rb1805,20170717,20170714,210210500,3235.0,646,87452,20833040.0,3236.0,53,3235.0,11
rb1805,20170717,20170714,210211000,3235.0,668,87460,21544740.0,3236.0,53,3233.0,8
rb1805,20170717,20170714,210211500,3235.0,668,87460,21544740.0,3236.0,53,3233.0,8
rb1805,20170717,20170714,210212000,3235.0,668,87460,21544740.0,3236.0,54,3233.0,5
rb1805,20170717,20170714,210213000,3235.0,668,87460,21544740.0,3236.0,55,3233.0,5
rb1805,20170717,20170714,210213500,3235.0,668,87460,21544740.0,3236.0,55,3233.0,5
rb1805,20170717,20170714,210214000,3235.0,668,87460,21544740.0,3235.0,1,3233.0,5
rb1805,20170717,20170714,210214500,3235.0,668,87460,21544740.0,3235.0,4,3233.0,5
rb1805,20170717,20170714,210215000,3235.0,668,87460,21544740.0,3235.0,4,3234.0,1
rb1805,20170717,20170714,210216500,3234.0,670,87460,21609420.0,3235.0,4,3233.0,5
rb1805,20170717,20170714,210217000,3234.0,670,87460,21609420.0,3235.0,4,3233.0,5
rb1805,20170717,20170714,210217500,3234.0,670,87460,21609420.0,3235.0,6,3233.0,5
rb1805,20170717,20170714,210218000,3234.0,670,87460,21609420.0,3235.0,26,3233.0,5
rb1805,20170717,20170714,210218500,3234.0,670,87460,21609420.0,3235.0,26,3232.0,8
rb1805,20170717,20170714,210219000,3234.0,670,87460,21609420.0,3235.0,28,3233.0,2
rb1805,20170717,20170714,210219500,3234.0,670,87460,21609420.0,3235.0,28,3233.0,2
rb1805,20170717,20170714,210220500,3234.0,670,87460,21609420.0,3235.0,29,3233.0,2
rb1805,20170717,20170714,210221000,3235.0,686,87474,22127020.0,3235.0,21,3233.0,2
rb1805,20170717,20170714,210221500,3233.0,690,87470,22256340.0,3233.0,2,3232.0,8
rb1805,20170717,20170714,210222000,3233.0,692,87468,22321000.0,3235.0,22,3232.0,3
rb1805,20170717,20170714,210222500,3233.0,692,87468,22321000.0,3234.0,2,3232.0,3
rb1805,20170717,20170714,210223000,3234.0,694,87470,22385680.0,3234.0,1,3232.0,3
rb1805,20170717,20170714,210225000,3234.0,694,87470,22385680.0,3234.0,1,3232.0,3
rb1805,20170717,20170714,210226000,3234.0,694,87470,22385680.0,3234.0,1,3232.0,3
rb1805,20170717,20170714,210226500,3234.0,694,87470,22385680.0,3234.0,1,3232.0,5
rb1805,20170717,20170714,210227000,3234.0,694,87470,22385680.0,3234.0,1,3232.0,5
rb1805,20170717,20170714,210227500,3234.0,696,87472,22450360.0,3234.0,1,3232.0,5
rb1805,20170717,20170714,210228000,3234.0,696,87472,22450360.0,3234.0,1,3232.0,5
rb1805,20170717,20170714,210228500,3234.0,696,87472,22450360.0,3234.0,2,3232.0,5
rb1805,20170717,20170714,210229000,3232.0,720,87458,23226120.0,3235.0,21,3231.0,8
rb1805,20170717,20170714,210229500,3232.0,720,87458,23226120.0,3235.0,26,3231.0,8
rb1805,20170717,20170714,210231000,3232.0,720,87458,23226120.0,3235.0,26,3231.0,8
rb1805,20170717,20170714,210232000,3232.0,720,87458,23226120.0,3235.0,27,3231.0,8
rb1805,20170717,20170714,210233000,3232.0,720,87458,23226120.0,3235.0,26,3231.0,9
rb1805,20170717,20170714,210233500,3232.0,720,87458,23226120.0,3235.0,28,3231.0,9
rb1805,20170717,20170714,210234500,3232.0,720,87458,23226120.0,3235.0,27,3231.0,9
rb1805,20170717,20170714,210235000,3232.0,720,87458,23226120.0,3234.0,1,3231.0,9
rb1805,20170717,20170714,210235500,3232.0,720,87458,23226120.0,3234.0,6,3232.0,2
rb1805,20170717,20170714,210236500,3232.0,720,87458,23226120.0,3234.0,6,3232.0,2
rb1805,20170717,20170714,210237500,3231.0,740,87448,23872480.0,3234.0,6,3231.0,7
rb1805,20170717,20170714,210238000,3231.0,740,87448,23872480.0,3234.0,6,3231.0,6
rb1805,20170717,20170714,210239000,3231.0,740,87448,23872480.0,3234.0,6,3232.0,30
rb1805,20170717,20170714,210239500,3231.0,740,87448,23872480.0,3234.0,6,3232.0,31
rb1805,20170717,20170714,210240500,3231.0,740,87448,23872480.0,3234.0,6,3232.0,31
rb1805,20170717,20170714,210241500,3231.0,740,87448,23872480.0,3233.0,1,3232.0,31
rb1805,20170717,20170714,210242500,3231.0,740,87448,23872480.0,3233.0,1,3232.0,32
rb1805,20170717,20170714,210243000,3233.0,742,87446,23937140.0,3234.0,6,3232.0,32
rb1805,20170717,20170714,210243500,3233.0,742,87446,23937140.0,3234.0,6,3232.0,32
rb1805,20170717,20170714,210244000,3233.0,742,87446,23937140.0,3234.0,6,3232.0,31
rb1805,20170717,20170714,210244500,3233.0,742,87446,23937140.0,3234.0,6,3232.0,31
rb1805,20170717,20170714,210245000,3233.0,742,87446,23937140.0,3234.0,6,3232.0,31
rb1805,20170717,20170714,210246000,3233.0,742,87446,23937140.0,3234.0,7,3232.0,31
rb1805,20170717,20170714,210246500,3233.0,742,87446,23937140.0,3234.0,7,3232.0,31
rb1805,20170717,20170714,210247000,3233.0,742,87446,23937140.0,3234.0,7,3232.0,31
rb1805,20170717,20170714,210248500,3233.0,742,87446,23937140.0,3234.0,9,3233.0,3
rb1805,20170717,20170714,210249000,3233.0,746,87450,24066460.0,3234.0,9,3233.0,1
rb1805,20170717,20170714,210250500,3233.0,746,87450,24066460.0,3234.0,10,3233.0,1
rb1805,20170717,20170714,210251000,3233.0,748,87452,24131120.0,3234.0,10,3232.0,31
rb1805,20170717,20170714,210257500,3233.0,748,87452,24131120.0,3234.0,10,3232.0,31
rb1805,20170717,20170714,210258000,3232.0,750,87450,24195760.0,3234.0,10,3232.0,30
rb1805,20170717,20170714,210259000,3232.0,750,87450,24195760.0,3234.0,10,3232.0,30
rb1805,20170717,20170714,210259500,3232.0,750,87450,24195760.0,3234.0,11,3232.0,30
rb1805,20170717,20170714,210300000,3232.0,750,87450,24195760.0,3234.0,10,3232.0,30
rb1805,20170717,20170714,210301500,3232.0,750,87450,24195760.0,3234.0,10,3232.0,31
rb1805,20170717,20170714,210302000,3232.0,752,87448,24260400.0,3234.0,11,3232.0,30
rb1805,20170717,20170714,210302500,3232.0,752,87448,24260400.0,3234.0,11,3233.0,1
rb1805,20170717,20170714,210303000,3232.0,756,87448,24389700.0,3233.0,4,3232.0,29
rb1805,20170717,20170714,210303500,3232.0,756,87448,24389700.0,3234.0,13,3232.0,29
rb1805,20170717,20170714,210304000,3232.0,756,87448,24389700.0,3233.0,2,3232.0,29
rb1805,20170717,20170714,210304500,3233.0,758,87450,24454360.0,3233.0,1,3232.0,29
rb1805,20170717,20170714,210305000,3233.0,758,87450,24454360.0,3233.0,1,3232.0,29
rb1805,20170717,20170714,210305500,3233.0,758,87450,24454360.0,3233.0,6,3232.0,29
rb1805,20170717,20170714,210306000,3233.0,758,87450,24454360.0,3233.0,6,3232.0,29
rb1805,20170717,20170714,210306500,3233.0,758,87450,24454360.0,3233.0,6,3232.0,29
rb1805,20170717,20170714,210307000,3232.0,796,87412,25682520.0,3233.0,9,3232.0,10
rb1805,20170717,20170714,210307500,3232.0,796,87412,25682520.0,3233.0,7,3232.0,10
rb1805,20170717,20170714,210308000,3232.0,796,87412,25682520.0,3233.0,7,3232.0,10
rb1805,20170717,20170714,210309500,3232.0,796,87412,25682520.0,3233.0,7,3232.0,10
rb1805,20170717,20170714,210310000,3232.0,800,87408,25811800.0,3233.0,12,3232.0,8
rb1805,20170717,20170714,210310500,3232.0,816,87394,26328920.0,3233.0,13,3231.0,9
rb1805,20170717,20170714,210311000,3232.0,816,87394,26328920.0,3233.0,12,3231.0,9
rb1805,20170717,20170714,210311500,3232.0,816,87394,26328920.0,3232.0,20,3231.0,9
rb1805,20170717,20170714,210312000,3232.0,816,87394,26328920.0,3232.0,20,3231.0,4
rb1805,20170717,20170714,210312500,3232.0,816,87394,26328920.0,3232.0,20,3231.0,4
rb1805,20170717,20170714,210313000,3232.0,816,87394,26328920.0,3232.0,20,3231.0,4
rb1805,20170717,20170714,210313500,3232.0,816,87394,26328920.0,3232.0,20,3231.0,4
rb1805,20170717,20170714,210314000,3232.0,816,87394,26328920.0,3232.0,20,3231.0,4
rb1805,20170717,20170714,210314500,3231.0,824,87402,26587400.0,3232.0,24,3230.0,159
rb1805,20170717,20170714,210315000,3231.0,824,87402,26587400.0,3232.0,22,3230.0,159
rb1805,20170717,20170714,210315500,3232.0,842,87402,27169160.0,3232.0,13,3230.0,159
rb1805,20170717,20170714,210316000,3232.0,842,87402,27169160.0,3232.0,13,3230.0,159
rb1805,20170717,20170714,210318000,3232.0,842,87402,27169160.0,3232.0,2,3230.0,159
rb1805,20170717,20170714,210318500,3232.0,842,87402,27169160.0,3232.0,2,3231.0,1
rb1805,20170717,20170714,210319000,3231.0,844,87402,27233780.0,3232.0,2,3231.0,1
rb1805,20170717,20170714,210319500,3231.0,844,87402,27233780.0,3233.0,7,3231.0,1
rb1805,20170717,20170714,210320500,3231.0,844,87402,27233780.0,3233.0,7,3231.0,1
rb1805,20170717,20170714,210321000,3231.0,844,87402,27233780.0,3233.0,8,3231.0,1
rb1805,20170717,20170714,210321500,3231.0,844,87402,27233780.0,3233.0,7,3231.0,1
rb1805,20170717,20170714,210324000,3231.0,844,87402,27233780.0,3233.0,9,3231.0,1
rb1805,20170717,20170714,210325000,3233.0,846,87400,27298440.0,3233.0,8,3230.0,160
rb1805,20170717,20170714,210325500,3233.0,846,87400,27298440.0,3233.0,8,3230.0,161
rb1805,20170717,20170714,210326000,3233.0,846,87400,27298440.0,3233.0,8,3230.0,161
rb1805,20170717,20170714,210326500,3233.0,846,87400,27298440.0,3233.0,8,3230.0,161
rb1805,20170717,20170714,210327000,3233.0,846,87400,27298440.0,3232.0,2,3230.0,160
rb1805,20170717,20170714,210327500,3233.0,846,87400,27298440.0,3232.0,7,3230.0,160
rb1805,20170717,20170714,210328000,3233.0,846,87400,27298440.0,3232.0,7,3230.0,160
rb1805,20170717,20170714,210328500,3233.0,846,87400,27298440.0,3232.0,8,3230.0,160
rb1805,20170717,20170714,210329500,3233.0,846,87400,27298440.0,3232.0,8,3230.0,161
rb1805,20170717,20170714,210330000,3233.0,846,87400,27298440.0,3232.0,8,3230.0,161
rb1805,20170717,20170714,210330500,3233.0,846,87400,27298440.0,3232.0,7,3230.0,161
rb1805,20170717,20170714,210332000,3233.0,846,87400,27298440.0,3232.0,9,3230.0,161
rb1805,20170717,20170714,210334500,3233.0,846,87400,27298440.0,3232.0,7,3230.0,191
rb1805,20170717,20170714,210335000,3233.0,846,87400,27298440.0,3232.0,7,3230.0,191
rb1805,20170717,20170714,210335500,3233.0,846,87400,27298440.0,3232.0,7,3230.0,191
rb1805,20170717,20170714,210336000,3232.0,852,87406,27492360.0,3232.0,2,3231.0,1
rb1805,20170717,20170714,210336500,3232.0,852,87406,27492360.0,3232.0,2,3230.0,191
rb1805,20170717,20170714,210337000,3232.0,852,87406,27492360.0,3232.0,4,3230.0,191
rb1805,20170717,20170714,210337500,3232.0,852,87406,27492360.0,3232.0,4,3230.0,195
rb1805,20170717,20170714,210338000,3232.0,852,87406,27492360.0,3232.0,2,3230.0,199
rb1805,20170717,20170714,210340000,3232.0,852,87406,27492360.0,3233.0,7,3230.0,199
rb1805,20170717,20170714,210340500,3232.0,852,87406,27492360.0,3232.0,2,3230.0,199
rb1805,20170717,20170714,210341000,3232.0,852,87406,27492360.0,3232.0,2,3230.0,199
rb1805,20170717,20170714,210342000,3232.0,852,87406,27492360.0,3232.0,2,3230.0,200
rb1805,20170717,20170714,210342500,3232.0,852,87406,27492360.0,3232.0,2,3230.0,199
rb1805,20170717,20170714,210344000,3232.0,854,87408,27557000.0,3232.0,1,3230.0,200
rb1805,20170717,20170714,210344500,3232.0,856,87408,27621640.0,3233.0,7,3232.0,1
rb1805,20170717,20170714,210345000,3232.0,856,87408,27621640.0,3233.0,3,3232.0,2
rb1805,20170717,20170714,210345500,3232.0,860,87406,27750920.0,3233.0,2,3231.0,1
rb1805,20170717,20170714,210346000,3232.0,860,87406,27750920.0,3233.0,2,3231.0,1
rb1805,20170717,20170714,210346500,3232.0,860,87406,27750920.0,3233.0,2,3232.0,1
rb1805,20170717,20170714,210347000,3232.0,860,87406,27750920.0,3233.0,2,3232.0,1
rb1805,20170717,20170714,210349500,3232.0,860,87406,27750920.0,3233.0,2,3232.0,1
rb1805,20170717,20170714,210350500,3232.0,860,87406,27750920.0,3233.0,3,3232.0,1
rb1805,20170717,20170714,210352000,3232.0,860,87406,27750920.0,3233.0,3,3232.0,3
rb1805,20170717,20170714,210353000,3232.0,860,87406,27750920.0,3233.0,5,3232.0,3
rb1805,20170717,20170714,210353500,3232.0,860,87406,27750920.0,3233.0,3,3232.0,3
rb1805,20170717,20170714,210354500,3232.0,860,87406,27750920.0,3233.0,3,3232.0,3
rb1805,20170717,20170714,210357000,3232.0,860,87406,27750920.0,3233.0,3,3232.0,3
rb1805,20170717,20170714,210357500,3232.0,860,87406,27750920.0,3233.0,3,3232.0,3
rb1805,20170717,20170714,210359000,3232.0,860,87406,27750920.0,3233.0,3,3232.0,7
rb1805,20170717,20170714,210400000,3232.0,864,87406,27880200.0,3233.0,3,3232.0,5
rb1805,20170717,20170714,210400500,3233.0,866,87404,27944860.0,3233.0,2,3232.0,5
rb1805,20170717,20170714,210401000,3233.0,870,87406,28074180.0,3234.0,9,3232.0,5
rb1805,20170717,20170714,210401500,3233.0,870,87406,28074180.0,3234.0,4,3232.0,5
rb1805,20170717,20170714,210402000,3233.0,870,87406,28074180.0,3234.0,4,3232.0,6
rb1805,20170717,20170714,210402500,3233.0,870,87406,28074180.0,3233.0,1,3232.0,5
rb1805,20170717,20170714,210403000,3233.0,870,87406,28074180.0,3233.0,1,3232.0,5
rb1805,20170717,20170714,210403500,3233.0,870,87406,28074180.0,3233.0,1,3232.0,6
rb1805,20170717,20170714,210404500,3233.0,872,87406,28138840.0,3234.0,4,3233.0,14
rb1805,20170717,20170714,210405000,3233.0,872,87406,28138840.0,3234.0,4,3233.0,15
rb1805,20170717,20170714,210405500,3233.0,872,87406,28138840.0,3234.0,4,3233.0,14
rb1805,20170717,20170714,210406000,3233.0,872,87406,28138840.0,3234.0,4,3233.0,14
rb1805,20170717,20170714,210407500,3233.0,872,87406,28138840.0,3234.0,4,3233.0,10
rb1805,20170717,20170714,210408000,3233.0,880,87406,28397480.0,3234.0,4,3233.0,6
rb1805,20170717,20170714,210408500,3233.0,880,87406,28397480.0,3234.0,4,3233.0,7
rb1805,20170717,20170714,210409500,3233.0,880,87406,28397480.0,3234.0,4,3233.0,7
rb1805,20170717,20170714,210410000,3233.0,882,87404,28462140.0,3234.0,4,3233.0,6
rb1805,20170717,20170714,210411500,3233.0,882,87404,28462140.0,3234.0,4,3233.0,10
rb1805,20170717,20170714,210413000,3234.0,884,87404,28526820.0,3234.0,3,3233.0,11
rb1805,20170717,20170714,210413500,3234.0,884,87404,28526820.0,3234.0,3,3233.0,11
rb1805,20170717,20170714,210414000,3234.0,890,87400,28720860.0,3237.0,4,3234.0,1
rb1805,20170717,20170714,210414500,3234.0,890,87400,28720860.0,3237.0,9,3234.0,4
rb1805,20170717,20170714,210416000,3234.0,890,87400,28720860.0,3237.0,9,3234.0,4
rb1805,20170717,20170714,210416500,3234.0,890,87400,28720860.0,3237.0,11,3234.0,4
rb1805,20170717,20170714,210418000,3234.0,890,87400,28720860.0,3236.0,2,3234.0,4
rb1805,20170717,20170714,210418500,3234.0,890,87400,28720860.0,3236.0,2,3234.0,4
rb1805,20170717,20170714,210419000,3236.0,896,87394,28915020.0,3236.0,2,3235.0,6
rb1805,20170717,20170714,210419500,3236.0,896,87394,28915020.0,3237.0,9,3235.0,10
rb1805,20170717,20170714,210420000,3235.0,898,87394,28979720.0,3236.0,50,3235.0,9
rb1805,20170717,20170714,210421000,3235.0,902,87394,29109120.0,3236.0,50,3235.0,3
rb1805,20170717,20170714,210422000,3235.0,906,87392,29238520.0,3236.0,50,3235.0,1
rb1805,20170717,20170714,210422500,3235.0,908,87392,29303220.0,3235.0,2,3234.0,4
rb1805,20170717,20170714,210423000,3235.0,908,87392,29303220.0,3234.0,2,3233.0,11
rb1805,20170717,20170714,210423500,3234.0,912,87392,29432580.0,3236.0,51,3234.0,3
rb1805,20170717,20170714,210424000,3234.0,912,87392,29432580.0,3236.0,51,3234.0,1
rb1805,20170717,20170714,210424500,3234.0,912,87392,29432580.0,3236.0,51,3234.0,1
rb1805,20170717,20170714,210425000,3234.0,912,87392,29432580.0,3236.0,50,3234.0,1
rb1805,20170717,20170714,210425500,3234.0,912,87392,29432580.0,3235.0,2,3234.0,1
rb1805,20170717,20170714,210426000,3234.0,912,87392,29432580.0,3235.0,2,3234.0,6
rb1805,20170717,20170714,210427000,3234.0,912,87392,29432580.0,3235.0,2,3234.0,6
rb1805,20170717,20170714,210428500,3234.0,914,87392,29497260.0,3235.0,2,3234.0,1
rb1805,20170717,20170714,210429500,3235.0,916,87392,29561960.0,3235.0,1,3234.0,1
rb1805,20170717,20170714,210430000,3235.0,916,87392,29561960.0,3235.0,1,3234.0,1
rb1805,20170717,20170714,210430500,3234.0,918,87392,29626640.0,3234.0,1,3233.0,11
rb1805,20170717,20170714,210431000,3234.0,920,87390,29691320.0,3235.0,1,3234.0,2
rb1805,20170717,20170714,210431500,3234.0,922,87390,29756000.0,3235.0,1,3234.0,1
rb1805,20170717,20170714,210432000,3234.0,922,87390,29756000.0,3235.0,1,3234.0,2
rb1805,20170717,20170714,210432500,3234.0,922,87390,29756000.0,3235.0,1,3234.0,2
rb1805,20170717,20170714,210433500,3234.0,922,87390,29756000.0,3235.0,1,3234.0,1
rb1805,20170717,20170714,210435000,3234.0,924,87390,29820680.0,3235.0,1,3233.0,11
rb1805,20170717,20170714,210435500,3234.0,924,87390,29820680.0,3235.0,1,3234.0,1
rb1805,20170717,20170714,210436000,3234.0,926,87390,29885360.0,3235.0,1,3233.0,11
rb1805,20170717,20170714,210436500,3234.0,926,87390,29885360.0,3235.0,1,3233.0,11
rb1805,20170717,20170714,210437500,3234.0,926,87390,29885360.0,3235.0,1,3233.0,11
rb1805,20170717,20170714,210438000,3235.0,928,87390,29950060.0,3236.0,50,3235.0,4
rb1805,20170717,20170714,210438500,3235.0,932,87390,30079460.0,3236.0,50,3235.0,2
rb1805,20170717,20170714,210439000,3235.0,932,87390,30079460.0,3236.0,50,3235.0,2
rb1805,20170717,20170714,210439500,3235.0,932,87390,30079460.0,3236.0,50,3235.0,2
rb1805,20170717,20170714,210440000,3235.0,932,87390,30079460.0,3236.0,50,3235.0,2
rb1805,20170717,20170714,210440500,3235.0,936,87390,30208860.0,3235.0,1,3233.0,11
rb1805,20170717,20170714,210441000,3235.0,936,87390,30208860.0,3235.0,1,3233.0,11
rb1805,20170717,20170714,210441500,3235.0,936,87390,30208860.0,3235.0,1,3233.0,11
rb1805,20170717,20170714,210443500,3235.0,938,87392,30273560.0,3236.0,50,3233.0,11
rb1805,20170717,20170714,210444500,3235.0,938,87392,30273560.0,3236.0,50,3233.0,11
rb1805,20170717,20170714,210445000,3235.0,938,87392,30273560.0,3235.0,1,3233.0,12
rb1805,20170717,20170714,210445500,3235.0,940,87390,30338260.0,3236.0,55,3233.0,12
rb1805,20170717,20170714,210446000,3235.0,940,87390,30338260.0,3236.0,50,3235.0,1
rb1805,20170717,20170714,210446500,3235.0,940,87390,30338260.0,3236.0,50,3235.0,4
rb1805,20170717,20170714,210447000,3235.0,940,87390,30338260.0,3236.0,50,3235.0,4
rb1805,20170717,20170714,210449500,3235.0,940,87390,30338260.0,3236.0,50,3235.0,4
rb1805,20170717,20170714,210450000,3236.0,944,87390,30467680.0,3236.0,49,3235.0,3
rb1805,20170717,20170714,210451000,3236.0,944,87390,30467680.0,3236.0,49,3235.0,3
rb1805,20170717,20170714,210451500,3236.0,944,87390,30467680.0,3236.0,49,3235.0,3
rb1805,20170717,20170714,210452500,3236.0,948,87392,30597120.0,3236.0,48,3235.0,3
rb1805,20170717,20170714,210453000,3236.0,948,87392,30597120.0,3236.0,48,3235.0,4
rb1805,20170717,20170714,210453500,3236.0,966,87410,31179600.0,3236.0,39,3235.0,5
rb1805,20170717,20170714,210454000,3236.0,986,87430,31826800.0,3236.0,29,3235.0,8
rb1805,20170717,20170714,210454500,3236.0,1044,87484,33703680.0,3237.0,4,3236.0,1
rb1805,20170717,20170714,210455000,3237.0,1046,87484,33768420.0,3237.0,3,3236.0,7
rb1805,20170717,20170714,210455500,3236.0,1048,87484,33833140.0,3237.0,3,3236.0,6
rb1805,20170717,20170714,210456000,3236.0,1048,87484,33833140.0,3237.0,3,3236.0,6
rb1805,20170717,20170714,210457500,3237.0,1054,87480,34027360.0,3238.0,2,3237.0,9
rb1805,20170717,20170714,210458000,3237.0,1054,87480,34027360.0,3238.0,2,3237.0,10
rb1805,20170717,20170714,210458500,3237.0,1074,87462,34674760.0,3238.0,2,3236.0,3
rb1805,20170717,20170714,210459000,3236.0,1076,87462,34739480.0,3238.0,7,3235.0,13
rb1805,20170717,20170714,210459500,3236.0,1076,87462,34739480.0,3238.0,7,3235.0,17
rb1805,20170717,20170714,210500000,3236.0,1076,87462,34739480.0,3238.0,6,3235.0,17
rb1805,20170717,20170714,210500500,3236.0,1076,87462,34739480.0,3237.0,2,3235.0,17
rb1805,20170717,20170714,210501000,3236.0,1076,87462,34739480.0,3237.0,4,3235.0,17
rb1805,20170717,20170714,210501500,3236.0,1076,87462,34739480.0,3237.0,4,3235.0,17
rb1805,20170717,20170714,210504000,3236.0,1076,87462,34739480.0,3237.0,4,3235.0,17
rb1805,20170717,20170714,210504500,3236.0,1076,87462,34739480.0,3237.0,4,3236.0,1
rb1805,20170717,20170714,210505000,3236.0,1076,87462,34739480.0,3237.0,4,3236.0,1
rb1805,20170717,20170714,210506000,3236.0,1078,87464,34804200.0,3237.0,10,3235.0,14
rb1805,20170717,20170714,210506500,3236.0,1078,87464,34804200.0,3237.0,9,3236.0,1
rb1805,20170717,20170714,210507000,3237.0,1090,87468,35192580.0,3237.0,1,3235.0,13
rb1805,20170717,20170714,210507500,3237.0,1090,87468,35192580.0,3237.0,1,3235.0,5
rb1805,20170717,20170714,210508000,3237.0,1090,87468,35192580.0,3237.0,1,3236.0,1
rb1805,20170717,20170714,210508500,3237.0,1090,87468,35192580.0,3237.0,1,3236.0,3
rb1805,20170717,20170714,210509000,3237.0,1090,87468,35192580.0,3237.0,1,3236.0,3
rb1805,20170717,20170714,210510500,3237.0,1090,87468,35192580.0,3237.0,1,3236.0,1
rb1805,20170717,20170714,210511500,3237.0,1090,87468,35192580.0,3237.0,1,3236.0,2
rb1805,20170717,20170714,210512000,3237.0,1092,87468,35257320.0,3238.0,7,3236.0,2
rb1805,20170717,20170714,210512500,3237.0,1092,87468,35257320.0,3238.0,7,3236.0,2
rb1805,20170717,20170714,210513000,3237.0,1092,87468,35257320.0,3238.0,7,3236.0,2
rb1805,20170717,20170714,210513500,3237.0,1092,87468,35257320.0,3237.0,2,3236.0,3
rb1805,20170717,20170714,210514000,3237.0,1092,87468,35257320.0,3237.0,2,3236.0,3
rb1805,20170717,20170714,210515000,3237.0,1092,87468,35257320.0,3237.0,3,3236.0,3
rb1805,20170717,20170714,210517000,3237.0,1092,87468,35257320.0,3237.0,3,3236.0,5
rb1805,20170717,20170714,210518500,3237.0,1096,87468,35386800.0,3237.0,1,3236.0,5
rb1805,20170717,20170714,210519000,3237.0,1096,87468,35386800.0,3237.0,1,3236.0,3
rb1805,20170717,20170714,210520000,3237.0,1096,87468,35386800.0,3237.0,1,3236.0,3
rb1805,20170717,20170714,210520500,3237.0,1098,87468,35451540.0,3238.0,7,3237.0,14
rb1805,20170717,20170714,210521000,3237.0,1098,87468,35451540.0,3238.0,2,3237.0,6
rb1805,20170717,20170714,210521500,3238.0,1106,87466,35710580.0,3239.0,6,3238.0,12
rb1805,20170717,20170714,210522000,3238.0,1122,87468,36228660.0,3239.0,6,3238.0,5
rb1805,20170717,20170714,210522500,3238.0,1124,87470,36293420.0,3238.0,2,3236.0,3
rb1805,20170717,20170714,210523000,3238.0,1124,87470,36293420.0,3239.0,6,3236.0,3
rb1805,20170717,20170714,210523500,3238.0,1124,87470,36293420.0,3239.0,6,3236.0,5
rb1805,20170717,20170714,210524000,3238.0,1124,87470,36293420.0,3238.0,2,3237.0,2
rb1805,20170717,20170714,210524500,3238.0,1124,87470,36293420.0,3238.0,2,3237.0,2
rb1805,20170717,20170714,210526000,3238.0,1126,87470,36358180.0,3238.0,1,3237.0,2
rb1805,20170717,20170714,210526500,3238.0,1128,87470,36422940.0,3239.0,11,3237.0,2
rb1805,20170717,20170714,210527000,3238.0,1128,87470,36422940.0,3239.0,11,3237.0,2
rb1805,20170717,20170714,210527500,3238.0,1128,87470,36422940.0,3239.0,11,3238.0,2
rb1805,20170717,20170714,210528000,3238.0,1128,87470,36422940.0,3239.0,6,3238.0,2
rb1805,20170717,20170714,210529000,3239.0,1136,87462,36682060.0,3239.0,2,3238.0,2
rb1805,20170717,20170714,210529500,3238.0,1138,87462,36746820.0,3239.0,14,3238.0,1
rb1805,20170717,20170714,210530000,3238.0,1138,87462,36746820.0,3239.0,15,3238.0,1
rb1805,20170717,20170714,210531000,3238.0,1140,87462,36811580.0,3238.0,1,3237.0,1
rb1805,20170717,20170714,210531500,3238.0,1140,87462,36811580.0,3238.0,1,3237.0,1
rb1805,20170717,20170714,210532000,3238.0,1140,87462,36811580.0,3238.0,7,3237.0,1
rb1805,20170717,20170714,210532500,3238.0,1140,87462,36811580.0,3238.0,7,3237.0,1
rb1805,20170717,20170714,210533000,3237.0,1142,87464,36876320.0,3237.0,1,3236.0,5
rb1805,20170717,20170714,210533500,3237.0,1142,87464,36876320.0,3237.0,1,3236.0,3
rb1805,20170717,20170714,210534000,3237.0,1142,87464,36876320.0,3237.0,1,3236.0,3
rb1805,20170717,20170714,210534500,3237.0,1142,87464,36876320.0,3237.0,1,3236.0,3
rb1805,20170717,20170714,210535000,3237.0,1142,87464,36876320.0,3237.0,1,3236.0,3
rb1805,20170717,20170714,210535500,3237.0,1142,87464,36876320.0,3238.0,7,3236.0,3
rb1805,20170717,20170714,210538000,3237.0,1142,87464,36876320.0,3238.0,7,3236.0,3
rb1805,20170717,20170714,210538500,3237.0,1142,87464,36876320.0,3238.0,6,3236.0,3
rb1805,20170717,20170714,210539000,3237.0,1142,87464,36876320.0,3238.0,2,3236.0,5
rb1805,20170717,20170714,210540000,3237.0,1142,87464,36876320.0,3238.0,2,3236.0,5
rb1805,20170717,20170714,210541000,3237.0,1142,87464,36876320.0,3237.0,2,3236.0,5
rb1805,20170717,20170714,210541500,3237.0,1142,87464,36876320.0,3238.0,2,3236.0,5
rb1805,20170717,20170714,210542000,3237.0,1142,87464,36876320.0,3238.0,2,3236.0,5
rb1805,20170717,20170714,210542500,3237.0,1142,87464,36876320.0,3238.0,5,3236.0,5
rb1805,20170717,20170714,210543000,3237.0,1142,87464,36876320.0,3238.0,4,3236.0,5
rb1805,20170717,20170714,210544500,3237.0,1142,87464,36876320.0,3238.0,4,3236.0,5
rb1805,20170717,20170714,210545500,3237.0,1142,87464,36876320.0,3238.0,4,3236.0,5
rb1805,20170717,20170714,210546000,3237.0,1142,87464,36876320.0,3238.0,4,3236.0,5
rb1805,20170717,20170714,210546500,3237.0,1142,87464,36876320.0,3238.0,4,3237.0,1
rb1805,20170717,20170714,210547500,3237.0,1142,87464,36876320.0,3238.0,2,3237.0,1
rb1805,20170717,20170714,210549000,3238.0,1144,87464,36941080.0,3238.0,1,3237.0,1
rb1805,20170717,20170714,210550000,3237.0,1146,87464,37005820.0,3238.0,1,3236.0,5
rb1805,20170717,20170714,210550500,3237.0,1146,87464,37005820.0,3238.0,3,3236.0,5
rb1805,20170717,20170714,210551500,3237.0,1146,87464,37005820.0,3238.0,3,3236.0,5
rb1805,20170717,20170714,210552500,3237.0,1146,87464,37005820.0,3238.0,1,3236.0,5
rb1805,20170717,20170714,210553000,3238.0,1148,87464,37070580.0,3239.0,14,3236.0,5
rb1805,20170717,20170714,210553500,3238.0,1148,87464,37070580.0,3239.0,20,3236.0,5
rb1805,20170717,20170714,210554000,3239.0,1150,87464,37135360.0,3239.0,19,3236.0,5
rb1805,20170717,20170714,210554500,3239.0,1150,87464,37135360.0,3239.0,19,3238.0,1
rb1805,20170717,20170714,210555000,3239.0,1150,87464,37135360.0,3239.0,14,3238.0,1
rb1805,20170717,20170714,210556500,3238.0,1152,87464,37200120.0,3239.0,15,3236.0,5
rb1805,20170717,20170714,210557000,3238.0,1152,87464,37200120.0,3239.0,21,3237.0,2
rb1805,20170717,20170714,210558000,3238.0,1156,87466,37329660.0,3239.0,20,3237.0,2
rb1805,20170717,20170714,210558500,3238.0,1156,87466,37329660.0,3239.0,20,3237.0,2
rb1805,20170717,20170714,210559000,3238.0,1156,87466,37329660.0,3239.0,20,3237.0,2
rb1805,20170717,20170714,210559500,3238.0,1156,87466,37329660.0,3238.0,2,3237.0,2
rb1805,20170717,20170714,210603000,3238.0,1156,87466,37329660.0,3238.0,2,3237.0,2
rb1805,20170717,20170714,210604500,3238.0,1158,87466,37394420.0,3238.0,1,3236.0,5
rb1805,20170717,20170714,210606000,3238.0,1158,87466,37394420.0,3238.0,1,3236.0,5
rb1805,20170717,20170714,210608500,3238.0,1158,87466,37394420.0,3238.0,2,3236.0,5
rb1805,20170717,20170714,210609500,3236.0,1160,87464,37459140.0,3238.0,2,3236.0,4
rb1805,20170717,20170714,210610500,3236.0,1160,87464,37459140.0,3238.0,2,3236.0,4
rb1805,20170717,20170714,210611000,3236.0,1160,87464,37459140.0,3238.0,2,3236.0,4
rb1805,20170717,20170714,210611500,3236.0,1160,87464,37459140.0,3238.0,2,3237.0,2
rb1805,20170717,20170714,210612500,3238.0,1162,87464,37523900.0,3238.0,1,3237.0,2
rb1805,20170717,20170714,210613000,3238.0,1162,87464,37523900.0,3238.0,1,3237.0,2
rb1805,20170717,20170714,210613500,3238.0,1164,87466,37588660.0,3239.0,18,3237.0,3
rb1805,20170717,20170714,210614500,3238.0,1164,87466,37588660.0,3239.0,13,3237.0,5
rb1805,20170717,20170714,210615000,3238.0,1164,87466,37588660.0,3239.0,13,3237.0,5
rb1805,20170717,20170714,210615500,3238.0,1164,87466,37588660.0,3238.0,1,3237.0,5
rb1805,20170717,20170714,210616000,3238.0,1166,87466,37653420.0,3239.0,13,3238.0,6
rb1805,20170717,20170714,210616500,3238.0,1166,87466,37653420.0,3239.0,13,3238.0,9
rb1805,20170717,20170714,210618500,3238.0,1166,87466,37653420.0,3239.0,13,3238.0,9
rb1805,20170717,20170714,210619000,3239.0,1168,87466,37718200.0,3239.0,12,3238.0,11
rb1805,20170717,20170714,210619500,3239.0,1176,87466,37977320.0,3239.0,9,3238.0,7
rb1805,20170717,20170714,210620500,3240.0,1208,87464,39013940.0,3240.0,6,3238.0,7
rb1805,20170717,20170714,210621000,3240.0,1208,87464,39013940.0,3240.0,6,3238.0,7
rb1805,20170717,20170714,210621500,3240.0,1212,87460,39143540.0,3240.0,9,3238.0,7
rb1805,20170717,20170714,210622000,3241.0,1236,87462,39921200.0,3242.0,1,3240.0,3
rb1805,20170717,20170714,210622500,3241.0,1236,87462,39921200.0,3241.0,4,3240.0,6
rb1805,20170717,20170714,210623000,3241.0,1236,87462,39921200.0,3242.0,1,3240.0,6
rb1805,20170717,20170714,210623500,3241.0,1236,87462,39921200.0,3242.0,1,3240.0,5
rb1805,20170717,20170714,210624500,3241.0,1236,87462,39921200.0,3241.0,2,3240.0,5
rb1805,20170717,20170714,210625500,3241.0,1240,87462,40050840.0,3242.0,1,3241.0,2
rb1805,20170717,20170714,210626000,3241.0,1240,87462,40050840.0,3242.0,1,3241.0,3
rb1805,20170717,20170714,210626500,3242.0,1242,87462,40115680.0,3243.0,3,3241.0,2
rb1805,20170717,20170714,210627000,3242.0,1242,87462,40115680.0,3243.0,3,3242.0,1
rb1805,20170717,20170714,210627500,3243.0,1264,87464,40829000.0,3242.0,2,3241.0,4
rb1805,20170717,20170714,210628000,3243.0,1264,87464,40829000.0,3242.0,2,3241.0,4
rb1805,20170717,20170714,210628500,3243.0,1264,87464,40829000.0,3242.0,2,3241.0,4
rb1805,20170717,20170714,210629000,3242.0,1268,87460,40958680.0,3244.0,1,3241.0,2
rb1805,20170717,20170714,210629500,3242.0,1268,87460,40958680.0,3242.0,4,3241.0,7
rb1805,20170717,20170714,210630000,3242.0,1268,87460,40958680.0,3244.0,4,3241.0,7
rb1805,20170717,20170714,210630500,3242.0,1268,87460,40958680.0,3244.0,5,3241.0,7
rb1805,20170717,20170714,210631000,3242.0,1268,87460,40958680.0,3244.0,4,3242.0,2
rb1805,20170717,20170714,210631500,3242.0,1268,87460,40958680.0,3243.0,6,3242.0,7
rb1805,20170717,20170714,210632000,3242.0,1268,87460,40958680.0,3243.0,6,3242.0,7
rb1805,20170717,20170714,210632500,3243.0,1270,87460,41023540.0,3243.0,5,3242.0,2
rb1805,20170717,20170714,210633000,3243.0,1270,87460,41023540.0,3243.0,5,3242.0,2
rb1805,20170717,20170714,210633500,3244.0,1282,87466,41412720.0,3245.0,4,3242.0,2
rb1805,20170717,20170714,210634000,3244.0,1282,87466,41412720.0,3243.0,2,3242.0,7
rb1805,20170717,20170714,210634500,3242.0,1286,87462,41542400.0,3243.0,2,3242.0,5
rb1805,20170717,20170714,210635000,3242.0,1286,87462,41542400.0,3243.0,2,3242.0,5
rb1805,20170717,20170714,210635500,3242.0,1286,87462,41542400.0,3243.0,2,3242.0,5
rb1805,20170717,20170714,210636000,3242.0,1286,87462,41542400.0,3243.0,2,3242.0,5
rb1805,20170717,20170714,210636500,3242.0,1286,87462,41542400.0,3244.0,1,3242.0,5
rb1805,20170717,20170714,210637000,3242.0,1286,87462,41542400.0,3244.0,1,3242.0,5
rb1805,20170717,20170714,210637500,3242.0,1286,87462,41542400.0,3244.0,1,3243.0,1
rb1805,20170717,20170714,210638000,3242.0,1292,87462,41736920.0,3244.0,1,3242.0,3
rb1805,20170717,20170714,210638500,3242.0,1306,87458,42190820.0,3242.0,3,3241.0,7
rb1805,20170717,20170714,210639000,3242.0,1312,87454,42385340.0,3243.0,1,3241.0,7
rb1805,20170717,20170714,210639500,3242.0,1312,87454,42385340.0,3243.0,1,3241.0,7
rb1805,20170717,20170714,210640000,3242.0,1312,87454,42385340.0,3243.0,1,3241.0,7
rb1805,20170717,20170714,210640500,3243.0,1314,87452,42450200.0,3244.0,1,3243.0,1
rb1805,20170717,20170714,210641000,3243.0,1316,87450,42515060.0,3244.0,1,3243.0,1
rb1805,20170717,20170714,210642000,3243.0,1318,87450,42579920.0,3243.0,1,3242.0,1
rb1805,20170717,20170714,210643000,3243.0,1318,87450,42579920.0,3243.0,1,3242.0,1
rb1805,20170717,20170714,210643500,3243.0,1318,87450,42579920.0,3243.0,1,3242.0,1
rb1805,20170717,20170714,210645500,3243.0,1320,87448,42644780.0,3244.0,1,3242.0,1
rb1805,20170717,20170714,210646000,3243.0,1320,87448,42644780.0,3244.0,2,3242.0,1
rb1805,20170717,20170714,210646500,3243.0,1320,87448,42644780.0,3244.0,2,3242.0,1
rb1805,20170717,20170714,210647000,3243.0,1320,87448,42644780.0,3244.0,2,3242.0,2
rb1805,20170717,20170714,210647500,3243.0,1320,87448,42644780.0,3244.0,2,3242.0,4
rb1805,20170717,20170714,210648000,3243.0,1320,87448,42644780.0,3244.0,2,3242.0,4
rb1805,20170717,20170714,210648500,3245.0,1334,87452,43098980.0,3246.0,1,3245.0,24
rb1805,20170717,20170714,210649000,3245.0,1382,87470,44656580.0,3244.0,6,3242.0,3
rb1805,20170717,20170714,210649500,3245.0,1382,87470,44656580.0,3244.0,1,3242.0,3
rb1805,20170717,20170714,210650000,3245.0,1382,87470,44656580.0,3244.0,6,3242.0,3
rb1805,20170717,20170714,210650500,3245.0,1382,87470,44656580.0,3244.0,5,3242.0,3
rb1805,20170717,20170714,210651000,3245.0,1382,87470,44656580.0,3244.0,6,3243.0,20
rb1805,20170717,20170714,210651500,3245.0,1382,87470,44656580.0,3244.0,6,3243.0,20
rb1805,20170717,20170714,210652000,3245.0,1382,87470,44656580.0,3244.0,6,3243.0,20
rb1805,20170717,20170714,210652500,3245.0,1382,87470,44656580.0,3244.0,6,3243.0,20
rb1805,20170717,20170714,210653000,3243.0,1386,87474,44786300.0,3244.0,7,3243.0,18
rb1805,20170717,20170714,210653500,3243.0,1386,87474,44786300.0,3244.0,1,3243.0,18
rb1805,20170717,20170714,210654000,3243.0,1390,87474,44916020.0,3244.0,1,3243.0,16
rb1805,20170717,20170714,210654500,3243.0,1390,87474,44916020.0,3244.0,1,3243.0,16
rb1805,20170717,20170714,210655000,3243.0,1390,87474,44916020.0,3244.0,1,3243.0,16
rb1805,20170717,20170714,210655500,3243.0,1390,87474,44916020.0,3244.0,1,3243.0,16
rb1805,20170717,20170714,210656000,3243.0,1390,87474,44916020.0,3245.0,1,3243.0,16
rb1805,20170717,20170714,210656500,3243.0,1390,87474,44916020.0,3244.0,1,3243.0,16
rb1805,20170717,20170714,210657000,3243.0,1390,87474,44916020.0,3245.0,2,3244.0,1
rb1805,20170717,20170714,210657500,3244.0,1392,87472,44980900.0,3244.0,9,3243.0,16
rb1805,20170717,20170714,210658000,3244.0,1392,87472,44980900.0,3245.0,2,3243.0,16
rb1805,20170717,20170714,210659000,3244.0,1392,87472,44980900.0,3245.0,2,3244.0,2
rb1805,20170717,20170714,210700000,3244.0,1396,87472,45110660.0,3244.0,7,3243.0,16
rb1805,20170717,20170714,210700500,3244.0,1398,87470,45175540.0,3244.0,2,3243.0,16
rb1805,20170717,20170714,210701000,3244.0,1402,87470,45305300.0,3245.0,2,3243.0,16
rb1805,20170717,20170714,210701500,3244.0,1402,87470,45305300.0,3245.0,2,3243.0,16
rb1805,20170717,20170714,210702500,3243.0,1404,87472,45370160.0,3245.0,2,3243.0,15
rb1805,20170717,20170714,210703500,3243.0,1404,87472,45370160.0,3245.0,2,3242.0,4
rb1805,20170717,20170714,210704500,3244.0,1406,87474,45435040.0,3245.0,7,3242.0,4
rb1805,20170717,20170714,210705000,3244.0,1406,87474,45435040.0,3244.0,3,3242.0,4
rb1805,20170717,20170714,210705500,3244.0,1406,87474,45435040.0,3244.0,3,3242.0,4
rb1805,20170717,20170714,210706000,3244.0,1406,87474,45435040.0,3244.0,2,3243.0,1
rb1805,20170717,20170714,210706500,3244.0,1406,87474,45435040.0,3244.0,3,3243.0,1
rb1805,20170717,20170714,210707000,3244.0,1406,87474,45435040.0,3244.0,3,3243.0,1
rb1805,20170717,20170714,210707500,3244.0,1406,87474,45435040.0,3244.0,3,3243.0,1
rb1805,20170717,20170714,210709000,3245.0,1416,87470,45759480.0,3245.0,6,3244.0,1
rb1805,20170717,20170714,210709500,3244.0,1418,87472,45824360.0,3245.0,2,3244.0,1
rb1805,20170717,20170714,210710500,3244.0,1420,87474,45889240.0,3244.0,10,3243.0,1
rb1805,20170717,20170714,210711000,3244.0,1438,87480,46473140.0,3244.0,2,3242.0,4
rb1805,20170717,20170714,210711500,3244.0,1442,87484,46602900.0,3245.0,2,3242.0,4
rb1805,20170717,20170714,210712000,3245.0,1444,87486,46667800.0,3245.0,7,3244.0,1
rb1805,20170717,20170714,210712500,3244.0,1446,87486,46732680.0,3244.0,1,3243.0,2
rb1805,20170717,20170714,210713000,3244.0,1448,87486,46797560.0,3245.0,8,3243.0,2
rb1805,20170717,20170714,210714000,3244.0,1448,87486,46797560.0,3245.0,7,3243.0,2
rb1805,20170717,20170714,210714500,3244.0,1448,87486,46797560.0,3245.0,7,3243.0,4
rb1805,20170717,20170714,210715000,3245.0,1452,87482,46927360.0,3245.0,5,3243.0,4
rb1805,20170717,20170714,210715500,3243.0,1456,87478,47057080.0,3245.0,5,3243.0,2
rb1805,20170717,20170714,210716000,3245.0,1458,87478,47121980.0,3245.0,4,3243.0,2
rb1805,20170717,20170714,210716500,3245.0,1458,87478,47121980.0,3245.0,4,3243.0,4
rb1805,20170717,20170714,210717000,3245.0,1466,87470,47381580.0,3246.0,3,3243.0,3
rb1805,20170717,20170714,210717500,3245.0,1468,87472,47446480.0,3245.0,1,3243.0,3
rb1805,20170717,20170714,210718000,3245.0,1470,87472,47511380.0,3246.0,6,3243.0,4
rb1805,20170717,20170714,210718500,3246.0,1472,87474,47576300.0,3246.0,5,3243.0,3
rb1805,20170717,20170714,210719500,3246.0,1472,87474,47576300.0,3246.0,6,3243.0,8
rb1805,20170717,20170714,210720000,3246.0,1474,87474,47641220.0,3246.0,6,3244.0,2
rb1805,20170717,20170714,210720500,3246.0,1474,87474,47641220.0,3246.0,5,3244.0,2
rb1805,20170717,20170714,210721000,3246.0,1474,87474,47641220.0,3246.0,6,3244.0,2
rb1805,20170717,20170714,210721500,3246.0,1474,87474,47641220.0,3246.0,6,3244.0,2
rb1805,20170717,20170714,210722500,3246.0,1476,87474,47706140.0,3246.0,5,3244.0,2
rb1805,20170717,20170714,210723000,3246.0,1476,87474,47706140.0,3246.0,5,3244.0,2
rb1805,20170717,20170714,210723500,3246.0,1476,87474,47706140.0,3246.0,5,3244.0,2
rb1805,20170717,20170714,210724000,3246.0,1476,87474,47706140.0,3246.0,5,3244.0,2
rb1805,20170717,20170714,210724500,3246.0,1476,87474,47706140.0,3245.0,1,3244.0,2
rb1805,20170717,20170714,210725000,3246.0,1478,87472,47771060.0,3246.0,5,3244.0,2
rb1805,20170717,20170714,210725500,3246.0,1488,87472,48095660.0,3247.0,1,3245.0,5
rb1805,20170717,20170714,210726000,3244.0,1492,87468,48225420.0,3244.0,4,3243.0,7
rb1805,20170717,20170714,210726500,3244.0,1500,87460,48484940.0,3247.0,1,3245.0,5
rb1805,20170717,20170714,210727000,3244.0,1500,87460,48484940.0,3246.0,1,3243.0,10
rb1805,20170717,20170714,210727500,3244.0,1500,87460,48484940.0,3246.0,1,3244.0,4
rb1805,20170717,20170714,210728000,3244.0,1500,87460,48484940.0,3245.0,1,3244.0,9
rb1805,20170717,20170714,210728500,3245.0,1502,87462,48549840.0,3246.0,1,3245.0,4
rb1805,20170717,20170714,210729000,3245.0,1502,87462,48549840.0,3246.0,1,3243.0,11
rb1805,20170717,20170714,210729500,3245.0,1502,87462,48549840.0,3246.0,1,3243.0,10
rb1805,20170717,20170714,210730000,3245.0,1502,87462,48549840.0,3246.0,1,3243.0,10
rb1805,20170717,20170714,210731000,3245.0,1502,87462,48549840.0,3246.0,1,3243.0,10
rb1805,20170717,20170714,210732000,3245.0,1502,87462,48549840.0,3246.0,1,3243.0,10
rb1805,20170717,20170714,210733000,3245.0,1502,87462,48549840.0,3246.0,1,3243.0,10
rb1805,20170717,20170714,210734000,3245.0,1502,87462,48549840.0,3246.0,1,3243.0,7
rb1805,20170717,20170714,210734500,3245.0,1502,87462,48549840.0,3246.0,1,3244.0,20
rb1805,20170717,20170714,210735500,3245.0,1502,87462,48549840.0,3245.0,1,3244.0,20
rb1805,20170717,20170714,210736000,3245.0,1504,87464,48614740.0,3246.0,1,3245.0,1
rb1805,20170717,20170714,210738000,3245.0,1504,87464,48614740.0,3246.0,1,3245.0,1
rb1805,20170717,20170714,210738500,3245.0,1504,87464,48614740.0,3246.0,1,3245.0,1
rb1805,20170717,20170714,210740000,3245.0,1504,87464,48614740.0,3246.0,1,3245.0,1
rb1805,20170717,20170714,210741000,3245.0,1506,87466,48679640.0,3245.0,2,3244.0,20
rb1805,20170717,20170714,210741500,3247.0,1514,87466,48939300.0,3248.0,16,3245.0,3
rb1805,20170717,20170714,210742000,3247.0,1518,87466,49069180.0,3248.0,16,3246.0,5
rb1805,20170717,20170714,210742500,3247.0,1518,87466,49069180.0,3248.0,15,3246.0,5
rb1805,20170717,20170714,210743000,3246.0,1520,87468,49134100.0,3248.0,16,3246.0,4
rb1805,20170717,20170714,210743500,3246.0,1520,87468,49134100.0,3248.0,15,3246.0,4
rb1805,20170717,20170714,210744500,3246.0,1520,87468,49134100.0,3248.0,15,3246.0,9
rb1805,20170717,20170714,210745000,3247.0,1538,87458,49718720.0,3248.0,7,3247.0,3
rb1805,20170717,20170714,210745500,3248.0,1552,87472,50173440.0,3249.0,2,3248.0,2
rb1805,20170717,20170714,210746000,3249.0,1556,87474,50303400.0,3250.0,6,3248.0,11
rb1805,20170717,20170714,210746500,3248.0,1560,87470,50433320.0,3250.0,7,3248.0,3
rb1805,20170717,20170714,210747000,3248.0,1560,87470,50433320.0,3250.0,7,3248.0,3
rb1805,20170717,20170714,210747500,3248.0,1560,87470,50433320.0,3250.0,7,3248.0,3
rb1805,20170717,20170714,210748000,3248.0,1560,87470,50433320.0,3250.0,7,3248.0,3
rb1805,20170717,20170714,210748500,3248.0,1560,87470,50433320.0,3250.0,8,3248.0,3
rb1805,20170717,20170714,210749000,3248.0,1560,87470,50433320.0,3250.0,9,3248.0,3
rb1805,20170717,20170714,210749500,3250.0,1562,87472,50498320.0,3250.0,12,3249.0,1
rb1805,20170717,20170714,210750000,3249.0,1584,87468,51212720.0,3249.0,2,3246.0,10
rb1805,20170717,20170714,210750500,3249.0,1584,87468,51212720.0,3249.0,14,3247.0,2
rb1805,20170717,20170714,210751000,3249.0,1584,87468,51212720.0,3249.0,8,3247.0,4
rb1805,20170717,20170714,210751500,3249.0,1584,87468,51212720.0,3249.0,8,3247.0,2
rb1805,20170717,20170714,210752000,3247.0,1586,87466,51277660.0,3249.0,8,3247.0,1
rb1805,20170717,20170714,210753000,3247.0,1586,87466,51277660.0,3249.0,8,3247.0,1
rb1805,20170717,20170714,210753500,3247.0,1588,87464,51342600.0,3249.0,8,3246.0,10
rb1805,20170717,20170714,210755000,3247.0,1588,87464,51342600.0,3247.0,1,3246.0,10
rb1805,20170717,20170714,210755500,3247.0,1590,87466,51407540.0,3249.0,7,3247.0,8
rb1805,20170717,20170714,210756000,3247.0,1590,87466,51407540.0,3249.0,8,3247.0,5
rb1805,20170717,20170714,210757000,3247.0,1590,87466,51407540.0,3248.0,2,3247.0,5
rb1805,20170717,20170714,210758500,3247.0,1590,87466,51407540.0,3248.0,2,3247.0,5
rb1805,20170717,20170714,210759000,3247.0,1590,87466,51407540.0,3248.0,2,3247.0,5
rb1805,20170717,20170714,210759500,3247.0,1598,87458,51667300.0,3248.0,8,3247.0,1
rb1805,20170717,20170714,210800000,3247.0,1600,87456,51732240.0,3248.0,8,3246.0,10
rb1805,20170717,20170714,210801000,3248.0,1616,87450,52251920.0,3248.0,1,3246.0,10
rb1805,20170717,20170714,210802000,3249.0,1632,87436,52771740.0,3249.0,20,3246.0,10
rb1805,20170717,20170714,210802500,3249.0,1658,87436,53616480.0,3249.0,9,3246.0,10
rb1805,20170717,20170714,210803500,3249.0,1658,87436,53616480.0,3249.0,9,3246.0,10
rb1805,20170717,20170714,210804500,3249.0,1658,87436,53616480.0,3249.0,9,3247.0,2
rb1805,20170717,20170714,210805000,3249.0,1658,87436,53616480.0,3249.0,9,3247.0,3
rb1805,20170717,20170714,210805500,3249.0,1658,87436,53616480.0,3248.0,9,3247.0,3
rb1805,20170717,20170714,210806000,3247.0,1660,87436,53681420.0,3248.0,9,3247.0,2
rb1805,20170717,20170714,210807000,3247.0,1660,87436,53681420.0,3248.0,9,3247.0,2
rb1805,20170717,20170714,210807500,3247.0,1660,87436,53681420.0,3248.0,5,3247.0,2
rb1805,20170717,20170714,210808500,3247.0,1660,87436,53681420.0,3248.0,5,3247.0,3
rb1805,20170717,20170714,210811500,3247.0,1660,87436,53681420.0,3248.0,5,3247.0,3
rb1805,20170717,20170714,210812000,3248.0,1662,87434,53746380.0,3248.0,4,3247.0,3
rb1805,20170717,20170714,210812500,3248.0,1662,87434,53746380.0,3248.0,4,3247.0,3
rb1805,20170717,20170714,210813000,3248.0,1662,87434,53746380.0,3248.0,4,3247.0,4
rb1805,20170717,20170714,210814000,3247.0,1664,87434,53811320.0,3248.0,4,3247.0,3
rb1805,20170717,20170714,210815000,3248.0,1672,87434,54071160.0,3249.0,9,3248.0,1
rb1805,20170717,20170714,210815500,3248.0,1674,87434,54136120.0,3248.0,6,3247.0,3
rb1805,20170717,20170714,210816000,3248.0,1674,87434,54136120.0,3248.0,1,3247.0,3
rb1805,20170717,20170714,210817500,3248.0,1674,87434,54136120.0,3248.0,1,3247.0,3
rb1805,20170717,20170714,210818000,3247.0,1680,87434,54330940.0,3247.0,3,3246.0,11
rb1805,20170717,20170714,210818500,3247.0,1680,87434,54330940.0,3249.0,10,3246.0,6
rb1805,20170717,20170714,210819000,3247.0,1680,87434,54330940.0,3249.0,11,3246.0,12
rb1805,20170717,20170714,210820000,3247.0,1680,87434,54330940.0,3248.0,2,3246.0,12
rb1805,20170717,20170714,210820500,3247.0,1680,87434,54330940.0,3248.0,2,3246.0,7
rb1805,20170717,20170714,210821000,3247.0,1680,87434,54330940.0,3248.0,2,3246.0,7
rb1805,20170717,20170714,210821500,3247.0,1680,87434,54330940.0,3248.0,2,3246.0,7
rb1805,20170717,20170714,210822000,3247.0,1680,87434,54330940.0,3248.0,3,3246.0,12
rb1805,20170717,20170714,210823000,3247.0,1680,87434,54330940.0,3248.0,3,3246.0,13
rb1805,20170717,20170714,210823500,3246.0,1686,87434,54525700.0,3248.0,3,3246.0,10
rb1805,20170717,20170714,210824500,3246.0,1686,87434,54525700.0,3248.0,4,3246.0,10
rb1805,20170717,20170714,210825000,3246.0,1686,87434,54525700.0,3248.0,6,3246.0,10
rb1805,20170717,20170714,210825500,3246.0,1686,87434,54525700.0,3248.0,6,3246.0,5
rb1805,20170717,20170714,210826000,3246.0,1686,87434,54525700.0,3248.0,7,3246.0,5
rb1805,20170717,20170714,210828000,3246.0,1686,87434,54525700.0,3248.0,7,3246.0,5
rb1805,20170717,20170714,210828500,3246.0,1686,87434,54525700.0,3248.0,7,3246.0,5
rb1805,20170717,20170714,210829000,3246.0,1686,87434,54525700.0,3248.0,7,3246.0,5
rb1805,20170717,20170714,210830000,3246.0,1686,87434,54525700.0,3248.0,7,3246.0,5
rb1805,20170717,20170714,210830500,3246.0,1686,87434,54525700.0,3248.0,7,3246.0,5
rb1805,20170717,20170714,210831000,3246.0,1686,87434,54525700.0,3248.0,7,3246.0,5
rb1805,20170717,20170714,210831500,3246.0,1686,87434,54525700.0,3248.0,7,3246.0,5
rb1805,20170717,20170714,210832000,3246.0,1686,87434,54525700.0,3247.0,2,3246.0,5
rb1805,20170717,20170714,210833000,3246.0,1686,87434,54525700.0,3247.0,2,3246.0,5
rb1805,20170717,20170714,210833500,3246.0,1688,87436,54590620.0,3247.0,2,3246.0,4
rb1805,20170717,20170714,210834000,3246.0,1688,87436,54590620.0,3247.0,2,3246.0,4
rb1805,20170717,20170714,210834500,3246.0,1692,87436,54720460.0,3248.0,5,3246.0,2
rb1805,20170717,20170714,210835000,3246.0,1692,87436,54720460.0,3248.0,5,3246.0,2
rb1805,20170717,20170714,210836000,3246.0,1696,87436,54850300.0,3248.0,5,3245.0,38
rb1805,20170717,20170714,210836500,3246.0,1696,87436,54850300.0,3247.0,2,3246.0,2
rb1805,20170717,20170714,210837000,3246.0,1700,87436,54980140.0,3246.0,9,3245.0,38
rb1805,20170717,20170714,210837500,3246.0,1700,87436,54980140.0,3247.0,2,3245.0,38
rb1805,20170717,20170714,210838000,3246.0,1700,87436,54980140.0,3247.0,2,3245.0,38
rb1805,20170717,20170714,210839000,3246.0,1700,87436,54980140.0,3247.0,2,3245.0,38
rb1805,20170717,20170714,210839500,3246.0,1700,87436,54980140.0,3247.0,2,3245.0,38
rb1805,20170717,20170714,210840500,3246.0,1700,87436,54980140.0,3247.0,2,3245.0,38
rb1805,20170717,20170714,210841000,3246.0,1700,87436,54980140.0,3246.0,5,3245.0,38
rb1805,20170717,20170714,210842000,3245.0,1720,87454,55629140.0,3246.0,10,3245.0,28
rb1805,20170717,20170714,210842500,3245.0,1720,87454,55629140.0,3246.0,5,3245.0,28
rb1805,20170717,20170714,210843500,3245.0,1724,87454,55758940.0,3246.0,5,3245.0,26
rb1805,20170717,20170714,210844500,3245.0,1724,87454,55758940.0,3246.0,5,3245.0,26
rb1805,20170717,20170714,210845000,3245.0,1728,87454,55888740.0,3246.0,5,3245.0,24
rb1805,20170717,20170714,210845500,3245.0,1732,87454,56018540.0,3246.0,5,3245.0,22
rb1805,20170717,20170714,210846000,3245.0,1732,87454,56018540.0,3246.0,5,3245.0,22
rb1805,20170717,20170714,210846500,3245.0,1732,87454,56018540.0,3246.0,5,3245.0,22
rb1805,20170717,20170714,210849000,3245.0,1746,87454,56472840.0,3246.0,5,3245.0,23
rb1805,20170717,20170714,210849500,3245.0,1746,87454,56472840.0,3246.0,5,3245.0,23
rb1805,20170717,20170714,210852000,3245.0,1746,87454,56472840.0,3246.0,5,3245.0,23
rb1805,20170717,20170714,210852500,3245.0,1750,87454,56602640.0,3246.0,5,3245.0,21
rb1805,20170717,20170714,210853000,3245.0,1750,87454,56602640.0,3246.0,5,3245.0,21
rb1805,20170717,20170714,210853500,3245.0,1754,87454,56732440.0,3246.0,5,3245.0,19
rb1805,20170717,20170714,210854000,3245.0,1758,87454,56862240.0,3246.0,5,3245.0,17
rb1805,20170717,20170714,210854500,3245.0,1762,87454,56992040.0,3246.0,5,3245.0,15
rb1805,20170717,20170714,210855000,3245.0,1766,87454,57121840.0,3246.0,5,3245.0,13
rb1805,20170717,20170714,210855500,3245.0,1770,87454,57251640.0,3246.0,5,3245.0,11
rb1805,20170717,20170714,210856000,3245.0,1776,87454,57446340.0,3246.0,5,3245.0,8
rb1805,20170717,20170714,210857000,3245.0,1792,87438,57965540.0,3245.0,4,3244.0,5
rb1805,20170717,20170714,210857500,3245.0,1792,87438,57965540.0,3244.0,2,3243.0,9
rb1805,20170717,20170714,210858000,3244.0,1796,87438,58095300.0,3245.0,4,3244.0,2
rb1805,20170717,20170714,210858500,3244.0,1796,87438,58095300.0,3245.0,5,3244.0,5
rb1805,20170717,20170714,210859000,3244.0,1796,87438,58095300.0,3245.0,5,3243.0,9
rb1805,20170717,20170714,210859500,3244.0,1796,87438,58095300.0,3245.0,5,3243.0,9
rb1805,20170717,20170714,210900000,3244.0,1796,87438,58095300.0,3245.0,5,3244.0,2
rb1805,20170717,20170714,210900500,3243.0,1800,87438,58225020.0,3245.0,5,3243.0,7
rb1805,20170717,20170714,210901000,3243.0,1800,87438,58225020.0,3245.0,5,3243.0,2
rb1805,20170717,20170714,210902000,3243.0,1800,87438,58225020.0,3245.0,5,3243.0,2
rb1805,20170717,20170714,210902500,3243.0,1800,87438,58225020.0,3245.0,25,3243.0,2
rb1805,20170717,20170714,210903000,3245.0,1802,87438,58289920.0,3245.0,24,3243.0,2
rb1805,20170717,20170714,210905500,3245.0,1802,87438,58289920.0,3245.0,24,3243.0,2
rb1805,20170717,20170714,210906000,3245.0,1802,87438,58289920.0,3245.0,23,3243.0,2
rb1805,20170717,20170714,210907000,3244.0,1804,87438,58354800.0,3245.0,23,3244.0,1
rb1805,20170717,20170714,210907500,3244.0,1804,87438,58354800.0,3245.0,23,3244.0,1
rb1805,20170717,20170714,210908000,3245.0,1812,87434,58614400.0,3246.0,6,3244.0,6
rb1805,20170717,20170714,210910500,3245.0,1812,87434,58614400.0,3246.0,6,3244.0,6
rb1805,20170717,20170714,210911500,3245.0,1812,87434,58614400.0,3246.0,6,3243.0,12
rb1805,20170717,20170714,210912000,3245.0,1812,87434,58614400.0,3245.0,2,3243.0,7
rb1805,20170717,20170714,210912500,3243.0,1814,87434,58679260.0,3245.0,2,3243.0,6
rb1805,20170717,20170714,210913000,3243.0,1814,87434,58679260.0,3245.0,3,3243.0,6
rb1805,20170717,20170714,210913500,3243.0,1814,87434,58679260.0,3245.0,3,3243.0,6
rb1805,20170717,20170714,210914500,3243.0,1814,87434,58679260.0,3245.0,3,3243.0,11
rb1805,20170717,20170714,210915000,3243.0,1814,87434,58679260.0,3245.0,3,3243.0,11
rb1805,20170717,20170714,210915500,3243.0,1814,87434,58679260.0,3245.0,3,3243.0,11
rb1805,20170717,20170714,210916000,3243.0,1818,87432,58808980.0,3245.0,3,3243.0,9
rb1805,20170717,20170714,210916500,3243.0,1818,87432,58808980.0,3245.0,3,3243.0,4
rb1805,20170717,20170714,210917000,3242.0,1828,87434,59133260.0,3244.0,1,3242.0,8
rb1805,20170717,20170714,210917500,3242.0,1828,87434,59133260.0,3244.0,1,3242.0,11
rb1805,20170717,20170714,210918000,3245.0,1832,87432,59263040.0,3245.0,2,3244.0,9
rb1805,20170717,20170714,210918500,3245.0,1832,87432,59263040.0,3245.0,2,3243.0,8
rb1805,20170717,20170714,210919000,3245.0,1832,87432,59263040.0,3245.0,1,3242.0,13
rb1805,20170717,20170714,210919500,3243.0,1834,87432,59327900.0,3245.0,4,3243.0,5
rb1805,20170717,20170714,210920000,3243.0,1834,87432,59327900.0,3245.0,4,3243.0,5
rb1805,20170717,20170714,210921000,3243.0,1834,87432,59327900.0,3245.0,4,3243.0,5
rb1805,20170717,20170714,210922500,3243.0,1834,87432,59327900.0,3245.0,4,3243.0,5
rb1805,20170717,20170714,210923000,3243.0,1834,87432,59327900.0,3245.0,4,3243.0,5
rb1805,20170717,20170714,210923500,3243.0,1834,87432,59327900.0,3245.0,54,3243.0,5
rb1805,20170717,20170714,210924500,3243.0,1836,87430,59392760.0,3245.0,54,3243.0,5
rb1805,20170717,20170714,210925000,3243.0,1838,87428,59457620.0,3245.0,54,3243.0,4
rb1805,20170717,20170714,210926000,3243.0,1838,87428,59457620.0,3245.0,54,3243.0,4
rb1805,20170717,20170714,210927000,3243.0,1838,87428,59457620.0,3244.0,2,3243.0,4
rb1805,20170717,20170714,210927500,3244.0,1844,87422,59652260.0,3245.0,54,3244.0,1
rb1805,20170717,20170714,210928000,3244.0,1846,87420,59717140.0,3245.0,54,3243.0,4
rb1805,20170717,20170714,210928500,3244.0,1846,87420,59717140.0,3245.0,55,3243.0,4
rb1805,20170717,20170714,210929000,3244.0,1846,87420,59717140.0,3245.0,55,3243.0,1
rb1805,20170717,20170714,210929500,3244.0,1846,87420,59717140.0,3244.0,2,3243.0,1
rb1805,20170717,20170714,210930500,3244.0,1846,87420,59717140.0,3244.0,3,3243.0,1
rb1805,20170717,20170714,210931000,3244.0,1846,87420,59717140.0,3244.0,3,3243.0,1
rb1805,20170717,20170714,210931500,3244.0,1846,87420,59717140.0,3244.0,3,3243.0,1
rb1805,20170717,20170714,210935000,3244.0,1846,87420,59717140.0,3244.0,8,3243.0,6
rb1805,20170717,20170714,210935500,3243.0,1850,87420,59846860.0,3244.0,6,3243.0,4
rb1805,20170717,20170714,210936000,3243.0,1852,87422,59911720.0,3244.0,6,3243.0,6
rb1805,20170717,20170714,210937000,3244.0,1864,87418,60301000.0,3245.0,55,3244.0,24
rb1805,20170717,20170714,210937500,3244.0,1864,87418,60301000.0,3245.0,51,3244.0,17
rb1805,20170717,20170714,210938000,3244.0,1864,87418,60301000.0,3245.0,51,3244.0,17
rb1805,20170717,20170714,210939000,3244.0,1864,87418,60301000.0,3245.0,51,3244.0,17
rb1805,20170717,20170714,210939500,3244.0,1864,87418,60301000.0,3245.0,51,3244.0,17
rb1805,20170717,20170714,210940000,3244.0,1868,87418,60430760.0,3245.0,51,3244.0,15
rb1805,20170717,20170714,210941000,3244.0,1868,87418,60430760.0,3245.0,51,3244.0,15
rb1805,20170717,20170714,210941500,3244.0,1876,87422,60690320.0,3245.0,49,3244.0,13
rb1805,20170717,20170714,210942000,3245.0,1878,87422,60755220.0,3245.0,48,3244.0,13
rb1805,20170717,20170714,210943500,3244.0,1882,87420,60884980.0,3245.0,48,3244.0,11
rb1805,20170717,20170714,210945000,3244.0,1886,87416,61014740.0,3245.0,49,3244.0,9
rb1805,20170717,20170714,210945500,3244.0,1890,87412,61144500.0,3245.0,49,3244.0,7
rb1805,20170717,20170714,210946500,3244.0,1890,87412,61144500.0,3245.0,49,3244.0,7
rb1805,20170717,20170714,210947000,3244.0,1890,87412,61144500.0,3245.0,49,3244.0,7
rb1805,20170717,20170714,210947500,3244.0,1890,87412,61144500.0,3245.0,49,3244.0,12
rb1805,20170717,20170714,210949000,3244.0,1890,87412,61144500.0,3245.0,49,3244.0,12
rb1805,20170717,20170714,210949500,3244.0,1890,87412,61144500.0,3245.0,49,3244.0,12
rb1805,20170717,20170714,210950000,3244.0,1890,87412,61144500.0,3245.0,49,3244.0,12
rb1805,20170717,20170714,210953000,3244.0,1890,87412,61144500.0,3245.0,49,3244.0,12
rb1805,20170717,20170714,210954500,3244.0,1890,87412,61144500.0,3245.0,49,3244.0,12
rb1805,20170717,20170714,210956000,3244.0,1890,87412,61144500.0,3245.0,49,3244.0,12
rb1805,20170717,20170714,210957000,3244.0,1890,87412,61144500.0,3245.0,49,3244.0,12
rb1805,20170717,20170714,210958000,3244.0,1892,87412,61209380.0,3245.0,49,3244.0,15
rb1805,20170717,20170714,210959000,3244.0,1892,87412,61209380.0,3245.0,49,3244.0,15
rb1805,20170717,20170714,210959500,3244.0,1892,87412,61209380.0,3245.0,49,3244.0,15
rb1805,20170717,20170714,211000000,3244.0,1896,87408,61339140.0,3245.0,49,3244.0,13
rb1805,20170717,20170714,211002000,3244.0,1896,87408,61339140.0,3245.0,49,3244.0,13
rb1805,20170717,20170714,211004000,3244.0,1896,87408,61339140.0,3245.0,50,3244.0,13
rb1805,20170717,20170714,211004500,3244.0,1896,87408,61339140.0,3245.0,50,3244.0,18
rb1805,20170717,20170714,211005000,3245.0,1900,87408,61468940.0,3245.0,48,3244.0,18
rb1805,20170717,20170714,211005500,3245.0,1900,87408,61468940.0,3245.0,48,3244.0,18
rb1805,20170717,20170714,211006500,3245.0,1900,87408,61468940.0,3245.0,48,3244.0,22
rb1805,20170717,20170714,211007000,3245.0,1900,87408,61468940.0,3245.0,48,3244.0,22
rb1805,20170717,20170714,211007500,3245.0,1902,87408,61533840.0,3245.0,47,3244.0,22
rb1805,20170717,20170714,211008500,3245.0,1902,87408,61533840.0,3245.0,47,3244.0,22
rb1805,20170717,20170714,211010000,3245.0,1902,87408,61533840.0,3245.0,47,3244.0,24
rb1805,20170717,20170714,211011000,3244.0,1904,87406,61598720.0,3245.0,47,3244.0,23
rb1805,20170717,20170714,211011500,3244.0,1904,87406,61598720.0,3245.0,47,3244.0,23
rb1805,20170717,20170714,211012000,3244.0,1904,87406,61598720.0,3245.0,47,3244.0,23
rb1805,20170717,20170714,211012500,3244.0,1904,87406,61598720.0,3245.0,47,3244.0,23
rb1805,20170717,20170714,211013000,3244.0,1904,87406,61598720.0,3245.0,47,3244.0,23
rb1805,20170717,20170714,211013500,3244.0,1904,87406,61598720.0,3245.0,47,3244.0,28
rb1805,20170717,20170714,211014000,3244.0,1904,87406,61598720.0,3245.0,47,3244.0,28
rb1805,20170717,20170714,211014500,3245.0,1914,87416,61923220.0,3245.0,42,3244.0,28
rb1805,20170717,20170714,211015000,3244.0,1916,87416,61988100.0,3245.0,42,3244.0,27
rb1805,20170717,20170714,211015500,3244.0,1916,87416,61988100.0,3245.0,42,3244.0,27
rb1805,20170717,20170714,211016000,3244.0,1916,87416,61988100.0,3245.0,42,3244.0,22
rb1805,20170717,20170714,211016500,3244.0,1916,87416,61988100.0,3245.0,42,3244.0,22
rb1805,20170717,20170714,211017000,3244.0,1916,87416,61988100.0,3245.0,42,3244.0,22
rb1805,20170717,20170714,211018000,3244.0,1916,87416,61988100.0,3245.0,42,3244.0,22
rb1805,20170717,20170714,211018500,3244.0,1916,87416,61988100.0,3245.0,43,3244.0,22
rb1805,20170717,20170714,211020000,3244.0,1916,87416,61988100.0,3245.0,43,3244.0,22
rb1805,20170717,20170714,211023000,3244.0,1916,87416,61988100.0,3245.0,43,3244.0,22
rb1805,20170717,20170714,211024500,3245.0,1918,87418,62053000.0,3245.0,42,3244.0,22
rb1805,20170717,20170714,211026000,3244.0,1922,87414,62182760.0,3245.0,42,3244.0,20
rb1805,20170717,20170714,211026500,3244.0,1940,87422,62766680.0,3245.0,47,3244.0,11
rb1805,20170717,20170714,211027000,3244.0,1942,87422,62831560.0,3245.0,47,3244.0,10
rb1805,20170717,20170714,211028500,3244.0,1962,87434,63480360.0,3244.0,2,3243.0,9
rb1805,20170717,20170714,211029000,3244.0,1962,87434,63480360.0,3244.0,2,3243.0,1
rb1805,20170717,20170714,211029500,3243.0,1964,87434,63545220.0,3243.0,1,3242.0,15
rb1805,20170717,20170714,211030000,3243.0,1976,87444,63934380.0,3245.0,52,3243.0,7
rb1805,20170717,20170714,211030500,3244.0,1978,87444,63999260.0,3244.0,1,3242.0,10
rb1805,20170717,20170714,211031000,3244.0,1978,87444,63999260.0,3244.0,1,3242.0,5
rb1805,20170717,20170714,211031500,3244.0,1978,87444,63999260.0,3243.0,2,3242.0,5
rb1805,20170717,20170714,211032000,3243.0,1982,87442,64128980.0,3244.0,1,3243.0,4
rb1805,20170717,20170714,211032500,3243.0,1982,87442,64128980.0,3244.0,1,3242.0,10
rb1805,20170717,20170714,211033000,3243.0,1982,87442,64128980.0,3244.0,1,3242.0,5
rb1805,20170717,20170714,211033500,3243.0,1982,87442,64128980.0,3244.0,1,3242.0,5
rb1805,20170717,20170714,211034500,3243.0,1982,87442,64128980.0,3244.0,11,3242.0,5
rb1805,20170717,20170714,211036000,3243.0,1982,87442,64128980.0,3244.0,11,3242.0,5
rb1805,20170717,20170714,211037500,3243.0,1982,87442,64128980.0,3244.0,10,3242.0,5
rb1805,20170717,20170714,211040000,3243.0,1982,87442,64128980.0,3244.0,10,3242.0,8
rb1805,20170717,20170714,211042500,3242.0,1984,87442,64193820.0,3244.0,10,3242.0,7
rb1805,20170717,20170714,211046000,3242.0,1984,87442,64193820.0,3244.0,10,3242.0,7
rb1805,20170717,20170714,211048000,3242.0,1984,87442,64193820.0,3244.0,10,3242.0,10
rb1805,20170717,20170714,211048500,3242.0,1984,87442,64193820.0,3244.0,10,3242.0,10
rb1805,20170717,20170714,211049500,3242.0,1986,87444,64258660.0,3244.0,10,3242.0,9
rb1805,20170717,20170714,211050000,3242.0,1986,87444,64258660.0,3244.0,11,3242.0,9
rb1805,20170717,20170714,211051500,3242.0,1988,87444,64323500.0,3244.0,11,3242.0,13
rb1805,20170717,20170714,211052000,3242.0,1988,87444,64323500.0,3244.0,11,3242.0,13
rb1805,20170717,20170714,211053000,3242.0,1988,87444,64323500.0,3244.0,11,3242.0,13
rb1805,20170717,20170714,211053500,3242.0,1990,87446,64388340.0,3243.0,4,3242.0,12
rb1805,20170717,20170714,211055000,3242.0,1992,87446,64453180.0,3243.0,4,3242.0,11
rb1805,20170717,20170714,211056000,3242.0,1992,87446,64453180.0,3243.0,4,3242.0,11
rb1805,20170717,20170714,211056500,3242.0,1992,87446,64453180.0,3243.0,4,3242.0,11
rb1805,20170717,20170714,211057000,3242.0,1992,87446,64453180.0,3244.0,11,3242.0,11
rb1805,20170717,20170714,211058000,3242.0,1992,87446,64453180.0,3244.0,11,3243.0,2
rb1805,20170717,20170714,211059500,3242.0,1992,87446,64453180.0,3244.0,11,3243.0,3
rb1805,20170717,20170714,211100000,3243.0,1994,87448,64518040.0,3244.0,11,3243.0,2
rb1805,20170717,20170714,211100500,3243.0,1998,87450,64647760.0,3243.0,4,3242.0,11
rb1805,20170717,20170714,211101000,3243.0,1998,87450,64647760.0,3243.0,7,3242.0,11
rb1805,20170717,20170714,211103000,3243.0,1998,87450,64647760.0,3243.0,4,3242.0,11
rb1805,20170717,20170714,211103500,3243.0,1998,87450,64647760.0,3243.0,4,3242.0,11
rb1805,20170717,20170714,211104000,3243.0,2000,87450,64712620.0,3243.0,3,3242.0,11
rb1805,20170717,20170714,211104500,3242.0,2002,87450,64777460.0,3243.0,3,3242.0,10
rb1805,20170717,20170714,211105000,3242.0,2002,87450,64777460.0,3243.0,3,3242.0,10
rb1805,20170717,20170714,211106000,3243.0,2004,87450,64842320.0,3243.0,2,3242.0,10
rb1805,20170717,20170714,211106500,3242.0,2014,87440,65166520.0,3243.0,2,3242.0,5
rb1805,20170717,20170714,211107000,3242.0,2014,87440,65166520.0,3243.0,2,3242.0,6
rb1805,20170717,20170714,211108000,3242.0,2014,87440,65166520.0,3243.0,5,3242.0,6
rb1805,20170717,20170714,211108500,3242.0,2030,87430,65685240.0,3242.0,2,3241.0,13
rb1805,20170717,20170714,211109000,3242.0,2030,87430,65685240.0,3242.0,2,3241.0,8
rb1805,20170717,20170714,211111000,3241.0,2034,87428,65814880.0,3242.0,1,3241.0,6
rb1805,20170717,20170714,211111500,3241.0,2038,87428,65944520.0,3242.0,1,3241.0,4
rb1805,20170717,20170714,211112000,3242.0,2040,87430,66009360.0,3243.0,6,3242.0,1
rb1805,20170717,20170714,211112500,3242.0,2040,87430,66009360.0,3243.0,3,3242.0,10
rb1805,20170717,20170714,211113000,3242.0,2040,87430,66009360.0,3243.0,3,3242.0,1
rb1805,20170717,20170714,211113500,3242.0,2042,87430,66074200.0,3242.0,1,3241.0,9
rb1805,20170717,20170714,211114000,3242.0,2042,87430,66074200.0,3242.0,1,3241.0,4
rb1805,20170717,20170714,211114500,3242.0,2044,87428,66139040.0,3243.0,6,3242.0,3
rb1805,20170717,20170714,211115000,3242.0,2044,87428,66139040.0,3243.0,6,3242.0,3
rb1805,20170717,20170714,211115500,3242.0,2044,87428,66139040.0,3243.0,6,3242.0,3
rb1805,20170717,20170714,211116500,3242.0,2046,87426,66203880.0,3243.0,6,3242.0,2
rb1805,20170717,20170714,211117000,3242.0,2046,87426,66203880.0,3243.0,4,3242.0,3
rb1805,20170717,20170714,211118000,3242.0,2046,87426,66203880.0,3243.0,1,3242.0,6
rb1805,20170717,20170714,211119000,3242.0,2050,87422,66333560.0,3243.0,1,3242.0,4
rb1805,20170717,20170714,211119500,3242.0,2050,87422,66333560.0,3243.0,1,3242.0,4
rb1805,20170717,20170714,211120500,3242.0,2058,87420,66592920.0,3242.0,20,3241.0,9
rb1805,20170717,20170714,211121000,3242.0,2060,87420,66657760.0,3243.0,4,3241.0,9
rb1805,20170717,20170714,211121500,3242.0,2060,87420,66657760.0,3242.0,1,3241.0,9
rb1805,20170717,20170714,211122000,3242.0,2062,87418,66722600.0,3243.0,4,3242.0,2
rb1805,20170717,20170714,211122500,3242.0,2062,87418,66722600.0,3243.0,4,3241.0,9
rb1805,20170717,20170714,211124000,3242.0,2062,87418,66722600.0,3243.0,4,3241.0,9
rb1805,20170717,20170714,211124500,3242.0,2062,87418,66722600.0,3243.0,4,3241.0,4
rb1805,20170717,20170714,211125500,3242.0,2062,87418,66722600.0,3243.0,4,3241.0,4
rb1805,20170717,20170714,211126000,3242.0,2062,87418,66722600.0,3243.0,4,3241.0,4
rb1805,20170717,20170714,211126500,3242.0,2062,87418,66722600.0,3243.0,4,3241.0,5
rb1805,20170717,20170714,211127000,3242.0,2062,87418,66722600.0,3242.0,1,3241.0,5
rb1805,20170717,20170714,211129500,3242.0,2062,87418,66722600.0,3242.0,1,3241.0,5
rb1805,20170717,20170714,211130500,3241.0,2072,87418,67046700.0,3241.0,15,3240.0,9
rb1805,20170717,20170714,211131000,3241.0,2072,87418,67046700.0,3242.0,2,3240.0,4
rb1805,20170717,20170714,211132500,3241.0,2072,87418,67046700.0,3242.0,1,3240.0,4
rb1805,20170717,20170714,211136500,3241.0,2072,87418,67046700.0,3242.0,1,3240.0,4
rb1805,20170717,20170714,211137500,3241.0,2072,87418,67046700.0,3241.0,5,3240.0,4
rb1805,20170717,20170714,211138500,3241.0,2072,87418,67046700.0,3241.0,5,3240.0,4
rb1805,20170717,20170714,211139500,3241.0,2072,87418,67046700.0,3241.0,5,3240.0,6
rb1805,20170717,20170714,211140000,3240.0,2074,87420,67111500.0,3241.0,5,3240.0,6
rb1805,20170717,20170714,211140500,3240.0,2074,87420,67111500.0,3241.0,5,3240.0,6
rb1805,20170717,20170714,211141000,3240.0,2074,87420,67111500.0,3241.0,5,3240.0,6
rb1805,20170717,20170714,211141500,3240.0,2074,87420,67111500.0,3241.0,5,3240.0,6
rb1805,20170717,20170714,211142000,3240.0,2074,87420,67111500.0,3241.0,5,3240.0,6
rb1805,20170717,20170714,211143000,3240.0,2074,87420,67111500.0,3241.0,5,3240.0,6
rb1805,20170717,20170714,211144000,3240.0,2074,87420,67111500.0,3241.0,5,3240.0,7
rb1805,20170717,20170714,211144500,3241.0,2076,87420,67176320.0,3241.0,4,3240.0,7
rb1805,20170717,20170714,211145000,3240.0,2078,87422,67241120.0,3241.0,4,3240.0,6
rb1805,20170717,20170714,211145500,3240.0,2078,87422,67241120.0,3241.0,5,3240.0,6
rb1805,20170717,20170714,211146500,3240.0,2080,87422,67305920.0,3241.0,5,3240.0,5
rb1805,20170717,20170714,211147000,3240.0,2084,87420,67435520.0,3241.0,5,3240.0,3
rb1805,20170717,20170714,211147500,3240.0,2084,87420,67435520.0,3241.0,5,3240.0,2
rb1805,20170717,20170714,211148000,3240.0,2084,87420,67435520.0,3241.0,1,3240.0,2
rb1805,20170717,20170714,211148500,3240.0,2084,87420,67435520.0,3241.0,1,3240.0,2
rb1805,20170717,20170714,211149000,3240.0,2084,87420,67435520.0,3241.0,1,3240.0,2
rb1805,20170717,20170714,211150000,3240.0,2086,87422,67500320.0,3241.0,1,3240.0,1
rb1805,20170717,20170714,211151500,3240.0,2086,87422,67500320.0,3241.0,1,3240.0,1
rb1805,20170717,20170714,211152500,3241.0,2088,87422,67565140.0,3243.0,8,3240.0,1
rb1805,20170717,20170714,211153000,3241.0,2088,87422,67565140.0,3242.0,1,3240.0,6
rb1805,20170717,20170714,211156000,3241.0,2088,87422,67565140.0,3242.0,1,3240.0,6
rb1805,20170717,20170714,211156500,3241.0,2088,87422,67565140.0,3242.0,3,3240.0,6
rb1805,20170717,20170714,211158500,3241.0,2088,87422,67565140.0,3242.0,3,3240.0,6
rb1805,20170717,20170714,211159000,3240.0,2090,87424,67629940.0,3242.0,3,3241.0,1
rb1805,20170717,20170714,211159500,3240.0,2092,87424,67694740.0,3242.0,3,3240.0,10
rb1805,20170717,20170714,211200000,3240.0,2092,87424,67694740.0,3241.0,1,3240.0,5
rb1805,20170717,20170714,211200500,3240.0,2092,87424,67694740.0,3241.0,1,3240.0,6
rb1805,20170717,20170714,211201000,3241.0,2094,87422,67759560.0,3242.0,2,3241.0,2
rb1805,20170717,20170714,211201500,3241.0,2094,87422,67759560.0,3242.0,2,3240.0,11
rb1805,20170717,20170714,211202000,3241.0,2094,87422,67759560.0,3242.0,2,3240.0,5
rb1805,20170717,20170714,211202500,3241.0,2094,87422,67759560.0,3242.0,3,3240.0,5
rb1805,20170717,20170714,211204500,3241.0,2094,87422,67759560.0,3242.0,3,3240.0,5
rb1805,20170717,20170714,211205000,3243.0,2102,87416,68018940.0,3243.0,4,3242.0,15
rb1805,20170717,20170714,211205500,3242.0,2104,87414,68083780.0,3244.0,15,3242.0,1
rb1805,20170717,20170714,211206000,3242.0,2104,87414,68083780.0,3242.0,7,3240.0,6
rb1805,20170717,20170714,211206500,3242.0,2104,87414,68083780.0,3243.0,4,3240.0,5
rb1805,20170717,20170714,211207000,3242.0,2106,87416,68148620.0,3244.0,15,3241.0,1
rb1805,20170717,20170714,211207500,3242.0,2106,87416,68148620.0,3243.0,1,3241.0,5
rb1805,20170717,20170714,211208000,3242.0,2106,87416,68148620.0,3243.0,1,3241.0,6
rb1805,20170717,20170714,211208500,3242.0,2106,87416,68148620.0,3243.0,1,3241.0,11
rb1805,20170717,20170714,211209000,3242.0,2106,87416,68148620.0,3243.0,1,3241.0,11
rb1805,20170717,20170714,211209500,3242.0,2106,87416,68148620.0,3243.0,1,3241.0,11
rb1805,20170717,20170714,211211000,3242.0,2106,87416,68148620.0,3243.0,3,3241.0,10
rb1805,20170717,20170714,211212000,3242.0,2106,87416,68148620.0,3243.0,3,3241.0,10
rb1805,20170717,20170714,211212500,3242.0,2106,87416,68148620.0,3243.0,3,3241.0,10
rb1805,20170717,20170714,211213000,3242.0,2106,87416,68148620.0,3243.0,3,3241.0,10
rb1805,20170717,20170714,211213500,3242.0,2106,87416,68148620.0,3243.0,3,3241.0,10
rb1805,20170717,20170714,211214500,3242.0,2106,87416,68148620.0,3243.0,2,3241.0,10
rb1805,20170717,20170714,211215500,3242.0,2106,87416,68148620.0,3243.0,2,3241.0,10
rb1805,20170717,20170714,211216000,3242.0,2106,87416,68148620.0,3243.0,2,3241.0,5
rb1805,20170717,20170714,211217500,3243.0,2110,87416,68278340.0,3244.0,15,3243.0,4
rb1805,20170717,20170714,211218000,3241.0,2134,87428,69056340.0,3244.0,12,3241.0,2
rb1805,20170717,20170714,211218500,3241.0,2134,87428,69056340.0,3244.0,17,3242.0,1
rb1805,20170717,20170714,211219000,3241.0,2134,87428,69056340.0,3243.0,1,3242.0,1
rb1805,20170717,20170714,211219500,3241.0,2134,87428,69056340.0,3243.0,1,3242.0,1
rb1805,20170717,20170714,211220500,3243.0,2136,87428,69121200.0,3244.0,17,3242.0,1
rb1805,20170717,20170714,211221000,3243.0,2136,87428,69121200.0,3244.0,17,3242.0,1
rb1805,20170717,20170714,211221500,3243.0,2136,87428,69121200.0,3244.0,17,3242.0,2
rb1805,20170717,20170714,211222000,3243.0,2136,87428,69121200.0,3244.0,17,3242.0,2
rb1805,20170717,20170714,211222500,3243.0,2136,87428,69121200.0,3244.0,17,3243.0,1
rb1805,20170717,20170714,211223000,3243.0,2138,87430,69186060.0,3243.0,1,3242.0,2
rb1805,20170717,20170714,211223500,3243.0,2138,87430,69186060.0,3244.0,17,3242.0,2
rb1805,20170717,20170714,211224000,3243.0,2138,87430,69186060.0,3244.0,17,3242.0,7
rb1805,20170717,20170714,211224500,3243.0,2138,87430,69186060.0,3244.0,17,3242.0,8
rb1805,20170717,20170714,211225000,3243.0,2138,87430,69186060.0,3243.0,2,3242.0,8
rb1805,20170717,20170714,211225500,3243.0,2138,87430,69186060.0,3243.0,2,3242.0,7
rb1805,20170717,20170714,211226000,3243.0,2138,87430,69186060.0,3243.0,2,3242.0,2
rb1805,20170717,20170714,211226500,3243.0,2138,87430,69186060.0,3243.0,2,3242.0,1
rb1805,20170717,20170714,211228000,3243.0,2138,87430,69186060.0,3243.0,3,3242.0,1
rb1805,20170717,20170714,211230000,3243.0,2138,87430,69186060.0,3243.0,3,3242.0,7
rb1805,20170717,20170714,211230500,3243.0,2140,87430,69250920.0,3243.0,2,3242.0,12
rb1805,20170717,20170714,211231500,3243.0,2142,87428,69315780.0,3243.0,2,3242.0,12
rb1805,20170717,20170714,211232500,3243.0,2146,87430,69445500.0,3244.0,17,3242.0,12
rb1805,20170717,20170714,211233000,3243.0,2146,87430,69445500.0,3244.0,12,3242.0,11
rb1805,20170717,20170714,211234000,3243.0,2146,87430,69445500.0,3244.0,12,3242.0,11
rb1805,20170717,20170714,211234500,3243.0,2146,87430,69445500.0,3244.0,12,3242.0,12
rb1805,20170717,20170714,211235000,3243.0,2146,87430,69445500.0,3244.0,12,3242.0,11
rb1805,20170717,20170714,211237500,3243.0,2146,87430,69445500.0,3244.0,12,3242.0,12
rb1805,20170717,20170714,211239000,3243.0,2146,87430,69445500.0,3244.0,12,3242.0,13
rb1805,20170717,20170714,211239500,3243.0,2146,87430,69445500.0,3244.0,12,3242.0,13
rb1805,20170717,20170714,211240000,3243.0,2146,87430,69445500.0,3244.0,12,3242.0,14
rb1805,20170717,20170714,211241000,3243.0,2146,87430,69445500.0,3244.0,12,3242.0,14
rb1805,20170717,20170714,211241500,3243.0,2146,87430,69445500.0,3244.0,12,3242.0,15
rb1805,20170717,20170714,211242000,3243.0,2146,87430,69445500.0,3244.0,12,3242.0,35
rb1805,20170717,20170714,211244000,3243.0,2146,87430,69445500.0,3244.0,12,3242.0,35
rb1805,20170717,20170714,211246000,3244.0,2170,87428,70224060.0,3245.0,11,3244.0,1
rb1805,20170717,20170714,211246500,3244.0,2172,87430,70288940.0,3244.0,1,3242.0,36
rb1805,20170717,20170714,211247000,3244.0,2172,87430,70288940.0,3245.0,6,3243.0,2
rb1805,20170717,20170714,211247500,3244.0,2172,87430,70288940.0,3245.0,3,3243.0,7
rb1805,20170717,20170714,211248000,3244.0,2172,87430,70288940.0,3245.0,3,3243.0,8
rb1805,20170717,20170714,211249000,3244.0,2172,87430,70288940.0,3245.0,3,3243.0,8
rb1805,20170717,20170714,211249500,3244.0,2172,87430,70288940.0,3245.0,3,3243.0,8
rb1805,20170717,20170714,211250000,3244.0,2172,87430,70288940.0,3245.0,5,3243.0,8
rb1805,20170717,20170714,211250500,3244.0,2172,87430,70288940.0,3245.0,5,3243.0,8
rb1805,20170717,20170714,211251500,3244.0,2172,87430,70288940.0,3245.0,5,3243.0,8
rb1805,20170717,20170714,211253000,3244.0,2172,87430,70288940.0,3245.0,5,3243.0,8
rb1805,20170717,20170714,211253500,3244.0,2172,87430,70288940.0,3245.0,5,3243.0,8
rb1805,20170717,20170714,211254000,3244.0,2172,87430,70288940.0,3245.0,5,3243.0,6
rb1805,20170717,20170714,211254500,3244.0,2172,87430,70288940.0,3245.0,5,3243.0,6
rb1805,20170717,20170714,211255500,3244.0,2172,87430,70288940.0,3245.0,5,3243.0,6
rb1805,20170717,20170714,211257500,3244.0,2172,87430,70288940.0,3245.0,5,3243.0,6
rb1805,20170717,20170714,211258500,3244.0,2172,87430,70288940.0,3245.0,5,3244.0,1
rb1805,20170717,20170714,211259000,3244.0,2172,87430,70288940.0,3245.0,5,3244.0,1
rb1805,20170717,20170714,211300500,3244.0,2172,87430,70288940.0,3245.0,5,3244.0,1
rb1805,20170717,20170714,211302000,3244.0,2172,87430,70288940.0,3245.0,5,3244.0,1
rb1805,20170717,20170714,211303000,3244.0,2172,87430,70288940.0,3245.0,5,3244.0,1
rb1805,20170717,20170714,211305000,3244.0,2172,87430,70288940.0,3245.0,5,3244.0,1
rb1805,20170717,20170714,211305500,3244.0,2172,87430,70288940.0,3245.0,5,3244.0,1
rb1805,20170717,20170714,211306000,3244.0,2172,87430,70288940.0,3245.0,5,3244.0,1
rb1805,20170717,20170714,211306500,3244.0,2172,87430,70288940.0,3245.0,5,3244.0,6
rb1805,20170717,20170714,211307000,3244.0,2172,87430,70288940.0,3245.0,5,3244.0,6
rb1805,20170717,20170714,211308500,3245.0,2174,87430,70353840.0,3245.0,4,3244.0,6
rb1805,20170717,20170714,211310500,3244.0,2176,87430,70418720.0,3245.0,4,3244.0,5
rb1805,20170717,20170714,211311000,3244.0,2176,87430,70418720.0,3245.0,42,3244.0,5
rb1805,20170717,20170714,211312000,3244.0,2176,87430,70418720.0,3245.0,42,3244.0,5
rb1805,20170717,20170714,211312500,3245.0,2186,87434,70743220.0,3245.0,37,3244.0,5
rb1805,20170717,20170714,211313000,3245.0,2186,87434,70743220.0,3245.0,37,3244.0,5
rb1805,20170717,20170714,211314000,3245.0,2186,87434,70743220.0,3245.0,37,3244.0,5
rb1805,20170717,20170714,211315500,3245.0,2186,87434,70743220.0,3245.0,37,3244.0,5
rb1805,20170717,20170714,211318500,3245.0,2186,87434,70743220.0,3245.0,37,3244.0,5
rb1805,20170717,20170714,211319500,3245.0,2186,87434,70743220.0,3245.0,37,3244.0,5
rb1805,20170717,20170714,211320500,3245.0,2216,87440,71716720.0,3245.0,22,3244.0,8
rb1805,20170717,20170714,211321000,3245.0,2236,87460,72365720.0,3245.0,12,3244.0,8
rb1805,20170717,20170714,211321500,3245.0,2236,87460,72365720.0,3245.0,12,3244.0,8
rb1805,20170717,20170714,211323000,3245.0,2256,87480,73014720.0,3245.0,2,3244.0,8
rb1805,20170717,20170714,211324000,3245.0,2256,87480,73014720.0,3245.0,2,3243.0,7
rb1805,20170717,20170714,211324500,3245.0,2256,87480,73014720.0,3245.0,2,3244.0,2
rb1805,20170717,20170714,211325000,3245.0,2256,87480,73014720.0,3245.0,2,3244.0,2
rb1805,20170717,20170714,211326000,3245.0,2256,87480,73014720.0,3245.0,3,3244.0,2
rb1805,20170717,20170714,211328000,3245.0,2256,87480,73014720.0,3245.0,5,3244.0,2
rb1805,20170717,20170714,211329000,3245.0,2258,87482,73079620.0,3245.0,4,3244.0,2
rb1805,20170717,20170714,211329500,3245.0,2258,87482,73079620.0,3245.0,5,3244.0,2
rb1805,20170717,20170714,211331000,3244.0,2260,87484,73144500.0,3245.0,5,3244.0,2
rb1805,20170717,20170714,211331500,3244.0,2260,87484,73144500.0,3245.0,5,3244.0,2
rb1805,20170717,20170714,211332000,3244.0,2260,87484,73144500.0,3245.0,5,3244.0,2
rb1805,20170717,20170714,211333500,3244.0,2260,87484,73144500.0,3245.0,5,3244.0,2
rb1805,20170717,20170714,211334000,3244.0,2260,87484,73144500.0,3245.0,5,3244.0,2
rb1805,20170717,20170714,211334500,3244.0,2260,87484,73144500.0,3245.0,5,3244.0,2
rb1805,20170717,20170714,211335000,3244.0,2260,87484,73144500.0,3245.0,5,3244.0,1
rb1805,20170717,20170714,211336500,3244.0,2260,87484,73144500.0,3245.0,5,3244.0,1
rb1805,20170717,20170714,211338500,3244.0,2260,87484,73144500.0,3245.0,5,3244.0,1
rb1805,20170717,20170714,211339000,3244.0,2260,87484,73144500.0,3245.0,5,3244.0,1
rb1805,20170717,20170714,211340500,3244.0,2260,87484,73144500.0,3245.0,5,3244.0,1
rb1805,20170717,20170714,211341000,3245.0,2262,87486,73209400.0,3245.0,4,3244.0,1
rb1805,20170717,20170714,211341500,3245.0,2262,87486,73209400.0,3245.0,4,3244.0,1
rb1805,20170717,20170714,211343500,3245.0,2262,87486,73209400.0,3245.0,4,3244.0,2
rb1805,20170717,20170714,211344000,3245.0,2262,87486,73209400.0,3245.0,5,3244.0,2
rb1805,20170717,20170714,211348500,3245.0,2262,87486,73209400.0,3245.0,5,3244.0,3
rb1805,20170717,20170714,211349000,3245.0,2264,87484,73274300.0,3245.0,4,3244.0,3
rb1805,20170717,20170714,211350500,3245.0,2264,87484,73274300.0,3245.0,4,3244.0,3
rb1805,20170717,20170714,211353000,3245.0,2264,87484,73274300.0,3245.0,3,3244.0,3
rb1805,20170717,20170714,211357000,3244.0,2270,87490,73468940.0,3245.0,3,3243.0,7
rb1805,20170717,20170714,211357500,3243.0,2276,87496,73663520.0,3245.0,3,3243.0,7
rb1805,20170717,20170714,211400500,3243.0,2276,87496,73663520.0,3245.0,3,3243.0,7
rb1805,20170717,20170714,211402500,3243.0,2276,87496,73663520.0,3245.0,3,3243.0,6
rb1805,20170717,20170714,211403500,3243.0,2276,87496,73663520.0,3245.0,4,3243.0,6
rb1805,20170717,20170714,211405000,3243.0,2276,87496,73663520.0,3244.0,1,3243.0,6
rb1805,20170717,20170714,211405500,3243.0,2276,87496,73663520.0,3244.0,1,3243.0,3
rb1805,20170717,20170714,211406000,3243.0,2276,87496,73663520.0,3244.0,1,3243.0,3
rb1805,20170717,20170714,211409000,3243.0,2276,87496,73663520.0,3244.0,1,3243.0,3
rb1805,20170717,20170714,211410000,3243.0,2276,87496,73663520.0,3244.0,1,3243.0,3
rb1805,20170717,20170714,211411000,3244.0,2278,87496,73728400.0,3245.0,4,3243.0,3
rb1805,20170717,20170714,211412000,3244.0,2278,87496,73728400.0,3245.0,4,3244.0,1
rb1805,20170717,20170714,211412500,3244.0,2280,87498,73793280.0,3245.0,4,3242.0,14
rb1805,20170717,20170714,211413000,3243.0,2282,87498,73858140.0,3245.0,9,3243.0,3
rb1805,20170717,20170714,211413500,3243.0,2282,87498,73858140.0,3245.0,9,3243.0,3
rb1805,20170717,20170714,211414000,3243.0,2282,87498,73858140.0,3245.0,9,3243.0,3
rb1805,20170717,20170714,211415500,3243.0,2282,87498,73858140.0,3245.0,9,3243.0,3
rb1805,20170717,20170714,211416500,3243.0,2282,87498,73858140.0,3244.0,10,3243.0,3
rb1805,20170717,20170714,211417000,3243.0,2282,87498,73858140.0,3244.0,11,3243.0,3
rb1805,20170717,20170714,211418000,3243.0,2282,87498,73858140.0,3244.0,11,3242.0,14
rb1805,20170717,20170714,211418500,3243.0,2282,87498,73858140.0,3244.0,16,3242.0,8
rb1805,20170717,20170714,211422000,3243.0,2282,87498,73858140.0,3244.0,15,3242.0,8
rb1805,20170717,20170714,211428500,3243.0,2282,87498,73858140.0,3244.0,15,3242.0,8
rb1805,20170717,20170714,211430500,3243.0,2282,87498,73858140.0,3244.0,16,3242.0,8
rb1805,20170717,20170714,211432000,3243.0,2282,87498,73858140.0,3244.0,16,3242.0,8
rb1805,20170717,20170714,211432500,3242.0,2284,87496,73922980.0,3244.0,16,3242.0,7
rb1805,20170717,20170714,211433000,3242.0,2284,87496,73922980.0,3244.0,16,3242.0,7
rb1805,20170717,20170714,211436500,3242.0,2284,87496,73922980.0,3244.0,16,3242.0,7
rb1805,20170717,20170714,211437500,3242.0,2284,87496,73922980.0,3244.0,16,3242.0,7
rb1805,20170717,20170714,211438500,3242.0,2284,87496,73922980.0,3243.0,1,3242.0,7
rb1805,20170717,20170714,211440000,3242.0,2284,87496,73922980.0,3243.0,1,3242.0,7
rb1805,20170717,20170714,211440500,3242.0,2284,87496,73922980.0,3243.0,1,3242.0,7
rb1805,20170717,20170714,211443000,3242.0,2284,87496,73922980.0,3243.0,1,3242.0,7
rb1805,20170717,20170714,211443500,3242.0,2284,87496,73922980.0,3243.0,1,3242.0,7
rb1805,20170717,20170714,211444500,3243.0,2286,87498,73987840.0,3244.0,16,3243.0,1
rb1805,20170717,20170714,211445000,3243.0,2288,87498,74052700.0,3243.0,2,3242.0,7
rb1805,20170717,20170714,211445500,3242.0,2292,87498,74182380.0,3244.0,17,3242.0,5
rb1805,20170717,20170714,211446000,3242.0,2292,87498,74182380.0,3243.0,3,3242.0,5
rb1805,20170717,20170714,211446500,3242.0,2292,87498,74182380.0,3243.0,3,3242.0,2
rb1805,20170717,20170714,211447000,3243.0,2298,87492,74376960.0,3244.0,17,3243.0,4
rb1805,20170717,20170714,211447500,3243.0,2298,87492,74376960.0,3244.0,11,3243.0,13
rb1805,20170717,20170714,211448000,3243.0,2298,87492,74376960.0,3244.0,11,3243.0,8
rb1805,20170717,20170714,211449500,3243.0,2298,87492,74376960.0,3244.0,11,3243.0,8
rb1805,20170717,20170714,211451000,3243.0,2298,87492,74376960.0,3244.0,11,3243.0,3
rb1805,20170717,20170714,211451500,3244.0,2316,87480,74960880.0,3244.0,2,3243.0,6
rb1805,20170717,20170714,211452500,3244.0,2316,87480,74960880.0,3244.0,2,3243.0,6
rb1805,20170717,20170714,211453500,3244.0,2316,87480,74960880.0,3244.0,2,3243.0,6
rb1805,20170717,20170714,211455000,3244.0,2316,87480,74960880.0,3244.0,2,3242.0,12
rb1805,20170717,20170714,211455500,3244.0,2316,87480,74960880.0,3244.0,2,3243.0,7
rb1805,20170717,20170714,211458000,3244.0,2316,87480,74960880.0,3244.0,2,3243.0,7
rb1805,20170717,20170714,211458500,3244.0,2316,87480,74960880.0,3244.0,2,3243.0,7
rb1805,20170717,20170714,211500000,3244.0,2316,87480,74960880.0,3244.0,2,3243.0,7
rb1805,20170717,20170714,211500500,3244.0,2316,87480,74960880.0,3244.0,2,3242.0,9
rb1805,20170717,20170714,211501000,3244.0,2316,87480,74960880.0,3244.0,2,3243.0,10
rb1805,20170717,20170714,211501500,3244.0,2316,87480,74960880.0,3244.0,2,3243.0,6
rb1805,20170717,20170714,211502000,3244.0,2316,87480,74960880.0,3244.0,2,3243.0,6
rb1805,20170717,20170714,211502500,3244.0,2318,87480,75025760.0,3244.0,1,3243.0,6
rb1805,20170717,20170714,211505000,3244.0,2318,87480,75025760.0,3245.0,7,3243.0,6
rb1805,20170717,20170714,211505500,3244.0,2318,87480,75025760.0,3245.0,11,3243.0,6
rb1805,20170717,20170714,211507500,3244.0,2318,87480,75025760.0,3244.0,2,3243.0,6
rb1805,20170717,20170714,211508000,3244.0,2318,87480,75025760.0,3244.0,3,3243.0,6
rb1805,20170717,20170714,211510500,3244.0,2324,87476,75220400.0,3245.0,11,3244.0,7
rb1805,20170717,20170714,211511000,3244.0,2324,87476,75220400.0,3245.0,6,3244.0,10
rb1805,20170717,20170714,211512000,3244.0,2326,87478,75285280.0,3245.0,6,3244.0,9
rb1805,20170717,20170714,211514000,3244.0,2326,87478,75285280.0,3245.0,6,3244.0,9
rb1805,20170717,20170714,211514500,3244.0,2326,87478,75285280.0,3245.0,6,3244.0,9
rb1805,20170717,20170714,211515500,3245.0,2332,87480,75479980.0,3245.0,3,3244.0,9
rb1805,20170717,20170714,211521000,3245.0,2332,87480,75479980.0,3245.0,3,3244.0,9
rb1805,20170717,20170714,211524500,3245.0,2332,87480,75479980.0,3245.0,3,3244.0,9
rb1805,20170717,20170714,211525000,3245.0,2332,87480,75479980.0,3245.0,3,3244.0,9
rb1805,20170717,20170714,211525500,3245.0,2332,87480,75479980.0,3245.0,3,3244.0,7
rb1805,20170717,20170714,211526000,3244.0,2334,87480,75544860.0,3245.0,3,3244.0,6
rb1805,20170717,20170714,211527000,3244.0,2334,87480,75544860.0,3245.0,3,3244.0,3
rb1805,20170717,20170714,211527500,3244.0,2342,87482,75804380.0,3244.0,38,3243.0,4
rb1805,20170717,20170714,211528000,3244.0,2344,87484,75869260.0,3244.0,37,3243.0,3
rb1805,20170717,20170714,211529000,3244.0,2344,87484,75869260.0,3244.0,37,3243.0,4
rb1805,20170717,20170714,211532000,3243.0,2346,87482,75934120.0,3244.0,37,3243.0,3
rb1805,20170717,20170714,211532500,3244.0,2352,87488,76128760.0,3244.0,34,3243.0,3
rb1805,20170717,20170714,211533500,3244.0,2356,87492,76258520.0,3244.0,32,3243.0,3
rb1805,20170717,20170714,211534000,3244.0,2358,87494,76323400.0,3244.0,31,3243.0,3
rb1805,20170717,20170714,211535000,3244.0,2358,87494,76323400.0,3244.0,31,3243.0,4
rb1805,20170717,20170714,211536500,3244.0,2358,87494,76323400.0,3244.0,31,3243.0,2
rb1805,20170717,20170714,211537500,3243.0,2360,87496,76388260.0,3244.0,31,3243.0,1
rb1805,20170717,20170714,211539000,3243.0,2360,87496,76388260.0,3244.0,31,3243.0,1
rb1805,20170717,20170714,211540000,3243.0,2360,87496,76388260.0,3244.0,31,3243.0,3
rb1805,20170717,20170714,211541000,3243.0,2360,87496,76388260.0,3244.0,31,3243.0,3
rb1805,20170717,20170714,211542000,3243.0,2360,87496,76388260.0,3244.0,31,3243.0,3
rb1805,20170717,20170714,211545000,3243.0,2360,87496,76388260.0,3244.0,31,3243.0,3
rb1805,20170717,20170714,211551500,3243.0,2360,87496,76388260.0,3244.0,31,3243.0,3
rb1805,20170717,20170714,211554500,3244.0,2366,87502,76582900.0,3244.0,28,3243.0,3
rb1805,20170717,20170714,211555500,3244.0,2368,87504,76647780.0,3244.0,27,3243.0,3
rb1805,20170717,20170714,211556000,3244.0,2368,87504,76647780.0,3244.0,27,3243.0,3
rb1805,20170717,20170714,211556500,3244.0,2368,87504,76647780.0,3244.0,27,3243.0,3
rb1805,20170717,20170714,211557000,3244.0,2422,87558,78399540.0,3245.0,3,3244.0,23
rb1805,20170717,20170714,211557500,3244.0,2422,87558,78399540.0,3245.0,3,3244.0,23
rb1805,20170717,20170714,211558000,3244.0,2422,87558,78399540.0,3245.0,3,3244.0,23
rb1805,20170717,20170714,211558500,3244.0,2422,87558,78399540.0,3245.0,3,3244.0,23
rb1805,20170717,20170714,211600000,3244.0,2422,87558,78399540.0,3245.0,3,3244.0,23
rb1805,20170717,20170714,211601000,3244.0,2424,87558,78464420.0,3245.0,3,3244.0,22
