instrument,tradingday,calendarday,time,lastp,volume,openinterest,turnover,ask1,asksz1,bid1,bidsz1
rb1805,20171219,20171218,205900500,3876.0,8186,2576382,317289360.0,3876.0,117,3875.0,534
rb1805,20171219,20171218,210000500,3876.0,10002,2576394,387682560.0,3878.0,388,3876.0,213
rb1805,20171219,20171218,210001000,3875.0,13008,2576206,504195840.0,3875.0,22,3874.0,592
rb1805,20171219,20171218,210001500,3875.0,14332,2576774,555498020.0,3875.0,82,3874.0,464
rb1805,20171219,20171218,210002000,3876.0,15072,2576806,584172940.0,3875.0,1,3874.0,391
rb1805,20171219,20171218,210002500,3874.0,15502,2576714,600837160.0,3876.0,718,3874.0,346
rb1805,20171219,20171218,210003000,3876.0,15842,2576598,614010100.0,3876.0,895,3875.0,25
rb1805,20171219,20171218,210003500,3874.0,16428,2576768,636712440.0,3874.0,305,3873.0,46
rb1805,20171219,20171218,210004000,3873.0,16866,2576858,653676000.0,3873.0,102,3872.0,37
rb1805,20171219,20171218,210004500,3872.0,17138,2576902,664208320.0,3872.0,121,3871.0,61
rb1805,20171219,20171218,210005000,3871.0,17514,2576970,678764440.0,3871.0,134,3870.0,177
rb1805,20171219,20171218,210005500,3870.0,18072,2576910,700360560.0,3870.0,751,3869.0,52
rb1805,20171219,20171218,210006000,3870.0,18680,2576838,723883540.0,3870.0,688,3868.0,314
rb1805,20171219,20171218,210006500,3867.0,19858,2577028,769455580.0,3867.0,200,3866.0,73
rb1805,20171219,20171218,210007000,3866.0,20246,2576972,784453900.0,3866.0,22,3865.0,108
rb1805,20171219,20171218,210007500,3865.0,20706,2576980,802232960.0,3865.0,327,3864.0,170
rb1805,20171219,20171218,210008000,3865.0,20824,2576956,806793320.0,3865.0,317,3864.0,228
rb1805,20171219,20171218,210008500,3864.0,21648,2576808,838632300.0,3864.0,29,3863.0,69
rb1805,20171219,20171218,210009000,3864.0,21882,2576800,847673800.0,3865.0,281,3864.0,42
rb1805,20171219,20171218,210009500,3865.0,22036,2576810,853624800.0,3865.0,258,3864.0,32
rb1805,20171219,20171218,210010000,3865.0,22442,2576770,869316200.0,3865.0,103,3864.0,66
rb1805,20171219,20171218,210010500,3866.0,22786,2576770,882611760.0,3866.0,656,3865.0,94
rb1805,20171219,20171218,210011000,3865.0,23158,2576976,896990580.0,3866.0,609,3865.0,134
rb1805,20171219,20171218,210011500,3865.0,23482,2577036,909516060.0,3866.0,479,3865.0,137
rb1805,20171219,20171218,210012000,3866.0,23734,2577048,919256840.0,3866.0,405,3865.0,98
rb1805,20171219,20171218,210012500,3866.0,24250,2576816,939198640.0,3866.0,399,3865.0,21
rb1805,20171219,20171218,210013000,3865.0,24566,2576846,951412120.0,3865.0,19,3864.0,210
rb1805,20171219,20171218,210013500,3865.0,24796,2576960,960303060.0,3866.0,385,3865.0,34
rb1805,20171219,20171218,210014000,3866.0,25172,2577114,974838920.0,3866.0,224,3865.0,120
rb1805,20171219,20171218,210014500,3866.0,25860,2577498,1001434360.0,3867.0,15,3866.0,114
rb1805,20171219,20171218,210015000,3867.0,26002,2577466,1006925560.0,3868.0,52,3867.0,162
rb1805,20171219,20171218,210015500,3867.0,26284,2577648,1017830940.0,3868.0,30,3867.0,40
rb1805,20171219,20171218,210016000,3867.0,26410,2577654,1022703940.0,3868.0,4,3867.0,89
rb1805,20171219,20171218,210016500,3868.0,26532,2577658,1027422580.0,3868.0,19,3867.0,92
rb1805,20171219,20171218,210017000,3868.0,26608,2577718,1030362000.0,3869.0,43,3868.0,96
rb1805,20171219,20171218,210017500,3867.0,27194,2578038,1053025080.0,3867.0,137,3866.0,411
rb1805,20171219,20171218,210018000,3867.0,27548,2578196,1066714240.0,3867.0,117,3866.0,412
rb1805,20171219,20171218,210018500,3867.0,27940,2578198,1081873720.0,3868.0,71,3867.0,522
rb1805,20171219,20171218,210019000,3869.0,28198,2578280,1091853700.0,3869.0,37,3868.0,642
rb1805,20171219,20171218,210019500,3869.0,28292,2578302,1095490760.0,3870.0,113,3869.0,250
rb1805,20171219,20171218,210020000,3870.0,28604,2578402,1107564960.0,3871.0,41,3870.0,55
rb1805,20171219,20171218,210020500,3871.0,28918,2578190,1119716580.0,3872.0,270,3871.0,17
rb1805,20171219,20171218,210021000,3871.0,29032,2578210,1124129280.0,3871.0,21,3870.0,1
rb1805,20171219,20171218,210021500,3871.0,29112,2578244,1127225960.0,3872.0,295,3871.0,3
rb1805,20171219,20171218,210022000,3871.0,29290,2578300,1134116500.0,3872.0,249,3871.0,18
rb1805,20171219,20171218,210022500,3872.0,29370,2578316,1137213380.0,3871.0,2,3870.0,13
rb1805,20171219,20171218,210023000,3872.0,29522,2578290,1143098360.0,3872.0,196,3871.0,4
rb1805,20171219,20171218,210023500,3871.0,29618,2578288,1146814540.0,3871.0,19,3870.0,50
rb1805,20171219,20171218,210024000,3871.0,29672,2578276,1148904740.0,3871.0,633,3870.0,42
rb1805,20171219,20171218,210024500,3871.0,29770,2578284,1152697500.0,3870.0,43,3869.0,194
rb1805,20171219,20171218,210025000,3870.0,30200,2578124,1169338640.0,3870.0,6,3869.0,117
rb1805,20171219,20171218,210025500,3870.0,30448,2578296,1178936320.0,3870.0,224,3869.0,113
rb1805,20171219,20171218,210026000,3869.0,30490,2578294,1180561480.0,3870.0,352,3869.0,125
rb1805,20171219,20171218,210026500,3869.0,30580,2578340,1184043680.0,3870.0,400,3869.0,101
rb1805,20171219,20171218,210027000,3870.0,30736,2578272,1190079580.0,3870.0,441,3869.0,36
rb1805,20171219,20171218,210027500,3869.0,30838,2578290,1194026080.0,3869.0,2,3868.0,450
rb1805,20171219,20171218,210028000,3869.0,30886,2578308,1195883180.0,3869.0,254,3868.0,460
rb1805,20171219,20171218,210028500,3869.0,31118,2578526,1204859200.0,3869.0,224,3868.0,456
rb1805,20171219,20171218,210029000,3868.0,31454,2578582,1217856200.0,3869.0,225,3868.0,316
rb1805,20171219,20171218,210029500,3868.0,31548,2578610,1221492720.0,3869.0,209,3868.0,302
rb1805,20171219,20171218,210030000,3868.0,31808,2578560,1231550800.0,3869.0,162,3868.0,239
rb1805,20171219,20171218,210030500,3868.0,32142,2578544,1244470020.0,3869.0,110,3868.0,88
rb1805,20171219,20171218,210031000,3869.0,32346,2578526,1252361640.0,3869.0,90,3868.0,34
rb1805,20171219,20171218,210031500,3868.0,32482,2578534,1257622620.0,3868.0,70,3867.0,268
rb1805,20171219,20171218,210032000,3869.0,32704,2578576,1266209640.0,3869.0,133,3868.0,18
rb1805,20171219,20171218,210032500,3869.0,33002,2578624,1277738920.0,3869.0,4,3868.0,103
rb1805,20171219,20171218,210033000,3868.0,33052,2578664,1279673120.0,3870.0,330,3868.0,113
rb1805,20171219,20171218,210033500,3869.0,33076,2578686,1280601600.0,3869.0,23,3868.0,251
rb1805,20171219,20171218,210034000,3869.0,33128,2578698,1282613500.0,3870.0,334,3869.0,61
rb1805,20171219,20171218,210034500,3868.0,33386,2578730,1292595360.0,3869.0,71,3868.0,277
rb1805,20171219,20171218,210035000,3868.0,33454,2578718,1295225980.0,3869.0,59,3868.0,263
rb1805,20171219,20171218,210035500,3868.0,33554,2578774,1299094200.0,3869.0,75,3868.0,372
rb1805,20171219,20171218,210036000,3869.0,33970,2578666,1315187060.0,3870.0,309,3868.0,263
rb1805,20171219,20171218,210036500,3870.0,34236,2578594,1325476840.0,3870.0,306,3869.0,44
rb1805,20171219,20171218,210037000,3870.0,34372,2578618,1330739320.0,3870.0,261,3869.0,65
rb1805,20171219,20171218,210037500,3869.0,34504,2578728,1335847460.0,3870.0,231,3869.0,159
rb1805,20171219,20171218,210038000,3869.0,34696,2578830,1343276440.0,3870.0,220,3869.0,119
rb1805,20171219,20171218,210038500,3870.0,34834,2578822,1348616240.0,3870.0,180,3869.0,182
rb1805,20171219,20171218,210039000,3870.0,35152,2578908,1360921820.0,3870.0,84,3869.0,133
rb1805,20171219,20171218,210039500,3870.0,35298,2578986,1366570940.0,3870.0,70,3869.0,123
rb1805,20171219,20171218,210040000,3869.0,35332,2578990,1367886640.0,3870.0,65,3869.0,125
rb1805,20171219,20171218,210040500,3869.0,35418,2578996,1371214140.0,3870.0,124,3869.0,93
rb1805,20171219,20171218,210041000,3870.0,35458,2579034,1372761880.0,3870.0,267,3869.0,82
rb1805,20171219,20171218,210041500,3869.0,35674,2579126,1381120100.0,3870.0,241,3869.0,36
rb1805,20171219,20171218,210042000,3869.0,35722,2579154,1382977280.0,3870.0,250,3869.0,25
rb1805,20171219,20171218,210042500,3869.0,35878,2579256,1389014020.0,3870.0,200,3869.0,13
rb1805,20171219,20171218,210043000,3868.0,35916,2579248,1390484220.0,3869.0,507,3868.0,329
rb1805,20171219,20171218,210043500,3868.0,35974,2579212,1392727800.0,3869.0,523,3868.0,317
rb1805,20171219,20171218,210044000,3868.0,36074,2579132,1396596740.0,3869.0,480,3868.0,316
rb1805,20171219,20171218,210044500,3868.0,36430,2579314,1410367580.0,3869.0,464,3868.0,180
rb1805,20171219,20171218,210045000,3869.0,37246,2579572,1441933140.0,3868.0,19,3867.0,285
rb1805,20171219,20171218,210045500,3868.0,37388,2579648,1447425680.0,3868.0,89,3867.0,263
rb1805,20171219,20171218,210046000,3867.0,37504,2579692,1451911480.0,3868.0,109,3867.0,209
rb1805,20171219,20171218,210046500,3867.0,37610,2579754,1456011080.0,3868.0,193,3867.0,189
rb1805,20171219,20171218,210047000,3868.0,37686,2579802,1458950440.0,3868.0,172,3867.0,176
rb1805,20171219,20171218,210047500,3867.0,37970,2579940,1469933060.0,3868.0,157,3867.0,64
rb1805,20171219,20171218,210048000,3866.0,38308,2579936,1483003440.0,3867.0,115,3866.0,251
rb1805,20171219,20171218,210048500,3867.0,38374,2579930,1485555580.0,3867.0,209,3866.0,261
rb1805,20171219,20171218,210049000,3867.0,38410,2579928,1486947540.0,3867.0,375,3866.0,275
rb1805,20171219,20171218,210049500,3866.0,39074,2580362,1512617600.0,3866.0,76,3865.0,519
rb1805,20171219,20171218,210050000,3866.0,39302,2580340,1521430080.0,3866.0,120,3865.0,419
rb1805,20171219,20171218,210050500,3866.0,39840,2580212,1542231740.0,3867.0,68,3866.0,8
rb1805,20171219,20171218,210051000,3866.0,40018,2580132,1549112660.0,3867.0,21,3866.0,92
rb1805,20171219,20171218,210051500,3866.0,40054,2580134,1550504640.0,3867.0,9,3866.0,151
rb1805,20171219,20171218,210052000,3866.0,40132,2580180,1553520560.0,3868.0,166,3866.0,161
rb1805,20171219,20171218,210052500,3868.0,40180,2580200,1555376700.0,3868.0,157,3867.0,20
rb1805,20171219,20171218,210053000,3866.0,40328,2580248,1561099240.0,3867.0,1,3866.0,215
rb1805,20171219,20171218,210053500,3867.0,40394,2580288,1563651020.0,3867.0,12,3866.0,229
rb1805,20171219,20171218,210054000,3866.0,40482,2580270,1567053200.0,3867.0,7,3866.0,195
rb1805,20171219,20171218,210054500,3867.0,40692,2580340,1575175380.0,3868.0,80,3867.0,8
rb1805,20171219,20171218,210055000,3866.0,40710,2580326,1575871420.0,3867.0,6,3866.0,303
rb1805,20171219,20171218,210055500,3867.0,40854,2580420,1581439760.0,3868.0,150,3867.0,262
rb1805,20171219,20171218,210056000,3867.0,40988,2580450,1586621560.0,3868.0,164,3867.0,235
rb1805,20171219,20171218,210056500,3867.0,42152,2580352,1631638340.0,3869.0,421,3867.0,18
rb1805,20171219,20171218,210057000,3867.0,42308,2580468,1637670820.0,3867.0,140,3866.0,361
rb1805,20171219,20171218,210057500,3867.0,43096,2580864,1668135320.0,3867.0,180,3865.0,505
rb1805,20171219,20171218,210058000,3866.0,43164,2580832,1670764440.0,3866.0,48,3865.0,605
rb1805,20171219,20171218,210058500,3867.0,43300,2580820,1676022400.0,3867.0,185,3866.0,25
rb1805,20171219,20171218,210059000,3866.0,43646,2580836,1689398760.0,3866.0,31,3865.0,767
rb1805,20171219,20171218,210059500,3866.0,43908,2580976,1699526500.0,3867.0,187,3866.0,62
rb1805,20171219,20171218,210100000,3866.0,44156,2581046,1709113860.0,3866.0,82,3865.0,685
rb1805,20171219,20171218,210100500,3866.0,45274,2581014,1752335780.0,3867.0,103,3866.0,15
rb1805,20171219,20171218,210101000,3866.0,45550,2580946,1763006200.0,3867.0,172,3866.0,47
rb1805,20171219,20171218,210101500,3866.0,45852,2580996,1774681540.0,3866.0,429,3865.0,527
rb1805,20171219,20171218,210102000,3865.0,46436,2581102,1797253660.0,3866.0,456,3865.0,249
rb1805,20171219,20171218,210102500,3864.0,47150,2581328,1824848120.0,3865.0,519,3864.0,250
rb1805,20171219,20171218,210103000,3864.0,47768,2581798,1848728820.0,3865.0,695,3864.0,13
rb1805,20171219,20171218,210103500,3864.0,47824,2581766,1850892660.0,3864.0,652,3863.0,241
rb1805,20171219,20171218,210104000,3863.0,48040,2581878,1859238040.0,3864.0,704,3863.0,174
rb1805,20171219,20171218,210104500,3864.0,48246,2581744,1867196800.0,3864.0,664,3863.0,130
rb1805,20171219,20171218,210105000,3862.0,48762,2581674,1887128840.0,3863.0,38,3862.0,393
rb1805,20171219,20171218,210105500,3864.0,49074,2581584,1899181940.0,3864.0,584,3863.0,103
rb1805,20171219,20171218,210106000,3863.0,49386,2581630,1911234160.0,3863.0,7,3862.0,418
rb1805,20171219,20171218,210106500,3862.0,49762,2581656,1925758780.0,3863.0,5,3862.0,397
rb1805,20171219,20171218,210107000,3862.0,50434,2581754,1951713140.0,3863.0,87,3862.0,154
rb1805,20171219,20171218,210107500,3862.0,50734,2581816,1963300620.0,3863.0,162,3862.0,166
rb1805,20171219,20171218,210108000,3863.0,51068,2581774,1976200160.0,3863.0,148,3862.0,49
rb1805,20171219,20171218,210108500,3862.0,51524,2581624,1993809580.0,3863.0,218,3862.0,14
rb1805,20171219,20171218,210109000,3862.0,51686,2581598,2000066220.0,3862.0,777,3861.0,515
rb1805,20171219,20171218,210109500,3862.0,51922,2581578,2009180420.0,3862.0,705,3861.0,538
rb1805,20171219,20171218,210110000,3862.0,52374,2581466,2026633660.0,3862.0,656,3861.0,416
rb1805,20171219,20171218,210110500,3862.0,53094,2581702,2054433960.0,3862.0,604,3861.0,123
rb1805,20171219,20171218,210111000,3861.0,53366,2581740,2064936480.0,3862.0,631,3861.0,42
rb1805,20171219,20171218,210111500,3861.0,54000,2581474,2089413880.0,3861.0,62,3860.0,824
rb1805,20171219,20171218,210112000,3861.0,54414,2581260,2105399160.0,3862.0,528,3861.0,253
rb1805,20171219,20171218,210112500,3861.0,54580,2581216,2111808760.0,3862.0,527,3861.0,363
rb1805,20171219,20171218,210113000,3862.0,55268,2580846,2138376220.0,3862.0,334,3861.0,385
rb1805,20171219,20171218,210113500,3862.0,55504,2580672,2147489960.0,3862.0,232,3861.0,495
rb1805,20171219,20171218,210114000,3862.0,56168,2580446,2173132300.0,3863.0,281,3862.0,65
rb1805,20171219,20171218,210114500,3862.0,56216,2580428,2174986100.0,3863.0,244,3862.0,133
rb1805,20171219,20171218,210115000,3862.0,56540,2580556,2187501020.0,3863.0,193,3862.0,301
rb1805,20171219,20171218,210115500,3863.0,57596,2580650,2228287120.0,3864.0,528,3863.0,254
rb1805,20171219,20171218,210116000,3863.0,57670,2580584,2231145740.0,3864.0,528,3863.0,257
rb1805,20171219,20171218,210116500,3864.0,58294,2580060,2255255040.0,3864.0,322,3863.0,157
rb1805,20171219,20171218,210117000,3864.0,58398,2580034,2259273060.0,3864.0,363,3863.0,156
rb1805,20171219,20171218,210117500,3863.0,58484,2579990,2262595580.0,3864.0,346,3863.0,133
rb1805,20171219,20171218,210118000,3863.0,58738,2579872,2272408960.0,3864.0,278,3863.0,81
rb1805,20171219,20171218,210118500,3864.0,58800,2579860,2274804340.0,3864.0,288,3863.0,98
rb1805,20171219,20171218,210119000,3863.0,58918,2579766,2279363720.0,3864.0,259,3863.0,126
rb1805,20171219,20171218,210119500,3863.0,59096,2579852,2286241260.0,3864.0,158,3863.0,210
rb1805,20171219,20171218,210120000,3864.0,59492,2579842,2301542780.0,3865.0,145,3864.0,231
rb1805,20171219,20171218,210120500,3865.0,59740,2579870,2311127780.0,3865.0,25,3864.0,145
rb1805,20171219,20171218,210121000,3866.0,59874,2579800,2316307060.0,3865.0,1,3864.0,153
rb1805,20171219,20171218,210121500,3865.0,60154,2579948,2327128120.0,3866.0,514,3865.0,33
rb1805,20171219,20171218,210122000,3865.0,60296,2580020,2332616160.0,3865.0,7,3864.0,78
rb1805,20171219,20171218,210122500,3865.0,60386,2580054,2336094680.0,3865.0,11,3864.0,88
rb1805,20171219,20171218,210123000,3866.0,60530,2580046,2341660340.0,3866.0,537,3865.0,1
rb1805,20171219,20171218,210123500,3865.0,60588,2580034,2343902440.0,3866.0,518,3865.0,21
rb1805,20171219,20171218,210124000,3866.0,60666,2580056,2346917280.0,3866.0,523,3865.0,15
rb1805,20171219,20171218,210124500,3865.0,60774,2580044,2351091720.0,3866.0,509,3864.0,424
rb1805,20171219,20171218,210125000,3865.0,60852,2580034,2354106800.0,3866.0,484,3865.0,9
rb1805,20171219,20171218,210125500,3865.0,60916,2580034,2356580540.0,3866.0,499,3865.0,5
rb1805,20171219,20171218,210126000,3865.0,60934,2580040,2357276220.0,3866.0,579,3865.0,1
rb1805,20171219,20171218,210126500,3865.0,60980,2580022,2359054120.0,3865.0,173,3864.0,434
rb1805,20171219,20171218,210127000,3865.0,61212,2580114,2368019260.0,3865.0,123,3864.0,341
rb1805,20171219,20171218,210127500,3865.0,61298,2580138,2371343040.0,3865.0,88,3864.0,348
rb1805,20171219,20171218,210128000,3865.0,61384,2580190,2374666900.0,3865.0,20,3864.0,356
rb1805,20171219,20171218,210128500,3865.0,61452,2580226,2377295100.0,3866.0,597,3865.0,15
rb1805,20171219,20171218,210129000,3866.0,61530,2580188,2380309860.0,3866.0,589,3864.0,453
rb1805,20171219,20171218,210129500,3866.0,61596,2580138,2382860780.0,3866.0,564,3865.0,8
rb1805,20171219,20171218,210130000,3865.0,61758,2580208,2389121820.0,3865.0,4,3864.0,443
rb1805,20171219,20171218,210130500,3865.0,61860,2580230,2393064420.0,3866.0,571,3865.0,46
rb1805,20171219,20171218,210131000,3866.0,61968,2580226,2397239400.0,3866.0,538,3865.0,144
rb1805,20171219,20171218,210131500,3865.0,62262,2580222,2408604960.0,3866.0,389,3865.0,45
rb1805,20171219,20171218,210132000,3866.0,62270,2580226,2408914200.0,3866.0,390,3865.0,85
rb1805,20171219,20171218,210132500,3865.0,62346,2580188,2411851940.0,3866.0,330,3865.0,87
rb1805,20171219,20171218,210133000,3865.0,62516,2580146,2418422820.0,3866.0,328,3865.0,43
rb1805,20171219,20171218,210133500,3865.0,62824,2580162,2430329100.0,3865.0,13,3864.0,467
rb1805,20171219,20171218,210134000,3865.0,63008,2580142,2437441100.0,3866.0,217,3865.0,179
rb1805,20171219,20171218,210134500,3866.0,63068,2580148,2439760580.0,3866.0,193,3865.0,186
rb1805,20171219,20171218,210135000,3866.0,63132,2580184,2442234780.0,3866.0,139,3865.0,274
rb1805,20171219,20171218,210135500,3865.0,63570,2580150,2459165700.0,3866.0,31,3865.0,82
rb1805,20171219,20171218,210136000,3865.0,63766,2580120,2466741140.0,3865.0,336,3864.0,471
rb1805,20171219,20171218,210136500,3865.0,63824,2580106,2468982800.0,3865.0,321,3864.0,471
rb1805,20171219,20171218,210137000,3865.0,63878,2580106,2471069760.0,3865.0,306,3864.0,479
rb1805,20171219,20171218,210137500,3864.0,63910,2580090,2472306540.0,3865.0,303,3864.0,458
rb1805,20171219,20171218,210138000,3865.0,63926,2580086,2472924940.0,3865.0,797,3864.0,470
rb1805,20171219,20171218,210138500,3865.0,64060,2580096,2478103080.0,3865.0,805,3864.0,424
rb1805,20171219,20171218,210139000,3865.0,64558,2580262,2497347220.0,3865.0,736,3864.0,248
rb1805,20171219,20171218,210139500,3864.0,65122,2580446,2519140220.0,3864.0,290,3863.0,526
rb1805,20171219,20171218,210140000,3864.0,65254,2580450,2524240400.0,3864.0,303,3863.0,476
rb1805,20171219,20171218,210140500,3863.0,65384,2580380,2529263440.0,3864.0,296,3863.0,466
rb1805,20171219,20171218,210141000,3864.0,65454,2580332,2531967840.0,3864.0,339,3863.0,466
rb1805,20171219,20171218,210141500,3863.0,65678,2580332,2540623140.0,3864.0,251,3863.0,371
rb1805,20171219,20171218,210142000,3864.0,65752,2580328,2543482020.0,3864.0,206,3863.0,249
rb1805,20171219,20171218,210142500,3863.0,66008,2580418,2553371560.0,3864.0,201,3863.0,134
rb1805,20171219,20171218,210143000,3864.0,66484,2580652,2571764200.0,3865.0,788,3864.0,35
rb1805,20171219,20171218,210143500,3863.0,66592,2580656,2575937040.0,3864.0,37,3863.0,138
rb1805,20171219,20171218,210144000,3864.0,66958,2580380,2590078000.0,3864.0,48,3863.0,126
rb1805,20171219,20171218,210144500,3864.0,67178,2580284,2598579180.0,3864.0,21,3863.0,121
rb1805,20171219,20171218,210145000,3863.0,67254,2580308,2601515160.0,3864.0,24,3863.0,94
rb1805,20171219,20171218,210145500,3864.0,67350,2580318,2605224460.0,3864.0,25,3863.0,119
rb1805,20171219,20171218,210146000,3863.0,67410,2580318,2607542380.0,3864.0,26,3863.0,98
rb1805,20171219,20171218,210146500,3863.0,67480,2580340,2610246860.0,3864.0,133,3863.0,86
rb1805,20171219,20171218,210147000,3863.0,67572,2580380,2613801340.0,3864.0,122,3863.0,101
rb1805,20171219,20171218,210147500,3864.0,67670,2580356,2617587340.0,3864.0,130,3863.0,72
rb1805,20171219,20171218,210148000,3863.0,67714,2580354,2619287280.0,3864.0,121,3863.0,62
rb1805,20171219,20171218,210148500,3863.0,67828,2580320,2623691200.0,3864.0,120,3863.0,17
rb1805,20171219,20171218,210149000,3864.0,67900,2580350,2626472700.0,3864.0,115,3863.0,57
rb1805,20171219,20171218,210149500,3863.0,67998,2580342,2630258820.0,3864.0,101,3863.0,60
rb1805,20171219,20171218,210150000,3863.0,68090,2580350,2633812980.0,3864.0,81,3863.0,35
rb1805,20171219,20171218,210150500,3864.0,68140,2580354,2635744840.0,3864.0,111,3863.0,114
rb1805,20171219,20171218,210151000,3863.0,68264,2580296,2640535120.0,3864.0,94,3863.0,64
rb1805,20171219,20171218,210151500,3864.0,68368,2580308,2644553280.0,3864.0,128,3863.0,174
rb1805,20171219,20171218,210152000,3863.0,68398,2580326,2645712260.0,3864.0,110,3863.0,238
rb1805,20171219,20171218,210152500,3863.0,68460,2580330,2648107640.0,3864.0,102,3863.0,298
rb1805,20171219,20171218,210153000,3864.0,68512,2580342,2650116840.0,3864.0,80,3863.0,322
rb1805,20171219,20171218,210153500,3863.0,68690,2580314,2656994700.0,3864.0,1,3863.0,328
rb1805,20171219,20171218,210154000,3865.0,68812,2580224,2661708880.0,3865.0,907,3864.0,46
rb1805,20171219,20171218,210154500,3864.0,68848,2580218,2663100020.0,3865.0,913,3864.0,273
rb1805,20171219,20171218,210155000,3864.0,68856,2580214,2663409140.0,3865.0,890,3864.0,410
rb1805,20171219,20171218,210155500,3864.0,69016,2580142,2669592240.0,3865.0,850,3864.0,385
rb1805,20171219,20171218,210156000,3864.0,69076,2580090,2671911180.0,3865.0,823,3864.0,388
rb1805,20171219,20171218,210156500,3865.0,69110,2580086,2673225140.0,3865.0,813,3864.0,405
rb1805,20171219,20171218,210157000,3864.0,69914,2580350,2704291720.0,3864.0,122,3863.0,407
rb1805,20171219,20171218,210157500,3864.0,70228,2580300,2716424720.0,3865.0,822,3864.0,100
rb1805,20171219,20171218,210158000,3865.0,70236,2580300,2716733880.0,3865.0,822,3864.0,107
rb1805,20171219,20171218,210158500,3865.0,70252,2580298,2717352280.0,3865.0,816,3864.0,239
rb1805,20171219,20171218,210159000,3864.0,70304,2580282,2719361620.0,3865.0,816,3864.0,220
rb1805,20171219,20171218,210159500,3865.0,70426,2580186,2724076680.0,3865.0,769,3864.0,225
rb1805,20171219,20171218,210200000,3864.0,70502,2580200,2727013960.0,3865.0,740,3864.0,229
rb1805,20171219,20171218,210200500,3864.0,70628,2580166,2731883100.0,3865.0,738,3864.0,264
rb1805,20171219,20171218,210201000,3864.0,70650,2580162,2732733320.0,3865.0,731,3864.0,392
rb1805,20171219,20171218,210201500,3865.0,71102,2579850,2750200020.0,3865.0,660,3864.0,238
rb1805,20171219,20171218,210202000,3865.0,71162,2579824,2752518700.0,3865.0,680,3864.0,294
rb1805,20171219,20171218,210202500,3864.0,71250,2579830,2755919340.0,3865.0,665,3864.0,250
rb1805,20171219,20171218,210203000,3864.0,71492,2579748,2765270560.0,3865.0,648,3864.0,167
rb1805,20171219,20171218,210203500,3865.0,71522,2579736,2766429980.0,3865.0,638,3864.0,191
rb1805,20171219,20171218,210204000,3865.0,71890,2579394,2780652780.0,3865.0,540,3864.0,193
rb1805,20171219,20171218,210204500,3865.0,72174,2579164,2791628900.0,3865.0,432,3864.0,166
rb1805,20171219,20171218,210205000,3865.0,72306,2579180,2796730620.0,3865.0,371,3864.0,216
rb1805,20171219,20171218,210205500,3865.0,72828,2579422,2816905100.0,3865.0,161,3864.0,167
rb1805,20171219,20171218,210206000,3864.0,73526,2579558,2843882680.0,3865.0,2,3864.0,224
rb1805,20171219,20171218,210206500,3865.0,73562,2579538,2845274140.0,3866.0,288,3865.0,185
rb1805,20171219,20171218,210207000,3865.0,73600,2579540,2846742860.0,3866.0,279,3865.0,313
rb1805,20171219,20171218,210207500,3865.0,73640,2579558,2848289000.0,3866.0,284,3865.0,281
rb1805,20171219,20171218,210208000,3865.0,73998,2579632,2862125740.0,3866.0,284,3865.0,110
rb1805,20171219,20171218,210208500,3866.0,74020,2579624,2862976220.0,3866.0,285,3865.0,124
rb1805,20171219,20171218,210209000,3865.0,74026,2579626,2863208120.0,3866.0,285,3865.0,149
rb1805,20171219,20171218,210209500,3865.0,74200,2579568,2869934740.0,3866.0,190,3865.0,154
rb1805,20171219,20171218,210210000,3866.0,74332,2579662,2875037700.0,3866.0,132,3865.0,213
rb1805,20171219,20171218,210210500,3866.0,74574,2579638,2884393320.0,3866.0,16,3865.0,217
rb1805,20171219,20171218,210211000,3867.0,74644,2579636,2887099840.0,3867.0,184,3866.0,91
rb1805,20171219,20171218,210211500,3866.0,74736,2579648,2890657120.0,3867.0,127,3866.0,171
rb1805,20171219,20171218,210212000,3866.0,75060,2579670,2903186400.0,3868.0,305,3866.0,213
rb1805,20171219,20171218,210212500,3867.0,75086,2579674,2904192000.0,3868.0,295,3867.0,165
rb1805,20171219,20171218,210213000,3867.0,75222,2579782,2909451200.0,3868.0,417,3867.0,127
rb1805,20171219,20171218,210213500,3867.0,75692,2579896,2927628940.0,3868.0,303,3867.0,12
rb1805,20171219,20171218,210214000,3867.0,75798,2579858,2931727920.0,3867.0,48,3866.0,237
rb1805,20171219,20171218,210214500,3867.0,75952,2579782,2937683200.0,3868.0,301,3867.0,72
rb1805,20171219,20171218,210215000,3867.0,76140,2579746,2944953660.0,3868.0,296,3867.0,50
rb1805,20171219,20171218,210215500,3868.0,76352,2579884,2953152100.0,3868.0,280,3867.0,9
rb1805,20171219,20171218,210216000,3868.0,76816,2579880,2971099460.0,3868.0,69,3867.0,6
rb1805,20171219,20171218,210216500,3868.0,76968,2579894,2976978740.0,3869.0,555,3868.0,144
rb1805,20171219,20171218,210217000,3868.0,77006,2579884,2978448660.0,3869.0,551,3868.0,210
rb1805,20171219,20171218,210217500,3868.0,77058,2579862,2980460320.0,3869.0,573,3868.0,308
rb1805,20171219,20171218,210218000,3869.0,77070,2579854,2980924520.0,3869.0,573,3868.0,327
rb1805,20171219,20171218,210218500,3869.0,77154,2579840,2984174380.0,3869.0,533,3868.0,331
rb1805,20171219,20171218,210219000,3869.0,77564,2579752,3000037180.0,3869.0,350,3868.0,318
rb1805,20171219,20171218,210219500,3869.0,77738,2579754,3006768400.0,3869.0,307,3868.0,283
rb1805,20171219,20171218,210220000,3869.0,77862,2579844,3011565800.0,3869.0,254,3868.0,288
rb1805,20171219,20171218,210220500,3869.0,78048,2579848,3018761100.0,3869.0,222,3868.0,248
rb1805,20171219,20171218,210221000,3869.0,78120,2579870,3021546680.0,3869.0,229,3868.0,235
rb1805,20171219,20171218,210221500,3869.0,78170,2579904,3023480980.0,3869.0,217,3868.0,238
rb1805,20171219,20171218,210222000,3869.0,78212,2579882,3025105960.0,3869.0,218,3868.0,237
rb1805,20171219,20171218,210222500,3869.0,78268,2579892,3027272400.0,3869.0,212,3868.0,227
rb1805,20171219,20171218,210223000,3868.0,78372,2579874,3031296100.0,3869.0,177,3868.0,225
rb1805,20171219,20171218,210223500,3869.0,78464,2579874,3034855500.0,3869.0,158,3868.0,232
rb1805,20171219,20171218,210224000,3868.0,78512,2579884,3036712420.0,3869.0,161,3868.0,223
rb1805,20171219,20171218,210224500,3869.0,78566,2579902,3038801560.0,3869.0,176,3868.0,217
rb1805,20171219,20171218,210225000,3868.0,78684,2579912,3043366480.0,3869.0,153,3868.0,192
rb1805,20171219,20171218,210225500,3869.0,78758,2579902,3046229440.0,3869.0,142,3868.0,190
rb1805,20171219,20171218,210226000,3869.0,78794,2579916,3047622100.0,3869.0,140,3868.0,202
rb1805,20171219,20171218,210226500,3869.0,78826,2579926,3048860100.0,3869.0,134,3868.0,201
rb1805,20171219,20171218,210227000,3869.0,79112,2580052,3059925420.0,3870.0,465,3869.0,23
rb1805,20171219,20171218,210227500,3869.0,79244,2580080,3065032760.0,3870.0,454,3869.0,47
rb1805,20171219,20171218,210228000,3869.0,79326,2580142,3068205460.0,3870.0,349,3869.0,124
rb1805,20171219,20171218,210228500,3869.0,79408,2580164,3071378220.0,3870.0,346,3869.0,98
rb1805,20171219,20171218,210229000,3869.0,79488,2580126,3074473440.0,3870.0,357,3869.0,65
rb1805,20171219,20171218,210229500,3870.0,79556,2580150,3077104760.0,3870.0,337,3869.0,54
rb1805,20171219,20171218,210230000,3869.0,79658,2580152,3081052000.0,3870.0,286,3869.0,42
rb1805,20171219,20171218,210230500,3869.0,79752,2580184,3084689440.0,3870.0,262,3869.0,56
rb1805,20171219,20171218,210231000,3869.0,79814,2580164,3087088700.0,3870.0,243,3869.0,149
rb1805,20171219,20171218,210231500,3869.0,79910,2580140,3090803280.0,3870.0,228,3869.0,123
rb1805,20171219,20171218,210232000,3870.0,79940,2580120,3091964060.0,3870.0,240,3869.0,105
rb1805,20171219,20171218,210232500,3869.0,80094,2580122,3097923640.0,3870.0,190,3869.0,94
rb1805,20171219,20171218,210233000,3870.0,80148,2580154,3100013400.0,3870.0,174,3869.0,207
rb1805,20171219,20171218,210233500,3870.0,80202,2580182,3102102860.0,3870.0,155,3869.0,203
rb1805,20171219,20171218,210234000,3870.0,80280,2580204,3105121060.0,3870.0,149,3869.0,189
rb1805,20171219,20171218,210234500,3869.0,80314,2580208,3106436780.0,3870.0,183,3869.0,177
rb1805,20171219,20171218,210235000,3870.0,80456,2580234,3111931260.0,3870.0,192,3869.0,132
rb1805,20171219,20171218,210235500,3870.0,80624,2580200,3118432540.0,3870.0,137,3869.0,121
rb1805,20171219,20171218,210236000,3869.0,80680,2580226,3120599680.0,3870.0,103,3869.0,137
rb1805,20171219,20171218,210236500,3869.0,80762,2580256,3123772740.0,3870.0,96,3869.0,129
rb1805,20171219,20171218,210237000,3870.0,80782,2580252,3124546640.0,3870.0,106,3869.0,125
rb1805,20171219,20171218,210237500,3869.0,80828,2580246,3126326760.0,3870.0,163,3869.0,123
rb1805,20171219,20171218,210238000,3870.0,80850,2580252,3127178140.0,3870.0,197,3869.0,156
rb1805,20171219,20171218,210238500,3869.0,80868,2580260,3127874620.0,3870.0,213,3869.0,152
rb1805,20171219,20171218,210239000,3869.0,80896,2580260,3128958120.0,3870.0,208,3869.0,147
rb1805,20171219,20171218,210239500,3869.0,80954,2580256,3131202480.0,3870.0,212,3869.0,187
rb1805,20171219,20171218,210240000,3869.0,81042,2580304,3134607760.0,3870.0,192,3869.0,176
rb1805,20171219,20171218,210240500,3869.0,81062,2580322,3135381700.0,3870.0,192,3869.0,176
rb1805,20171219,20171218,210241000,3869.0,81114,2580348,3137393640.0,3870.0,217,3869.0,149
rb1805,20171219,20171218,210241500,3869.0,81434,2580608,3149774440.0,3869.0,45,3868.0,310
rb1805,20171219,20171218,210242000,3869.0,81484,2580612,3151708920.0,3869.0,107,3868.0,309
rb1805,20171219,20171218,210242500,3868.0,81518,2580634,3153024240.0,3869.0,238,3868.0,303
rb1805,20171219,20171218,210243000,3870.0,82192,2580724,3179102540.0,3869.0,3,3868.0,306
rb1805,20171219,20171218,210243500,3869.0,82216,2580716,3180031120.0,3870.0,168,3869.0,19
rb1805,20171219,20171218,210244000,3869.0,82238,2580700,3180882320.0,3870.0,167,3869.0,9
rb1805,20171219,20171218,210244500,3869.0,82286,2580694,3182739360.0,3870.0,173,3869.0,87
rb1805,20171219,20171218,210245000,3869.0,82300,2580704,3183281020.0,3870.0,190,3869.0,86
rb1805,20171219,20171218,210245500,3869.0,82508,2580610,3191328520.0,3869.0,77,3868.0,317
rb1805,20171219,20171218,210246000,3869.0,82512,2580610,3191483280.0,3869.0,96,3868.0,317
rb1805,20171219,20171218,210246500,3869.0,82718,2580684,3199453420.0,3869.0,15,3868.0,317
rb1805,20171219,20171218,210247000,3870.0,82812,2580728,3203089940.0,3870.0,207,3869.0,100
rb1805,20171219,20171218,210247500,3870.0,82884,2580726,3205875860.0,3870.0,204,3869.0,79
rb1805,20171219,20171218,210248000,3869.0,82992,2580644,3210054480.0,3870.0,206,3869.0,46
rb1805,20171219,20171218,210248500,3869.0,83144,2580602,3215935220.0,3869.0,139,3868.0,290
rb1805,20171219,20171218,210249000,3869.0,83374,2580784,3224833900.0,3870.0,215,3869.0,390
rb1805,20171219,20171218,210249500,3869.0,83418,2580806,3226536480.0,3870.0,182,3869.0,401
rb1805,20171219,20171218,210250000,3869.0,83550,2580844,3231644600.0,3870.0,139,3869.0,408
rb1805,20171219,20171218,210250500,3870.0,83620,2580820,3234353460.0,3870.0,132,3869.0,421
rb1805,20171219,20171218,210251000,3869.0,83642,2580840,3235204780.0,3870.0,134,3869.0,417
rb1805,20171219,20171218,210251500,3870.0,83688,2580852,3236984760.0,3870.0,133,3869.0,406
rb1805,20171219,20171218,210252000,3870.0,84204,2581016,3256953940.0,3871.0,246,3870.0,55
rb1805,20171219,20171218,210252500,3870.0,84282,2581048,3259972540.0,3871.0,246,3870.0,16
rb1805,20171219,20171218,210253000,3870.0,84400,2581054,3264539140.0,3870.0,126,3869.0,398
rb1805,20171219,20171218,210253500,3870.0,84636,2580992,3273672140.0,3870.0,20,3869.0,378
rb1805,20171219,20171218,210254000,3870.0,84718,2580964,3276845360.0,3870.0,4,3869.0,385
rb1805,20171219,20171218,210254500,3870.0,84740,2580958,3277696820.0,3871.0,264,3870.0,29
rb1805,20171219,20171218,210255000,3870.0,84794,2580942,3279786620.0,3870.0,50,3869.0,413
rb1805,20171219,20171218,210255500,3870.0,84946,2581076,3285668960.0,3870.0,248,3869.0,412
rb1805,20171219,20171218,210256000,3870.0,84968,2581094,3286520360.0,3870.0,258,3869.0,437
rb1805,20171219,20171218,210256500,3870.0,85032,2581126,3288997080.0,3870.0,273,3869.0,446
rb1805,20171219,20171218,210257000,3870.0,85062,2581142,3290157880.0,3870.0,273,3869.0,436
rb1805,20171219,20171218,210257500,3870.0,85186,2581210,3294955640.0,3870.0,271,3869.0,386
rb1805,20171219,20171218,210258000,3869.0,85882,2581590,3321884500.0,3870.0,294,3869.0,69
rb1805,20171219,20171218,210258500,3869.0,86064,2581706,3328926080.0,3869.0,475,3868.0,337
rb1805,20171219,20171218,210259000,3868.0,86738,2581414,3354996840.0,3868.0,196,3867.0,429
rb1805,20171219,20171218,210259500,3868.0,86754,2581412,3355615720.0,3868.0,493,3867.0,437
rb1805,20171219,20171218,210300000,3868.0,86984,2581414,3364509960.0,3868.0,493,3867.0,329
rb1805,20171219,20171218,210300500,3868.0,87176,2581522,3371934900.0,3868.0,191,3867.0,278
rb1805,20171219,20171218,210301000,3867.0,87794,2581902,3395834100.0,3868.0,158,3867.0,27
rb1805,20171219,20171218,210301500,3868.0,87844,2581890,3397767680.0,3868.0,205,3867.0,19
rb1805,20171219,20171218,210302000,3867.0,87898,2581908,3399855860.0,3867.0,47,3866.0,159
rb1805,20171219,20171218,210302500,3866.0,87934,2581928,3401247760.0,3867.0,235,3866.0,148
rb1805,20171219,20171218,210303000,3866.0,88206,2582174,3411763300.0,3866.0,216,3865.0,258
rb1805,20171219,20171218,210303500,3865.0,88580,2582472,3426220460.0,3866.0,213,3865.0,136
rb1805,20171219,20171218,210304000,3865.0,88722,2582440,3431708800.0,3866.0,216,3865.0,69
rb1805,20171219,20171218,210304500,3866.0,88800,2582476,3434723580.0,3866.0,219,3865.0,43
rb1805,20171219,20171218,210305000,3865.0,88870,2582502,3437429100.0,3866.0,221,3865.0,14
rb1805,20171219,20171218,210305500,3865.0,88906,2582474,3438820500.0,3865.0,88,3864.0,189
rb1805,20171219,20171218,210306000,3865.0,88926,2582474,3439593420.0,3865.0,189,3864.0,167
rb1805,20171219,20171218,210306500,3864.0,88964,2582486,3441061940.0,3865.0,256,3864.0,135
rb1805,20171219,20171218,210307000,3864.0,89046,2582506,3444230880.0,3865.0,259,3864.0,118
rb1805,20171219,20171218,210307500,3865.0,89184,2582478,3449564280.0,3865.0,246,3864.0,103
rb1805,20171219,20171218,210308000,3865.0,89552,2582642,3463785900.0,3865.0,221,3864.0,46
rb1805,20171219,20171218,210308500,3864.0,89606,2582662,3465872520.0,3865.0,225,3864.0,8
rb1805,20171219,20171218,210309000,3864.0,89632,2582654,3466877160.0,3864.0,43,3863.0,447
rb1805,20171219,20171218,210309500,3863.0,89692,2582610,3469195420.0,3864.0,132,3863.0,441
rb1805,20171219,20171218,210310000,3863.0,89986,2582576,3480553240.0,3864.0,127,3863.0,326
rb1805,20171219,20171218,210310500,3864.0,90284,2582534,3492065140.0,3864.0,140,3863.0,189
rb1805,20171219,20171218,210311000,3863.0,90368,2582576,3495310120.0,3864.0,151,3863.0,159
rb1805,20171219,20171218,210311500,3864.0,90790,2582746,3511614080.0,3864.0,63,3863.0,60
rb1805,20171219,20171218,210312000,3863.0,91136,2582918,3524982220.0,3863.0,3,3862.0,929
rb1805,20171219,20171218,210312500,3863.0,91496,2582712,3538889280.0,3864.0,43,3863.0,33
rb1805,20171219,20171218,210313000,3864.0,91748,2582680,3548622780.0,3863.0,5,3862.0,860
rb1805,20171219,20171218,210313500,3863.0,91870,2582666,3553335720.0,3863.0,69,3862.0,890
rb1805,20171219,20171218,210314000,3862.0,92070,2582780,3561061760.0,3863.0,16,3862.0,887
rb1805,20171219,20171218,210314500,3863.0,92324,2582890,3570873660.0,3864.0,155,3863.0,37
rb1805,20171219,20171218,210315000,3863.0,92380,2582886,3573037120.0,3864.0,212,3863.0,77
rb1805,20171219,20171218,210315500,3863.0,92618,2582960,3582231160.0,3864.0,212,3863.0,76
rb1805,20171219,20171218,210316000,3862.0,92806,2583108,3589493480.0,3863.0,223,3862.0,894
rb1805,20171219,20171218,210316500,3862.0,93054,2583080,3599072460.0,3863.0,427,3862.0,810
rb1805,20171219,20171218,210317000,3863.0,93186,2583132,3604170700.0,3863.0,434,3862.0,770
rb1805,20171219,20171218,210317500,3862.0,93320,2583126,3609346640.0,3863.0,398,3862.0,749
rb1805,20171219,20171218,210318000,3863.0,93526,2583212,3617302900.0,3863.0,407,3862.0,687
rb1805,20171219,20171218,210318500,3862.0,94104,2583668,3639625540.0,3863.0,397,3862.0,414
rb1805,20171219,20171218,210319000,3862.0,94976,2583950,3673302480.0,3862.0,371,3861.0,701
rb1805,20171219,20171218,210319500,3862.0,95244,2583930,3683652420.0,3862.0,289,3861.0,664
rb1805,20171219,20171218,210320000,3862.0,95360,2583866,3688131400.0,3862.0,290,3861.0,583
rb1805,20171219,20171218,210320500,3862.0,95650,2583750,3699328860.0,3862.0,311,3861.0,468
rb1805,20171219,20171218,210321000,3861.0,95788,2583740,3704657120.0,3862.0,313,3861.0,419
rb1805,20171219,20171218,210321500,3861.0,96024,2583706,3713769400.0,3862.0,299,3861.0,349
rb1805,20171219,20171218,210322000,3861.0,96494,2583784,3731916760.0,3862.0,265,3861.0,161
rb1805,20171219,20171218,210322500,3861.0,97106,2583720,3755546080.0,3861.0,111,3860.0,1474
rb1805,20171219,20171218,210323000,3861.0,97656,2583734,3776778480.0,3861.0,67,3860.0,1356
rb1805,20171219,20171218,210323500,3860.0,98390,2584200,3805112320.0,3861.0,24,3860.0,1064
rb1805,20171219,20171218,210324000,3861.0,99654,2583710,3853908260.0,3862.0,234,3861.0,89
rb1805,20171219,20171218,210324500,3861.0,100110,2583648,3871515060.0,3862.0,244,3861.0,131
rb1805,20171219,20171218,210325000,3861.0,100328,2583602,3879932640.0,3862.0,216,3861.0,182
rb1805,20171219,20171218,210325500,3861.0,100726,2583616,3895300680.0,3862.0,133,3861.0,125
rb1805,20171219,20171218,210326000,3861.0,100846,2583560,3899933920.0,3862.0,173,3861.0,114
rb1805,20171219,20171218,210326500,3860.0,101112,2583572,3910204100.0,3861.0,94,3860.0,719
rb1805,20171219,20171218,210327000,3860.0,101200,2583560,3913601500.0,3861.0,186,3860.0,709
rb1805,20171219,20171218,210327500,3860.0,101364,2583558,3919932400.0,3861.0,232,3860.0,664
rb1805,20171219,20171218,210328000,3861.0,101732,2583534,3934138560.0,3861.0,217,3860.0,552
rb1805,20171219,20171218,210328500,3860.0,101884,2583582,3940005960.0,3861.0,328,3860.0,497
rb1805,20171219,20171218,210329000,3860.0,102962,2584322,3981616400.0,3860.0,137,3859.0,260
rb1805,20171219,20171218,210329500,3860.0,103142,2584394,3988563380.0,3860.0,296,3859.0,214
rb1805,20171219,20171218,210330000,3860.0,103374,2584528,3997518080.0,3860.0,215,3859.0,191
rb1805,20171219,20171218,210330500,3860.0,103962,2584482,4020209160.0,3860.0,241,3858.0,918
rb1805,20171219,20171218,210331000,3858.0,104118,2584466,4026229200.0,3859.0,39,3858.0,914
rb1805,20171219,20171218,210331500,3860.0,105244,2584226,4069677620.0,3860.0,197,3859.0,1
rb1805,20171219,20171218,210332000,3858.0,105492,2584282,4079246600.0,3859.0,41,3858.0,611
rb1805,20171219,20171218,210332500,3859.0,105836,2584358,4092521800.0,3860.0,330,3859.0,148
rb1805,20171219,20171218,210333000,3859.0,105904,2584332,4095146140.0,3860.0,305,3859.0,193
rb1805,20171219,20171218,210333500,3859.0,105980,2584266,4098079180.0,3860.0,333,3859.0,322
rb1805,20171219,20171218,210334000,3859.0,106424,2584198,4115216700.0,3860.0,174,3859.0,358
rb1805,20171219,20171218,210334500,3859.0,107024,2584126,4138374180.0,3860.0,26,3859.0,272
rb1805,20171219,20171218,210335000,3860.0,107832,2583490,4169558120.0,3861.0,291,3860.0,41
rb1805,20171219,20171218,210335500,3860.0,108008,2583434,4176351280.0,3860.0,5,3859.0,36
rb1805,20171219,20171218,210336000,3859.0,108186,2583496,4183220440.0,3859.0,87,3858.0,696
rb1805,20171219,20171218,210336500,3859.0,109490,2583930,4233533380.0,3859.0,4,3858.0,222
rb1805,20171219,20171218,210337000,3859.0,109568,2583892,4236543340.0,3859.0,341,3858.0,222
rb1805,20171219,20171218,210337500,3859.0,109640,2583938,4239321300.0,3859.0,384,3858.0,199
rb1805,20171219,20171218,210338000,3858.0,109762,2583958,4244028660.0,3859.0,356,3858.0,182
rb1805,20171219,20171218,210338500,3859.0,109980,2583834,4252440500.0,3859.0,289,3858.0,182
rb1805,20171219,20171218,210339000,3859.0,110266,2583752,4263475760.0,3859.0,200,3858.0,117
rb1805,20171219,20171218,210339500,3858.0,110992,2583844,4291484860.0,3858.0,216,3857.0,511
rb1805,20171219,20171218,210340000,3859.0,111606,2584348,4315173720.0,3859.0,191,3858.0,418
rb1805,20171219,20171218,210340500,3859.0,112442,2584176,4347434980.0,3860.0,87,3859.0,40
rb1805,20171219,20171218,210341000,3859.0,113070,2584432,4371678540.0,3860.0,1,3859.0,164
rb1805,20171219,20171218,210341500,3860.0,113218,2584364,4377391460.0,3861.0,86,3860.0,250
rb1805,20171219,20171218,210342000,3861.0,113778,2584298,4399008860.0,3862.0,222,3861.0,18
rb1805,20171219,20171218,210342500,3861.0,113876,2584336,4402792640.0,3862.0,194,3861.0,16
rb1805,20171219,20171218,210343000,3860.0,114374,2584310,4422020040.0,3862.0,213,3861.0,1
rb1805,20171219,20171218,210343500,3861.0,114844,2584702,4440162220.0,3862.0,238,3861.0,16
rb1805,20171219,20171218,210344000,3859.0,114926,2584720,4443327340.0,3860.0,1,3859.0,279
rb1805,20171219,20171218,210344500,3860.0,114960,2584720,4444639860.0,3861.0,112,3860.0,21
rb1805,20171219,20171218,210345000,3860.0,115012,2584746,4446647300.0,3861.0,128,3860.0,205
rb1805,20171219,20171218,210345500,3861.0,115102,2584756,4450122060.0,3861.0,63,3860.0,257
rb1805,20171219,20171218,210346000,3861.0,115190,2584696,4453519660.0,3861.0,68,3860.0,314
rb1805,20171219,20171218,210346500,3861.0,115478,2584564,4464639380.0,3861.0,9,3860.0,310
rb1805,20171219,20171218,210347000,3860.0,115558,2584566,4467728140.0,3861.0,26,3860.0,337
rb1805,20171219,20171218,210347500,3861.0,115694,2584614,4472978980.0,3862.0,273,3861.0,2
rb1805,20171219,20171218,210348000,3861.0,115774,2584584,4476067220.0,3861.0,118,3860.0,320
rb1805,20171219,20171218,210348500,3860.0,115900,2584570,4480931520.0,3861.0,128,3860.0,341
rb1805,20171219,20171218,210349000,3861.0,116550,2584304,4506026920.0,3862.0,265,3861.0,11
rb1805,20171219,20171218,210349500,3861.0,116664,2584268,4510428800.0,3861.0,11,3860.0,250
rb1805,20171219,20171218,210350000,3861.0,116722,2584278,4512667920.0,3861.0,11,3860.0,257
rb1805,20171219,20171218,210350500,3861.0,116922,2584134,4520388100.0,3861.0,21,3860.0,174
rb1805,20171219,20171218,210351000,3861.0,117142,2584204,4528880460.0,3861.0,80,3860.0,89
rb1805,20171219,20171218,210351500,3861.0,117324,2584158,4535906360.0,3861.0,115,3860.0,38
rb1805,20171219,20171218,210352000,3860.0,117426,2584134,4539843560.0,3860.0,27,3859.0,239
rb1805,20171219,20171218,210352500,3860.0,117506,2584150,4542931380.0,3860.0,35,3859.0,229
rb1805,20171219,20171218,210353000,3859.0,118038,2583996,4563461680.0,3859.0,378,3858.0,585
rb1805,20171219,20171218,210353500,3859.0,118086,2583980,4565314000.0,3859.0,356,3858.0,593
rb1805,20171219,20171218,210354000,3859.0,118216,2583892,4570330700.0,3859.0,291,3858.0,609
rb1805,20171219,20171218,210354500,3859.0,118744,2583816,4590702780.0,3859.0,209,3858.0,440
rb1805,20171219,20171218,210355000,3859.0,118818,2583812,4593558240.0,3859.0,198,3858.0,434
rb1805,20171219,20171218,210355500,3858.0,119194,2583756,4608065680.0,3859.0,131,3858.0,325
rb1805,20171219,20171218,210356000,3859.0,119368,2583666,4614779880.0,3859.0,97,3858.0,323
rb1805,20171219,20171218,210356500,3858.0,119434,2583656,4617326520.0,3859.0,64,3858.0,370
rb1805,20171219,20171218,210357000,3858.0,119592,2583572,4623423460.0,3860.0,97,3859.0,26
rb1805,20171219,20171218,210357500,3859.0,119762,2583494,4629983700.0,3859.0,466,3858.0,437
rb1805,20171219,20171218,210358000,3859.0,120118,2583338,4643720440.0,3859.0,358,3858.0,377
rb1805,20171219,20171218,210358500,3859.0,120218,2583286,4647579340.0,3859.0,351,3858.0,379
rb1805,20171219,20171218,210359000,3859.0,120626,2583370,4663320420.0,3859.0,329,3858.0,201
rb1805,20171219,20171218,210359500,3858.0,120676,2583356,4665249680.0,3859.0,341,3858.0,190
rb1805,20171219,20171218,210400000,3858.0,120826,2583452,4671036960.0,3859.0,330,3858.0,137
rb1805,20171219,20171218,210400500,3859.0,121168,2583330,4684232160.0,3859.0,288,3858.0,27
rb1805,20171219,20171218,210401000,3858.0,121424,2583304,4694109300.0,3859.0,256,3858.0,121
rb1805,20171219,20171218,210401500,3858.0,121594,2583274,4700669380.0,3859.0,188,3858.0,325
rb1805,20171219,20171218,210402000,3859.0,122060,2583156,4718652320.0,3860.0,127,3859.0,136
rb1805,20171219,20171218,210402500,3859.0,122338,2583060,4729382640.0,3861.0,165,3859.0,398
rb1805,20171219,20171218,210403000,3859.0,122444,2583098,4733473400.0,3861.0,131,3859.0,368
rb1805,20171219,20171218,210403500,3859.0,122632,2583202,4740728640.0,3860.0,22,3859.0,307
rb1805,20171219,20171218,210404000,3860.0,122706,2583192,4743585220.0,3861.0,156,3860.0,45
rb1805,20171219,20171218,210404500,3860.0,122900,2583098,4751073000.0,3860.0,9,3859.0,329
rb1805,20171219,20171218,210405000,3860.0,123038,2583124,4756400220.0,3861.0,179,3860.0,18
rb1805,20171219,20171218,210405500,3861.0,123054,2583138,4757017960.0,3861.0,188,3860.0,35
rb1805,20171219,20171218,210406000,3860.0,123134,2583162,4760106440.0,3861.0,169,3860.0,24
rb1805,20171219,20171218,210406500,3860.0,123178,2583182,4761805120.0,3861.0,197,3860.0,27
rb1805,20171219,20171218,210407000,3861.0,123532,2583268,4775467600.0,3860.0,1,3859.0,57
rb1805,20171219,20171218,210407500,3860.0,123604,2583266,4778247020.0,3860.0,1,3859.0,67
rb1805,20171219,20171218,210408000,3861.0,123698,2583242,4781875640.0,3861.0,174,3860.0,2
rb1805,20171219,20171218,210408500,3860.0,123966,2583110,4792222120.0,3861.0,91,3860.0,4
rb1805,20171219,20171218,210409000,3860.0,124096,2583134,4797240880.0,3860.0,8,3859.0,98
rb1805,20171219,20171218,210409500,3861.0,124126,2583128,4798399000.0,3861.0,81,3860.0,28
rb1805,20171219,20171218,210410000,3861.0,124234,2583150,4802568300.0,3861.0,53,3860.0,37
rb1805,20171219,20171218,210410500,3861.0,124382,2583116,4808282320.0,3862.0,274,3861.0,11
rb1805,20171219,20171218,210411000,3862.0,125038,2583290,4833614180.0,3862.0,93,3861.0,17
rb1805,20171219,20171218,210411500,3860.0,125102,2583278,4836084920.0,3861.0,7,3860.0,117
rb1805,20171219,20171218,210412000,3861.0,125196,2583258,4839713820.0,3861.0,83,3860.0,111
rb1805,20171219,20171218,210412500,3861.0,125470,2583072,4850292880.0,3862.0,138,3861.0,38
rb1805,20171219,20171218,210413000,3861.0,125584,2583074,4854694500.0,3861.0,13,3860.0,104
rb1805,20171219,20171218,210413500,3861.0,125660,2583050,4857628800.0,3861.0,19,3860.0,131
rb1805,20171219,20171218,210414000,3860.0,125810,2583042,4863420120.0,3862.0,213,3861.0,2
rb1805,20171219,20171218,210414500,3861.0,125860,2583036,4865350580.0,3861.0,21,3860.0,133
rb1805,20171219,20171218,210415000,3860.0,126166,2583200,4877162240.0,3860.0,51,3859.0,206
rb1805,20171219,20171218,210415500,3861.0,126310,2583214,4882720820.0,3861.0,82,3860.0,26
rb1805,20171219,20171218,210416000,3860.0,126464,2583226,4888665660.0,3861.0,139,3860.0,169
rb1805,20171219,20171218,210416500,3861.0,126524,2583222,4890981880.0,3861.0,203,3860.0,183
rb1805,20171219,20171218,210417000,3860.0,126976,2583046,4908429080.0,3860.0,567,3859.0,151
rb1805,20171219,20171218,210417500,3859.0,127312,2583136,4921395320.0,3859.0,123,3858.0,638
rb1805,20171219,20171218,210418000,3858.0,127888,2583414,4943620220.0,3859.0,19,3858.0,513
rb1805,20171219,20171218,210418500,3859.0,128132,2583598,4953036100.0,3859.0,29,3858.0,510
rb1805,20171219,20171218,210419000,3859.0,128172,2583586,4954579700.0,3859.0,136,3858.0,502
rb1805,20171219,20171218,210419500,3858.0,128234,2583576,4956972140.0,3859.0,158,3858.0,518
rb1805,20171219,20171218,210420000,3859.0,128288,2583584,4959055940.0,3859.0,178,3858.0,502
rb1805,20171219,20171218,210420500,3859.0,128556,2583674,4969396660.0,3859.0,113,3858.0,517
rb1805,20171219,20171218,210421000,3859.0,129008,2583698,4986836400.0,3859.0,65,3858.0,388
rb1805,20171219,20171218,210421500,3858.0,129096,2583710,4990231820.0,3859.0,46,3858.0,358
rb1805,20171219,20171218,210422000,3859.0,129220,2583772,4995016660.0,3860.0,732,3859.0,2
rb1805,20171219,20171218,210422500,3859.0,129418,2583782,5002657120.0,3859.0,57,3858.0,334
rb1805,20171219,20171218,210423000,3859.0,129490,2583806,5005435520.0,3859.0,171,3858.0,333
rb1805,20171219,20171218,210423500,3858.0,130326,2584262,5037689980.0,3858.0,8,3857.0,670
rb1805,20171219,20171218,210424000,3858.0,130842,2584304,5057593700.0,3858.0,4,3857.0,493
rb1805,20171219,20171218,210424500,3858.0,130946,2584266,5061605560.0,3858.0,123,3857.0,470
rb1805,20171219,20171218,210425000,3858.0,131668,2584456,5089455860.0,3858.0,22,3857.0,260
rb1805,20171219,20171218,210425500,3858.0,131934,2584552,5099718680.0,3859.0,174,3858.0,137
rb1805,20171219,20171218,210426000,3858.0,132054,2584550,5104348740.0,3859.0,139,3858.0,110
rb1805,20171219,20171218,210426500,3858.0,132488,2584590,5121092460.0,3859.0,138,3858.0,2
rb1805,20171219,20171218,210427000,3858.0,132622,2584668,5126262260.0,3858.0,82,3857.0,317
rb1805,20171219,20171218,210427500,3858.0,133240,2584882,5150104520.0,3858.0,2,3857.0,300
rb1805,20171219,20171218,210428000,3858.0,133434,2584974,5157589060.0,3859.0,127,3858.0,239
rb1805,20171219,20171218,210428500,3859.0,134186,2585294,5186606380.0,3859.0,24,3858.0,128
rb1805,20171219,20171218,210429000,3858.0,134808,2585044,5210602880.0,3858.0,30,3857.0,279
rb1805,20171219,20171218,210429500,3859.0,134888,2584980,5213689260.0,3859.0,20,3858.0,36
rb1805,20171219,20171218,210430000,3859.0,135358,2585188,5231819480.0,3860.0,708,3859.0,3
rb1805,20171219,20171218,210430500,3858.0,135486,2585202,5236758160.0,3859.0,64,3858.0,149
rb1805,20171219,20171218,210431000,3858.0,135892,2584862,5252421660.0,3858.0,567,3857.0,163
rb1805,20171219,20171218,210431500,3858.0,136030,2584792,5257745280.0,3858.0,555,3857.0,148
rb1805,20171219,20171218,210432000,3857.0,136086,2584782,5259905480.0,3858.0,564,3857.0,132
rb1805,20171219,20171218,210432500,3858.0,136498,2584704,5275796900.0,3858.0,536,3856.0,1595
rb1805,20171219,20171218,210433000,3858.0,136674,2584724,5282584880.0,3858.0,498,3856.0,1569
rb1805,20171219,20171218,210433500,3858.0,137078,2584432,5298166860.0,3858.0,455,3857.0,56
rb1805,20171219,20171218,210434000,3857.0,137372,2584402,5309508040.0,3858.0,380,3857.0,113
rb1805,20171219,20171218,210434500,3858.0,137448,2584394,5312439940.0,3858.0,353,3857.0,432
rb1805,20171219,20171218,210435000,3858.0,137604,2584342,5318457960.0,3858.0,301,3857.0,444
rb1805,20171219,20171218,210435500,3857.0,137850,2584296,5327946700.0,3858.0,290,3857.0,377
rb1805,20171219,20171218,210436000,3857.0,137932,2584262,5331109680.0,3858.0,266,3857.0,368
rb1805,20171219,20171218,210436500,3858.0,138088,2584164,5337127380.0,3858.0,227,3857.0,341
rb1805,20171219,20171218,210437000,3858.0,138134,2584150,5338901800.0,3858.0,217,3857.0,343
rb1805,20171219,20171218,210437500,3857.0,138430,2584100,5350319620.0,3858.0,232,3857.0,255
rb1805,20171219,20171218,210438000,3858.0,138864,2583900,5367060480.0,3858.0,158,3857.0,166
rb1805,20171219,20171218,210438500,3857.0,139010,2583836,5372692460.0,3858.0,125,3857.0,142
rb1805,20171219,20171218,210439000,3858.0,139076,2583786,5375238180.0,3858.0,121,3857.0,139
rb1805,20171219,20171218,210439500,3858.0,139400,2583776,5387737400.0,3859.0,175,3858.0,220
rb1805,20171219,20171218,210440000,3858.0,139424,2583760,5388663320.0,3859.0,164,3858.0,223
rb1805,20171219,20171218,210440500,3859.0,139446,2583740,5389512120.0,3859.0,155,3858.0,307
rb1805,20171219,20171218,210441000,3859.0,139570,2583722,5394296100.0,3859.0,149,3858.0,263
rb1805,20171219,20171218,210441500,3858.0,139620,2583690,5396225100.0,3859.0,150,3858.0,246
rb1805,20171219,20171218,210442000,3858.0,139798,2583602,5403092980.0,3859.0,143,3858.0,206
rb1805,20171219,20171218,210442500,3859.0,139848,2583602,5405022100.0,3859.0,138,3858.0,196
rb1805,20171219,20171218,210443000,3858.0,140070,2583518,5413587260.0,3859.0,88,3858.0,114
rb1805,20171219,20171218,210443500,3858.0,140124,2583510,5415670980.0,3859.0,76,3858.0,129
rb1805,20171219,20171218,210444000,3858.0,140432,2583574,5427553700.0,3858.0,65,3857.0,307
rb1805,20171219,20171218,210444500,3858.0,140594,2583626,5433803700.0,3859.0,66,3858.0,43
rb1805,20171219,20171218,210445000,3858.0,140990,2583754,5449082520.0,3858.0,150,3857.0,310
rb1805,20171219,20171218,210445500,3857.0,141138,2583796,5454792340.0,3858.0,85,3857.0,454
rb1805,20171219,20171218,210446000,3858.0,141360,2583982,5463357140.0,3859.0,64,3858.0,123
rb1805,20171219,20171218,210446500,3858.0,141404,2584006,5465054740.0,3859.0,58,3858.0,172
rb1805,20171219,20171218,210447000,3859.0,141700,2584034,5476477380.0,3860.0,811,3859.0,204
rb1805,20171219,20171218,210447500,3859.0,141744,2584058,5478175460.0,3860.0,796,3859.0,255
rb1805,20171219,20171218,210448000,3859.0,141836,2584088,5481725760.0,3860.0,791,3859.0,242
rb1805,20171219,20171218,210448500,3859.0,141922,2584154,5485044640.0,3860.0,759,3859.0,200
rb1805,20171219,20171218,210449000,3859.0,141946,2584168,5485970800.0,3860.0,759,3859.0,211
rb1805,20171219,20171218,210449500,3859.0,141958,2584178,5486433960.0,3860.0,755,3859.0,211
rb1805,20171219,20171218,210450000,3859.0,141984,2584186,5487437480.0,3860.0,726,3859.0,229
rb1805,20171219,20171218,210450500,3859.0,142108,2584306,5492222660.0,3860.0,720,3859.0,219
rb1805,20171219,20171218,210451000,3859.0,142212,2584294,5496236560.0,3860.0,706,3859.0,193
rb1805,20171219,20171218,210451500,3860.0,142608,2583950,5511522020.0,3860.0,520,3859.0,216
rb1805,20171219,20171218,210452000,3859.0,142650,2583934,5513143000.0,3860.0,503,3859.0,254
rb1805,20171219,20171218,210452500,3859.0,143026,2583720,5527656360.0,3860.0,326,3859.0,287
rb1805,20171219,20171218,210453000,3859.0,143326,2583592,5539235500.0,3860.0,220,3859.0,221
rb1805,20171219,20171218,210453500,3859.0,143540,2583640,5547494060.0,3860.0,221,3859.0,130
rb1805,20171219,20171218,210454000,3859.0,143590,2583630,5549424020.0,3860.0,276,3859.0,118
rb1805,20171219,20171218,210454500,3860.0,143654,2583630,5551894100.0,3860.0,273,3859.0,134
rb1805,20171219,20171218,210455000,3859.0,144008,2583760,5565555140.0,3860.0,263,3859.0,84
rb1805,20171219,20171218,210455500,3859.0,144034,2583760,5566558700.0,3860.0,254,3859.0,105
rb1805,20171219,20171218,210456000,3860.0,144110,2583768,5569492000.0,3860.0,221,3859.0,148
rb1805,20171219,20171218,210456500,3860.0,144588,2583682,5587942040.0,3860.0,14,3859.0,157
rb1805,20171219,20171218,210457000,3860.0,144666,2583714,5590952840.0,3861.0,105,3860.0,68
rb1805,20171219,20171218,210457500,3861.0,144974,2583912,5602844460.0,3861.0,14,3860.0,153
rb1805,20171219,20171218,210458000,3860.0,145064,2583914,5606318940.0,3861.0,26,3860.0,184
rb1805,20171219,20171218,210458500,3861.0,145182,2583874,5610874440.0,3861.0,74,3860.0,140
rb1805,20171219,20171218,210459000,3860.0,145250,2583876,5613499380.0,3861.0,88,3860.0,99
rb1805,20171219,20171218,210459500,3861.0,145278,2583874,5614580420.0,3861.0,161,3860.0,107
rb1805,20171219,20171218,210500000,3860.0,145388,2583814,5618827180.0,3861.0,121,3860.0,91
rb1805,20171219,20171218,210500500,3860.0,145522,2583806,5624000400.0,3861.0,91,3860.0,82
rb1805,20171219,20171218,210501000,3860.0,145548,2583828,5625004160.0,3861.0,119,3860.0,191
rb1805,20171219,20171218,210501500,3860.0,145586,2583842,5626471180.0,3861.0,158,3860.0,193
rb1805,20171219,20171218,210502000,3860.0,145642,2583842,5628632980.0,3861.0,191,3860.0,181
rb1805,20171219,20171218,210502500,3861.0,145780,2583832,5633959900.0,3861.0,180,3860.0,132
rb1805,20171219,20171218,210503000,3860.0,146090,2583838,5645925880.0,3860.0,11,3859.0,211
rb1805,20171219,20171218,210503500,3860.0,146116,2583848,5646929440.0,3860.0,137,3859.0,187
rb1805,20171219,20171218,210504000,3860.0,146206,2583870,5650403380.0,3860.0,141,3859.0,171
rb1805,20171219,20171218,210504500,3859.0,146598,2583708,5665530940.0,3859.0,344,3858.0,261
rb1805,20171219,20171218,210505000,3858.0,146860,2583720,5675638940.0,3859.0,358,3858.0,93
rb1805,20171219,20171218,210505500,3859.0,146972,2583696,5679960040.0,3859.0,359,3858.0,74
rb1805,20171219,20171218,210506000,3859.0,147050,2583686,5682969660.0,3859.0,351,3858.0,54
rb1805,20171219,20171218,210506500,3858.0,147170,2583678,5687599300.0,3858.0,45,3857.0,434
rb1805,20171219,20171218,210507000,3858.0,147208,2583684,5689065340.0,3858.0,67,3857.0,423
rb1805,20171219,20171218,210507500,3858.0,147560,2583956,5702645460.0,3859.0,331,3858.0,334
rb1805,20171219,20171218,210508000,3858.0,147618,2583988,5704883200.0,3859.0,331,3858.0,337
rb1805,20171219,20171218,210508500,3858.0,147718,2584076,5708741240.0,3859.0,333,3858.0,298
rb1805,20171219,20171218,210509000,3859.0,147906,2584232,5715994400.0,3859.0,327,3858.0,227
rb1805,20171219,20171218,210509500,3858.0,147956,2584252,5717923420.0,3859.0,366,3858.0,255
rb1805,20171219,20171218,210510000,3859.0,147986,2584254,5719081000.0,3859.0,357,3858.0,333
rb1805,20171219,20171218,210510500,3858.0,148108,2584278,5723788200.0,3859.0,355,3858.0,297
rb1805,20171219,20171218,210511000,3858.0,148154,2584280,5725562960.0,3859.0,352,3858.0,283
rb1805,20171219,20171218,210511500,3858.0,148220,2584314,5728109240.0,3859.0,358,3858.0,230
rb1805,20171219,20171218,210512000,3858.0,148266,2584338,5729883940.0,3859.0,371,3858.0,221
rb1805,20171219,20171218,210512500,3859.0,148282,2584342,5730501320.0,3859.0,386,3858.0,220
rb1805,20171219,20171218,210513000,3859.0,148512,2584364,5739376780.0,3859.0,281,3858.0,210
rb1805,20171219,20171218,210513500,3858.0,148596,2584416,5742617520.0,3859.0,283,3858.0,174
rb1805,20171219,20171218,210514000,3859.0,148640,2584390,5744315180.0,3859.0,235,3858.0,168
rb1805,20171219,20171218,210514500,3858.0,148670,2584376,5745472740.0,3859.0,236,3858.0,210
rb1805,20171219,20171218,210515000,3858.0,149792,2584020,5788759900.0,3858.0,8,3857.0,449
rb1805,20171219,20171218,210515500,3858.0,149876,2583996,5792001040.0,3859.0,203,3858.0,33
rb1805,20171219,20171218,210516000,3859.0,149966,2583978,5795473760.0,3859.0,208,3858.0,52
rb1805,20171219,20171218,210516500,3858.0,150016,2583970,5797403080.0,3859.0,191,3858.0,109
rb1805,20171219,20171218,210517000,3859.0,150076,2583978,5799717940.0,3859.0,163,3858.0,138
rb1805,20171219,20171218,210517500,3859.0,150164,2583980,5803113400.0,3859.0,144,3858.0,126
rb1805,20171219,20171218,210518000,3859.0,150266,2583898,5807049340.0,3859.0,107,3858.0,114
rb1805,20171219,20171218,210518500,3858.0,150380,2583928,5811447460.0,3859.0,130,3858.0,108
rb1805,20171219,20171218,210519000,3858.0,150684,2583854,5823175820.0,3858.0,60,3857.0,450
rb1805,20171219,20171218,210519500,3858.0,150754,2583830,5825876380.0,3858.0,93,3857.0,448
rb1805,20171219,20171218,210520000,3858.0,150788,2583818,5827188040.0,3858.0,325,3857.0,455
rb1805,20171219,20171218,210520500,3857.0,151400,2583886,5850793160.0,3858.0,386,3857.0,173
rb1805,20171219,20171218,210521000,3857.0,151766,2583942,5864909940.0,3857.0,43,3856.0,1542
rb1805,20171219,20171218,210521500,3857.0,151870,2584026,5868921360.0,3858.0,421,3857.0,70
rb1805,20171219,20171218,210522000,3857.0,152120,2584108,5878564680.0,3858.0,390,3857.0,25
rb1805,20171219,20171218,210522500,3858.0,152212,2584080,5882113640.0,3858.0,366,3857.0,19
rb1805,20171219,20171218,210523000,3859.0,153000,2584292,5912514760.0,3859.0,143,3858.0,117
rb1805,20171219,20171218,210523500,3858.0,153216,2584460,5920848240.0,3859.0,111,3858.0,47
rb1805,20171219,20171218,210524000,3857.0,153444,2584440,5929643320.0,3858.0,2,3857.0,246
rb1805,20171219,20171218,210524500,3858.0,153466,2584440,5930492080.0,3859.0,111,3858.0,11
rb1805,20171219,20171218,210525000,3859.0,153480,2584430,5931032220.0,3859.0,138,3858.0,105
rb1805,20171219,20171218,210525500,3858.0,153542,2584440,5933424300.0,3859.0,141,3858.0,104
rb1805,20171219,20171218,210526000,3858.0,153572,2584454,5934581760.0,3859.0,139,3858.0,164
rb1805,20171219,20171218,210526500,3858.0,153678,2584558,5938671240.0,3859.0,130,3858.0,114
rb1805,20171219,20171218,210527000,3858.0,153724,2584592,5940445920.0,3859.0,97,3858.0,120
rb1805,20171219,20171218,210527500,3858.0,153876,2584526,5946310080.0,3859.0,113,3858.0,68
rb1805,20171219,20171218,210528000,3858.0,153924,2584532,5948162020.0,3859.0,133,3858.0,62
rb1805,20171219,20171218,210528500,3858.0,153974,2584532,5950091180.0,3859.0,131,3858.0,46
rb1805,20171219,20171218,210529000,3858.0,154002,2584558,5951171640.0,3859.0,122,3858.0,55
rb1805,20171219,20171218,210529500,3858.0,154076,2584550,5954026800.0,3859.0,86,3858.0,40
rb1805,20171219,20171218,210530000,3859.0,154082,2584550,5954258320.0,3859.0,85,3858.0,45
rb1805,20171219,20171218,210530500,3858.0,154318,2584390,5963363440.0,3858.0,3,3857.0,308
rb1805,20171219,20171218,210531000,3858.0,154364,2584414,5965138120.0,3859.0,95,3858.0,32
rb1805,20171219,20171218,210531500,3858.0,154414,2584436,5967067220.0,3859.0,99,3858.0,37
rb1805,20171219,20171218,210532000,3858.0,154424,2584436,5967453040.0,3859.0,83,3858.0,118
rb1805,20171219,20171218,210532500,3858.0,154576,2584512,5973318200.0,3859.0,30,3858.0,159
rb1805,20171219,20171218,210533000,3859.0,154658,2584516,5976482580.0,3860.0,576,3859.0,91
rb1805,20171219,20171218,210533500,3859.0,154716,2584462,5978720840.0,3860.0,547,3859.0,44
rb1805,20171219,20171218,210534000,3860.0,154744,2584434,5979801420.0,3860.0,494,3859.0,55
rb1805,20171219,20171218,210534500,3859.0,154794,2584396,5981730960.0,3860.0,501,3859.0,72
rb1805,20171219,20171218,210535000,3859.0,154794,2584396,5981730960.0,3860.0,622,3859.0,84
rb1805,20171219,20171218,210535500,3859.0,154856,2584430,5984123700.0,3860.0,577,3859.0,105
rb1805,20171219,20171218,210536000,3859.0,155286,2584424,6000718780.0,3859.0,2,3858.0,176
rb1805,20171219,20171218,210536500,3859.0,155316,2584422,6001876480.0,3860.0,550,3859.0,74
rb1805,20171219,20171218,210537000,3859.0,155434,2584408,6006430140.0,3859.0,461,3858.0,191
rb1805,20171219,20171218,210537500,3858.0,155440,2584410,6006661640.0,3859.0,501,3858.0,192
rb1805,20171219,20171218,210538000,3859.0,155480,2584402,6008205240.0,3859.0,458,3858.0,214
rb1805,20171219,20171218,210538500,3858.0,155548,2584400,6010828760.0,3859.0,454,3858.0,214
rb1805,20171219,20171218,210539000,3859.0,155574,2584388,6011832060.0,3859.0,453,3858.0,217
rb1805,20171219,20171218,210539500,3859.0,155586,2584384,6012295100.0,3859.0,450,3858.0,225
rb1805,20171219,20171218,210540000,3859.0,155658,2584386,6015073360.0,3859.0,425,3858.0,220
rb1805,20171219,20171218,210540500,3859.0,156592,2584002,6051115900.0,3860.0,618,3859.0,68
rb1805,20171219,20171218,210541000,3859.0,156620,2583998,6052196620.0,3860.0,584,3859.0,94
rb1805,20171219,20171218,210541500,3859.0,156644,2583994,6053122800.0,3860.0,586,3859.0,218
rb1805,20171219,20171218,210542000,3859.0,156708,2583994,6055592860.0,3860.0,581,3859.0,207
rb1805,20171219,20171218,210542500,3859.0,156734,2583994,6056596420.0,3860.0,577,3859.0,207
rb1805,20171219,20171218,210543000,3859.0,156750,2583982,6057213880.0,3860.0,580,3859.0,200
rb1805,20171219,20171218,210543500,3860.0,156792,2583974,6058834880.0,3860.0,570,3859.0,194
rb1805,20171219,20171218,210544000,3860.0,156828,2583966,6060224260.0,3860.0,591,3859.0,205
rb1805,20171219,20171218,210544500,3860.0,156850,2583952,6061073360.0,3860.0,588,3859.0,212
rb1805,20171219,20171218,210545000,3859.0,157070,2584026,6069563240.0,3860.0,561,3859.0,108
rb1805,20171219,20171218,210545500,3860.0,157100,2584034,6070721140.0,3860.0,577,3859.0,103
rb1805,20171219,20171218,210546000,3860.0,157126,2584032,6071724580.0,3860.0,578,3859.0,139
rb1805,20171219,20171218,210546500,3859.0,157198,2584006,6074503460.0,3860.0,560,3859.0,131
rb1805,20171219,20171218,210547000,3860.0,157306,2584006,6078672260.0,3860.0,533,3859.0,242
rb1805,20171219,20171218,210547500,3860.0,157312,2584012,6078903860.0,3860.0,532,3859.0,249
rb1805,20171219,20171218,210548000,3860.0,157942,2583704,6103221640.0,3860.0,239,3859.0,259
rb1805,20171219,20171218,210548500,3860.0,158054,2583658,6107544820.0,3860.0,175,3859.0,263
rb1805,20171219,20171218,210549000,3860.0,158384,2583624,6120282820.0,3861.0,114,3860.0,89
rb1805,20171219,20171218,210549500,3860.0,158426,2583620,6121904060.0,3861.0,103,3860.0,97
rb1805,20171219,20171218,210550000,3860.0,158462,2583642,6123293820.0,3861.0,127,3860.0,252
rb1805,20171219,20171218,210550500,3860.0,158472,2583648,6123679860.0,3861.0,108,3860.0,259
rb1805,20171219,20171218,210551000,3861.0,158498,2583646,6124683640.0,3861.0,99,3860.0,255
rb1805,20171219,20171218,210551500,3861.0,158568,2583670,6127386260.0,3861.0,85,3860.0,253
rb1805,20171219,20171218,210552000,3861.0,158656,2583614,6130783920.0,3861.0,45,3860.0,157
rb1805,20171219,20171218,210552500,3861.0,158776,2583614,6135416000.0,3861.0,86,3860.0,101
rb1805,20171219,20171218,210553000,3861.0,158982,2583714,6143368820.0,3861.0,92,3860.0,74
rb1805,20171219,20171218,210553500,3860.0,159140,2583790,6149468760.0,3861.0,89,3860.0,55
rb1805,20171219,20171218,210554000,3861.0,159184,2583774,6151167500.0,3861.0,106,3860.0,64
rb1805,20171219,20171218,210554500,3861.0,159358,2583814,6157885600.0,3861.0,29,3860.0,91
rb1805,20171219,20171218,210555000,3860.0,159388,2583830,6159043800.0,3861.0,90,3860.0,79
rb1805,20171219,20171218,210555500,3860.0,159416,2583822,6160124660.0,3861.0,100,3860.0,58
rb1805,20171219,20171218,210556000,3860.0,159428,2583830,6160587880.0,3861.0,108,3860.0,53
rb1805,20171219,20171218,210556500,3860.0,159444,2583834,6161205580.0,3861.0,112,3860.0,52
rb1805,20171219,20171218,210557000,3860.0,159460,2583846,6161823280.0,3861.0,106,3860.0,52
rb1805,20171219,20171218,210557500,3860.0,159600,2583916,6167227480.0,3861.0,108,3860.0,1
rb1805,20171219,20171218,210558000,3860.0,159626,2583906,6168231040.0,3860.0,66,3859.0,315
rb1805,20171219,20171218,210558500,3860.0,159696,2583890,6170932980.0,3860.0,39,3859.0,342
rb1805,20171219,20171218,210559000,3860.0,159782,2583896,6174252580.0,3861.0,148,3860.0,162
rb1805,20171219,20171218,210559500,3860.0,159902,2583944,6178884620.0,3861.0,150,3860.0,108
rb1805,20171219,20171218,210600000,3860.0,160108,2584034,6186836240.0,3861.0,146,3860.0,10
rb1805,20171219,20171218,210600500,3860.0,160218,2584060,6191082220.0,3860.0,591,3859.0,343
rb1805,20171219,20171218,210601000,3860.0,160414,2584120,6198646280.0,3860.0,580,3859.0,247
rb1805,20171219,20171218,210601500,3860.0,160426,2584122,6199109400.0,3860.0,584,3859.0,244
rb1805,20171219,20171218,210602000,3860.0,160442,2584130,6199727000.0,3860.0,567,3859.0,248
rb1805,20171219,20171218,210602500,3860.0,160472,2584144,6200884960.0,3860.0,556,3859.0,262
rb1805,20171219,20171218,210603000,3860.0,160506,2584174,6202197360.0,3860.0,540,3859.0,264
rb1805,20171219,20171218,210603500,3860.0,160554,2584154,6204050120.0,3860.0,501,3859.0,272
rb1805,20171219,20171218,210604000,3859.0,161390,2583992,6236315500.0,3860.0,295,3859.0,62
rb1805,20171219,20171218,210604500,3860.0,161468,2583992,6239326300.0,3860.0,299,3859.0,63
rb1805,20171219,20171218,210605000,3859.0,161484,2583992,6239943880.0,3860.0,342,3859.0,147
rb1805,20171219,20171218,210605500,3860.0,161514,2583980,6241101800.0,3860.0,335,3859.0,185
rb1805,20171219,20171218,210606000,3860.0,161808,2583934,6252448180.0,3860.0,320,3859.0,87
rb1805,20171219,20171218,210606500,3860.0,161808,2583934,6252448180.0,3860.0,341,3859.0,88
rb1805,20171219,20171218,210607000,3859.0,161930,2583936,6257156420.0,3860.0,329,3859.0,44
rb1805,20171219,20171218,210607500,3860.0,161950,2583938,6257928320.0,3860.0,327,3859.0,63
rb1805,20171219,20171218,210608000,3860.0,161984,2583932,6259240700.0,3860.0,315,3859.0,404
rb1805,20171219,20171218,210608500,3860.0,162114,2583928,6264258680.0,3860.0,242,3859.0,443
rb1805,20171219,20171218,210609000,3860.0,162222,2583950,6268427020.0,3860.0,214,3859.0,424
rb1805,20171219,20171218,210609500,3859.0,162312,2583962,6271900800.0,3860.0,200,3859.0,412
rb1805,20171219,20171218,210610000,3860.0,162378,2583976,6274447780.0,3860.0,185,3859.0,382
rb1805,20171219,20171218,210610500,3859.0,162390,2583976,6274910940.0,3860.0,182,3859.0,382
rb1805,20171219,20171218,210611000,3859.0,162436,2584004,6276686280.0,3860.0,176,3859.0,368
rb1805,20171219,20171218,210611500,3860.0,162444,2584006,6276995060.0,3860.0,178,3859.0,369
rb1805,20171219,20171218,210612000,3859.0,162464,2584012,6277767020.0,3860.0,172,3859.0,374
rb1805,20171219,20171218,210612500,3860.0,162494,2584010,6278925020.0,3860.0,160,3859.0,375
rb1805,20171219,20171218,210613000,3859.0,162546,2584058,6280932060.0,3860.0,140,3859.0,368
rb1805,20171219,20171218,210613500,3859.0,162582,2584088,6282321560.0,3860.0,131,3859.0,364
rb1805,20171219,20171218,210614000,3859.0,162758,2584078,6289113740.0,3860.0,123,3859.0,296
rb1805,20171219,20171218,210614500,3859.0,162874,2584086,6293590480.0,3860.0,150,3859.0,234
rb1805,20171219,20171218,210615000,3860.0,162890,2584092,6294207980.0,3860.0,152,3859.0,229
rb1805,20171219,20171218,210615500,3859.0,162914,2584106,6295134360.0,3860.0,147,3859.0,231
rb1805,20171219,20171218,210616000,3859.0,163388,2584174,6313426080.0,3859.0,48,3858.0,900
rb1805,20171219,20171218,210616500,3859.0,163416,2584148,6314506580.0,3859.0,149,3858.0,926
rb1805,20171219,20171218,210617000,3859.0,163428,2584148,6314969620.0,3859.0,263,3858.0,930
rb1805,20171219,20171218,210617500,3858.0,163454,2584144,6315972880.0,3859.0,264,3858.0,930
rb1805,20171219,20171218,210618000,3859.0,163500,2584102,6317748000.0,3859.0,242,3858.0,930
rb1805,20171219,20171218,210618500,3859.0,164010,2583840,6337423860.0,3859.0,242,3858.0,679
rb1805,20171219,20171218,210619000,3859.0,164024,2583836,6337964060.0,3859.0,258,3858.0,658
rb1805,20171219,20171218,210619500,3858.0,164624,2584334,6361112320.0,3859.0,254,3858.0,375
rb1805,20171219,20171218,210620000,3859.0,164894,2584386,6371531060.0,3859.0,147,3858.0,348
rb1805,20171219,20171218,210620500,3858.0,165404,2584288,6391210980.0,3859.0,199,3858.0,305
rb1805,20171219,20171218,210621000,3858.0,165444,2584254,6392754220.0,3859.0,197,3858.0,290
rb1805,20171219,20171218,210621500,3858.0,166202,2583768,6421999900.0,3858.0,28,3857.0,452
rb1805,20171219,20171218,210622000,3858.0,166244,2583742,6423620260.0,3858.0,56,3857.0,468
rb1805,20171219,20171218,210622500,3858.0,166326,2583784,6426783820.0,3858.0,86,3857.0,468
rb1805,20171219,20171218,210623000,3857.0,166348,2583804,6427632540.0,3858.0,218,3857.0,466
rb1805,20171219,20171218,210623500,3858.0,166436,2583738,6431026800.0,3858.0,217,3857.0,394
rb1805,20171219,20171218,210624000,3857.0,166588,2583618,6436889580.0,3858.0,218,3857.0,325
rb1805,20171219,20171218,210624500,3857.0,166634,2583630,6438664140.0,3858.0,203,3857.0,319
rb1805,20171219,20171218,210625000,3857.0,166716,2583610,6441827000.0,3858.0,197,3857.0,286
rb1805,20171219,20171218,210625500,3857.0,167240,2583474,6462038060.0,3858.0,177,3857.0,43
rb1805,20171219,20171218,210626000,3857.0,167350,2583540,6466280760.0,3857.0,41,3856.0,1300
rb1805,20171219,20171218,210626500,3857.0,167402,2583562,6468286360.0,3857.0,47,3856.0,1306
rb1805,20171219,20171218,210627000,3857.0,167568,2583532,6474688980.0,3857.0,14,3856.0,1310
rb1805,20171219,20171218,210627500,3857.0,167646,2583482,6477697460.0,3858.0,188,3857.0,18
rb1805,20171219,20171218,210628000,3856.0,167834,2583482,6484948820.0,3857.0,21,3856.0,1303
rb1805,20171219,20171218,210628500,3856.0,168340,2583490,6504460340.0,3857.0,14,3856.0,1065
rb1805,20171219,20171218,210629000,3856.0,168408,2583498,6507082600.0,3857.0,108,3856.0,1060
rb1805,20171219,20171218,210629500,3856.0,169452,2583372,6547339300.0,3857.0,138,3856.0,532
rb1805,20171219,20171218,210630000,3856.0,169638,2583364,6554511580.0,3857.0,241,3856.0,432
rb1805,20171219,20171218,210630500,3856.0,170368,2583510,6582660480.0,3857.0,221,3856.0,75
rb1805,20171219,20171218,210631000,3856.0,170586,2583630,6591066540.0,3856.0,111,3855.0,1014
rb1805,20171219,20171218,210631500,3856.0,170638,2583652,6593071380.0,3856.0,972,3855.0,1025
rb1805,20171219,20171218,210632000,3855.0,170680,2583638,6594690520.0,3856.0,1014,3855.0,981
rb1805,20171219,20171218,210632500,3855.0,171830,2583622,6639023840.0,3856.0,988,3855.0,456
rb1805,20171219,20171218,210633000,3856.0,172724,2583434,6673487620.0,3856.0,987,3855.0,104
rb1805,20171219,20171218,210633500,3855.0,172978,2583426,6683279240.0,3855.0,16,3854.0,536
rb1805,20171219,20171218,210634000,3855.0,173180,2583438,6691066780.0,3856.0,973,3855.0,37
rb1805,20171219,20171218,210634500,3855.0,173644,2583258,6708953500.0,3855.0,166,3854.0,558
rb1805,20171219,20171218,210635000,3855.0,173878,2583234,6717973380.0,3855.0,127,3854.0,531
rb1805,20171219,20171218,210635500,3855.0,174164,2583274,6728996340.0,3855.0,135,3854.0,409
rb1805,20171219,20171218,210636000,3855.0,174234,2583310,6731694240.0,3855.0,183,3854.0,396
rb1805,20171219,20171218,210636500,3854.0,174452,2583338,6740096080.0,3855.0,190,3854.0,297
rb1805,20171219,20171218,210637000,3854.0,175198,2583260,6768847960.0,3854.0,83,3853.0,656
rb1805,20171219,20171218,210637500,3854.0,175366,2583320,6775322300.0,3854.0,39,3853.0,794
rb1805,20171219,20171218,210638000,3854.0,175544,2583374,6782182760.0,3855.0,189,3854.0,282
rb1805,20171219,20171218,210638500,3855.0,175758,2583300,6790430720.0,3855.0,191,3854.0,577
rb1805,20171219,20171218,210639000,3854.0,176150,2583176,6805539080.0,3855.0,170,3854.0,505
rb1805,20171219,20171218,210639500,3855.0,176320,2583048,6812091800.0,3855.0,153,3854.0,535
rb1805,20171219,20171218,210640000,3855.0,176418,2583010,6815869020.0,3855.0,139,3854.0,528
rb1805,20171219,20171218,210640500,3854.0,176540,2582944,6820571080.0,3855.0,98,3854.0,485
rb1805,20171219,20171218,210641000,3855.0,177144,2582998,6843856180.0,3856.0,886,3855.0,4
rb1805,20171219,20171218,210641500,3855.0,177632,2582998,6862664820.0,3856.0,878,3855.0,27
rb1805,20171219,20171218,210642000,3855.0,177760,2583034,6867599220.0,3856.0,876,3855.0,67
rb1805,20171219,20171218,210642500,3855.0,178000,2583116,6876851520.0,3856.0,849,3855.0,108
rb1805,20171219,20171218,210643000,3855.0,178440,2583348,6893813600.0,3855.0,281,3854.0,298
rb1805,20171219,20171218,210643500,3855.0,178840,2583206,6909233520.0,3855.0,142,3854.0,312
rb1805,20171219,20171218,210644000,3854.0,179050,2583142,6917328940.0,3855.0,63,3854.0,476
rb1805,20171219,20171218,210644500,3855.0,179222,2583176,6923959620.0,3856.0,904,3855.0,469
rb1805,20171219,20171218,210645000,3855.0,179366,2583174,6929511040.0,3856.0,880,3855.0,447
rb1805,20171219,20171218,210645500,3854.0,180366,2583078,6968060960.0,3855.0,233,3854.0,453
rb1805,20171219,20171218,210646000,3854.0,180630,2583150,6978235880.0,3855.0,258,3854.0,327
rb1805,20171219,20171218,210646500,3855.0,180688,2583142,6980471660.0,3855.0,268,3854.0,378
rb1805,20171219,20171218,210647000,3855.0,180758,2583092,6983170120.0,3855.0,247,3854.0,383
rb1805,20171219,20171218,210647500,3855.0,180838,2583072,6986254000.0,3855.0,246,3854.0,399
rb1805,20171219,20171218,210648000,3855.0,180914,2583042,6989183220.0,3855.0,255,3854.0,376
rb1805,20171219,20171218,210648500,3855.0,181190,2582810,6999822420.0,3855.0,150,3854.0,385
rb1805,20171219,20171218,210649000,3854.0,181288,2582824,7003599900.0,3855.0,131,3854.0,376
rb1805,20171219,20171218,210649500,3855.0,181770,2582520,7022178180.0,3855.0,54,3854.0,251
rb1805,20171219,20171218,210650000,3855.0,181900,2582534,7027189080.0,3855.0,26,3854.0,429
rb1805,20171219,20171218,210650500,3854.0,182250,2582660,7040678940.0,3856.0,901,3854.0,308
rb1805,20171219,20171218,210651000,3854.0,182304,2582676,7042760100.0,3856.0,941,3854.0,294
rb1805,20171219,20171218,210651500,3854.0,182400,2582702,7046460160.0,3855.0,2,3854.0,265
rb1805,20171219,20171218,210652000,3855.0,182474,2582714,7049312500.0,3856.0,930,3854.0,273
rb1805,20171219,20171218,210652500,3855.0,182924,2583110,7066655840.0,3855.0,26,3854.0,81
rb1805,20171219,20171218,210653000,3854.0,182968,2583132,7068351740.0,3855.0,43,3854.0,100
rb1805,20171219,20171218,210653500,3854.0,183074,2583136,7072437260.0,3855.0,42,3854.0,160
rb1805,20171219,20171218,210654000,3854.0,183154,2583174,7075520580.0,3855.0,33,3854.0,143
rb1805,20171219,20171218,210654500,3854.0,183422,2583200,7085850500.0,3856.0,935,3854.0,116
rb1805,20171219,20171218,210655000,3855.0,183444,2583204,7086698500.0,3855.0,4,3854.0,121
rb1805,20171219,20171218,210655500,3855.0,183762,2583428,7098956320.0,3856.0,971,3855.0,20
rb1805,20171219,20171218,210656000,3855.0,183810,2583444,7100806800.0,3856.0,960,3855.0,5
rb1805,20171219,20171218,210656500,3854.0,184290,2583632,7119307040.0,3855.0,112,3853.0,1214
rb1805,20171219,20171218,210657000,3854.0,184362,2583648,7122082400.0,3855.0,147,3854.0,31
rb1805,20171219,20171218,210657500,3855.0,184462,2583640,7125936620.0,3855.0,128,3854.0,48
rb1805,20171219,20171218,210658000,3854.0,184506,2583612,7127632660.0,3855.0,250,3854.0,116
rb1805,20171219,20171218,210658500,3854.0,184564,2583582,7129868200.0,3855.0,230,3854.0,162
rb1805,20171219,20171218,210659000,3854.0,184606,2583584,7131487000.0,3855.0,331,3854.0,202
rb1805,20171219,20171218,210659500,3855.0,184672,2583592,7134030980.0,3855.0,320,3854.0,189
rb1805,20171219,20171218,210700000,3854.0,184744,2583614,7136806140.0,3855.0,319,3854.0,234
rb1805,20171219,20171218,210700500,3855.0,184790,2583622,7138579180.0,3855.0,312,3854.0,258
rb1805,20171219,20171218,210701000,3854.0,185064,2583726,7149139760.0,3855.0,292,3854.0,504
rb1805,20171219,20171218,210701500,3855.0,185640,2584208,7171344400.0,3856.0,929,3855.0,242
rb1805,20171219,20171218,210702000,3855.0,186172,2584276,7191856500.0,3856.0,728,3855.0,225
rb1805,20171219,20171218,210702500,3856.0,186336,2584376,7198179020.0,3856.0,753,3855.0,297
rb1805,20171219,20171218,210703000,3855.0,186418,2584382,7201340560.0,3856.0,728,3855.0,390
rb1805,20171219,20171218,210703500,3856.0,186564,2584402,7206970000.0,3856.0,642,3855.0,391
rb1805,20171219,20171218,210704000,3856.0,187244,2584948,7233190500.0,3856.0,318,3855.0,365
rb1805,20171219,20171218,210704500,3855.0,187612,2585086,7247379940.0,3856.0,167,3855.0,281
rb1805,20171219,20171218,210705000,3856.0,187984,2585212,7261724260.0,3857.0,152,3856.0,95
rb1805,20171219,20171218,210705500,3856.0,188210,2585380,7270440920.0,3857.0,66,3856.0,102
rb1805,20171219,20171218,210706000,3856.0,188280,2585380,7273140380.0,3857.0,135,3856.0,99
rb1805,20171219,20171218,210706500,3856.0,188496,2585336,7281469320.0,3856.0,14,3855.0,342
rb1805,20171219,20171218,210707000,3857.0,188544,2585362,7283320200.0,3857.0,178,3856.0,12
rb1805,20171219,20171218,210707500,3857.0,188732,2585228,7290570920.0,3856.0,1,3855.0,344
rb1805,20171219,20171218,210708000,3856.0,188752,2585228,7291342140.0,3857.0,150,3856.0,40
rb1805,20171219,20171218,210708500,3856.0,188876,2585142,7296124440.0,3857.0,99,3856.0,24
rb1805,20171219,20171218,210709000,3857.0,188996,2585070,7300752680.0,3857.0,103,3856.0,18
rb1805,20171219,20171218,210709500,3856.0,189040,2585052,7302449620.0,3857.0,94,3856.0,44
rb1805,20171219,20171218,210710000,3857.0,189048,2585052,7302758140.0,3857.0,100,3856.0,54
rb1805,20171219,20171218,210710500,3857.0,189066,2585052,7303452340.0,3857.0,119,3856.0,65
rb1805,20171219,20171218,210711000,3856.0,189086,2585036,7304223600.0,3857.0,207,3856.0,61
rb1805,20171219,20171218,210711500,3856.0,189220,2585018,7309390640.0,3856.0,61,3855.0,383
rb1805,20171219,20171218,210712000,3856.0,189320,2584942,7313246640.0,3856.0,196,3855.0,389
rb1805,20171219,20171218,210712500,3854.0,190024,2584726,7340386060.0,3855.0,188,3854.0,594
rb1805,20171219,20171218,210713000,3855.0,190078,2584714,7342467660.0,3855.0,211,3854.0,625
rb1805,20171219,20171218,210713500,3855.0,190422,2584696,7355728860.0,3855.0,49,3854.0,624
rb1805,20171219,20171218,210714000,3856.0,190620,2584736,7363362020.0,3856.0,108,3855.0,90
rb1805,20171219,20171218,210714500,3855.0,190768,2584652,7369068080.0,3856.0,154,3855.0,77
rb1805,20171219,20171218,210715000,3855.0,190996,2584648,7377857240.0,3855.0,60,3854.0,621
rb1805,20171219,20171218,210715500,3855.0,191054,2584602,7380093100.0,3855.0,80,3854.0,633
rb1805,20171219,20171218,210716000,3855.0,191088,2584632,7381403700.0,3855.0,154,3854.0,597
rb1805,20171219,20171218,210716500,3855.0,191200,2584640,7385720700.0,3855.0,157,3854.0,567
rb1805,20171219,20171218,210717000,3855.0,191224,2584658,7386645880.0,3855.0,225,3854.0,572
rb1805,20171219,20171218,210717500,3855.0,191422,2584706,7394277540.0,3855.0,215,3854.0,523
rb1805,20171219,20171218,210718000,3855.0,191636,2584894,7402525700.0,3855.0,223,3854.0,438
rb1805,20171219,20171218,210718500,3854.0,191730,2584934,7406148720.0,3855.0,224,3854.0,405
rb1805,20171219,20171218,210719000,3854.0,192066,2584940,7419098740.0,3855.0,205,3854.0,276
rb1805,20171219,20171218,210719500,3854.0,192150,2584896,7422336300.0,3855.0,205,3854.0,251
rb1805,20171219,20171218,210720000,3854.0,192802,2584638,7447464560.0,3854.0,203,3853.0,1347
rb1805,20171219,20171218,210720500,3854.0,192830,2584622,7448543680.0,3854.0,250,3853.0,1323
rb1805,20171219,20171218,210721000,3854.0,192894,2584632,7451009980.0,3854.0,309,3853.0,1309
rb1805,20171219,20171218,210721500,3854.0,192970,2584572,7453938960.0,3854.0,390,3853.0,1307
rb1805,20171219,20171218,210722000,3853.0,193034,2584530,7456405380.0,3854.0,386,3853.0,1304
rb1805,20171219,20171218,210722500,3854.0,193356,2584416,7468812600.0,3854.0,367,3853.0,1174
rb1805,20171219,20171218,210723000,3853.0,193810,2584578,7486308660.0,3854.0,198,3853.0,1120
rb1805,20171219,20171218,210723500,3854.0,195428,2583758,7548650580.0,3854.0,196,3853.0,350
rb1805,20171219,20171218,210724000,3853.0,196202,2583946,7578473560.0,3853.0,88,3852.0,906
rb1805,20171219,20171218,210724500,3852.0,196362,2584032,7584637000.0,3853.0,144,3852.0,826
rb1805,20171219,20171218,210725000,3853.0,197070,2583764,7611911000.0,3853.0,76,3852.0,612
rb1805,20171219,20171218,210725500,3852.0,197330,2583758,7621926480.0,3853.0,97,3852.0,496
rb1805,20171219,20171218,210726000,3852.0,197600,2583768,7632327060.0,3853.0,107,3852.0,371
rb1805,20171219,20171218,210726500,3852.0,197892,2583806,7643574960.0,3853.0,111,3852.0,222
rb1805,20171219,20171218,210727000,3853.0,198232,2583924,7656672160.0,3853.0,105,3852.0,81
rb1805,20171219,20171218,210727500,3852.0,198462,2583950,7665532080.0,3852.0,97,3851.0,1172
rb1805,20171219,20171218,210728000,3851.0,199060,2583768,7688563580.0,3852.0,506,3851.0,1000
rb1805,20171219,20171218,210728500,3851.0,200320,2582904,7737089140.0,3852.0,479,3851.0,529
rb1805,20171219,20171218,210729000,3852.0,201246,2583086,7772749580.0,3852.0,482,3851.0,78
rb1805,20171219,20171218,210729500,3850.0,202080,2583116,7804869600.0,3851.0,102,3850.0,2081
rb1805,20171219,20171218,210730000,3848.0,208672,2580802,8058621660.0,3850.0,377,3848.0,98
rb1805,20171219,20171218,210730500,3845.0,211490,2579986,8167017600.0,3847.0,58,3845.0,79
rb1805,20171219,20171218,210731000,3847.0,215522,2578764,8322053120.0,3847.0,246,3845.0,187
rb1805,20171219,20171218,210731500,3845.0,216716,2579098,8367964720.0,3847.0,14,3845.0,13
rb1805,20171219,20171218,210732000,3845.0,216942,2579044,8376655500.0,3846.0,91,3845.0,143
rb1805,20171219,20171218,210732500,3847.0,217626,2578858,8402959860.0,3847.0,33,3846.0,3
rb1805,20171219,20171218,210733000,3847.0,217848,2578764,8411499620.0,3848.0,239,3847.0,15
rb1805,20171219,20171218,210733500,3847.0,218434,2578554,8434041160.0,3847.0,1,3846.0,256
rb1805,20171219,20171218,210734000,3847.0,219140,2578014,8461200760.0,3848.0,233,3847.0,187
rb1805,20171219,20171218,210734500,3846.0,220876,2576708,8527972100.0,3846.0,161,3845.0,374
rb1805,20171219,20171218,210735000,3847.0,221906,2576558,8567583360.0,3847.0,23,3846.0,63
rb1805,20171219,20171218,210735500,3847.0,222240,2576376,8580432060.0,3848.0,392,3847.0,16
rb1805,20171219,20171218,210736000,3847.0,222628,2576184,8595358140.0,3847.0,140,3846.0,205
rb1805,20171219,20171218,210736500,3847.0,223246,2575938,8619129700.0,3847.0,171,3846.0,161
rb1805,20171219,20171218,210737000,3846.0,224256,2576148,8657981080.0,3846.0,107,3845.0,215
rb1805,20171219,20171218,210737500,3847.0,224584,2575962,8670596120.0,3847.0,39,3846.0,32
rb1805,20171219,20171218,210738000,3846.0,224820,2575882,8679672860.0,3847.0,154,3846.0,11
rb1805,20171219,20171218,210738500,3846.0,225176,2575776,8693367100.0,3847.0,110,3846.0,45
rb1805,20171219,20171218,210739000,3846.0,225320,2575810,8698905840.0,3847.0,90,3846.0,44
rb1805,20171219,20171218,210739500,3846.0,225546,2575806,8707599120.0,3847.0,26,3846.0,76
rb1805,20171219,20171218,210740000,3846.0,226084,2575720,8728297300.0,3848.0,256,3846.0,338
rb1805,20171219,20171218,210740500,3846.0,226952,2575248,8761682480.0,3846.0,61,3845.0,294
rb1805,20171219,20171218,210741000,3846.0,227282,2575316,8774372880.0,3846.0,19,3845.0,241
rb1805,20171219,20171218,210741500,3845.0,227826,2575136,8795292440.0,3846.0,25,3845.0,90
rb1805,20171219,20171218,210742000,3846.0,227974,2575160,8800984440.0,3846.0,57,3845.0,157
rb1805,20171219,20171218,210742500,3846.0,228406,2575136,8817598080.0,3847.0,19,3846.0,12
rb1805,20171219,20171218,210743000,3846.0,228930,2575070,8837750340.0,3848.0,195,3847.0,20
rb1805,20171219,20171218,210743500,3846.0,229044,2575102,8842135320.0,3847.0,349,3846.0,117
rb1805,20171219,20171218,210744000,3846.0,229326,2575248,8852981260.0,3847.0,231,3846.0,37
rb1805,20171219,20171218,210744500,3846.0,229458,2575224,8858058940.0,3847.0,196,3846.0,82
rb1805,20171219,20171218,210745000,3847.0,230068,2575480,8881524540.0,3847.0,1,3846.0,121
rb1805,20171219,20171218,210745500,3847.0,230436,2575510,8895680180.0,3848.0,300,3847.0,2
rb1805,20171219,20171218,210746000,3847.0,230920,2575654,8914295440.0,3848.0,319,3847.0,26
rb1805,20171219,20171218,210746500,3847.0,231272,2575466,8927839280.0,3848.0,202,3847.0,5
rb1805,20171219,20171218,210747000,3848.0,231398,2575482,8932686740.0,3848.0,176,3847.0,56
rb1805,20171219,20171218,210747500,3848.0,231560,2575490,8938919040.0,3848.0,165,3847.0,26
rb1805,20171219,20171218,210748000,3848.0,231936,2575682,8953387560.0,3849.0,152,3848.0,43
rb1805,20171219,20171218,210748500,3848.0,232658,2575882,8981163200.0,3848.0,5,3846.0,18
rb1805,20171219,20171218,210749000,3848.0,233172,2575922,9000943260.0,3848.0,44,3847.0,22
rb1805,20171219,20171218,210749500,3848.0,233418,2575966,9010408360.0,3848.0,8,3847.0,41
rb1805,20171219,20171218,210750000,3848.0,233624,2576138,9018335300.0,3849.0,22,3848.0,15
rb1805,20171219,20171218,210750500,3848.0,233782,2576212,9024415200.0,3849.0,51,3847.0,82
rb1805,20171219,20171218,210751000,3848.0,233866,2576186,9027648200.0,3849.0,28,3848.0,9
rb1805,20171219,20171218,210751500,3849.0,233960,2576200,9031265860.0,3849.0,150,3848.0,28
rb1805,20171219,20171218,210752000,3848.0,234198,2576148,9040424140.0,3849.0,136,3848.0,376
rb1805,20171219,20171218,210752500,3849.0,234288,2576096,9043888120.0,3849.0,72,3848.0,394
rb1805,20171219,20171218,210753000,3848.0,234422,2576022,9049045340.0,3849.0,51,3848.0,380
rb1805,20171219,20171218,210753500,3849.0,234514,2575986,9052586040.0,3849.0,67,3848.0,374
rb1805,20171219,20171218,210754000,3848.0,234670,2576014,9058590260.0,3849.0,50,3848.0,386
rb1805,20171219,20171218,210754500,3849.0,234756,2576020,9061900140.0,3849.0,55,3848.0,378
rb1805,20171219,20171218,210755000,3848.0,234914,2576074,9067980640.0,3849.0,63,3848.0,336
rb1805,20171219,20171218,210755500,3849.0,235110,2576006,9075524480.0,3850.0,777,3849.0,13
rb1805,20171219,20171218,210756000,3849.0,235262,2576014,9081374300.0,3849.0,167,3848.0,323
rb1805,20171219,20171218,210756500,3849.0,235430,2576016,9087839500.0,3849.0,254,3848.0,266
rb1805,20171219,20171218,210757000,3849.0,235524,2575996,9091457160.0,3849.0,237,3848.0,267
rb1805,20171219,20171218,210757500,3849.0,236114,2575756,9114164720.0,3849.0,46,3848.0,229
rb1805,20171219,20171218,210758000,3849.0,236216,2575844,9118090580.0,3850.0,801,3849.0,171
rb1805,20171219,20171218,210758500,3850.0,236282,2575850,9120631100.0,3850.0,791,3849.0,203
rb1805,20171219,20171218,210759000,3849.0,236366,2575846,9123864800.0,3850.0,769,3849.0,239
rb1805,20171219,20171218,210759500,3849.0,236400,2575856,9125173520.0,3850.0,768,3849.0,254
rb1805,20171219,20171218,210800000,3850.0,236526,2575796,9130024240.0,3850.0,707,3849.0,271
rb1805,20171219,20171218,210800500,3849.0,236628,2575780,9133950820.0,3850.0,691,3849.0,260
rb1805,20171219,20171218,210801000,3849.0,236834,2575780,9141881040.0,3850.0,330,3849.0,245
rb1805,20171219,20171218,210801500,3850.0,237042,2575662,9149888820.0,3850.0,244,3849.0,247
rb1805,20171219,20171218,210802000,3850.0,237210,2575748,9156356720.0,3850.0,170,3849.0,245
rb1805,20171219,20171218,210802500,3850.0,237622,2575924,9172218600.0,3851.0,775,3850.0,73
rb1805,20171219,20171218,210803000,3851.0,237712,2575908,9175683860.0,3851.0,763,3850.0,113
rb1805,20171219,20171218,210803500,3850.0,237794,2575900,9178841200.0,3851.0,774,3850.0,213
rb1805,20171219,20171218,210804000,3850.0,238062,2575872,9189160240.0,3851.0,744,3850.0,458
rb1805,20171219,20171218,210804500,3851.0,238098,2575884,9190546420.0,3851.0,731,3850.0,496
rb1805,20171219,20171218,210805000,3850.0,238262,2575970,9196860820.0,3851.0,710,3850.0,436
rb1805,20171219,20171218,210805500,3850.0,238720,2576000,9214497880.0,3851.0,517,3850.0,413
rb1805,20171219,20171218,210806000,3851.0,238804,2575964,9217732640.0,3851.0,494,3850.0,424
rb1805,20171219,20171218,210806500,3850.0,238862,2575934,9219966020.0,3851.0,491,3850.0,424
rb1805,20171219,20171218,210807000,3851.0,239002,2575846,9225356560.0,3851.0,496,3850.0,395
rb1805,20171219,20171218,210807500,3850.0,239094,2575794,9228899380.0,3851.0,465,3850.0,390
rb1805,20171219,20171218,210808000,3851.0,239296,2575650,9236678100.0,3851.0,373,3850.0,380
rb1805,20171219,20171218,210808500,3851.0,239358,2575624,9239065600.0,3851.0,353,3850.0,430
rb1805,20171219,20171218,210809000,3851.0,239424,2575614,9241606820.0,3851.0,342,3850.0,409
rb1805,20171219,20171218,210809500,3851.0,239630,2575600,9249539160.0,3851.0,278,3850.0,389
rb1805,20171219,20171218,210810000,3851.0,240232,2575868,9272722180.0,3852.0,728,3851.0,37
rb1805,20171219,20171218,210810500,3852.0,240270,2575876,9274185600.0,3852.0,729,3851.0,109
rb1805,20171219,20171218,210811000,3851.0,240352,2575814,9277344080.0,3852.0,699,3851.0,168
rb1805,20171219,20171218,210811500,3852.0,240538,2575766,9284507200.0,3852.0,714,3851.0,247
rb1805,20171219,20171218,210812000,3851.0,240680,2575754,9289975960.0,3852.0,667,3851.0,202
rb1805,20171219,20171218,210812500,3852.0,240734,2575740,9292055960.0,3852.0,660,3851.0,204
rb1805,20171219,20171218,210813000,3852.0,240880,2575692,9297679760.0,3852.0,597,3851.0,208
rb1805,20171219,20171218,210813500,3852.0,241070,2575658,9304997380.0,3852.0,569,3851.0,160
rb1805,20171219,20171218,210814000,3852.0,241190,2575642,9309619420.0,3852.0,529,3851.0,149
rb1805,20171219,20171218,210814500,3852.0,241422,2575490,9318554520.0,3852.0,576,3851.0,91
rb1805,20171219,20171218,210815000,3852.0,241578,2575444,9324562500.0,3852.0,566,3851.0,37
rb1805,20171219,20171218,210815500,3852.0,241680,2575462,9328491260.0,3852.0,611,3851.0,42
rb1805,20171219,20171218,210816000,3852.0,241834,2575418,9334422320.0,3852.0,589,3851.0,49
rb1805,20171219,20171218,210816500,3852.0,242376,2575004,9355299640.0,3852.0,375,3851.0,25
rb1805,20171219,20171218,210817000,3851.0,242498,2575032,9359998600.0,3852.0,340,3851.0,98
rb1805,20171219,20171218,210817500,3852.0,242562,2575040,9362463760.0,3852.0,307,3851.0,100
rb1805,20171219,20171218,210818000,3852.0,242636,2575008,9365314180.0,3852.0,288,3851.0,103
rb1805,20171219,20171218,210818500,3851.0,242750,2575050,9369705080.0,3852.0,254,3851.0,107
rb1805,20171219,20171218,210819000,3852.0,242806,2575048,9371861920.0,3852.0,246,3851.0,216
rb1805,20171219,20171218,210819500,3852.0,243332,2574944,9392123600.0,3853.0,245,3852.0,164
rb1805,20171219,20171218,210820000,3852.0,243496,2575002,9398442180.0,3853.0,180,3852.0,82
rb1805,20171219,20171218,210820500,3853.0,243652,2574976,9404452340.0,3853.0,155,3852.0,109
rb1805,20171219,20171218,210821000,3852.0,243788,2574982,9409691940.0,3853.0,152,3852.0,91
rb1805,20171219,20171218,210821500,3853.0,243830,2574992,9411309980.0,3853.0,149,3852.0,86
rb1805,20171219,20171218,210822000,3853.0,243866,2574976,9412697040.0,3853.0,149,3852.0,126
rb1805,20171219,20171218,210822500,3853.0,243988,2574972,9417397480.0,3853.0,110,3852.0,142
rb1805,20171219,20171218,210823000,3853.0,244210,2574936,9425951080.0,3853.0,8,3852.0,196
rb1805,20171219,20171218,210823500,3853.0,244254,2574944,9427646400.0,3854.0,599,3853.0,127
rb1805,20171219,20171218,210824000,3854.0,244812,2574620,9449143560.0,3854.0,613,3853.0,42
rb1805,20171219,20171218,210824500,3853.0,244918,2574616,9453228140.0,3854.0,619,3853.0,28
rb1805,20171219,20171218,210825000,3853.0,245066,2574594,9458930580.0,3854.0,629,3853.0,75
rb1805,20171219,20171218,210825500,3854.0,245178,2574604,9463246580.0,3854.0,617,3853.0,129
rb1805,20171219,20171218,210826000,3854.0,245338,2574664,9469411900.0,3854.0,612,3853.0,84
rb1805,20171219,20171218,210826500,3853.0,245688,2574764,9482897220.0,3853.0,223,3852.0,88
rb1805,20171219,20171218,210827000,3852.0,246192,2574732,9502316320.0,3853.0,31,3852.0,79
rb1805,20171219,20171218,210827500,3853.0,246278,2574776,9505629440.0,3853.0,203,3852.0,97
rb1805,20171219,20171218,210828000,3853.0,246326,2574766,9507478860.0,3853.0,299,3852.0,62
rb1805,20171219,20171218,210828500,3853.0,246364,2574770,9508942840.0,3853.0,342,3852.0,51
rb1805,20171219,20171218,210829000,3853.0,246398,2574772,9510252680.0,3853.0,346,3852.0,45
rb1805,20171219,20171218,210829500,3853.0,246420,2574764,9511100320.0,3853.0,398,3852.0,107
rb1805,20171219,20171218,210830000,3853.0,246538,2574778,9515646360.0,3853.0,389,3852.0,116
rb1805,20171219,20171218,210830500,3853.0,246576,2574806,9517110460.0,3853.0,414,3852.0,149
rb1805,20171219,20171218,210831000,3853.0,246628,2574832,9519113900.0,3853.0,434,3852.0,344
rb1805,20171219,20171218,210831500,3853.0,246652,2574846,9520038540.0,3853.0,429,3852.0,369
rb1805,20171219,20171218,210832000,3853.0,247340,2574968,9546540940.0,3853.0,399,3852.0,57
rb1805,20171219,20171218,210832500,3852.0,247518,2574858,9553397540.0,3852.0,312,3851.0,419
rb1805,20171219,20171218,210833000,3852.0,247770,2574846,9563104560.0,3852.0,184,3851.0,410
rb1805,20171219,20171218,210833500,3852.0,247900,2574880,9568111740.0,3852.0,152,3851.0,423
rb1805,20171219,20171218,210834000,3852.0,248016,2574928,9572579640.0,3852.0,117,3851.0,401
rb1805,20171219,20171218,210834500,3852.0,248058,2574922,9574197480.0,3852.0,98,3851.0,403
rb1805,20171219,20171218,210835000,3851.0,248098,2574946,9575738240.0,3852.0,80,3851.0,403
rb1805,20171219,20171218,210835500,3852.0,248146,2574956,9577587160.0,3852.0,75,3851.0,386
rb1805,20171219,20171218,210836000,3852.0,248184,2574966,9579050880.0,3852.0,86,3851.0,386
rb1805,20171219,20171218,210836500,3852.0,248250,2574990,9581593120.0,3852.0,113,3851.0,396
rb1805,20171219,20171218,210837000,3851.0,248290,2575012,9583133900.0,3852.0,107,3851.0,412
rb1805,20171219,20171218,210837500,3852.0,248452,2574988,9589374080.0,3852.0,22,3851.0,419
rb1805,20171219,20171218,210838000,3852.0,248542,2574988,9592840720.0,3853.0,512,3852.0,1
rb1805,20171219,20171218,210838500,3852.0,248578,2575004,9594227200.0,3853.0,515,3852.0,3
rb1805,20171219,20171218,210839000,3852.0,248602,2575026,9595151720.0,3853.0,503,3851.0,414
rb1805,20171219,20171218,210839500,3853.0,248618,2575030,9595768060.0,3853.0,478,3852.0,37
rb1805,20171219,20171218,210840000,3852.0,248740,2575104,9600467120.0,3852.0,8,3851.0,401
rb1805,20171219,20171218,210840500,3852.0,248814,2575126,9603317680.0,3853.0,478,3852.0,19
rb1805,20171219,20171218,210841000,3852.0,248872,2575152,9605551900.0,3853.0,477,3852.0,16
rb1805,20171219,20171218,210841500,3852.0,248900,2575172,9606630600.0,3853.0,471,3852.0,11
rb1805,20171219,20171218,210842000,3852.0,248920,2575188,9607401000.0,3853.0,507,3852.0,9
rb1805,20171219,20171218,210842500,3852.0,248970,2575176,9609326940.0,3852.0,1,3851.0,402
rb1805,20171219,20171218,210843000,3852.0,248982,2575184,9609789180.0,3853.0,508,3852.0,87
rb1805,20171219,20171218,210843500,3853.0,249010,2575198,9610867780.0,3853.0,561,3852.0,109
rb1805,20171219,20171218,210844000,3852.0,249036,2575216,9611869360.0,3853.0,563,3852.0,257
rb1805,20171219,20171218,210844500,3852.0,249490,2575382,9629361640.0,3853.0,345,3852.0,246
rb1805,20171219,20171218,210845000,3853.0,249578,2575368,9632752260.0,3853.0,286,3852.0,194
rb1805,20171219,20171218,210845500,3853.0,250198,2575632,9656641260.0,3854.0,577,3853.0,217
rb1805,20171219,20171218,210846000,3853.0,250214,2575646,9657257740.0,3854.0,552,3853.0,241
rb1805,20171219,20171218,210846500,3853.0,250222,2575650,9657565980.0,3854.0,559,3853.0,349
rb1805,20171219,20171218,210847000,3854.0,250626,2575702,9673136120.0,3854.0,359,3853.0,343
rb1805,20171219,20171218,210847500,3853.0,250720,2575730,9676758360.0,3854.0,339,3853.0,336
rb1805,20171219,20171218,210848000,3854.0,250784,2575672,9679224900.0,3854.0,359,3853.0,337
rb1805,20171219,20171218,210848500,3854.0,250798,2575672,9679764360.0,3854.0,382,3853.0,348
rb1805,20171219,20171218,210849000,3853.0,250838,2575674,9681305740.0,3854.0,396,3853.0,338
rb1805,20171219,20171218,210849500,3854.0,250878,2575680,9682847300.0,3854.0,381,3853.0,360
rb1805,20171219,20171218,210850000,3854.0,250984,2575622,9686932240.0,3854.0,350,3853.0,349
rb1805,20171219,20171218,210850500,3854.0,251044,2575628,9689244540.0,3854.0,336,3853.0,346
rb1805,20171219,20171218,210851000,3853.0,251606,2575594,9710898620.0,3854.0,318,3853.0,102
rb1805,20171219,20171218,210851500,3854.0,251726,2575542,9715523220.0,3854.0,286,3853.0,89
rb1805,20171219,20171218,210852000,3853.0,251792,2575532,9718066820.0,3854.0,267,3853.0,89
rb1805,20171219,20171218,210852500,3853.0,251864,2575526,9720841580.0,3854.0,255,3853.0,89
rb1805,20171219,20171218,210853000,3853.0,251934,2575496,9723538800.0,3854.0,245,3853.0,85
rb1805,20171219,20171218,210853500,3853.0,252308,2575604,9737951060.0,3853.0,227,3852.0,253
rb1805,20171219,20171218,210854000,3853.0,252354,2575616,9739723400.0,3853.0,214,3852.0,255
rb1805,20171219,20171218,210854500,3853.0,252432,2575648,9742728500.0,3853.0,191,3852.0,247
rb1805,20171219,20171218,210855000,3853.0,252820,2576008,9757677740.0,3853.0,87,3852.0,229
rb1805,20171219,20171218,210855500,3853.0,252884,2576048,9760143620.0,3853.0,58,3852.0,227
rb1805,20171219,20171218,210856000,3853.0,253006,2576058,9764844240.0,3853.0,13,3852.0,226
rb1805,20171219,20171218,210856500,3853.0,253050,2576060,9766539500.0,3854.0,195,3853.0,12
rb1805,20171219,20171218,210857000,3852.0,253170,2576084,9771162820.0,3854.0,205,3853.0,14
rb1805,20171219,20171218,210857500,3853.0,253192,2576094,9772010480.0,3854.0,205,3853.0,5
rb1805,20171219,20171218,210858000,3854.0,253206,2576108,9772549920.0,3854.0,196,3853.0,5
rb1805,20171219,20171218,210858500,3853.0,253222,2576122,9773166520.0,3854.0,166,3853.0,40
rb1805,20171219,20171218,210859000,3854.0,253310,2576180,9776557640.0,3854.0,150,3853.0,43
rb1805,20171219,20171218,210859500,3853.0,253338,2576194,9777636660.0,3854.0,145,3853.0,54
rb1805,20171219,20171218,210900000,3854.0,253356,2576200,9778330380.0,3854.0,133,3853.0,64
rb1805,20171219,20171218,210900500,3853.0,253844,2576112,9797130220.0,3853.0,61,3852.0,110
rb1805,20171219,20171218,210901000,3853.0,253898,2576084,9799210840.0,3853.0,57,3852.0,112
rb1805,20171219,20171218,210901500,3853.0,253922,2576068,9800135540.0,3853.0,58,3852.0,115
rb1805,20171219,20171218,210902000,3853.0,253976,2576058,9802215980.0,3853.0,43,3852.0,108
rb1805,20171219,20171218,210902500,3853.0,253996,2576068,9802986560.0,3853.0,36,3852.0,121
rb1805,20171219,20171218,210903000,3853.0,254086,2576086,9806454240.0,3853.0,7,3852.0,110
rb1805,20171219,20171218,210903500,3853.0,254164,2576096,9809459460.0,3854.0,183,3853.0,1
rb1805,20171219,20171218,210904000,3853.0,254182,2576106,9810153000.0,3853.0,76,3852.0,103
rb1805,20171219,20171218,210904500,3853.0,254254,2576152,9812927080.0,3853.0,71,3852.0,114
rb1805,20171219,20171218,210905000,3853.0,254372,2576150,9817473600.0,3853.0,91,3852.0,117
rb1805,20171219,20171218,210905500,3852.0,254428,2576166,9819630960.0,3853.0,104,3852.0,102
rb1805,20171219,20171218,210906000,3853.0,254450,2576158,9820478540.0,3853.0,167,3852.0,100
rb1805,20171219,20171218,210906500,3853.0,254464,2576160,9821017840.0,3853.0,291,3852.0,93
rb1805,20171219,20171218,210907000,3853.0,254618,2576204,9826950660.0,3853.0,269,3852.0,56
rb1805,20171219,20171218,210907500,3852.0,254758,2576190,9832343520.0,3852.0,86,3851.0,522
rb1805,20171219,20171218,210908000,3852.0,254890,2576206,9837428140.0,3852.0,92,3851.0,562
