instrument,tradingday,calendarday,time,lastp,volume,openinterest,turnover,ask1,asksz1,bid1,bidsz1
rb1805,20170531,20170531,73323500,2838.0,0,40876,0.0,0.0,0,0.0,0
rb1805,20170531,20170531,85900500,2842.0,8,40878,227360.0,2848.0,6,2842.0,3
rb1805,20170531,20170531,90000500,2848.0,20,40868,569120.0,2855.0,9,2847.0,1
rb1805,20170531,20170531,90001000,2848.0,20,40868,569120.0,2855.0,9,2845.0,1
rb1805,20170531,20170531,90001500,2848.0,20,40868,569120.0,2855.0,9,2846.0,1
rb1805,20170531,20170531,90002000,2848.0,20,40868,569120.0,2855.0,9,2847.0,1
rb1805,20170531,20170531,90002500,2855.0,40,40850,1140120.0,2858.0,11,2847.0,6
rb1805,20170531,20170531,90003000,2855.0,40,40850,1140120.0,2856.0,20,2850.0,1
rb1805,20170531,20170531,90003500,2855.0,40,40850,1140120.0,2855.0,4,2851.0,5
rb1805,20170531,20170531,90004000,2845.0,62,40844,1766920.0,2855.0,4,2842.0,3
rb1805,20170531,20170531,90004500,2845.0,62,40844,1766920.0,2855.0,4,2850.0,1
rb1805,20170531,20170531,90005000,2855.0,78,40838,2223660.0,2855.0,1,2851.0,5
rb1805,20170531,20170531,90005500,2855.0,78,40838,2223660.0,2855.0,1,2852.0,5
rb1805,20170531,20170531,90006000,2855.0,78,40838,2223660.0,2855.0,1,2853.0,5
rb1805,20170531,20170531,90006500,2854.0,80,40836,2280740.0,2855.0,1,2854.0,4
rb1805,20170531,20170531,90007000,2854.0,80,40836,2280740.0,2854.0,11,2852.0,3
rb1805,20170531,20170531,90007500,2854.0,80,40836,2280740.0,2855.0,1,2852.0,3
rb1805,20170531,20170531,90008000,2854.0,82,40838,2337820.0,2855.0,1,2852.0,3
rb1805,20170531,20170531,90008500,2852.0,84,40838,2394860.0,2854.0,4,2852.0,2
rb1805,20170531,20170531,90009000,2852.0,84,40838,2394860.0,2853.0,1,2852.0,2
rb1805,20170531,20170531,90009500,2852.0,84,40838,2394860.0,2854.0,1,2843.0,2
rb1805,20170531,20170531,90010000,2852.0,84,40838,2394860.0,2853.0,2,2844.0,20
rb1805,20170531,20170531,90010500,2852.0,84,40838,2394860.0,2852.0,7,2850.0,1
rb1805,20170531,20170531,90011000,2852.0,84,40838,2394860.0,2852.0,1,2850.0,1
rb1805,20170531,20170531,90011500,2852.0,84,40838,2394860.0,2852.0,1,2850.0,1
rb1805,20170531,20170531,90012000,2852.0,84,40838,2394860.0,2852.0,2,2850.0,1
rb1805,20170531,20170531,90012500,2852.0,84,40838,2394860.0,2852.0,2,2850.0,1
rb1805,20170531,20170531,90013000,2850.0,86,40840,2451860.0,2850.0,2,2847.0,1
rb1805,20170531,20170531,90013500,2850.0,86,40840,2451860.0,2849.0,14,2847.0,1
rb1805,20170531,20170531,90014000,2850.0,86,40840,2451860.0,2849.0,14,2842.0,14
rb1805,20170531,20170531,90014500,2850.0,86,40840,2451860.0,2849.0,14,2844.0,5
rb1805,20170531,20170531,90015000,2850.0,86,40840,2451860.0,2849.0,14,2845.0,23
rb1805,20170531,20170531,90015500,2845.0,90,40844,2565660.0,2849.0,14,2845.0,21
rb1805,20170531,20170531,90016000,2849.0,96,40850,2736600.0,2849.0,7,2845.0,20
rb1805,20170531,20170531,90016500,2849.0,96,40850,2736600.0,2849.0,7,2845.0,20
rb1805,20170531,20170531,90017000,2849.0,96,40850,2736600.0,2849.0,7,2845.0,20
rb1805,20170531,20170531,90018500,2849.0,96,40850,2736600.0,2849.0,8,2845.0,20
rb1805,20170531,20170531,90019000,2845.0,110,40850,3134900.0,2849.0,7,2846.0,3
rb1805,20170531,20170531,90019500,2845.0,110,40850,3134900.0,2848.0,11,2844.0,1
rb1805,20170531,20170531,90020000,2845.0,110,40850,3134900.0,2847.0,5,2845.0,15
rb1805,20170531,20170531,90020500,2845.0,110,40850,3134900.0,2847.0,1,2844.0,2
rb1805,20170531,20170531,90021000,2845.0,110,40850,3134900.0,2846.0,9,2844.0,2
rb1805,20170531,20170531,90021500,2845.0,110,40850,3134900.0,2846.0,16,2844.0,2
rb1805,20170531,20170531,90022000,2845.0,110,40850,3134900.0,2846.0,16,2844.0,2
rb1805,20170531,20170531,90022500,2845.0,110,40850,3134900.0,2846.0,16,2842.0,4
rb1805,20170531,20170531,90023000,2845.0,110,40850,3134900.0,2845.0,1,2843.0,5
rb1805,20170531,20170531,90023500,2845.0,110,40850,3134900.0,2844.0,5,2842.0,6
rb1805,20170531,20170531,90024000,2845.0,110,40850,3134900.0,2847.0,1,2846.0,1
rb1805,20170531,20170531,90024500,2846.0,112,40850,3191820.0,2846.0,19,2842.0,6
rb1805,20170531,20170531,90025000,2846.0,112,40850,3191820.0,2847.0,1,2844.0,1
rb1805,20170531,20170531,90025500,2846.0,112,40850,3191820.0,2846.0,16,2842.0,4
rb1805,20170531,20170531,90026000,2846.0,112,40850,3191820.0,2846.0,17,2842.0,4
rb1805,20170531,20170531,90026500,2846.0,112,40850,3191820.0,2846.0,17,2842.0,6
rb1805,20170531,20170531,90027000,2846.0,112,40850,3191820.0,2846.0,22,2842.0,6
rb1805,20170531,20170531,90027500,2846.0,112,40850,3191820.0,2845.0,5,2842.0,6
rb1805,20170531,20170531,90028000,2846.0,112,40850,3191820.0,2844.0,15,2842.0,4
rb1805,20170531,20170531,90028500,2846.0,112,40850,3191820.0,2845.0,1,2842.0,4
rb1805,20170531,20170531,90029000,2846.0,112,40850,3191820.0,2845.0,1,2843.0,13
rb1805,20170531,20170531,90029500,2846.0,112,40850,3191820.0,2845.0,1,2843.0,14
rb1805,20170531,20170531,90030000,2843.0,114,40850,3248680.0,2846.0,6,2843.0,14
rb1805,20170531,20170531,90030500,2843.0,114,40850,3248680.0,2846.0,6,2844.0,1
rb1805,20170531,20170531,90031000,2843.0,114,40850,3248680.0,2845.0,4,2843.0,1
rb1805,20170531,20170531,90031500,2843.0,114,40850,3248680.0,2845.0,4,2844.0,3
rb1805,20170531,20170531,90032000,2843.0,114,40850,3248680.0,2846.0,12,2844.0,1
rb1805,20170531,20170531,90032500,2843.0,114,40850,3248680.0,2846.0,12,2843.0,3
rb1805,20170531,20170531,90033000,2843.0,114,40850,3248680.0,2846.0,12,2844.0,10
rb1805,20170531,20170531,90033500,2843.0,114,40850,3248680.0,2846.0,12,2844.0,8
rb1805,20170531,20170531,90034000,2844.0,122,40850,3476200.0,2846.0,12,2844.0,4
rb1805,20170531,20170531,90034500,2846.0,132,40850,3760800.0,2846.0,7,2844.0,5
rb1805,20170531,20170531,90035000,2846.0,132,40850,3760800.0,2846.0,1,2845.0,1
rb1805,20170531,20170531,90035500,2846.0,132,40850,3760800.0,2846.0,1,2844.0,3
rb1805,20170531,20170531,90036000,2846.0,132,40850,3760800.0,2846.0,1,2845.0,9
rb1805,20170531,20170531,90036500,2845.0,134,40852,3817700.0,2846.0,8,2845.0,3
rb1805,20170531,20170531,90037000,2845.0,134,40852,3817700.0,2846.0,8,2844.0,3
rb1805,20170531,20170531,90037500,2843.0,160,40846,4557260.0,2843.0,87,2842.0,4
rb1805,20170531,20170531,90038000,2843.0,210,40836,5978760.0,2843.0,62,2842.0,4
rb1805,20170531,20170531,90038500,2843.0,218,40836,6206200.0,2843.0,58,2842.0,4
rb1805,20170531,20170531,90039500,2843.0,218,40836,6206200.0,2843.0,58,2842.0,5
rb1805,20170531,20170531,90040000,2843.0,218,40836,6206200.0,2843.0,58,2842.0,5
rb1805,20170531,20170531,90040500,2843.0,228,40836,6490500.0,2843.0,53,2842.0,5
rb1805,20170531,20170531,90041000,2843.0,228,40836,6490500.0,2843.0,53,2842.0,5
rb1805,20170531,20170531,90041500,2842.0,230,40838,6547340.0,2843.0,53,2842.0,4
rb1805,20170531,20170531,90042000,2842.0,230,40838,6547340.0,2843.0,53,2842.0,4
rb1805,20170531,20170531,90042500,2842.0,238,40846,6774700.0,2842.0,4,2841.0,17
rb1805,20170531,20170531,90043000,2842.0,238,40846,6774700.0,2843.0,53,2841.0,13
rb1805,20170531,20170531,90044500,2843.0,240,40846,6831560.0,2843.0,52,2841.0,13
rb1805,20170531,20170531,90045000,2843.0,240,40846,6831560.0,2843.0,52,2841.0,13
rb1805,20170531,20170531,90046500,2843.0,240,40846,6831560.0,2843.0,52,2842.0,1
rb1805,20170531,20170531,90047000,2843.0,240,40846,6831560.0,2843.0,52,2841.0,13
rb1805,20170531,20170531,90047500,2843.0,240,40846,6831560.0,2843.0,52,2842.0,1
rb1805,20170531,20170531,90048000,2843.0,240,40846,6831560.0,2843.0,52,2842.0,1
rb1805,20170531,20170531,90048500,2843.0,240,40846,6831560.0,2843.0,52,2842.0,1
rb1805,20170531,20170531,90049000,2843.0,240,40846,6831560.0,2843.0,52,2842.0,1
rb1805,20170531,20170531,90050500,2841.0,276,40846,7854700.0,2843.0,43,2841.0,9
rb1805,20170531,20170531,90051000,2843.0,278,40846,7911560.0,2843.0,42,2841.0,9
rb1805,20170531,20170531,90051500,2843.0,290,40846,8252720.0,2843.0,36,2841.0,4
rb1805,20170531,20170531,90052000,2843.0,290,40846,8252720.0,2843.0,36,2841.0,9
rb1805,20170531,20170531,90053500,2844.0,364,40846,10356560.0,2846.0,8,2844.0,5
rb1805,20170531,20170531,90054000,2844.0,364,40846,10356560.0,2846.0,8,2844.0,1
rb1805,20170531,20170531,90054500,2844.0,364,40846,10356560.0,2846.0,11,2844.0,1
rb1805,20170531,20170531,90056500,2844.0,364,40846,10356560.0,2845.0,23,2844.0,1
rb1805,20170531,20170531,90057000,2844.0,366,40848,10413440.0,2844.0,1,2842.0,2
rb1805,20170531,20170531,90057500,2844.0,366,40848,10413440.0,2844.0,1,2841.0,2
rb1805,20170531,20170531,90058000,2844.0,368,40850,10470320.0,2844.0,3,2841.0,2
rb1805,20170531,20170531,90058500,2844.0,368,40850,10470320.0,2844.0,4,2841.0,2
rb1805,20170531,20170531,90059500,2844.0,368,40850,10470320.0,2843.0,15,2841.0,2
rb1805,20170531,20170531,90100000,2844.0,368,40850,10470320.0,2843.0,14,2841.0,2
rb1805,20170531,20170531,90100500,2844.0,368,40850,10470320.0,2844.0,4,2841.0,2
rb1805,20170531,20170531,90101000,2841.0,372,40850,10583960.0,2841.0,7,2840.0,33
rb1805,20170531,20170531,90101500,2840.0,438,40848,12458360.0,2840.0,67,2834.0,10
rb1805,20170531,20170531,90102000,2840.0,450,40848,12799060.0,2840.0,67,2835.0,4
rb1805,20170531,20170531,90102500,2840.0,450,40848,12799060.0,2840.0,67,2835.0,11
rb1805,20170531,20170531,90103000,2840.0,450,40848,12799060.0,2840.0,67,2835.0,11
rb1805,20170531,20170531,90104000,2840.0,450,40848,12799060.0,2840.0,67,2835.0,7
rb1805,20170531,20170531,90105500,2840.0,490,40848,13935060.0,2840.0,47,2836.0,1
rb1805,20170531,20170531,90106000,2840.0,490,40848,13935060.0,2840.0,47,2837.0,3
rb1805,20170531,20170531,90106500,2840.0,490,40848,13935060.0,2840.0,47,2838.0,5
rb1805,20170531,20170531,90107000,2840.0,490,40848,13935060.0,2840.0,47,2838.0,5
rb1805,20170531,20170531,90107500,2840.0,490,40848,13935060.0,2839.0,1,2838.0,5
rb1805,20170531,20170531,90108000,2839.0,492,40848,13991840.0,2840.0,47,2839.0,6
rb1805,20170531,20170531,90108500,2840.0,506,40854,14389340.0,2840.0,45,2839.0,1
rb1805,20170531,20170531,90109000,2839.0,508,40856,14446120.0,2839.0,16,2838.0,2
rb1805,20170531,20170531,90109500,2839.0,516,40860,14673200.0,2839.0,35,2836.0,6
rb1805,20170531,20170531,90110000,2839.0,516,40860,14673200.0,2838.0,2,2836.0,4
rb1805,20170531,20170531,90110500,2839.0,520,40860,14786760.0,2840.0,45,2837.0,4
rb1805,20170531,20170531,90111000,2837.0,532,40868,15127200.0,2837.0,13,2836.0,4
rb1805,20170531,20170531,90111500,2836.0,546,40876,15524240.0,2836.0,10,2835.0,6
rb1805,20170531,20170531,90112000,2835.0,548,40876,15580940.0,2835.0,9,2834.0,5
rb1805,20170531,20170531,90112500,2835.0,548,40876,15580940.0,2836.0,3,2830.0,3
rb1805,20170531,20170531,90113000,2835.0,548,40876,15580940.0,2835.0,19,2831.0,6
rb1805,20170531,20170531,90113500,2835.0,548,40876,15580940.0,2836.0,3,2834.0,4
rb1805,20170531,20170531,90114000,2835.0,548,40876,15580940.0,2836.0,3,2834.0,4
rb1805,20170531,20170531,90114500,2835.0,548,40876,15580940.0,2835.0,5,2831.0,9
rb1805,20170531,20170531,90115000,2835.0,570,40868,16204660.0,2835.0,45,2834.0,2
rb1805,20170531,20170531,90115500,2835.0,660,40788,18756160.0,2836.0,2,2831.0,10
rb1805,20170531,20170531,90116000,2835.0,660,40788,18756160.0,2839.0,1,2834.0,6
rb1805,20170531,20170531,90116500,2835.0,660,40788,18756160.0,2838.0,23,2834.0,5
rb1805,20170531,20170531,90117000,2838.0,664,40784,18869680.0,2838.0,19,2835.0,7
rb1805,20170531,20170531,90117500,2838.0,664,40784,18869680.0,2837.0,5,2835.0,12
rb1805,20170531,20170531,90118000,2838.0,664,40784,18869680.0,2839.0,3,2835.0,9
rb1805,20170531,20170531,90118500,2836.0,674,40784,19153280.0,2837.0,2,2835.0,12
rb1805,20170531,20170531,90119000,2837.0,678,40784,19266760.0,2839.0,9,2835.0,12
rb1805,20170531,20170531,90119500,2837.0,692,40780,19663740.0,2838.0,23,2835.0,7
rb1805,20170531,20170531,90120000,2837.0,712,40770,20231140.0,2838.0,23,2835.0,7
rb1805,20170531,20170531,90120500,2838.0,796,40728,22615020.0,2837.0,4,2836.0,5
rb1805,20170531,20170531,90121000,2836.0,818,40748,23238840.0,2836.0,9,2835.0,2
rb1805,20170531,20170531,90121500,2836.0,832,40736,23635880.0,2835.0,33,2834.0,5
rb1805,20170531,20170531,90122000,2835.0,898,40700,25506980.0,2836.0,3,2835.0,13
rb1805,20170531,20170531,90122500,2835.0,898,40700,25506980.0,2836.0,3,2835.0,13
rb1805,20170531,20170531,90123000,2836.0,904,40706,25677140.0,2838.0,6,2835.0,16
rb1805,20170531,20170531,90123500,2836.0,904,40706,25677140.0,2838.0,6,2835.0,16
rb1805,20170531,20170531,90124000,2836.0,904,40706,25677140.0,2838.0,6,2835.0,21
rb1805,20170531,20170531,90124500,2836.0,904,40706,25677140.0,2838.0,6,2835.0,16
rb1805,20170531,20170531,90125000,2836.0,904,40706,25677140.0,2837.0,1,2836.0,20
rb1805,20170531,20170531,90125500,2838.0,908,40710,25790640.0,2838.0,5,2837.0,10
rb1805,20170531,20170531,90126000,2838.0,910,40712,25847400.0,2838.0,4,2837.0,10
rb1805,20170531,20170531,90126500,2838.0,910,40712,25847400.0,2838.0,1,2837.0,10
rb1805,20170531,20170531,90127000,2838.0,912,40712,25904160.0,2839.0,1,2837.0,10
rb1805,20170531,20170531,90127500,2838.0,912,40712,25904160.0,2839.0,1,2838.0,3
rb1805,20170531,20170531,90128000,2838.0,912,40712,25904160.0,2839.0,1,2838.0,8
rb1805,20170531,20170531,90128500,2839.0,914,40712,25960940.0,2841.0,1,2840.0,2
rb1805,20170531,20170531,90129000,2841.0,916,40712,26017760.0,2844.0,2,2841.0,7
rb1805,20170531,20170531,90129500,2841.0,924,40712,26245040.0,2843.0,6,2841.0,16
rb1805,20170531,20170531,90130000,2843.0,926,40710,26301900.0,2845.0,2,2843.0,11
rb1805,20170531,20170531,90130500,2843.0,926,40710,26301900.0,2845.0,3,2844.0,6
rb1805,20170531,20170531,90131000,2843.0,926,40710,26301900.0,2845.0,2,2844.0,11
rb1805,20170531,20170531,90131500,2845.0,930,40706,26415700.0,2846.0,7,2845.0,5
rb1805,20170531,20170531,90132000,2846.0,942,40706,26757220.0,2846.0,1,2844.0,2
rb1805,20170531,20170531,90132500,2846.0,942,40706,26757220.0,2845.0,5,2844.0,2
rb1805,20170531,20170531,90133000,2844.0,946,40710,26870980.0,2844.0,3,2843.0,5
rb1805,20170531,20170531,90133500,2844.0,946,40710,26870980.0,2846.0,1,2843.0,3
rb1805,20170531,20170531,90134000,2844.0,946,40710,26870980.0,2846.0,1,2843.0,8
rb1805,20170531,20170531,90135000,2844.0,946,40710,26870980.0,2846.0,1,2843.0,13
rb1805,20170531,20170531,90137000,2844.0,946,40710,26870980.0,2846.0,1,2843.0,10
rb1805,20170531,20170531,90137500,2844.0,946,40710,26870980.0,2845.0,1,2844.0,5
rb1805,20170531,20170531,90138000,2844.0,946,40710,26870980.0,2845.0,1,2844.0,10
rb1805,20170531,20170531,90138500,2846.0,950,40710,26984800.0,2849.0,2,2846.0,8
rb1805,20170531,20170531,90139000,2846.0,966,40726,27440160.0,2845.0,9,2843.0,11
rb1805,20170531,20170531,90139500,2844.0,974,40734,27667680.0,2848.0,2,2844.0,1
rb1805,20170531,20170531,90140000,2844.0,984,40744,27952080.0,2847.0,15,2844.0,1
rb1805,20170531,20170531,90140500,2844.0,984,40744,27952080.0,2846.0,2,2843.0,8
rb1805,20170531,20170531,90141000,2844.0,984,40744,27952080.0,2846.0,6,2843.0,5
rb1805,20170531,20170531,90142000,2846.0,996,40752,28293600.0,2847.0,4,2843.0,3
rb1805,20170531,20170531,90142500,2847.0,1004,40760,28521360.0,2848.0,9,2843.0,13
rb1805,20170531,20170531,90143000,2847.0,1004,40760,28521360.0,2848.0,9,2843.0,10
rb1805,20170531,20170531,90143500,2847.0,1004,40760,28521360.0,2847.0,14,2844.0,1
rb1805,20170531,20170531,90144000,2847.0,1004,40760,28521360.0,2846.0,1,2845.0,6
rb1805,20170531,20170531,90144500,2847.0,1004,40760,28521360.0,2847.0,1,2845.0,6
rb1805,20170531,20170531,90145000,2847.0,1004,40760,28521360.0,2846.0,1,2845.0,11
rb1805,20170531,20170531,90145500,2847.0,1004,40760,28521360.0,2846.0,1,2845.0,11
rb1805,20170531,20170531,90146000,2847.0,1004,40760,28521360.0,2846.0,1,2845.0,6
rb1805,20170531,20170531,90147000,2846.0,1006,40758,28578280.0,2847.0,1,2846.0,9
rb1805,20170531,20170531,90147500,2847.0,1008,40758,28635220.0,2848.0,6,2846.0,9
rb1805,20170531,20170531,90148000,2847.0,1008,40758,28635220.0,2847.0,5,2846.0,9
rb1805,20170531,20170531,90149000,2847.0,1008,40758,28635220.0,2847.0,5,2846.0,9
rb1805,20170531,20170531,90149500,2847.0,1012,40758,28749100.0,2847.0,3,2846.0,9
rb1805,20170531,20170531,90150500,2847.0,1012,40758,28749100.0,2847.0,3,2846.0,9
rb1805,20170531,20170531,90151000,2847.0,1012,40758,28749100.0,2847.0,3,2846.0,9
rb1805,20170531,20170531,90152500,2846.0,1014,40756,28806020.0,2847.0,3,2846.0,8
rb1805,20170531,20170531,90153000,2846.0,1014,40756,28806020.0,2847.0,3,2846.0,8
rb1805,20170531,20170531,90153500,2847.0,1038,40756,29489100.0,2847.0,1,2846.0,3
rb1805,20170531,20170531,90154000,2846.0,1044,40762,29659860.0,2847.0,1,2846.0,2
rb1805,20170531,20170531,90154500,2846.0,1044,40762,29659860.0,2847.0,1,2846.0,5
rb1805,20170531,20170531,90155000,2846.0,1044,40762,29659860.0,2847.0,1,2845.0,9
rb1805,20170531,20170531,90155500,2845.0,1046,40762,29716760.0,2847.0,1,2845.0,13
rb1805,20170531,20170531,90156000,2845.0,1046,40762,29716760.0,2847.0,1,2845.0,13
rb1805,20170531,20170531,90157000,2845.0,1046,40762,29716760.0,2847.0,1,2845.0,8
rb1805,20170531,20170531,90157500,2845.0,1046,40762,29716760.0,2847.0,1,2845.0,8
rb1805,20170531,20170531,90158000,2845.0,1046,40762,29716760.0,2846.0,38,2845.0,8
rb1805,20170531,20170531,90158500,2845.0,1046,40762,29716760.0,2846.0,38,2845.0,8
rb1805,20170531,20170531,90159000,2845.0,1046,40762,29716760.0,2846.0,38,2845.0,8
rb1805,20170531,20170531,90159500,2845.0,1046,40762,29716760.0,2846.0,38,2845.0,13
rb1805,20170531,20170531,90200000,2845.0,1046,40762,29716760.0,2846.0,38,2845.0,8
rb1805,20170531,20170531,90200500,2845.0,1062,40776,30172000.0,2846.0,36,2845.0,2
rb1805,20170531,20170531,90202000,2846.0,1074,40788,30513520.0,2846.0,30,2845.0,2
rb1805,20170531,20170531,90202500,2846.0,1078,40792,30627360.0,2846.0,28,2845.0,12
rb1805,20170531,20170531,90205000,2845.0,1102,40772,31310160.0,2845.0,13,2843.0,5
rb1805,20170531,20170531,90205500,2845.0,1102,40772,31310160.0,2845.0,18,2841.0,12
rb1805,20170531,20170531,90206000,2845.0,1102,40772,31310160.0,2845.0,18,2842.0,12
rb1805,20170531,20170531,90206500,2845.0,1102,40772,31310160.0,2844.0,1,2842.0,10
rb1805,20170531,20170531,90207000,2845.0,1102,40772,31310160.0,2844.0,1,2842.0,15
rb1805,20170531,20170531,90208000,2845.0,1102,40772,31310160.0,2845.0,55,2841.0,10
rb1805,20170531,20170531,90208500,2845.0,1108,40772,31480860.0,2844.0,23,2842.0,3
rb1805,20170531,20170531,90209000,2845.0,1108,40772,31480860.0,2844.0,23,2842.0,3
rb1805,20170531,20170531,90209500,2845.0,1108,40772,31480860.0,2844.0,23,2840.0,1
rb1805,20170531,20170531,90210000,2845.0,1108,40772,31480860.0,2844.0,23,2841.0,3
rb1805,20170531,20170531,90210500,2845.0,1108,40772,31480860.0,2843.0,3,2840.0,6
rb1805,20170531,20170531,90211000,2842.0,1110,40772,31537700.0,2842.0,19,2840.0,1
rb1805,20170531,20170531,90211500,2840.0,1112,40772,31594500.0,2841.0,3,2839.0,3
rb1805,20170531,20170531,90212000,2840.0,1112,40772,31594500.0,2840.0,18,2839.0,1
rb1805,20170531,20170531,90212500,2840.0,1116,40774,31708080.0,2839.0,4,2838.0,3
rb1805,20170531,20170531,90213000,2838.0,1124,40778,31935120.0,2837.0,1,2836.0,1
rb1805,20170531,20170531,90213500,2837.0,1168,40802,33183080.0,2836.0,10,2835.0,1
rb1805,20170531,20170531,90214000,2835.0,1170,40802,33239780.0,2836.0,76,2834.0,1
rb1805,20170531,20170531,90214500,2834.0,1172,40802,33296460.0,2835.0,4,2831.0,1
rb1805,20170531,20170531,90215000,2831.0,1174,40802,33353080.0,2834.0,9,2830.0,34
rb1805,20170531,20170531,90215500,2831.0,1174,40802,33353080.0,2834.0,12,2831.0,10
rb1805,20170531,20170531,90216000,2831.0,1176,40802,33409700.0,2834.0,9,2831.0,12
rb1805,20170531,20170531,90216500,2831.0,1176,40802,33409700.0,2834.0,9,2831.0,5
rb1805,20170531,20170531,90218000,2831.0,1176,40802,33409700.0,2834.0,9,2831.0,5
rb1805,20170531,20170531,90218500,2831.0,1176,40802,33409700.0,2834.0,6,2832.0,8
rb1805,20170531,20170531,90219000,2831.0,1176,40802,33409700.0,2834.0,6,2832.0,14
rb1805,20170531,20170531,90219500,2831.0,1176,40802,33409700.0,2834.0,5,2832.0,16
rb1805,20170531,20170531,90220000,2834.0,1186,40802,33693100.0,2838.0,1,2834.0,5
rb1805,20170531,20170531,90220500,2834.0,1186,40802,33693100.0,2837.0,3,2835.0,14
rb1805,20170531,20170531,90221000,2834.0,1186,40802,33693100.0,2838.0,1,2835.0,14
rb1805,20170531,20170531,90221500,2838.0,1188,40800,33749860.0,2838.0,3,2836.0,3
rb1805,20170531,20170531,90222000,2837.0,1190,40798,33806600.0,2838.0,3,2837.0,4
rb1805,20170531,20170531,90222500,2837.0,1190,40798,33806600.0,2840.0,50,2837.0,12
rb1805,20170531,20170531,90223000,2837.0,1192,40800,33863340.0,2839.0,6,2837.0,8
rb1805,20170531,20170531,90223500,2837.0,1192,40800,33863340.0,2839.0,3,2838.0,7
rb1805,20170531,20170531,90224000,2837.0,1192,40800,33863340.0,2840.0,50,2838.0,7
rb1805,20170531,20170531,90224500,2838.0,1204,40794,34203900.0,2839.0,8,2837.0,13
rb1805,20170531,20170531,90225000,2838.0,1204,40794,34203900.0,2839.0,11,2837.0,8
rb1805,20170531,20170531,90225500,2837.0,1228,40808,34884780.0,2839.0,3,2837.0,1
rb1805,20170531,20170531,90226000,2837.0,1228,40808,34884780.0,2838.0,50,2837.0,1
rb1805,20170531,20170531,90226500,2837.0,1228,40808,34884780.0,2838.0,50,2836.0,9
rb1805,20170531,20170531,90227000,2838.0,1230,40808,34941540.0,2838.0,49,2836.0,7
rb1805,20170531,20170531,90227500,2838.0,1230,40808,34941540.0,2838.0,52,2836.0,7
rb1805,20170531,20170531,90228000,2838.0,1230,40808,34941540.0,2838.0,49,2836.0,7
rb1805,20170531,20170531,90228500,2838.0,1230,40808,34941540.0,2838.0,49,2836.0,10
rb1805,20170531,20170531,90229500,2838.0,1230,40808,34941540.0,2838.0,49,2837.0,11
rb1805,20170531,20170531,90230000,2838.0,1230,40808,34941540.0,2838.0,49,2837.0,11
rb1805,20170531,20170531,90230500,2838.0,1230,40808,34941540.0,2838.0,54,2836.0,10
rb1805,20170531,20170531,90231000,2838.0,1230,40808,34941540.0,2838.0,54,2837.0,16
rb1805,20170531,20170531,90231500,2838.0,1240,40800,35225340.0,2838.0,49,2837.0,25
rb1805,20170531,20170531,90232000,2838.0,1274,40766,36190260.0,2838.0,32,2837.0,25
rb1805,20170531,20170531,90232500,2838.0,1274,40766,36190260.0,2838.0,32,2837.0,25
rb1805,20170531,20170531,90233000,2838.0,1280,40764,36360520.0,2838.0,30,2837.0,24
rb1805,20170531,20170531,90233500,2838.0,1280,40764,36360520.0,2838.0,30,2837.0,24
rb1805,20170531,20170531,90235000,2837.0,1282,40764,36417260.0,2838.0,30,2837.0,23
rb1805,20170531,20170531,90235500,2837.0,1292,40760,36700960.0,2838.0,30,2837.0,18
rb1805,20170531,20170531,90236000,2838.0,1302,40760,36984760.0,2838.0,25,2837.0,18
rb1805,20170531,20170531,90236500,2838.0,1346,40760,38233480.0,2838.0,3,2837.0,18
rb1805,20170531,20170531,90237000,2838.0,1352,40760,38403760.0,2840.0,50,2838.0,2
rb1805,20170531,20170531,90237500,2838.0,1352,40760,38403760.0,2840.0,50,2839.0,13
rb1805,20170531,20170531,90238000,2840.0,1368,40760,38858160.0,2840.0,42,2839.0,18
rb1805,20170531,20170531,90238500,2840.0,1382,40760,39255760.0,2840.0,35,2839.0,19
rb1805,20170531,20170531,90239000,2840.0,1382,40760,39255760.0,2840.0,35,2839.0,19
rb1805,20170531,20170531,90239500,2840.0,1382,40760,39255760.0,2840.0,35,2839.0,19
rb1805,20170531,20170531,90240000,2840.0,1382,40760,39255760.0,2840.0,35,2839.0,20
rb1805,20170531,20170531,90240500,2840.0,1382,40760,39255760.0,2840.0,35,2839.0,17
rb1805,20170531,20170531,90241000,2840.0,1384,40760,39312560.0,2840.0,34,2839.0,17
rb1805,20170531,20170531,90241500,2840.0,1384,40760,39312560.0,2840.0,34,2839.0,17
rb1805,20170531,20170531,90242500,2840.0,1384,40760,39312560.0,2840.0,39,2839.0,16
rb1805,20170531,20170531,90243000,2840.0,1384,40760,39312560.0,2840.0,39,2839.0,13
rb1805,20170531,20170531,90243500,2840.0,1384,40760,39312560.0,2840.0,39,2839.0,13
rb1805,20170531,20170531,90244000,2839.0,1406,40760,39937140.0,2839.0,8,2838.0,7
rb1805,20170531,20170531,90244500,2839.0,1406,40760,39937140.0,2839.0,7,2837.0,6
rb1805,20170531,20170531,90245000,2839.0,1406,40760,39937140.0,2839.0,7,2838.0,8
rb1805,20170531,20170531,90245500,2838.0,1420,40758,40334460.0,2838.0,9,2837.0,1
rb1805,20170531,20170531,90246000,2838.0,1420,40758,40334460.0,2839.0,12,2837.0,1
rb1805,20170531,20170531,90247000,2838.0,1420,40758,40334460.0,2839.0,12,2837.0,1
rb1805,20170531,20170531,90247500,2838.0,1420,40758,40334460.0,2838.0,2,2837.0,1
rb1805,20170531,20170531,90248000,2838.0,1420,40758,40334460.0,2838.0,7,2837.0,2
rb1805,20170531,20170531,90248500,2837.0,1422,40758,40391200.0,2838.0,7,2837.0,1
rb1805,20170531,20170531,90249000,2837.0,1424,40758,40447940.0,2838.0,7,2835.0,1
rb1805,20170531,20170531,90249500,2837.0,1426,40758,40504680.0,2837.0,6,2835.0,1
rb1805,20170531,20170531,90250000,2837.0,1426,40758,40504680.0,2837.0,20,2835.0,1
rb1805,20170531,20170531,90250500,2835.0,1428,40760,40561380.0,2836.0,10,2834.0,2
rb1805,20170531,20170531,90251000,2835.0,1428,40760,40561380.0,2836.0,10,2835.0,1
rb1805,20170531,20170531,90251500,2835.0,1432,40762,40674780.0,2836.0,10,2833.0,3
rb1805,20170531,20170531,90252000,2835.0,1458,40780,41411060.0,2835.0,9,2833.0,5
rb1805,20170531,20170531,90252500,2835.0,1458,40780,41411060.0,2835.0,9,2833.0,5
rb1805,20170531,20170531,90253000,2835.0,1458,40780,41411060.0,2835.0,9,2833.0,8
rb1805,20170531,20170531,90255000,2835.0,1458,40780,41411060.0,2835.0,5,2833.0,8
rb1805,20170531,20170531,90255500,2835.0,1460,40778,41467760.0,2836.0,5,2835.0,6
rb1805,20170531,20170531,90256000,2835.0,1460,40778,41467760.0,2837.0,12,2835.0,11
rb1805,20170531,20170531,90256500,2835.0,1460,40778,41467760.0,2837.0,5,2835.0,10
rb1805,20170531,20170531,90258000,2835.0,1460,40778,41467760.0,2837.0,5,2835.0,10
rb1805,20170531,20170531,90258500,2835.0,1460,40778,41467760.0,2837.0,5,2835.0,10
rb1805,20170531,20170531,90259000,2833.0,1496,40762,42488040.0,2833.0,82,2832.0,1
rb1805,20170531,20170531,90259500,2833.0,1574,40720,44697780.0,2833.0,43,2832.0,1
rb1805,20170531,20170531,90300000,2833.0,1610,40708,45717660.0,2833.0,25,2832.0,4
rb1805,20170531,20170531,90300500,2833.0,1620,40698,46000960.0,2833.0,20,2832.0,4
rb1805,20170531,20170531,90301000,2833.0,1622,40696,46057620.0,2833.0,19,2832.0,4
rb1805,20170531,20170531,90301500,2833.0,1626,40692,46170940.0,2833.0,17,2832.0,9
rb1805,20170531,20170531,90302000,2833.0,1660,40670,47134160.0,2835.0,2,2833.0,29
rb1805,20170531,20170531,90302500,2833.0,1660,40670,47134160.0,2835.0,7,2833.0,31
rb1805,20170531,20170531,90303000,2835.0,1684,40656,47814560.0,2837.0,5,2835.0,28
rb1805,20170531,20170531,90303500,2835.0,1684,40656,47814560.0,2837.0,5,2835.0,28
rb1805,20170531,20170531,90304000,2835.0,1684,40656,47814560.0,2837.0,5,2835.0,28
rb1805,20170531,20170531,90304500,2835.0,1684,40656,47814560.0,2837.0,6,2835.0,28
rb1805,20170531,20170531,90305000,2835.0,1684,40656,47814560.0,2837.0,6,2835.0,28
rb1805,20170531,20170531,90305500,2835.0,1684,40656,47814560.0,2837.0,6,2836.0,3
rb1805,20170531,20170531,90306000,2835.0,1698,40642,48211460.0,2837.0,1,2835.0,21
rb1805,20170531,20170531,90306500,2835.0,1746,40648,49572260.0,2835.0,4,2834.0,3
rb1805,20170531,20170531,90307000,2835.0,1746,40648,49572260.0,2835.0,4,2834.0,5
rb1805,20170531,20170531,90307500,2835.0,1746,40648,49572260.0,2835.0,4,2834.0,8
rb1805,20170531,20170531,90308000,2834.0,1756,40644,49855660.0,2835.0,5,2834.0,3
rb1805,20170531,20170531,90308500,2834.0,1756,40644,49855660.0,2835.0,4,2834.0,3
rb1805,20170531,20170531,90309000,2834.0,1756,40644,49855660.0,2835.0,4,2834.0,13
rb1805,20170531,20170531,90309500,2834.0,1756,40644,49855660.0,2835.0,4,2834.0,14
rb1805,20170531,20170531,90310000,2834.0,1756,40644,49855660.0,2835.0,4,2834.0,4
rb1805,20170531,20170531,90311000,2833.0,1830,40586,51952240.0,2833.0,15,2832.0,8
rb1805,20170531,20170531,90311500,2833.0,1830,40586,51952240.0,2833.0,15,2832.0,6
rb1805,20170531,20170531,90312000,2833.0,1832,40586,52008900.0,2833.0,14,2832.0,6
rb1805,20170531,20170531,90312500,2833.0,1832,40586,52008900.0,2833.0,14,2832.0,6
rb1805,20170531,20170531,90313000,2833.0,1834,40584,52065560.0,2833.0,13,2832.0,6
rb1805,20170531,20170531,90314000,2833.0,1844,40574,52348860.0,2833.0,8,2832.0,11
rb1805,20170531,20170531,90314500,2833.0,1860,40574,52802140.0,2835.0,2,2832.0,11
rb1805,20170531,20170531,90315000,2833.0,1860,40574,52802140.0,2835.0,2,2833.0,4
rb1805,20170531,20170531,90315500,2833.0,1860,40574,52802140.0,2835.0,5,2833.0,4
rb1805,20170531,20170531,90316000,2833.0,1860,40574,52802140.0,2835.0,5,2833.0,6
rb1805,20170531,20170531,90316500,2833.0,1860,40574,52802140.0,2835.0,5,2833.0,10
rb1805,20170531,20170531,90317000,2833.0,1860,40574,52802140.0,2835.0,5,2833.0,15
rb1805,20170531,20170531,90317500,2835.0,1870,40568,53085640.0,2837.0,3,2835.0,35
rb1805,20170531,20170531,90318000,2835.0,1874,40566,53199040.0,2837.0,4,2835.0,33
rb1805,20170531,20170531,90318500,2836.0,1876,40566,53255760.0,2836.0,1,2835.0,33
rb1805,20170531,20170531,90319000,2835.0,1900,40542,53936160.0,2836.0,7,2835.0,21
rb1805,20170531,20170531,90319500,2835.0,1936,40514,54956760.0,2836.0,5,2835.0,3
rb1805,20170531,20170531,90320000,2835.0,1942,40508,55126860.0,2835.0,1,2833.0,2
rb1805,20170531,20170531,90320500,2835.0,1942,40508,55126860.0,2836.0,11,2833.0,7
rb1805,20170531,20170531,90321000,2835.0,1942,40508,55126860.0,2836.0,11,2834.0,9
rb1805,20170531,20170531,90321500,2833.0,1946,40512,55240180.0,2836.0,11,2833.0,5
rb1805,20170531,20170531,90322000,2833.0,1946,40512,55240180.0,2835.0,13,2833.0,5
rb1805,20170531,20170531,90322500,2833.0,1946,40512,55240180.0,2835.0,15,2832.0,8
rb1805,20170531,20170531,90323000,2834.0,1956,40520,55523580.0,2834.0,10,2832.0,8
rb1805,20170531,20170531,90323500,2834.0,1958,40520,55580260.0,2834.0,9,2832.0,8
rb1805,20170531,20170531,90324000,2834.0,1958,40520,55580260.0,2834.0,12,2832.0,3
rb1805,20170531,20170531,90325000,2834.0,1958,40520,55580260.0,2833.0,6,2832.0,3
rb1805,20170531,20170531,90325500,2834.0,1958,40520,55580260.0,2833.0,6,2832.0,3
rb1805,20170531,20170531,90326000,2834.0,1958,40520,55580260.0,2833.0,9,2832.0,3
rb1805,20170531,20170531,90326500,2834.0,1958,40520,55580260.0,2833.0,3,2832.0,8
rb1805,20170531,20170531,90327000,2834.0,1958,40520,55580260.0,2833.0,2,2832.0,3
rb1805,20170531,20170531,90327500,2834.0,1958,40520,55580260.0,2833.0,2,2832.0,3
rb1805,20170531,20170531,90328000,2833.0,1962,40520,55693580.0,2834.0,2,2833.0,9
rb1805,20170531,20170531,90328500,2834.0,1966,40520,55806940.0,2834.0,2,2832.0,8
rb1805,20170531,20170531,90329000,2834.0,1966,40520,55806940.0,2833.0,15,2832.0,3
rb1805,20170531,20170531,90329500,2834.0,1966,40520,55806940.0,2833.0,8,2832.0,3
rb1805,20170531,20170531,90330000,2834.0,1966,40520,55806940.0,2833.0,8,2832.0,3
rb1805,20170531,20170531,90330500,2834.0,1966,40520,55806940.0,2833.0,8,2832.0,3
rb1805,20170531,20170531,90331000,2832.0,1972,40526,55976860.0,2832.0,3,2831.0,2
rb1805,20170531,20170531,90331500,2832.0,1972,40526,55976860.0,2833.0,2,2831.0,2
rb1805,20170531,20170531,90332000,2832.0,1976,40522,56090140.0,2832.0,4,2831.0,2
rb1805,20170531,20170531,90332500,2832.0,1976,40522,56090140.0,2832.0,4,2831.0,2
rb1805,20170531,20170531,90333000,2833.0,1984,40522,56316720.0,2833.0,9,2831.0,7
rb1805,20170531,20170531,90334000,2833.0,1984,40522,56316720.0,2832.0,14,2831.0,2
rb1805,20170531,20170531,90334500,2832.0,1986,40522,56373360.0,2832.0,6,2831.0,2
rb1805,20170531,20170531,90335000,2832.0,1986,40522,56373360.0,2832.0,6,2831.0,2
rb1805,20170531,20170531,90337500,2831.0,1988,40522,56429980.0,2832.0,6,2831.0,1
rb1805,20170531,20170531,90338500,2831.0,1988,40522,56429980.0,2832.0,8,2831.0,1
rb1805,20170531,20170531,90339000,2831.0,1988,40522,56429980.0,2832.0,9,2831.0,1
rb1805,20170531,20170531,90339500,2831.0,1988,40522,56429980.0,2832.0,6,2831.0,1
rb1805,20170531,20170531,90340000,2831.0,1990,40524,56486600.0,2832.0,6,2830.0,32
rb1805,20170531,20170531,90341000,2831.0,1992,40522,56543220.0,2832.0,7,2831.0,3
rb1805,20170531,20170531,90341500,2831.0,1992,40522,56543220.0,2833.0,9,2831.0,4
rb1805,20170531,20170531,90342000,2833.0,2004,40526,56883180.0,2834.0,15,2833.0,1
rb1805,20170531,20170531,90342500,2833.0,2006,40526,56939840.0,2833.0,8,2831.0,4
rb1805,20170531,20170531,90343000,2833.0,2006,40526,56939840.0,2833.0,7,2831.0,4
rb1805,20170531,20170531,90343500,2832.0,2008,40526,56996480.0,2833.0,7,2832.0,32
rb1805,20170531,20170531,90344500,2832.0,2018,40516,57279680.0,2833.0,10,2832.0,27
rb1805,20170531,20170531,90345000,2832.0,2046,40488,58072640.0,2833.0,13,2832.0,13
rb1805,20170531,20170531,90345500,2832.0,2070,40476,58752320.0,2833.0,14,2832.0,1
rb1805,20170531,20170531,90346000,2832.0,2072,40476,58808960.0,2832.0,1,2831.0,1
rb1805,20170531,20170531,90346500,2832.0,2072,40476,58808960.0,2832.0,12,2831.0,1
rb1805,20170531,20170531,90347000,2831.0,2074,40476,58865580.0,2832.0,12,2830.0,37
rb1805,20170531,20170531,90347500,2831.0,2074,40476,58865580.0,2832.0,50,2830.0,32
rb1805,20170531,20170531,90348000,2831.0,2074,40476,58865580.0,2832.0,47,2830.0,32
rb1805,20170531,20170531,90349000,2831.0,2074,40476,58865580.0,2832.0,44,2830.0,32
rb1805,20170531,20170531,90349500,2831.0,2078,40474,58978820.0,2831.0,1,2830.0,32
rb1805,20170531,20170531,90350000,2831.0,2080,40476,59035440.0,2831.0,4,2830.0,32
rb1805,20170531,20170531,90350500,2831.0,2080,40476,59035440.0,2831.0,5,2830.0,31
rb1805,20170531,20170531,90351500,2831.0,2080,40476,59035440.0,2831.0,5,2830.0,32
rb1805,20170531,20170531,90352500,2831.0,2080,40476,59035440.0,2832.0,44,2830.0,32
rb1805,20170531,20170531,90353000,2831.0,2080,40476,59035440.0,2831.0,6,2830.0,32
rb1805,20170531,20170531,90353500,2831.0,2082,40478,59092060.0,2831.0,5,2830.0,32
rb1805,20170531,20170531,90354000,2831.0,2082,40478,59092060.0,2831.0,3,2830.0,32
rb1805,20170531,20170531,90354500,2831.0,2082,40478,59092060.0,2831.0,3,2830.0,32
rb1805,20170531,20170531,90355000,2831.0,2082,40478,59092060.0,2831.0,1,2830.0,33
rb1805,20170531,20170531,90355500,2831.0,2082,40478,59092060.0,2832.0,45,2830.0,32
rb1805,20170531,20170531,90356000,2831.0,2084,40478,59148680.0,2832.0,45,2831.0,3
rb1805,20170531,20170531,90356500,2831.0,2086,40480,59205300.0,2832.0,40,2831.0,2
rb1805,20170531,20170531,90357500,2831.0,2086,40480,59205300.0,2832.0,40,2831.0,2
rb1805,20170531,20170531,90358000,2831.0,2086,40480,59205300.0,2832.0,39,2831.0,2
rb1805,20170531,20170531,90358500,2831.0,2086,40480,59205300.0,2832.0,39,2831.0,2
rb1805,20170531,20170531,90359000,2831.0,2086,40480,59205300.0,2832.0,40,2831.0,59
rb1805,20170531,20170531,90359500,2832.0,2098,40480,59545140.0,2832.0,33,2831.0,59
rb1805,20170531,20170531,90400500,2832.0,2098,40480,59545140.0,2832.0,33,2831.0,64
rb1805,20170531,20170531,90401000,2832.0,2098,40480,59545140.0,2832.0,33,2831.0,59
rb1805,20170531,20170531,90401500,2832.0,2098,40480,59545140.0,2832.0,33,2831.0,59
rb1805,20170531,20170531,90403000,2832.0,2098,40480,59545140.0,2832.0,33,2831.0,57
rb1805,20170531,20170531,90404000,2832.0,2098,40480,59545140.0,2832.0,34,2831.0,57
rb1805,20170531,20170531,90404500,2832.0,2098,40480,59545140.0,2832.0,34,2831.0,57
rb1805,20170531,20170531,90405000,2832.0,2098,40480,59545140.0,2832.0,34,2831.0,57
rb1805,20170531,20170531,90405500,2831.0,2108,40474,59828240.0,2832.0,34,2831.0,52
rb1805,20170531,20170531,90406500,2831.0,2108,40474,59828240.0,2832.0,34,2831.0,52
rb1805,20170531,20170531,90407500,2831.0,2108,40474,59828240.0,2832.0,34,2831.0,52
rb1805,20170531,20170531,90408000,2832.0,2122,40486,60224720.0,2832.0,27,2831.0,57
rb1805,20170531,20170531,90408500,2832.0,2168,40516,61527440.0,2832.0,4,2831.0,57
rb1805,20170531,20170531,90409000,2832.0,2168,40516,61527440.0,2832.0,3,2831.0,57
rb1805,20170531,20170531,90409500,2832.0,2174,40518,61697360.0,2834.0,15,2832.0,14
rb1805,20170531,20170531,90410000,2832.0,2174,40518,61697360.0,2833.0,1,2832.0,14
rb1805,20170531,20170531,90410500,2832.0,2174,40518,61697360.0,2833.0,1,2832.0,19
rb1805,20170531,20170531,90411000,2832.0,2174,40518,61697360.0,2834.0,7,2832.0,19
rb1805,20170531,20170531,90411500,2832.0,2174,40518,61697360.0,2834.0,6,2833.0,6
rb1805,20170531,20170531,90412000,2832.0,2174,40518,61697360.0,2834.0,5,2832.0,5
rb1805,20170531,20170531,90412500,2832.0,2174,40518,61697360.0,2834.0,10,2833.0,13
rb1805,20170531,20170531,90413000,2832.0,2174,40518,61697360.0,2834.0,10,2832.0,1
rb1805,20170531,20170531,90413500,2834.0,2176,40516,61754040.0,2834.0,9,2832.0,1
rb1805,20170531,20170531,90414000,2834.0,2186,40506,62037440.0,2834.0,5,2832.0,1
rb1805,20170531,20170531,90418000,2834.0,2186,40506,62037440.0,2833.0,1,2832.0,21
rb1805,20170531,20170531,90420000,2834.0,2186,40506,62037440.0,2833.0,1,2832.0,21
rb1805,20170531,20170531,90421000,2834.0,2186,40506,62037440.0,2834.0,5,2833.0,1
rb1805,20170531,20170531,90421500,2834.0,2186,40506,62037440.0,2834.0,2,2833.0,1
rb1805,20170531,20170531,90423000,2833.0,2188,40506,62094100.0,2834.0,2,2832.0,21
rb1805,20170531,20170531,90423500,2833.0,2188,40506,62094100.0,2834.0,6,2833.0,14
rb1805,20170531,20170531,90424000,2833.0,2188,40506,62094100.0,2834.0,5,2833.0,14
rb1805,20170531,20170531,90424500,2834.0,2192,40506,62207460.0,2834.0,3,2833.0,14
rb1805,20170531,20170531,90425500,2834.0,2192,40506,62207460.0,2836.0,9,2833.0,14
rb1805,20170531,20170531,90426000,2834.0,2192,40506,62207460.0,2835.0,1,2833.0,19
rb1805,20170531,20170531,90426500,2834.0,2192,40506,62207460.0,2836.0,7,2834.0,5
rb1805,20170531,20170531,90427000,2834.0,2192,40506,62207460.0,2835.0,5,2833.0,5
rb1805,20170531,20170531,90427500,2834.0,2192,40506,62207460.0,2835.0,5,2833.0,5
rb1805,20170531,20170531,90428000,2834.0,2192,40506,62207460.0,2835.0,5,2833.0,10
rb1805,20170531,20170531,90428500,2834.0,2192,40506,62207460.0,2835.0,5,2834.0,1
rb1805,20170531,20170531,90429000,2834.0,2192,40506,62207460.0,2836.0,7,2833.0,10
rb1805,20170531,20170531,90429500,2834.0,2192,40506,62207460.0,2836.0,8,2834.0,19
rb1805,20170531,20170531,90430000,2834.0,2192,40506,62207460.0,2836.0,8,2834.0,39
rb1805,20170531,20170531,90430500,2834.0,2192,40506,62207460.0,2836.0,8,2834.0,39
rb1805,20170531,20170531,90431000,2834.0,2192,40506,62207460.0,2836.0,5,2834.0,39
rb1805,20170531,20170531,90431500,2834.0,2232,40528,63341060.0,2836.0,5,2834.0,19
rb1805,20170531,20170531,90432000,2834.0,2232,40528,63341060.0,2836.0,2,2834.0,24
rb1805,20170531,20170531,90432500,2836.0,2236,40524,63454500.0,2837.0,9,2834.0,24
rb1805,20170531,20170531,90433000,2837.0,2240,40526,63567980.0,2837.0,1,2835.0,17
rb1805,20170531,20170531,90433500,2837.0,2242,40524,63624720.0,2838.0,3,2836.0,5
rb1805,20170531,20170531,90434000,2837.0,2242,40524,63624720.0,2838.0,1,2837.0,12
rb1805,20170531,20170531,90434500,2838.0,2244,40522,63681480.0,2839.0,1,2837.0,17
rb1805,20170531,20170531,90435000,2838.0,2244,40522,63681480.0,2839.0,1,2837.0,17
rb1805,20170531,20170531,90435500,2838.0,2244,40522,63681480.0,2839.0,1,2838.0,1
rb1805,20170531,20170531,90436000,2838.0,2244,40522,63681480.0,2839.0,1,2838.0,6
rb1805,20170531,20170531,90438000,2839.0,2246,40522,63738260.0,2841.0,6,2838.0,6
rb1805,20170531,20170531,90438500,2838.0,2248,40522,63795020.0,2839.0,5,2837.0,5
rb1805,20170531,20170531,90439000,2838.0,2248,40522,63795020.0,2839.0,5,2837.0,10
rb1805,20170531,20170531,90439500,2838.0,2248,40522,63795020.0,2839.0,3,2838.0,3
rb1805,20170531,20170531,90440000,2838.0,2248,40522,63795020.0,2839.0,3,2838.0,5
rb1805,20170531,20170531,90440500,2838.0,2248,40522,63795020.0,2840.0,2,2837.0,10
rb1805,20170531,20170531,90441000,2838.0,2248,40522,63795020.0,2839.0,5,2838.0,3
rb1805,20170531,20170531,90441500,2838.0,2248,40522,63795020.0,2839.0,5,2838.0,5
rb1805,20170531,20170531,90442000,2838.0,2248,40522,63795020.0,2840.0,5,2837.0,10
rb1805,20170531,20170531,90442500,2838.0,2248,40522,63795020.0,2839.0,9,2838.0,3
rb1805,20170531,20170531,90443000,2838.0,2248,40522,63795020.0,2839.0,9,2838.0,5
rb1805,20170531,20170531,90443500,2838.0,2248,40522,63795020.0,2839.0,9,2838.0,44
rb1805,20170531,20170531,90445000,2838.0,2248,40522,63795020.0,2839.0,5,2838.0,44
rb1805,20170531,20170531,90445500,2838.0,2248,40522,63795020.0,2840.0,10,2838.0,44
rb1805,20170531,20170531,90446500,2838.0,2248,40522,63795020.0,2840.0,10,2838.0,44
rb1805,20170531,20170531,90447500,2838.0,2252,40522,63908540.0,2840.0,10,2838.0,42
rb1805,20170531,20170531,90448000,2838.0,2252,40522,63908540.0,2840.0,10,2838.0,42
rb1805,20170531,20170531,90448500,2838.0,2252,40522,63908540.0,2840.0,10,2838.0,42
rb1805,20170531,20170531,90449500,2838.0,2254,40522,63965300.0,2839.0,27,2838.0,41
rb1805,20170531,20170531,90450000,2838.0,2264,40512,64249100.0,2839.0,32,2838.0,36
rb1805,20170531,20170531,90450500,2838.0,2264,40512,64249100.0,2839.0,20,2838.0,36
rb1805,20170531,20170531,90451000,2838.0,2264,40512,64249100.0,2839.0,20,2838.0,36
rb1805,20170531,20170531,90451500,2838.0,2264,40512,64249100.0,2839.0,15,2838.0,36
rb1805,20170531,20170531,90452000,2838.0,2264,40512,64249100.0,2840.0,13,2838.0,36
rb1805,20170531,20170531,90452500,2838.0,2264,40512,64249100.0,2840.0,15,2838.0,42
rb1805,20170531,20170531,90453000,2838.0,2264,40512,64249100.0,2839.0,1,2838.0,42
rb1805,20170531,20170531,90453500,2839.0,2266,40510,64305880.0,2840.0,10,2838.0,42
rb1805,20170531,20170531,90454000,2839.0,2266,40510,64305880.0,2840.0,8,2838.0,42
rb1805,20170531,20170531,90454500,2839.0,2266,40510,64305880.0,2839.0,6,2838.0,42
rb1805,20170531,20170531,90455500,2839.0,2266,40510,64305880.0,2839.0,6,2838.0,37
rb1805,20170531,20170531,90457000,2839.0,2266,40510,64305880.0,2840.0,7,2838.0,37
rb1805,20170531,20170531,90457500,2839.0,2266,40510,64305880.0,2840.0,13,2838.0,37
rb1805,20170531,20170531,90458000,2839.0,2266,40510,64305880.0,2839.0,6,2838.0,37
rb1805,20170531,20170531,90458500,2839.0,2266,40510,64305880.0,2839.0,6,2838.0,37
rb1805,20170531,20170531,90459500,2839.0,2266,40510,64305880.0,2839.0,12,2838.0,37
rb1805,20170531,20170531,90500000,2839.0,2266,40510,64305880.0,2839.0,15,2838.0,37
rb1805,20170531,20170531,90500500,2839.0,2266,40510,64305880.0,2839.0,15,2838.0,37
rb1805,20170531,20170531,90501500,2839.0,2266,40510,64305880.0,2839.0,10,2838.0,37
rb1805,20170531,20170531,90502000,2839.0,2266,40510,64305880.0,2839.0,15,2838.0,37
rb1805,20170531,20170531,90503500,2839.0,2266,40510,64305880.0,2839.0,12,2838.0,37
rb1805,20170531,20170531,90504000,2839.0,2266,40510,64305880.0,2839.0,7,2838.0,37
rb1805,20170531,20170531,90505000,2839.0,2268,40510,64362660.0,2839.0,6,2838.0,37
rb1805,20170531,20170531,90505500,2839.0,2268,40510,64362660.0,2839.0,6,2838.0,37
rb1805,20170531,20170531,90506000,2839.0,2268,40510,64362660.0,2839.0,1,2838.0,37
rb1805,20170531,20170531,90506500,2838.0,2274,40504,64532960.0,2840.0,9,2838.0,35
rb1805,20170531,20170531,90508000,2838.0,2274,40504,64532960.0,2840.0,9,2838.0,35
rb1805,20170531,20170531,90508500,2840.0,2294,40484,65100960.0,2841.0,11,2840.0,10
rb1805,20170531,20170531,90509000,2840.0,2298,40482,65214560.0,2841.0,1,2840.0,8
rb1805,20170531,20170531,90509500,2840.0,2314,40466,65668960.0,2840.0,26,2838.0,35
rb1805,20170531,20170531,90510000,2840.0,2314,40466,65668960.0,2840.0,7,2838.0,35
rb1805,20170531,20170531,90510500,2840.0,2314,40466,65668960.0,2840.0,5,2838.0,40
rb1805,20170531,20170531,90511000,2840.0,2314,40466,65668960.0,2840.0,5,2839.0,16
rb1805,20170531,20170531,90511500,2840.0,2314,40466,65668960.0,2840.0,5,2839.0,12
rb1805,20170531,20170531,90512500,2840.0,2314,40466,65668960.0,2840.0,5,2839.0,7
rb1805,20170531,20170531,90513000,2840.0,2314,40466,65668960.0,2840.0,5,2839.0,5
rb1805,20170531,20170531,90513500,2840.0,2314,40466,65668960.0,2840.0,5,2839.0,1
rb1805,20170531,20170531,90514000,2840.0,2314,40466,65668960.0,2840.0,5,2839.0,10
rb1805,20170531,20170531,90514500,2840.0,2314,40466,65668960.0,2841.0,1,2839.0,5
rb1805,20170531,20170531,90515000,2840.0,2314,40466,65668960.0,2841.0,1,2839.0,10
rb1805,20170531,20170531,90515500,2840.0,2314,40466,65668960.0,2840.0,5,2839.0,10
rb1805,20170531,20170531,90516000,2840.0,2314,40466,65668960.0,2841.0,1,2838.0,41
rb1805,20170531,20170531,90516500,2840.0,2314,40466,65668960.0,2841.0,1,2839.0,19
rb1805,20170531,20170531,90517500,2840.0,2314,40466,65668960.0,2841.0,1,2839.0,24
rb1805,20170531,20170531,90518000,2841.0,2318,40466,65782560.0,2842.0,3,2839.0,23
rb1805,20170531,20170531,90518500,2841.0,2318,40466,65782560.0,2842.0,2,2839.0,23
rb1805,20170531,20170531,90519000,2841.0,2318,40466,65782560.0,2843.0,5,2839.0,24
rb1805,20170531,20170531,90519500,2841.0,2318,40466,65782560.0,2843.0,2,2839.0,24
rb1805,20170531,20170531,90520000,2841.0,2318,40466,65782560.0,2842.0,5,2839.0,24
rb1805,20170531,20170531,90520500,2841.0,2318,40466,65782560.0,2843.0,2,2840.0,31
rb1805,20170531,20170531,90521000,2841.0,2318,40466,65782560.0,2843.0,2,2841.0,1
rb1805,20170531,20170531,90521500,2841.0,2318,40466,65782560.0,2842.0,5,2840.0,36
rb1805,20170531,20170531,90522000,2841.0,2318,40466,65782560.0,2842.0,5,2841.0,1
rb1805,20170531,20170531,90522500,2841.0,2320,40466,65839380.0,2841.0,1,2840.0,31
rb1805,20170531,20170531,90523000,2841.0,2320,40466,65839380.0,2842.0,8,2840.0,31
rb1805,20170531,20170531,90523500,2841.0,2320,40466,65839380.0,2841.0,16,2840.0,31
rb1805,20170531,20170531,90524000,2841.0,2320,40466,65839380.0,2841.0,14,2840.0,31
rb1805,20170531,20170531,90524500,2840.0,2346,40466,66577780.0,2841.0,14,2840.0,18
rb1805,20170531,20170531,90525000,2840.0,2356,40456,66861780.0,2841.0,17,2840.0,13
rb1805,20170531,20170531,90525500,2840.0,2372,40456,67316180.0,2841.0,17,2840.0,5
rb1805,20170531,20170531,90526000,2841.0,2380,40462,67543460.0,2841.0,13,2840.0,5
rb1805,20170531,20170531,90526500,2841.0,2384,40466,67657100.0,2841.0,3,2840.0,5
rb1805,20170531,20170531,90527500,2841.0,2388,40462,67770720.0,2841.0,2,2840.0,4
rb1805,20170531,20170531,90528000,2841.0,2388,40462,67770720.0,2841.0,2,2840.0,4
rb1805,20170531,20170531,90529000,2841.0,2388,40462,67770720.0,2841.0,2,2840.0,4
rb1805,20170531,20170531,90531000,2841.0,2388,40462,67770720.0,2841.0,2,2840.0,4
rb1805,20170531,20170531,90533500,2841.0,2388,40462,67770720.0,2841.0,2,2840.0,4
rb1805,20170531,20170531,90535000,2841.0,2388,40462,67770720.0,2841.0,2,2840.0,4
rb1805,20170531,20170531,90538500,2841.0,2388,40462,67770720.0,2841.0,2,2840.0,4
rb1805,20170531,20170531,90541000,2841.0,2388,40462,67770720.0,2841.0,2,2840.0,4
rb1805,20170531,20170531,90543500,2841.0,2392,40458,67884360.0,2844.0,5,2841.0,28
rb1805,20170531,20170531,90544000,2841.0,2398,40458,68054820.0,2843.0,10,2841.0,25
rb1805,20170531,20170531,90544500,2841.0,2398,40458,68054820.0,2843.0,12,2841.0,25
rb1805,20170531,20170531,90545000,2841.0,2398,40458,68054820.0,2843.0,12,2841.0,25
rb1805,20170531,20170531,90546000,2841.0,2408,40458,68338920.0,2843.0,12,2841.0,20
rb1805,20170531,20170531,90546500,2841.0,2408,40458,68338920.0,2842.0,2,2841.0,20
rb1805,20170531,20170531,90547000,2841.0,2408,40458,68338920.0,2842.0,8,2841.0,20
rb1805,20170531,20170531,90547500,2841.0,2448,40430,69475320.0,2841.0,7,2840.0,4
rb1805,20170531,20170531,90548000,2841.0,2448,40430,69475320.0,2841.0,8,2840.0,5
rb1805,20170531,20170531,90548500,2841.0,2448,40430,69475320.0,2841.0,8,2840.0,5
rb1805,20170531,20170531,90549000,2840.0,2460,40434,69816120.0,2840.0,2,2839.0,7
rb1805,20170531,20170531,90549500,2840.0,2460,40434,69816120.0,2840.0,7,2839.0,2
rb1805,20170531,20170531,90550500,2839.0,2464,40434,69929680.0,2839.0,6,2838.0,46
rb1805,20170531,20170531,90551000,2840.0,2476,40428,70270480.0,2840.0,1,2838.0,46
rb1805,20170531,20170531,90551500,2840.0,2476,40428,70270480.0,2840.0,6,2838.0,41
rb1805,20170531,20170531,90553000,2840.0,2476,40428,70270480.0,2840.0,6,2838.0,46
rb1805,20170531,20170531,90553500,2840.0,2476,40428,70270480.0,2841.0,2,2838.0,46
rb1805,20170531,20170531,90554000,2840.0,2476,40428,70270480.0,2841.0,2,2839.0,9
rb1805,20170531,20170531,90554500,2840.0,2476,40428,70270480.0,2841.0,5,2839.0,19
rb1805,20170531,20170531,90555000,2840.0,2476,40428,70270480.0,2840.0,7,2839.0,5
rb1805,20170531,20170531,90555500,2840.0,2476,40428,70270480.0,2840.0,7,2838.0,46
rb1805,20170531,20170531,90556000,2840.0,2476,40428,70270480.0,2840.0,7,2839.0,5
rb1805,20170531,20170531,90556500,2840.0,2478,40428,70327280.0,2841.0,8,2839.0,11
rb1805,20170531,20170531,90557000,2840.0,2478,40428,70327280.0,2842.0,8,2839.0,13
rb1805,20170531,20170531,90558000,2840.0,2478,40428,70327280.0,2842.0,8,2840.0,5
rb1805,20170531,20170531,90558500,2840.0,2478,40428,70327280.0,2841.0,3,2840.0,5
rb1805,20170531,20170531,90559000,2840.0,2478,40428,70327280.0,2842.0,8,2840.0,5
rb1805,20170531,20170531,90600000,2840.0,2478,40428,70327280.0,2841.0,6,2840.0,5
rb1805,20170531,20170531,90600500,2840.0,2478,40428,70327280.0,2842.0,8,2840.0,5
rb1805,20170531,20170531,90601000,2840.0,2478,40428,70327280.0,2841.0,1,2840.0,5
rb1805,20170531,20170531,90601500,2840.0,2478,40428,70327280.0,2841.0,1,2840.0,5
rb1805,20170531,20170531,90602000,2842.0,2490,40432,70668300.0,2843.0,3,2842.0,4
rb1805,20170531,20170531,90602500,2842.0,2498,40432,70895660.0,2841.0,1,2840.0,7
rb1805,20170531,20170531,90603000,2842.0,2498,40432,70895660.0,2841.0,1,2840.0,7
rb1805,20170531,20170531,90603500,2842.0,2498,40432,70895660.0,2841.0,1,2840.0,12
rb1805,20170531,20170531,90604500,2841.0,2500,40430,70952480.0,2843.0,5,2840.0,12
rb1805,20170531,20170531,90605000,2841.0,2500,40430,70952480.0,2842.0,6,2840.0,17
rb1805,20170531,20170531,90605500,2840.0,2510,40420,71236480.0,2843.0,5,2840.0,12
rb1805,20170531,20170531,90606000,2840.0,2510,40420,71236480.0,2842.0,6,2840.0,12
rb1805,20170531,20170531,90606500,2840.0,2510,40420,71236480.0,2843.0,2,2840.0,12
rb1805,20170531,20170531,90607000,2840.0,2510,40420,71236480.0,2843.0,2,2840.0,12
rb1805,20170531,20170531,90607500,2840.0,2510,40420,71236480.0,2844.0,16,2840.0,12
rb1805,20170531,20170531,90608000,2840.0,2510,40420,71236480.0,2843.0,6,2841.0,9
rb1805,20170531,20170531,90608500,2843.0,2512,40420,71293340.0,2843.0,8,2841.0,25
rb1805,20170531,20170531,90609000,2843.0,2512,40420,71293340.0,2844.0,20,2841.0,25
rb1805,20170531,20170531,90609500,2843.0,2512,40420,71293340.0,2844.0,11,2841.0,25
rb1805,20170531,20170531,90610500,2843.0,2512,40420,71293340.0,2844.0,8,2841.0,25
rb1805,20170531,20170531,90611000,2843.0,2512,40420,71293340.0,2844.0,8,2842.0,1
rb1805,20170531,20170531,90611500,2843.0,2512,40420,71293340.0,2844.0,8,2841.0,10
rb1805,20170531,20170531,90612000,2843.0,2512,40420,71293340.0,2844.0,8,2842.0,1
rb1805,20170531,20170531,90612500,2843.0,2512,40420,71293340.0,2844.0,8,2841.0,10
rb1805,20170531,20170531,90613000,2843.0,2512,40420,71293340.0,2844.0,8,2842.0,1
rb1805,20170531,20170531,90613500,2843.0,2512,40420,71293340.0,2844.0,8,2841.0,10
rb1805,20170531,20170531,90614000,2843.0,2512,40420,71293340.0,2844.0,6,2842.0,10
rb1805,20170531,20170531,90614500,2843.0,2512,40420,71293340.0,2844.0,6,2842.0,21
rb1805,20170531,20170531,90616000,2844.0,2514,40422,71350220.0,2844.0,5,2842.0,21
rb1805,20170531,20170531,90616500,2844.0,2514,40422,71350220.0,2844.0,5,2842.0,21
rb1805,20170531,20170531,90617000,2844.0,2514,40422,71350220.0,2844.0,5,2843.0,5
rb1805,20170531,20170531,90617500,2844.0,2518,40426,71463980.0,2844.0,3,2843.0,17
rb1805,20170531,20170531,90618000,2844.0,2532,40430,71862140.0,2845.0,4,2844.0,4
rb1805,20170531,20170531,90618500,2844.0,2532,40430,71862140.0,2845.0,4,2844.0,13
rb1805,20170531,20170531,90619000,2844.0,2536,40426,71975900.0,2845.0,4,2844.0,14
rb1805,20170531,20170531,90619500,2845.0,2544,40426,72203500.0,2846.0,2,2844.0,14
rb1805,20170531,20170531,90620000,2845.0,2546,40426,72260400.0,2845.0,3,2844.0,14
rb1805,20170531,20170531,90620500,2845.0,2548,40424,72317300.0,2845.0,2,2844.0,14
rb1805,20170531,20170531,90621000,2844.0,2554,40424,72487980.0,2846.0,2,2844.0,13
rb1805,20170531,20170531,90621500,2844.0,2554,40424,72487980.0,2846.0,2,2845.0,11
rb1805,20170531,20170531,90622000,2844.0,2554,40424,72487980.0,2846.0,2,2845.0,11
rb1805,20170531,20170531,90622500,2844.0,2554,40424,72487980.0,2846.0,2,2845.0,11
rb1805,20170531,20170531,90623500,2844.0,2554,40424,72487980.0,2846.0,2,2845.0,11
rb1805,20170531,20170531,90624000,2844.0,2554,40424,72487980.0,2846.0,2,2845.0,14
rb1805,20170531,20170531,90624500,2844.0,2554,40424,72487980.0,2846.0,2,2845.0,4
rb1805,20170531,20170531,90625000,2844.0,2554,40424,72487980.0,2846.0,2,2845.0,8
rb1805,20170531,20170531,90625500,2844.0,2554,40424,72487980.0,2846.0,2,2845.0,8
rb1805,20170531,20170531,90626000,2846.0,2556,40424,72544900.0,2846.0,1,2845.0,13
rb1805,20170531,20170531,90626500,2846.0,2558,40422,72601820.0,2847.0,2,2845.0,13
rb1805,20170531,20170531,90627000,2846.0,2558,40422,72601820.0,2847.0,2,2846.0,8
rb1805,20170531,20170531,90627500,2846.0,2558,40422,72601820.0,2847.0,2,2845.0,13
rb1805,20170531,20170531,90628000,2846.0,2558,40422,72601820.0,2847.0,2,2846.0,5
rb1805,20170531,20170531,90628500,2846.0,2558,40422,72601820.0,2847.0,2,2845.0,13
rb1805,20170531,20170531,90629000,2845.0,2560,40420,72658720.0,2847.0,4,2845.0,13
rb1805,20170531,20170531,90630000,2845.0,2560,40420,72658720.0,2847.0,2,2845.0,13
rb1805,20170531,20170531,90632000,2845.0,2636,40474,74820920.0,2847.0,2,2846.0,3
rb1805,20170531,20170531,90632500,2845.0,2636,40474,74820920.0,2847.0,2,2844.0,10
rb1805,20170531,20170531,90633000,2845.0,2636,40474,74820920.0,2847.0,7,2845.0,10
rb1805,20170531,20170531,90633500,2845.0,2636,40474,74820920.0,2846.0,3,2845.0,8
rb1805,20170531,20170531,90634000,2845.0,2636,40474,74820920.0,2846.0,3,2845.0,11
rb1805,20170531,20170531,90635000,2845.0,2636,40474,74820920.0,2846.0,4,2845.0,11
rb1805,20170531,20170531,90635500,2847.0,2658,40464,75447180.0,2848.0,10,2847.0,1
rb1805,20170531,20170531,90636000,2847.0,2660,40462,75504120.0,2848.0,8,2847.0,5
rb1805,20170531,20170531,90636500,2847.0,2660,40462,75504120.0,2848.0,8,2847.0,3
rb1805,20170531,20170531,90637000,2848.0,2676,40458,75959800.0,2849.0,1,2848.0,11
rb1805,20170531,20170531,90637500,2848.0,2676,40458,75959800.0,2849.0,1,2847.0,13
rb1805,20170531,20170531,90639500,2848.0,2676,40458,75959800.0,2849.0,2,2847.0,13
rb1805,20170531,20170531,90641500,2848.0,2676,40458,75959800.0,2849.0,7,2847.0,8
rb1805,20170531,20170531,90642000,2848.0,2676,40458,75959800.0,2849.0,7,2847.0,3
rb1805,20170531,20170531,90642500,2848.0,2676,40458,75959800.0,2847.0,39,2846.0,1
rb1805,20170531,20170531,90643000,2844.0,2704,40478,76756300.0,2847.0,37,2844.0,1
rb1805,20170531,20170531,90643500,2847.0,2706,40478,76813240.0,2847.0,41,2846.0,5
rb1805,20170531,20170531,90644000,2847.0,2710,40478,76927120.0,2847.0,34,2846.0,2
rb1805,20170531,20170531,90644500,2847.0,2710,40478,76927120.0,2847.0,34,2846.0,5
rb1805,20170531,20170531,90645000,2847.0,2712,40480,76984060.0,2847.0,33,2846.0,5
rb1805,20170531,20170531,90645500,2846.0,2720,40476,77211740.0,2847.0,33,2846.0,1
rb1805,20170531,20170531,90646000,2846.0,2720,40476,77211740.0,2847.0,33,2846.0,1
rb1805,20170531,20170531,90647000,2846.0,2720,40476,77211740.0,2847.0,33,2846.0,1
rb1805,20170531,20170531,90647500,2846.0,2720,40476,77211740.0,2847.0,33,2846.0,1
rb1805,20170531,20170531,90648000,2847.0,2786,40476,79090760.0,2848.0,5,2847.0,7
rb1805,20170531,20170531,90648500,2847.0,2786,40476,79090760.0,2848.0,3,2847.0,7
rb1805,20170531,20170531,90649500,2847.0,2790,40472,79204640.0,2848.0,3,2847.0,5
rb1805,20170531,20170531,90650500,2847.0,2790,40472,79204640.0,2848.0,3,2847.0,9
rb1805,20170531,20170531,90651000,2847.0,2790,40472,79204640.0,2848.0,3,2847.0,10
rb1805,20170531,20170531,90651500,2847.0,2790,40472,79204640.0,2848.0,3,2847.0,10
rb1805,20170531,20170531,90652000,2848.0,2796,40466,79375520.0,2849.0,7,2848.0,5
rb1805,20170531,20170531,90652500,2848.0,2796,40466,79375520.0,2849.0,2,2848.0,5
rb1805,20170531,20170531,90653000,2848.0,2796,40466,79375520.0,2849.0,2,2848.0,5
rb1805,20170531,20170531,90653500,2849.0,2800,40464,79489480.0,2850.0,28,2849.0,3
rb1805,20170531,20170531,90654000,2849.0,2800,40464,79489480.0,2850.0,28,2849.0,3
rb1805,20170531,20170531,90655000,2850.0,2808,40456,79717480.0,2850.0,24,2849.0,4
rb1805,20170531,20170531,90655500,2850.0,2808,40456,79717480.0,2850.0,24,2849.0,7
rb1805,20170531,20170531,90657000,2850.0,2820,40456,80059480.0,2850.0,18,2849.0,7
rb1805,20170531,20170531,90657500,2850.0,2828,40456,80287480.0,2850.0,14,2849.0,7
rb1805,20170531,20170531,90659000,2850.0,2828,40456,80287480.0,2850.0,14,2849.0,7
rb1805,20170531,20170531,90659500,2850.0,2856,40456,81085480.0,2851.0,4,2850.0,13
rb1805,20170531,20170531,90700000,2850.0,2856,40456,81085480.0,2851.0,4,2850.0,7
rb1805,20170531,20170531,90700500,2850.0,2870,40470,81484480.0,2850.0,5,2849.0,7
rb1805,20170531,20170531,90701000,2851.0,2888,40478,81997560.0,2852.0,9,2850.0,10
rb1805,20170531,20170531,90701500,2851.0,2888,40478,81997560.0,2852.0,9,2849.0,10
rb1805,20170531,20170531,90702000,2851.0,2888,40478,81997560.0,2852.0,9,2850.0,5
rb1805,20170531,20170531,90702500,2851.0,2888,40478,81997560.0,2852.0,9,2850.0,3
rb1805,20170531,20170531,90703000,2851.0,2888,40478,81997560.0,2852.0,9,2850.0,11
rb1805,20170531,20170531,90703500,2851.0,2888,40478,81997560.0,2852.0,9,2850.0,13
rb1805,20170531,20170531,90704000,2851.0,2888,40478,81997560.0,2852.0,9,2850.0,57
rb1805,20170531,20170531,90704500,2851.0,2888,40478,81997560.0,2852.0,9,2850.0,57
rb1805,20170531,20170531,90705000,2851.0,2888,40478,81997560.0,2852.0,9,2851.0,1
rb1805,20170531,20170531,90705500,2851.0,2888,40478,81997560.0,2852.0,9,2851.0,1
rb1805,20170531,20170531,90706000,2851.0,2888,40478,81997560.0,2852.0,9,2851.0,3
rb1805,20170531,20170531,90706500,2851.0,2888,40478,81997560.0,2852.0,9,2851.0,3
rb1805,20170531,20170531,90707000,2851.0,2890,40478,82054580.0,2852.0,9,2851.0,2
rb1805,20170531,20170531,90707500,2851.0,2890,40478,82054580.0,2852.0,9,2851.0,2
rb1805,20170531,20170531,90708000,2851.0,2890,40478,82054580.0,2852.0,9,2850.0,49
rb1805,20170531,20170531,90708500,2851.0,2890,40478,82054580.0,2851.0,1,2850.0,47
rb1805,20170531,20170531,90709000,2851.0,2892,40478,82111600.0,2852.0,9,2850.0,47
rb1805,20170531,20170531,90709500,2852.0,2896,40480,82225660.0,2852.0,8,2850.0,47
rb1805,20170531,20170531,90710000,2852.0,2896,40480,82225660.0,2852.0,9,2850.0,47
rb1805,20170531,20170531,90710500,2852.0,2910,40484,82624940.0,2852.0,2,2850.0,48
rb1805,20170531,20170531,90711000,2852.0,2910,40484,82624940.0,2852.0,2,2851.0,5
rb1805,20170531,20170531,90711500,2852.0,2910,40484,82624940.0,2852.0,2,2851.0,6
rb1805,20170531,20170531,90712000,2852.0,2910,40484,82624940.0,2852.0,2,2851.0,3
rb1805,20170531,20170531,90712500,2852.0,2910,40484,82624940.0,2852.0,2,2851.0,1
rb1805,20170531,20170531,90713000,2852.0,2910,40484,82624940.0,2852.0,7,2851.0,1
rb1805,20170531,20170531,90713500,2852.0,2936,40470,83366440.0,2855.0,15,2852.0,28
rb1805,20170531,20170531,90714000,2852.0,2948,40460,83708680.0,2854.0,17,2852.0,22
rb1805,20170531,20170531,90714500,2852.0,2948,40460,83708680.0,2855.0,3,2852.0,27
rb1805,20170531,20170531,90715000,2852.0,2948,40460,83708680.0,2855.0,3,2852.0,27
rb1805,20170531,20170531,90715500,2852.0,2948,40460,83708680.0,2854.0,9,2852.0,27
rb1805,20170531,20170531,90716000,2852.0,2948,40460,83708680.0,2854.0,8,2852.0,27
rb1805,20170531,20170531,90716500,2852.0,2948,40460,83708680.0,2854.0,9,2852.0,27
rb1805,20170531,20170531,90717000,2852.0,2948,40460,83708680.0,2854.0,5,2852.0,27
rb1805,20170531,20170531,90717500,2852.0,2948,40460,83708680.0,2854.0,1,2852.0,27
rb1805,20170531,20170531,90718000,2852.0,2948,40460,83708680.0,2854.0,1,2852.0,27
rb1805,20170531,20170531,90718500,2852.0,2948,40460,83708680.0,2854.0,1,2852.0,28
rb1805,20170531,20170531,90719000,2855.0,2952,40460,83822860.0,2855.0,3,2852.0,28
rb1805,20170531,20170531,90719500,2855.0,2952,40460,83822860.0,2855.0,3,2853.0,3
rb1805,20170531,20170531,90720000,2855.0,2952,40460,83822860.0,2854.0,1,2853.0,13
rb1805,20170531,20170531,90720500,2854.0,2954,40458,83879940.0,2855.0,3,2853.0,16
rb1805,20170531,20170531,90721000,2854.0,2954,40458,83879940.0,2854.0,1,2853.0,16
rb1805,20170531,20170531,90721500,2854.0,2956,40458,83937020.0,2855.0,3,2854.0,1
rb1805,20170531,20170531,90722000,2855.0,2958,40458,83994120.0,2855.0,3,2854.0,5
rb1805,20170531,20170531,90722500,2856.0,2970,40462,84336780.0,2856.0,20,2854.0,13
rb1805,20170531,20170531,90723000,2856.0,2984,40462,84736620.0,2856.0,13,2854.0,28
rb1805,20170531,20170531,90723500,2856.0,2984,40462,84736620.0,2856.0,13,2855.0,7
rb1805,20170531,20170531,90724000,2856.0,2984,40462,84736620.0,2856.0,13,2855.0,7
rb1805,20170531,20170531,90724500,2856.0,3004,40442,85307820.0,2856.0,3,2855.0,5
rb1805,20170531,20170531,90725000,2856.0,3010,40444,85479180.0,2857.0,1,2856.0,7
rb1805,20170531,20170531,90725500,2857.0,3012,40442,85536320.0,2858.0,13,2856.0,4
rb1805,20170531,20170531,90726000,2857.0,3012,40442,85536320.0,2858.0,13,2856.0,12
rb1805,20170531,20170531,90726500,2857.0,3012,40442,85536320.0,2858.0,13,2856.0,12
rb1805,20170531,20170531,90727000,2857.0,3012,40442,85536320.0,2858.0,13,2856.0,13
rb1805,20170531,20170531,90727500,2856.0,3014,40442,85593440.0,2858.0,13,2856.0,12
rb1805,20170531,20170531,90728000,2859.0,3042,40454,86393700.0,2859.0,1,2858.0,6
rb1805,20170531,20170531,90728500,2859.0,3044,40456,86450880.0,2860.0,7,2859.0,2
rb1805,20170531,20170531,90729000,2859.0,3046,40456,86508060.0,2859.0,10,2858.0,3
rb1805,20170531,20170531,90729500,2858.0,3052,40456,86679540.0,2858.0,7,2856.0,6
rb1805,20170531,20170531,90730000,2858.0,3052,40456,86679540.0,2860.0,7,2858.0,1
rb1805,20170531,20170531,90730500,2858.0,3068,40442,87136820.0,2859.0,17,2858.0,13
rb1805,20170531,20170531,90731000,2859.0,3070,40440,87194000.0,2860.0,12,2858.0,18
rb1805,20170531,20170531,90731500,2858.0,3072,40438,87251160.0,2860.0,7,2858.0,17
rb1805,20170531,20170531,90732000,2858.0,3072,40438,87251160.0,2860.0,10,2858.0,12
rb1805,20170531,20170531,90732500,2858.0,3072,40438,87251160.0,2860.0,10,2859.0,1
rb1805,20170531,20170531,90733000,2858.0,3072,40438,87251160.0,2860.0,10,2858.0,17
rb1805,20170531,20170531,90733500,2858.0,3072,40438,87251160.0,2860.0,7,2859.0,1
rb1805,20170531,20170531,90734000,2858.0,3076,40434,87365480.0,2860.0,7,2858.0,15
rb1805,20170531,20170531,90734500,2858.0,3076,40434,87365480.0,2860.0,7,2859.0,1
rb1805,20170531,20170531,90735000,2858.0,3076,40434,87365480.0,2860.0,7,2859.0,10
rb1805,20170531,20170531,90735500,2860.0,3090,40442,87765880.0,2863.0,9,2860.0,6
rb1805,20170531,20170531,90736000,2860.0,3124,40442,88738280.0,2860.0,13,2859.0,10
rb1805,20170531,20170531,90736500,2860.0,3146,40422,89367480.0,2860.0,2,2859.0,10
rb1805,20170531,20170531,90737000,2860.0,3150,40422,89481880.0,2863.0,9,2859.0,10
rb1805,20170531,20170531,90737500,2860.0,3150,40422,89481880.0,2862.0,18,2859.0,5
rb1805,20170531,20170531,90738000,2860.0,3150,40422,89481880.0,2862.0,22,2859.0,5
rb1805,20170531,20170531,90738500,2860.0,3150,40422,89481880.0,2862.0,22,2859.0,5
rb1805,20170531,20170531,90739000,2860.0,3150,40422,89481880.0,2862.0,22,2858.0,16
rb1805,20170531,20170531,90739500,2860.0,3150,40422,89481880.0,2862.0,22,2858.0,17
rb1805,20170531,20170531,90740000,2862.0,3194,40378,90741160.0,2861.0,1,2859.0,15
rb1805,20170531,20170531,90740500,2862.0,3194,40378,90741160.0,2862.0,5,2859.0,15
rb1805,20170531,20170531,90741000,2859.0,3196,40378,90798340.0,2861.0,3,2859.0,19
rb1805,20170531,20170531,90741500,2859.0,3196,40378,90798340.0,2860.0,1,2859.0,19
rb1805,20170531,20170531,90742000,2859.0,3196,40378,90798340.0,2860.0,1,2859.0,19
rb1805,20170531,20170531,90742500,2860.0,3198,40378,90855540.0,2862.0,6,2860.0,1
rb1805,20170531,20170531,90743000,2862.0,3202,40378,90970020.0,2862.0,2,2860.0,5
rb1805,20170531,20170531,90743500,2860.0,3216,40388,91370420.0,2860.0,13,2859.0,6
rb1805,20170531,20170531,90744000,2860.0,3242,40414,92114020.0,2862.0,1,2860.0,2
rb1805,20170531,20170531,90744500,2860.0,3246,40412,92228420.0,2860.0,3,2859.0,1
rb1805,20170531,20170531,90745000,2862.0,3266,40420,92800820.0,2862.0,2,2859.0,1
rb1805,20170531,20170531,90745500,2862.0,3266,40420,92800820.0,2860.0,1,2859.0,11
rb1805,20170531,20170531,90746000,2859.0,3270,40420,92915240.0,2862.0,2,2859.0,10
rb1805,20170531,20170531,90746500,2859.0,3270,40420,92915240.0,2862.0,2,2859.0,10
rb1805,20170531,20170531,90747000,2859.0,3276,40418,93086800.0,2861.0,15,2859.0,3
rb1805,20170531,20170531,90748000,2859.0,3276,40418,93086800.0,2861.0,15,2859.0,3
rb1805,20170531,20170531,90748500,2859.0,3276,40418,93086800.0,2861.0,20,2858.0,9
rb1805,20170531,20170531,90749500,2859.0,3276,40418,93086800.0,2860.0,1,2858.0,9
rb1805,20170531,20170531,90750000,2859.0,3276,40418,93086800.0,2861.0,5,2858.0,9
rb1805,20170531,20170531,90750500,2859.0,3276,40418,93086800.0,2861.0,6,2858.0,9
rb1805,20170531,20170531,90751000,2859.0,3276,40418,93086800.0,2861.0,8,2858.0,9
rb1805,20170531,20170531,90751500,2859.0,3276,40418,93086800.0,2861.0,9,2858.0,9
rb1805,20170531,20170531,90752500,2859.0,3276,40418,93086800.0,2861.0,8,2858.0,8
rb1805,20170531,20170531,90753500,2858.0,3284,40410,93315440.0,2861.0,8,2858.0,4
rb1805,20170531,20170531,90754000,2858.0,3284,40410,93315440.0,2861.0,8,2858.0,9
rb1805,20170531,20170531,90754500,2858.0,3284,40410,93315440.0,2861.0,8,2858.0,9
rb1805,20170531,20170531,90755000,2858.0,3284,40410,93315440.0,2861.0,9,2858.0,4
rb1805,20170531,20170531,90755500,2858.0,3284,40410,93315440.0,2861.0,9,2858.0,10
rb1805,20170531,20170531,90756000,2858.0,3292,40408,93544080.0,2860.0,1,2858.0,6
rb1805,20170531,20170531,90756500,2858.0,3292,40408,93544080.0,2860.0,1,2858.0,6
rb1805,20170531,20170531,90757000,2858.0,3292,40408,93544080.0,2860.0,1,2858.0,6
rb1805,20170531,20170531,90757500,2858.0,3304,40400,93887040.0,2858.0,14,2857.0,1
rb1805,20170531,20170531,90758000,2858.0,3308,40400,94001360.0,2858.0,12,2857.0,2
rb1805,20170531,20170531,90758500,2858.0,3308,40400,94001360.0,2858.0,12,2857.0,2
rb1805,20170531,20170531,90759000,2858.0,3328,40396,94572960.0,2858.0,2,2857.0,2
rb1805,20170531,20170531,90759500,2858.0,3332,40396,94687280.0,2860.0,1,2858.0,14
rb1805,20170531,20170531,90800000,2858.0,3332,40396,94687280.0,2860.0,1,2858.0,16
rb1805,20170531,20170531,90801000,2860.0,3334,40396,94744480.0,2860.0,1,2858.0,16
rb1805,20170531,20170531,90801500,2861.0,3338,40396,94858900.0,2861.0,7,2858.0,17
rb1805,20170531,20170531,90802000,2862.0,3368,40410,95717360.0,2862.0,16,2858.0,4
rb1805,20170531,20170531,90802500,2862.0,3394,40436,96461480.0,2862.0,13,2860.0,1
rb1805,20170531,20170531,90803000,2862.0,3394,40436,96461480.0,2862.0,13,2861.0,1
rb1805,20170531,20170531,90803500,2860.0,3398,40434,96575900.0,2862.0,8,2860.0,5
rb1805,20170531,20170531,90804000,2860.0,3398,40434,96575900.0,2862.0,8,2860.0,5
rb1805,20170531,20170531,90804500,2860.0,3398,40434,96575900.0,2861.0,15,2858.0,3
rb1805,20170531,20170531,90805000,2860.0,3398,40434,96575900.0,2861.0,1,2858.0,3
rb1805,20170531,20170531,90805500,2860.0,3398,40434,96575900.0,2862.0,11,2857.0,1
rb1805,20170531,20170531,90806000,2860.0,3398,40434,96575900.0,2861.0,26,2857.0,6
rb1805,20170531,20170531,90806500,2860.0,3398,40434,96575900.0,2861.0,5,2858.0,15
rb1805,20170531,20170531,90807000,2860.0,3398,40434,96575900.0,2861.0,5,2860.0,20
rb1805,20170531,20170531,90807500,2860.0,3410,40430,96919120.0,2861.0,4,2860.0,15
rb1805,20170531,20170531,90808000,2860.0,3422,40420,97262320.0,2861.0,2,2860.0,9
rb1805,20170531,20170531,90808500,2860.0,3422,40420,97262320.0,2861.0,2,2860.0,29
rb1805,20170531,20170531,90809000,2860.0,3434,40420,97605520.0,2861.0,2,2860.0,23
rb1805,20170531,20170531,90809500,2860.0,3440,40416,97777120.0,2862.0,8,2860.0,20
rb1805,20170531,20170531,90810000,2860.0,3440,40416,97777120.0,2861.0,2,2860.0,20
rb1805,20170531,20170531,90810500,2860.0,3440,40416,97777120.0,2861.0,2,2860.0,20
rb1805,20170531,20170531,90811000,2860.0,3442,40416,97834320.0,2862.0,8,2860.0,19
rb1805,20170531,20170531,90812000,2860.0,3444,40414,97891520.0,2862.0,10,2860.0,23
rb1805,20170531,20170531,90813000,2860.0,3444,40414,97891520.0,2862.0,11,2860.0,23
rb1805,20170531,20170531,90814000,2860.0,3444,40414,97891520.0,2862.0,10,2860.0,23
rb1805,20170531,20170531,90814500,2860.0,3448,40414,98005920.0,2862.0,10,2860.0,21
rb1805,20170531,20170531,90815000,2860.0,3448,40414,98005920.0,2862.0,8,2860.0,21
rb1805,20170531,20170531,90817500,2860.0,3452,40410,98120320.0,2862.0,8,2860.0,19
rb1805,20170531,20170531,90819000,2860.0,3452,40410,98120320.0,2862.0,8,2860.0,19
rb1805,20170531,20170531,90820500,2860.0,3452,40410,98120320.0,2862.0,8,2860.0,14
rb1805,20170531,20170531,90822000,2860.0,3460,40402,98349120.0,2861.0,14,2860.0,10
rb1805,20170531,20170531,90822500,2860.0,3460,40402,98349120.0,2861.0,2,2860.0,10
rb1805,20170531,20170531,90823000,2860.0,3460,40402,98349120.0,2862.0,10,2860.0,10
rb1805,20170531,20170531,90823500,2860.0,3460,40402,98349120.0,2861.0,26,2858.0,5
rb1805,20170531,20170531,90824000,2860.0,3460,40402,98349120.0,2860.0,16,2858.0,5
rb1805,20170531,20170531,90824500,2860.0,3460,40402,98349120.0,2860.0,10,2858.0,5
rb1805,20170531,20170531,90825000,2860.0,3460,40402,98349120.0,2860.0,10,2858.0,5
rb1805,20170531,20170531,90826000,2860.0,3460,40402,98349120.0,2859.0,8,2858.0,5
rb1805,20170531,20170531,90826500,2860.0,3460,40402,98349120.0,2859.0,6,2858.0,5
rb1805,20170531,20170531,90827000,2860.0,3460,40402,98349120.0,2860.0,2,2858.0,5
rb1805,20170531,20170531,90828500,2860.0,3460,40402,98349120.0,2860.0,3,2858.0,5
rb1805,20170531,20170531,90829000,2860.0,3460,40402,98349120.0,2860.0,3,2858.0,5
rb1805,20170531,20170531,90830000,2858.0,3462,40400,98406280.0,2859.0,1,2858.0,4
rb1805,20170531,20170531,90830500,2858.0,3462,40400,98406280.0,2860.0,4,2857.0,7
rb1805,20170531,20170531,90831000,2858.0,3462,40400,98406280.0,2859.0,23,2857.0,7
rb1805,20170531,20170531,90831500,2858.0,3462,40400,98406280.0,2859.0,21,2857.0,7
rb1805,20170531,20170531,90832000,2858.0,3462,40400,98406280.0,2859.0,17,2857.0,8
rb1805,20170531,20170531,90833000,2858.0,3462,40400,98406280.0,2859.0,13,2857.0,7
rb1805,20170531,20170531,90833500,2857.0,3470,40400,98634840.0,2859.0,13,2857.0,3
rb1805,20170531,20170531,90834000,2857.0,3470,40400,98634840.0,2859.0,13,2857.0,3
rb1805,20170531,20170531,90834500,2857.0,3470,40400,98634840.0,2859.0,13,2857.0,3
rb1805,20170531,20170531,90835000,2857.0,3472,40398,98691980.0,2859.0,18,2857.0,2
rb1805,20170531,20170531,90836000,2857.0,3472,40398,98691980.0,2858.0,4,2857.0,1
rb1805,20170531,20170531,90836500,2857.0,3472,40398,98691980.0,2859.0,5,2857.0,6
rb1805,20170531,20170531,90837500,2857.0,3472,40398,98691980.0,2859.0,7,2857.0,6
rb1805,20170531,20170531,90838000,2857.0,3472,40398,98691980.0,2859.0,7,2857.0,6
rb1805,20170531,20170531,90838500,2857.0,3472,40398,98691980.0,2859.0,7,2858.0,10
rb1805,20170531,20170531,90839000,2859.0,3476,40402,98806340.0,2859.0,5,2858.0,10
rb1805,20170531,20170531,90839500,2859.0,3476,40402,98806340.0,2859.0,2,2858.0,10
rb1805,20170531,20170531,90841000,2859.0,3476,40402,98806340.0,2859.0,2,2858.0,10
rb1805,20170531,20170531,90841500,2858.0,3486,40392,99092140.0,2859.0,2,2858.0,5
rb1805,20170531,20170531,90842000,2858.0,3486,40392,99092140.0,2859.0,3,2858.0,5
rb1805,20170531,20170531,90842500,2858.0,3488,40392,99149300.0,2859.0,3,2858.0,4
rb1805,20170531,20170531,90843000,2858.0,3488,40392,99149300.0,2859.0,3,2858.0,4
rb1805,20170531,20170531,90843500,2858.0,3488,40392,99149300.0,2859.0,3,2858.0,4
rb1805,20170531,20170531,90844000,2858.0,3488,40392,99149300.0,2859.0,3,2858.0,4
rb1805,20170531,20170531,90844500,2859.0,3504,40394,99606620.0,2860.0,12,2857.0,5
rb1805,20170531,20170531,90845000,2859.0,3504,40394,99606620.0,2859.0,12,2858.0,20
rb1805,20170531,20170531,90845500,2859.0,3504,40394,99606620.0,2859.0,6,2858.0,20
rb1805,20170531,20170531,90846500,2858.0,3514,40384,99892420.0,2860.0,12,2858.0,15
rb1805,20170531,20170531,90847000,2858.0,3530,40368,100349700.0,2859.0,6,2858.0,7
rb1805,20170531,20170531,90847500,2858.0,3530,40368,100349700.0,2859.0,4,2858.0,7
rb1805,20170531,20170531,90848000,2858.0,3530,40368,100349700.0,2859.0,10,2858.0,7
rb1805,20170531,20170531,90848500,2858.0,3544,40368,100749820.0,2858.0,3,2857.0,5
rb1805,20170531,20170531,90849000,2858.0,3550,40370,100921300.0,2859.0,10,2857.0,6
rb1805,20170531,20170531,90849500,2858.0,3550,40370,100921300.0,2859.0,10,2857.0,9
rb1805,20170531,20170531,90850500,2858.0,3550,40370,100921300.0,2859.0,10,2858.0,2
rb1805,20170531,20170531,90851000,2858.0,3550,40370,100921300.0,2859.0,10,2857.0,8
rb1805,20170531,20170531,90851500,2859.0,3560,40370,101207200.0,2859.0,5,2857.0,12
rb1805,20170531,20170531,90852000,2859.0,3560,40370,101207200.0,2859.0,5,2857.0,8
rb1805,20170531,20170531,90852500,2859.0,3560,40370,101207200.0,2859.0,7,2857.0,8
rb1805,20170531,20170531,90853000,2859.0,3560,40370,101207200.0,2859.0,9,2857.0,8
rb1805,20170531,20170531,90853500,2859.0,3560,40370,101207200.0,2859.0,9,2857.0,8
rb1805,20170531,20170531,90854500,2859.0,3560,40370,101207200.0,2859.0,9,2857.0,9
rb1805,20170531,20170531,90855000,2859.0,3560,40370,101207200.0,2859.0,9,2857.0,8
rb1805,20170531,20170531,90856500,2859.0,3560,40370,101207200.0,2859.0,9,2857.0,8
rb1805,20170531,20170531,90857000,2857.0,3562,40368,101264340.0,2859.0,9,2857.0,7
rb1805,20170531,20170531,90857500,2857.0,3562,40368,101264340.0,2859.0,13,2857.0,4
rb1805,20170531,20170531,90858500,2857.0,3562,40368,101264340.0,2859.0,13,2857.0,4
rb1805,20170531,20170531,90900500,2857.0,3562,40368,101264340.0,2859.0,13,2857.0,18
rb1805,20170531,20170531,90901500,2857.0,3562,40368,101264340.0,2859.0,9,2857.0,23
rb1805,20170531,20170531,90902000,2857.0,3572,40366,101550040.0,2859.0,9,2857.0,18
rb1805,20170531,20170531,90903000,2857.0,3572,40366,101550040.0,2859.0,9,2857.0,23
rb1805,20170531,20170531,90904000,2859.0,3590,40348,102064660.0,2860.0,13,2859.0,11
rb1805,20170531,20170531,90904500,2859.0,3612,40328,102693640.0,2859.0,9,2857.0,13
rb1805,20170531,20170531,90905000,2858.0,3614,40328,102750800.0,2859.0,3,2857.0,13
rb1805,20170531,20170531,90905500,2858.0,3614,40328,102750800.0,2859.0,3,2857.0,16
rb1805,20170531,20170531,90906000,2859.0,3616,40330,102807980.0,2859.0,2,2857.0,13
rb1805,20170531,20170531,90907500,2860.0,3624,40334,103036740.0,2860.0,11,2859.0,4
rb1805,20170531,20170531,90908000,2860.0,3632,40338,103265500.0,2860.0,9,2859.0,2
rb1805,20170531,20170531,90908500,2859.0,3636,40338,103379860.0,2859.0,3,2858.0,5
rb1805,20170531,20170531,90909000,2860.0,3644,40338,103608600.0,2860.0,8,2859.0,4
rb1805,20170531,20170531,90909500,2860.0,3644,40338,103608600.0,2860.0,8,2859.0,4
rb1805,20170531,20170531,90910000,2860.0,3644,40338,103608600.0,2860.0,8,2859.0,3
rb1805,20170531,20170531,90910500,2860.0,3644,40338,103608600.0,2860.0,8,2859.0,3
rb1805,20170531,20170531,90912000,2860.0,3650,40338,103780160.0,2860.0,7,2859.0,1
rb1805,20170531,20170531,90912500,2860.0,3650,40338,103780160.0,2860.0,12,2859.0,1
rb1805,20170531,20170531,90913000,2859.0,3652,40340,103837340.0,2859.0,1,2858.0,5
rb1805,20170531,20170531,90913500,2859.0,3654,40342,103894520.0,2860.0,12,2858.0,5
rb1805,20170531,20170531,90914000,2859.0,3654,40342,103894520.0,2860.0,12,2858.0,6
rb1805,20170531,20170531,90914500,2859.0,3654,40342,103894520.0,2859.0,1,2858.0,6
rb1805,20170531,20170531,90915000,2859.0,3656,40342,103951700.0,2860.0,12,2858.0,11
rb1805,20170531,20170531,90915500,2860.0,3658,40342,104008900.0,2860.0,12,2859.0,2
rb1805,20170531,20170531,90916000,2860.0,3658,40342,104008900.0,2860.0,12,2859.0,2
rb1805,20170531,20170531,90916500,2860.0,3660,40342,104066100.0,2860.0,11,2859.0,2
rb1805,20170531,20170531,90917000,2859.0,3664,40342,104180460.0,2859.0,21,2858.0,10
rb1805,20170531,20170531,90917500,2859.0,3688,40338,104866620.0,2859.0,9,2858.0,4
rb1805,20170531,20170531,90918000,2859.0,3688,40338,104866620.0,2859.0,9,2858.0,9
rb1805,20170531,20170531,90918500,2859.0,3690,40338,104923800.0,2859.0,8,2858.0,12
rb1805,20170531,20170531,90919000,2860.0,3708,40338,105438440.0,2860.0,10,2858.0,12
rb1805,20170531,20170531,90919500,2860.0,3710,40338,105495640.0,2860.0,9,2858.0,26
rb1805,20170531,20170531,90920000,2860.0,3712,40338,105552840.0,2860.0,8,2858.0,26
rb1805,20170531,20170531,90920500,2860.0,3712,40338,105552840.0,2860.0,8,2858.0,12
rb1805,20170531,20170531,90921000,2858.0,3714,40338,105610000.0,2860.0,8,2858.0,24
rb1805,20170531,20170531,90921500,2860.0,3716,40338,105667200.0,2860.0,7,2858.0,19
rb1805,20170531,20170531,90922000,2860.0,3726,40338,105953200.0,2860.0,2,2858.0,19
rb1805,20170531,20170531,90922500,2860.0,3726,40338,105953200.0,2860.0,2,2858.0,6
rb1805,20170531,20170531,90923000,2860.0,3726,40338,105953200.0,2860.0,2,2858.0,3
rb1805,20170531,20170531,90923500,2860.0,3726,40338,105953200.0,2860.0,2,2858.0,2
rb1805,20170531,20170531,90924000,2860.0,3728,40338,106010400.0,2860.0,1,2858.0,2
rb1805,20170531,20170531,90925000,2860.0,3728,40338,106010400.0,2860.0,1,2858.0,7
rb1805,20170531,20170531,90925500,2860.0,3728,40338,106010400.0,2860.0,1,2859.0,11
rb1805,20170531,20170531,90926500,2860.0,3728,40338,106010400.0,2860.0,1,2859.0,16
rb1805,20170531,20170531,90927000,2860.0,3728,40338,106010400.0,2860.0,1,2859.0,6
rb1805,20170531,20170531,90928000,2860.0,3730,40336,106067600.0,2861.0,2,2860.0,9
rb1805,20170531,20170531,90928500,2860.0,3730,40336,106067600.0,2862.0,15,2860.0,9
rb1805,20170531,20170531,90929000,2860.0,3730,40336,106067600.0,2862.0,15,2861.0,1
rb1805,20170531,20170531,90929500,2861.0,3732,40336,106124820.0,2862.0,15,2860.0,14
rb1805,20170531,20170531,90930000,2861.0,3732,40336,106124820.0,2862.0,15,2860.0,5
rb1805,20170531,20170531,90930500,2860.0,3740,40336,106353620.0,2862.0,15,2860.0,1
rb1805,20170531,20170531,90931000,2862.0,3742,40338,106410860.0,2862.0,14,2860.0,4
rb1805,20170531,20170531,90931500,2862.0,3744,40340,106468100.0,2862.0,13,2860.0,4
rb1805,20170531,20170531,90932000,2862.0,3764,40332,107040500.0,2862.0,3,2860.0,4
rb1805,20170531,20170531,90933000,2862.0,3764,40332,107040500.0,2862.0,3,2860.0,6
rb1805,20170531,20170531,90933500,2862.0,3770,40328,107212220.0,2863.0,9,2860.0,6
rb1805,20170531,20170531,90934000,2862.0,3776,40328,107383980.0,2863.0,2,2861.0,10
rb1805,20170531,20170531,90934500,2862.0,3776,40328,107383980.0,2863.0,2,2861.0,15
rb1805,20170531,20170531,90935000,2863.0,3780,40326,107498500.0,2864.0,1,2863.0,8
rb1805,20170531,20170531,90935500,2863.0,3780,40326,107498500.0,2865.0,5,2864.0,2
rb1805,20170531,20170531,90936000,2863.0,3780,40326,107498500.0,2865.0,4,2864.0,5
rb1805,20170531,20170531,90936500,2863.0,3780,40326,107498500.0,2865.0,4,2863.0,8
rb1805,20170531,20170531,90937000,2863.0,3780,40326,107498500.0,2865.0,4,2861.0,10
rb1805,20170531,20170531,90937500,2863.0,3780,40326,107498500.0,2865.0,9,2862.0,7
rb1805,20170531,20170531,90938000,2863.0,3780,40326,107498500.0,2864.0,21,2862.0,1
rb1805,20170531,20170531,90938500,2864.0,3782,40326,107555780.0,2864.0,24,2861.0,10
rb1805,20170531,20170531,90939000,2864.0,3782,40326,107555780.0,2864.0,24,2862.0,1
rb1805,20170531,20170531,90939500,2861.0,3786,40324,107670240.0,2863.0,2,2862.0,1
rb1805,20170531,20170531,90940000,2861.0,3786,40324,107670240.0,2864.0,5,2862.0,6
rb1805,20170531,20170531,90940500,2861.0,3786,40324,107670240.0,2865.0,12,2864.0,10
rb1805,20170531,20170531,90941000,2864.0,3794,40320,107899360.0,2865.0,5,2864.0,6
rb1805,20170531,20170531,90941500,2862.0,3810,40308,108357520.0,2865.0,5,2862.0,11
rb1805,20170531,20170531,90942000,2862.0,3810,40308,108357520.0,2865.0,10,2862.0,11
rb1805,20170531,20170531,90943000,2862.0,3810,40308,108357520.0,2865.0,4,2862.0,12
rb1805,20170531,20170531,90943500,2862.0,3810,40308,108357520.0,2865.0,4,2862.0,12
rb1805,20170531,20170531,90944500,2862.0,3810,40308,108357520.0,2865.0,4,2862.0,12
rb1805,20170531,20170531,90945000,2862.0,3810,40308,108357520.0,2865.0,4,2864.0,1
rb1805,20170531,20170531,90945500,2862.0,3810,40308,108357520.0,2865.0,4,2864.0,1
rb1805,20170531,20170531,90946000,2864.0,3812,40308,108414800.0,2865.0,4,2862.0,11
rb1805,20170531,20170531,90946500,2864.0,3812,40308,108414800.0,2865.0,9,2863.0,5
rb1805,20170531,20170531,90947000,2865.0,3814,40308,108472100.0,2865.0,8,2863.0,9
rb1805,20170531,20170531,90947500,2863.0,3834,40308,109044700.0,2865.0,3,2863.0,2
rb1805,20170531,20170531,90948000,2865.0,3840,40310,109216600.0,2866.0,6,2865.0,47
rb1805,20170531,20170531,90948500,2865.0,3840,40310,109216600.0,2866.0,3,2865.0,47
rb1805,20170531,20170531,90949500,2865.0,3840,40310,109216600.0,2866.0,3,2865.0,47
rb1805,20170531,20170531,90950000,2865.0,3842,40312,109273900.0,2866.0,3,2865.0,46
rb1805,20170531,20170531,90951000,2865.0,3842,40312,109273900.0,2866.0,3,2865.0,46
rb1805,20170531,20170531,90951500,2865.0,3842,40312,109273900.0,2866.0,3,2865.0,46
rb1805,20170531,20170531,90952000,2867.0,3854,40314,109617880.0,2867.0,2,2866.0,1
rb1805,20170531,20170531,90952500,2868.0,3862,40314,109847280.0,2868.0,13,2867.0,1
rb1805,20170531,20170531,90953000,2868.0,3862,40314,109847280.0,2868.0,14,2867.0,1
rb1805,20170531,20170531,90953500,2868.0,3864,40314,109904640.0,2868.0,13,2866.0,35
rb1805,20170531,20170531,90954000,2868.0,3870,40314,110076720.0,2868.0,10,2866.0,39
rb1805,20170531,20170531,90954500,2868.0,3870,40314,110076720.0,2868.0,10,2866.0,39
rb1805,20170531,20170531,90955000,2868.0,3880,40314,110363520.0,2868.0,5,2867.0,4
rb1805,20170531,20170531,90955500,2868.0,3890,40306,110650320.0,2869.0,2,2868.0,6
rb1805,20170531,20170531,90956000,2868.0,3890,40306,110650320.0,2869.0,2,2868.0,6
rb1805,20170531,20170531,90956500,2868.0,3890,40306,110650320.0,2869.0,2,2868.0,3
rb1805,20170531,20170531,90957000,2868.0,3890,40306,110650320.0,2869.0,2,2868.0,8
rb1805,20170531,20170531,90957500,2868.0,3890,40306,110650320.0,2869.0,2,2868.0,8
rb1805,20170531,20170531,90958000,2868.0,3890,40306,110650320.0,2869.0,2,2868.0,8
rb1805,20170531,20170531,90958500,2869.0,3894,40308,110765080.0,2870.0,6,2868.0,12
rb1805,20170531,20170531,90959000,2868.0,3896,40308,110822440.0,2870.0,6,2869.0,1
rb1805,20170531,20170531,90959500,2868.0,3896,40308,110822440.0,2870.0,6,2869.0,5
rb1805,20170531,20170531,91000000,2868.0,3896,40308,110822440.0,2870.0,11,2868.0,6
rb1805,20170531,20170531,91000500,2868.0,3898,40308,110879800.0,2870.0,11,2866.0,32
rb1805,20170531,20170531,91001000,2870.0,3904,40302,111052000.0,2870.0,3,2869.0,1
rb1805,20170531,20170531,91001500,2866.0,3916,40302,111396020.0,2870.0,8,2866.0,30
rb1805,20170531,20170531,91002000,2870.0,3920,40300,111510820.0,2870.0,6,2867.0,8
rb1805,20170531,20170531,91002500,2870.0,3942,40300,112142220.0,2872.0,7,2870.0,5
rb1805,20170531,20170531,91003000,2870.0,3942,40300,112142220.0,2871.0,2,2870.0,10
rb1805,20170531,20170531,91003500,2870.0,3954,40300,112486660.0,2869.0,1,2868.0,1
rb1805,20170531,20170531,91004000,2869.0,3956,40300,112544040.0,2870.0,1,2868.0,1
rb1805,20170531,20170531,91004500,2869.0,3956,40300,112544040.0,2871.0,7,2868.0,10
rb1805,20170531,20170531,91005000,2869.0,3956,40300,112544040.0,2870.0,3,2868.0,10
rb1805,20170531,20170531,91005500,2869.0,3956,40300,112544040.0,2870.0,1,2868.0,11
rb1805,20170531,20170531,91006000,2871.0,3962,40300,112716280.0,2872.0,8,2868.0,15
rb1805,20170531,20170531,91006500,2868.0,4034,40290,114781500.0,2868.0,5,2867.0,13
rb1805,20170531,20170531,91007000,2868.0,4044,40290,115068300.0,2872.0,12,2870.0,20
rb1805,20170531,20170531,91007500,2868.0,4044,40290,115068300.0,2872.0,13,2870.0,20
rb1805,20170531,20170531,91008000,2868.0,4044,40290,115068300.0,2872.0,13,2870.0,21
rb1805,20170531,20170531,91008500,2870.0,4046,40288,115125700.0,2871.0,1,2870.0,20
rb1805,20170531,20170531,91009500,2870.0,4046,40288,115125700.0,2871.0,1,2870.0,20
rb1805,20170531,20170531,91010000,2871.0,4048,40288,115183120.0,2872.0,11,2870.0,20
rb1805,20170531,20170531,91010500,2870.0,4056,40280,115412720.0,2872.0,11,2871.0,1
rb1805,20170531,20170531,91011000,2871.0,4058,40280,115470140.0,2871.0,2,2870.0,16
rb1805,20170531,20170531,91011500,2871.0,4062,40278,115584960.0,2872.0,10,2870.0,15
rb1805,20170531,20170531,91012000,2871.0,4062,40278,115584960.0,2872.0,10,2870.0,15
rb1805,20170531,20170531,91012500,2872.0,4078,40284,116044480.0,2872.0,2,2870.0,15
rb1805,20170531,20170531,91013000,2872.0,4084,40288,116216800.0,2874.0,1,2872.0,9
rb1805,20170531,20170531,91013500,2872.0,4108,40284,116906000.0,2873.0,27,2872.0,4
rb1805,20170531,20170531,91014000,2872.0,4118,40288,117193200.0,2872.0,3,2870.0,18
rb1805,20170531,20170531,91014500,2872.0,4118,40288,117193200.0,2873.0,2,2870.0,18
rb1805,20170531,20170531,91015000,2872.0,4118,40288,117193200.0,2874.0,7,2870.0,18
rb1805,20170531,20170531,91015500,2872.0,4118,40288,117193200.0,2873.0,20,2870.0,18
rb1805,20170531,20170531,91016000,2872.0,4118,40288,117193200.0,2873.0,29,2872.0,5
rb1805,20170531,20170531,91016500,2872.0,4128,40296,117480400.0,2872.0,3,2870.0,19
rb1805,20170531,20170531,91017000,2873.0,4168,40306,118629540.0,2873.0,3,2871.0,1
rb1805,20170531,20170531,91017500,2873.0,4168,40306,118629540.0,2873.0,3,2870.0,19
rb1805,20170531,20170531,91018000,2873.0,4168,40306,118629540.0,2873.0,13,2871.0,15
rb1805,20170531,20170531,91018500,2871.0,4170,40306,118686960.0,2873.0,16,2871.0,7
rb1805,20170531,20170531,91019000,2873.0,4180,40312,118974260.0,2873.0,3,2871.0,7
rb1805,20170531,20170531,91019500,2873.0,4180,40312,118974260.0,2873.0,13,2870.0,7
rb1805,20170531,20170531,91020000,2873.0,4180,40312,118974260.0,2873.0,14,2870.0,7
rb1805,20170531,20170531,91020500,2873.0,4180,40312,118974260.0,2873.0,11,2871.0,14
rb1805,20170531,20170531,91021000,2873.0,4180,40312,118974260.0,2873.0,6,2871.0,14
rb1805,20170531,20170531,91021500,2871.0,4190,40312,119261360.0,2873.0,3,2871.0,9
rb1805,20170531,20170531,91022000,2871.0,4190,40312,119261360.0,2873.0,6,2871.0,4
rb1805,20170531,20170531,91022500,2871.0,4190,40312,119261360.0,2873.0,11,2870.0,8
rb1805,20170531,20170531,91023000,2871.0,4190,40312,119261360.0,2873.0,9,2871.0,4
rb1805,20170531,20170531,91023500,2871.0,4190,40312,119261360.0,2873.0,14,2871.0,4
rb1805,20170531,20170531,91024000,2871.0,4190,40312,119261360.0,2872.0,11,2870.0,8
rb1805,20170531,20170531,91024500,2871.0,4190,40312,119261360.0,2871.0,2,2870.0,8
rb1805,20170531,20170531,91025000,2871.0,4190,40312,119261360.0,2871.0,7,2870.0,3
rb1805,20170531,20170531,91025500,2871.0,4190,40312,119261360.0,2871.0,7,2870.0,3
rb1805,20170531,20170531,91026000,2870.0,4196,40318,119433560.0,2870.0,2,2869.0,1
rb1805,20170531,20170531,91026500,2870.0,4196,40318,119433560.0,2870.0,8,2869.0,1
rb1805,20170531,20170531,91027000,2870.0,4196,40318,119433560.0,2870.0,7,2869.0,1
rb1805,20170531,20170531,91027500,2870.0,4196,40318,119433560.0,2870.0,9,2869.0,1
rb1805,20170531,20170531,91028000,2869.0,4198,40318,119490940.0,2870.0,9,2868.0,1
rb1805,20170531,20170531,91028500,2869.0,4198,40318,119490940.0,2869.0,5,2868.0,1
rb1805,20170531,20170531,91029000,2868.0,4200,40318,119548300.0,2868.0,1,2867.0,10
rb1805,20170531,20170531,91029500,2870.0,4204,40316,119663060.0,2870.0,8,2867.0,5
rb1805,20170531,20170531,91030000,2870.0,4204,40316,119663060.0,2869.0,21,2867.0,6
rb1805,20170531,20170531,91030500,2869.0,4206,40316,119720440.0,2869.0,16,2867.0,6
rb1805,20170531,20170531,91031000,2869.0,4206,40316,119720440.0,2869.0,16,2867.0,5
rb1805,20170531,20170531,91031500,2869.0,4206,40316,119720440.0,2868.0,1,2867.0,6
rb1805,20170531,20170531,91032000,2869.0,4226,40316,120294240.0,2870.0,12,2869.0,4
rb1805,20170531,20170531,91032500,2869.0,4234,40324,120523760.0,2869.0,3,2867.0,11
rb1805,20170531,20170531,91033000,2869.0,4234,40324,120523760.0,2870.0,2,2868.0,8
rb1805,20170531,20170531,91033500,2869.0,4234,40324,120523760.0,2870.0,11,2868.0,7
rb1805,20170531,20170531,91034000,2869.0,4234,40324,120523760.0,2869.0,9,2868.0,7
rb1805,20170531,20170531,91034500,2868.0,4236,40324,120581120.0,2869.0,9,2868.0,6
rb1805,20170531,20170531,91035000,2868.0,4236,40324,120581120.0,2869.0,9,2868.0,4
rb1805,20170531,20170531,91035500,2869.0,4252,40328,121040160.0,2869.0,1,2867.0,11
rb1805,20170531,20170531,91036000,2869.0,4252,40328,121040160.0,2869.0,1,2868.0,9
rb1805,20170531,20170531,91036500,2869.0,4252,40328,121040160.0,2869.0,1,2868.0,10
rb1805,20170531,20170531,91037500,2869.0,4254,40328,121097540.0,2870.0,11,2868.0,10
rb1805,20170531,20170531,91038000,2869.0,4254,40328,121097540.0,2870.0,6,2868.0,10
rb1805,20170531,20170531,91038500,2869.0,4254,40328,121097540.0,2870.0,6,2868.0,9
rb1805,20170531,20170531,91039000,2869.0,4254,40328,121097540.0,2870.0,11,2868.0,9
rb1805,20170531,20170531,91039500,2869.0,4254,40328,121097540.0,2869.0,1,2868.0,7
rb1805,20170531,20170531,91040000,2869.0,4254,40328,121097540.0,2869.0,5,2867.0,11
rb1805,20170531,20170531,91040500,2869.0,4254,40328,121097540.0,2869.0,10,2867.0,6
rb1805,20170531,20170531,91041000,2868.0,4256,40328,121154900.0,2869.0,13,2868.0,9
rb1805,20170531,20170531,91041500,2868.0,4272,40344,121613780.0,2869.0,13,2868.0,1
rb1805,20170531,20170531,91042000,2868.0,4274,40344,121671140.0,2868.0,7,2867.0,5
rb1805,20170531,20170531,91042500,2868.0,4274,40344,121671140.0,2868.0,5,2867.0,5
rb1805,20170531,20170531,91043000,2868.0,4274,40344,121671140.0,2868.0,5,2867.0,5
rb1805,20170531,20170531,91043500,2868.0,4274,40344,121671140.0,2868.0,5,2867.0,5
rb1805,20170531,20170531,91044000,2868.0,4274,40344,121671140.0,2868.0,8,2867.0,5
rb1805,20170531,20170531,91044500,2868.0,4274,40344,121671140.0,2868.0,8,2867.0,5
rb1805,20170531,20170531,91045000,2868.0,4274,40344,121671140.0,2868.0,5,2867.0,5
rb1805,20170531,20170531,91045500,2868.0,4274,40344,121671140.0,2869.0,11,2867.0,10
rb1805,20170531,20170531,91046000,2868.0,4274,40344,121671140.0,2868.0,14,2867.0,10
rb1805,20170531,20170531,91046500,2868.0,4274,40344,121671140.0,2868.0,24,2867.0,10
rb1805,20170531,20170531,91047000,2867.0,4286,40344,122015200.0,2867.0,1,2866.0,31
rb1805,20170531,20170531,91047500,2867.0,4286,40344,122015200.0,2867.0,2,2866.0,31
rb1805,20170531,20170531,91048000,2867.0,4290,40340,122129880.0,2868.0,13,2866.0,31
rb1805,20170531,20170531,91048500,2867.0,4290,40340,122129880.0,2868.0,10,2867.0,7
rb1805,20170531,20170531,91050500,2867.0,4290,40340,122129880.0,2868.0,15,2866.0,37
rb1805,20170531,20170531,91051000,2867.0,4290,40340,122129880.0,2868.0,15,2866.0,32
rb1805,20170531,20170531,91051500,2867.0,4290,40340,122129880.0,2868.0,10,2867.0,8
rb1805,20170531,20170531,91052000,2867.0,4290,40340,122129880.0,2868.0,10,2867.0,7
rb1805,20170531,20170531,91052500,2867.0,4290,40340,122129880.0,2868.0,10,2867.0,5
rb1805,20170531,20170531,91053500,2867.0,4290,40340,122129880.0,2868.0,18,2867.0,5
rb1805,20170531,20170531,91054000,2868.0,4306,40356,122588760.0,2868.0,7,2866.0,37
rb1805,20170531,20170531,91054500,2868.0,4306,40356,122588760.0,2868.0,7,2866.0,37
rb1805,20170531,20170531,91055000,2868.0,4306,40356,122588760.0,2868.0,11,2866.0,41
rb1805,20170531,20170531,91055500,2868.0,4306,40356,122588760.0,2868.0,8,2866.0,42
rb1805,20170531,20170531,91056000,2868.0,4306,40356,122588760.0,2868.0,8,2866.0,36
rb1805,20170531,20170531,91056500,2868.0,4306,40356,122588760.0,2868.0,11,2866.0,36
rb1805,20170531,20170531,91057000,2868.0,4306,40356,122588760.0,2868.0,11,2866.0,36
rb1805,20170531,20170531,91058000,2868.0,4314,40360,122818200.0,2868.0,9,2866.0,36
rb1805,20170531,20170531,91058500,2868.0,4314,40360,122818200.0,2868.0,9,2866.0,35
rb1805,20170531,20170531,91059500,2868.0,4314,40360,122818200.0,2867.0,3,2866.0,35
rb1805,20170531,20170531,91100000,2868.0,4314,40360,122818200.0,2868.0,9,2866.0,35
rb1805,20170531,20170531,91101000,2868.0,4314,40360,122818200.0,2868.0,4,2866.0,39
rb1805,20170531,20170531,91101500,2868.0,4314,40360,122818200.0,2867.0,11,2866.0,34
rb1805,20170531,20170531,91102000,2866.0,4320,40360,122990160.0,2867.0,9,2866.0,31
rb1805,20170531,20170531,91102500,2866.0,4320,40360,122990160.0,2867.0,3,2866.0,31
rb1805,20170531,20170531,91103000,2866.0,4320,40360,122990160.0,2867.0,10,2866.0,31
rb1805,20170531,20170531,91103500,2866.0,4324,40364,123104800.0,2867.0,15,2866.0,29
rb1805,20170531,20170531,91104000,2866.0,4330,40364,123276760.0,2867.0,15,2866.0,26
rb1805,20170531,20170531,91104500,2866.0,4336,40364,123448720.0,2867.0,15,2866.0,23
rb1805,20170531,20170531,91105000,2866.0,4368,40386,124365840.0,2867.0,15,2866.0,7
rb1805,20170531,20170531,91105500,2866.0,4368,40386,124365840.0,2867.0,15,2866.0,7
rb1805,20170531,20170531,91106000,2866.0,4370,40386,124423160.0,2867.0,3,2866.0,11
rb1805,20170531,20170531,91106500,2866.0,4370,40386,124423160.0,2867.0,8,2866.0,6
rb1805,20170531,20170531,91107000,2866.0,4370,40386,124423160.0,2867.0,8,2866.0,6
rb1805,20170531,20170531,91108000,2866.0,4392,40390,125053780.0,2866.0,4,2865.0,47
rb1805,20170531,20170531,91108500,2866.0,4392,40390,125053780.0,2866.0,4,2865.0,48
rb1805,20170531,20170531,91110500,2866.0,4392,40390,125053780.0,2866.0,4,2865.0,48
rb1805,20170531,20170531,91111000,2866.0,4400,40382,125283060.0,2868.0,13,2866.0,20
rb1805,20170531,20170531,91111500,2866.0,4400,40382,125283060.0,2868.0,8,2866.0,13
rb1805,20170531,20170531,91112000,2866.0,4400,40382,125283060.0,2868.0,8,2866.0,18
rb1805,20170531,20170531,91112500,2866.0,4400,40382,125283060.0,2868.0,3,2866.0,18
rb1805,20170531,20170531,91113000,2866.0,4400,40382,125283060.0,2868.0,3,2866.0,18
rb1805,20170531,20170531,91114000,2866.0,4400,40382,125283060.0,2868.0,3,2867.0,1
rb1805,20170531,20170531,91114500,2866.0,4400,40382,125283060.0,2868.0,3,2866.0,5
rb1805,20170531,20170531,91115000,2866.0,4402,40380,125340380.0,2868.0,3,2866.0,4
rb1805,20170531,20170531,91115500,2866.0,4402,40380,125340380.0,2868.0,3,2866.0,5
rb1805,20170531,20170531,91116500,2866.0,4402,40380,125340380.0,2868.0,3,2866.0,5
rb1805,20170531,20170531,91117000,2866.0,4402,40380,125340380.0,2868.0,13,2866.0,1
rb1805,20170531,20170531,91117500,2868.0,4404,40380,125397740.0,2868.0,7,2866.0,1
rb1805,20170531,20170531,91118000,2868.0,4404,40380,125397740.0,2868.0,8,2866.0,21
rb1805,20170531,20170531,91118500,2868.0,4404,40380,125397740.0,2868.0,8,2866.0,71
rb1805,20170531,20170531,91119000,2868.0,4404,40380,125397740.0,2868.0,8,2867.0,13
rb1805,20170531,20170531,91119500,2868.0,4404,40380,125397740.0,2868.0,8,2866.0,71
rb1805,20170531,20170531,91120500,2868.0,4420,40382,125856620.0,2868.0,6,2866.0,71
rb1805,20170531,20170531,91121000,2868.0,4420,40382,125856620.0,2868.0,6,2866.0,71
rb1805,20170531,20170531,91122500,2868.0,4420,40382,125856620.0,2868.0,6,2866.0,71
rb1805,20170531,20170531,91123000,2868.0,4420,40382,125856620.0,2868.0,6,2866.0,70
rb1805,20170531,20170531,91123500,2868.0,4420,40382,125856620.0,2868.0,6,2866.0,70
rb1805,20170531,20170531,91124000,2868.0,4420,40382,125856620.0,2868.0,7,2866.0,71
rb1805,20170531,20170531,91124500,2868.0,4420,40382,125856620.0,2868.0,20,2866.0,70
rb1805,20170531,20170531,91125000,2868.0,4420,40382,125856620.0,2867.0,2,2866.0,70
rb1805,20170531,20170531,91125500,2868.0,4420,40382,125856620.0,2868.0,20,2866.0,71
rb1805,20170531,20170531,91126000,2868.0,4422,40382,125913980.0,2868.0,19,2866.0,50
rb1805,20170531,20170531,91127000,2868.0,4422,40382,125913980.0,2868.0,14,2866.0,50
rb1805,20170531,20170531,91128000,2868.0,4422,40382,125913980.0,2867.0,1,2866.0,55
rb1805,20170531,20170531,91129000,2868.0,4422,40382,125913980.0,2867.0,1,2866.0,55
rb1805,20170531,20170531,91129500,2868.0,4422,40382,125913980.0,2867.0,1,2866.0,55
rb1805,20170531,20170531,91130500,2868.0,4422,40382,125913980.0,2867.0,1,2866.0,50
rb1805,20170531,20170531,91131500,2866.0,4424,40382,125971300.0,2867.0,1,2866.0,49
rb1805,20170531,20170531,91133000,2866.0,4424,40382,125971300.0,2867.0,1,2866.0,49
rb1805,20170531,20170531,91135000,2866.0,4430,40376,126143260.0,2867.0,1,2866.0,46
rb1805,20170531,20170531,91135500,2866.0,4432,40374,126200580.0,2867.0,3,2866.0,45
rb1805,20170531,20170531,91136500,2866.0,4432,40374,126200580.0,2867.0,6,2866.0,45
rb1805,20170531,20170531,91137000,2867.0,4442,40378,126487280.0,2867.0,1,2866.0,45
rb1805,20170531,20170531,91137500,2867.0,4442,40378,126487280.0,2868.0,8,2866.0,45
rb1805,20170531,20170531,91138000,2867.0,4442,40378,126487280.0,2867.0,2,2866.0,45
rb1805,20170531,20170531,91138500,2867.0,4442,40378,126487280.0,2868.0,18,2866.0,45
rb1805,20170531,20170531,91139000,2867.0,4442,40378,126487280.0,2867.0,2,2866.0,45
rb1805,20170531,20170531,91139500,2867.0,4442,40378,126487280.0,2868.0,18,2866.0,45
rb1805,20170531,20170531,91140000,2867.0,4442,40378,126487280.0,2867.0,2,2866.0,45
rb1805,20170531,20170531,91140500,2867.0,4442,40378,126487280.0,2868.0,18,2866.0,45
rb1805,20170531,20170531,91141000,2867.0,4442,40378,126487280.0,2867.0,18,2866.0,45
rb1805,20170531,20170531,91141500,2867.0,4442,40378,126487280.0,2867.0,13,2866.0,45
rb1805,20170531,20170531,91142000,2867.0,4442,40378,126487280.0,2867.0,13,2866.0,45
rb1805,20170531,20170531,91142500,2867.0,4442,40378,126487280.0,2867.0,2,2866.0,45
rb1805,20170531,20170531,91143000,2867.0,4442,40378,126487280.0,2868.0,18,2866.0,45
rb1805,20170531,20170531,91143500,2867.0,4448,40378,126659300.0,2868.0,20,2867.0,1
rb1805,20170531,20170531,91144000,2867.0,4450,40380,126716640.0,2867.0,12,2866.0,45
rb1805,20170531,20170531,91144500,2866.0,4456,40380,126888600.0,2867.0,38,2866.0,42
rb1805,20170531,20170531,91145000,2866.0,4458,40378,126945920.0,2867.0,34,2866.0,41
rb1805,20170531,20170531,91145500,2866.0,4486,40378,127748400.0,2867.0,18,2866.0,27
rb1805,20170531,20170531,91146000,2866.0,4500,40374,128149640.0,2867.0,18,2866.0,20
rb1805,20170531,20170531,91147000,2866.0,4510,40364,128436240.0,2867.0,18,2866.0,15
rb1805,20170531,20170531,91152000,2866.0,4510,40364,128436240.0,2867.0,18,2866.0,15
rb1805,20170531,20170531,91153000,2866.0,4530,40344,129009440.0,2867.0,18,2866.0,5
rb1805,20170531,20170531,91153500,2865.0,4542,40344,129353340.0,2866.0,20,2865.0,53
rb1805,20170531,20170531,91154000,2865.0,4544,40344,129410640.0,2866.0,25,2865.0,47
rb1805,20170531,20170531,91154500,2865.0,4544,40344,129410640.0,2866.0,25,2865.0,47
rb1805,20170531,20170531,91156500,2865.0,4544,40344,129410640.0,2866.0,25,2865.0,47
rb1805,20170531,20170531,91157000,2865.0,4544,40344,129410640.0,2866.0,20,2865.0,47
rb1805,20170531,20170531,91157500,2866.0,4554,40354,129697240.0,2866.0,15,2865.0,47
rb1805,20170531,20170531,91158500,2865.0,4566,40366,130041040.0,2866.0,15,2865.0,41
rb1805,20170531,20170531,91159500,2865.0,4566,40366,130041040.0,2866.0,9,2865.0,41
rb1805,20170531,20170531,91200000,2865.0,4566,40366,130041040.0,2866.0,6,2865.0,41
rb1805,20170531,20170531,91201000,2866.0,4568,40368,130098360.0,2866.0,5,2865.0,41
rb1805,20170531,20170531,91201500,2866.0,4578,40368,130384960.0,2867.0,4,2866.0,8
rb1805,20170531,20170531,91202000,2867.0,4586,40364,130614320.0,2868.0,23,2866.0,10
rb1805,20170531,20170531,91202500,2866.0,4588,40364,130671640.0,2868.0,21,2866.0,4
rb1805,20170531,20170531,91203000,2866.0,4588,40364,130671640.0,2868.0,21,2866.0,6
rb1805,20170531,20170531,91203500,2866.0,4588,40364,130671640.0,2868.0,18,2866.0,10
rb1805,20170531,20170531,91204000,2866.0,4588,40364,130671640.0,2868.0,18,2867.0,2
rb1805,20170531,20170531,91204500,2866.0,4588,40364,130671640.0,2868.0,18,2867.0,5
rb1805,20170531,20170531,91205000,2866.0,4588,40364,130671640.0,2868.0,18,2867.0,5
rb1805,20170531,20170531,91205500,2866.0,4588,40364,130671640.0,2868.0,18,2867.0,4
rb1805,20170531,20170531,91206000,2866.0,4588,40364,130671640.0,2868.0,18,2867.0,4
rb1805,20170531,20170531,91206500,2866.0,4588,40364,130671640.0,2868.0,18,2867.0,2
rb1805,20170531,20170531,91207000,2866.0,4588,40364,130671640.0,2868.0,18,2867.0,2
rb1805,20170531,20170531,91207500,2866.0,4588,40364,130671640.0,2868.0,18,2867.0,2
rb1805,20170531,20170531,91208500,2868.0,4590,40364,130729000.0,2868.0,17,2867.0,2
rb1805,20170531,20170531,91209000,2868.0,4590,40364,130729000.0,2868.0,17,2866.0,16
rb1805,20170531,20170531,91209500,2868.0,4590,40364,130729000.0,2868.0,18,2866.0,12
rb1805,20170531,20170531,91210000,2868.0,4590,40364,130729000.0,2868.0,18,2867.0,17
rb1805,20170531,20170531,91210500,2868.0,4590,40364,130729000.0,2868.0,17,2867.0,17
rb1805,20170531,20170531,91211000,2868.0,4590,40364,130729000.0,2868.0,17,2867.0,6
rb1805,20170531,20170531,91211500,2868.0,4590,40364,130729000.0,2868.0,17,2866.0,17
rb1805,20170531,20170531,91212000,2868.0,4606,40364,131187880.0,2868.0,9,2866.0,14
rb1805,20170531,20170531,91212500,2868.0,4606,40364,131187880.0,2868.0,10,2866.0,12
rb1805,20170531,20170531,91213000,2868.0,4606,40364,131187880.0,2868.0,10,2866.0,7
rb1805,20170531,20170531,91213500,2868.0,4606,40364,131187880.0,2868.0,10,2867.0,1
rb1805,20170531,20170531,91214000,2868.0,4606,40364,131187880.0,2868.0,9,2867.0,1
rb1805,20170531,20170531,91215500,2867.0,4608,40366,131245220.0,2867.0,2,2866.0,9
rb1805,20170531,20170531,91216000,2867.0,4612,40368,131359900.0,2868.0,9,2867.0,3
rb1805,20170531,20170531,91216500,2867.0,4612,40368,131359900.0,2868.0,9,2866.0,9
rb1805,20170531,20170531,91217500,2867.0,4612,40368,131359900.0,2868.0,10,2866.0,9
rb1805,20170531,20170531,91218000,2867.0,4612,40368,131359900.0,2867.0,1,2866.0,9
rb1805,20170531,20170531,91218500,2867.0,4614,40366,131417240.0,2868.0,10,2867.0,18
