instrument,tradingday,calendarday,time,lastp,volume,openinterest,turnover,ask1,asksz1,bid1,bidsz1
rb1805,20170901,20170831,183558500,3801.0,0,304658,0.0,0.0,0,0.0,0
rb1805,20170901,20170831,205900500,3797.0,424,304858,16099280.0,3797.0,37,3796.0,7
rb1805,20170901,20170831,210000500,3800.0,916,305028,34774300.0,3801.0,13,3800.0,7
rb1805,20170901,20170831,210001000,3797.0,1166,305080,44270240.0,3800.0,13,3798.0,100
rb1805,20170901,20170831,210001500,3800.0,1308,305142,49665880.0,3801.0,6,3800.0,53
rb1805,20170901,20170831,210002000,3805.0,1412,305190,53619660.0,3805.0,8,3801.0,5
rb1805,20170901,20170831,210002500,3802.0,2106,305418,80001620.0,3802.0,1,3801.0,1
rb1805,20170901,20170831,210003000,3798.0,2252,305372,85548320.0,3798.0,46,3797.0,37
rb1805,20170901,20170831,210003500,3798.0,2338,305316,88814320.0,3798.0,20,3797.0,23
rb1805,20170901,20170831,210004000,3797.0,2482,305356,94281340.0,3798.0,8,3797.0,1
rb1805,20170901,20170831,210004500,3800.0,2516,305360,95572980.0,3800.0,1,3799.0,6
rb1805,20170901,20170831,210005000,3806.0,2848,305300,108211420.0,3808.0,1,3807.0,1
rb1805,20170901,20170831,210005500,3809.0,2970,305306,112859200.0,3812.0,16,3809.0,2
rb1805,20170901,20170831,210006000,3812.0,3306,305272,125667960.0,3813.0,1,3812.0,105
rb1805,20170901,20170831,210006500,3823.0,3870,305168,147196320.0,3823.0,29,3816.0,1
rb1805,20170901,20170831,210007000,3817.0,4550,304862,173165800.0,3821.0,4,3817.0,1
rb1805,20170901,20170831,210007500,3818.0,4612,304878,175533580.0,3820.0,17,3818.0,11
rb1805,20170901,20170831,210008000,3818.0,5016,304810,190970360.0,3818.0,15,3817.0,21
rb1805,20170901,20170831,210008500,3817.0,5214,304878,198532200.0,3817.0,6,3816.0,5
rb1805,20170901,20170831,210009000,3818.0,5350,304882,203723860.0,3821.0,2,3818.0,2
rb1805,20170901,20170831,210009500,3817.0,5390,304904,205251020.0,3816.0,7,3814.0,3
rb1805,20170901,20170831,210010000,3812.0,5536,304858,210820880.0,3815.0,1,3812.0,117
rb1805,20170901,20170831,210010500,3815.0,5752,304768,219066420.0,3816.0,8,3815.0,17
rb1805,20170901,20170831,210011000,3815.0,5930,304806,225856680.0,3815.0,3,3813.0,16
rb1805,20170901,20170831,210011500,3815.0,6046,304720,230281400.0,3815.0,9,3813.0,4
rb1805,20170901,20170831,210012000,3815.0,6134,304732,233638100.0,3816.0,58,3815.0,74
rb1805,20170901,20170831,210012500,3816.0,6198,304726,236079760.0,3816.0,60,3815.0,48
rb1805,20170901,20170831,210013000,3813.0,6300,304680,239970980.0,3815.0,11,3813.0,30
rb1805,20170901,20170831,210013500,3815.0,6324,304660,240886340.0,3815.0,10,3813.0,27
rb1805,20170901,20170831,210014000,3815.0,6356,304668,242107140.0,3815.0,10,3814.0,16
rb1805,20170901,20170831,210014500,3814.0,6398,304672,243709220.0,3815.0,17,3814.0,5
rb1805,20170901,20170831,210015000,3813.0,6458,304656,245997820.0,3814.0,1,3813.0,23
rb1805,20170901,20170831,210015500,3813.0,6492,304650,247294500.0,3815.0,10,3813.0,18
rb1805,20170901,20170831,210016000,3813.0,6502,304648,247675840.0,3815.0,10,3813.0,16
rb1805,20170901,20170831,210016500,3813.0,6526,304642,248591200.0,3814.0,2,3813.0,10
rb1805,20170901,20170831,210017000,3812.0,6618,304620,252099180.0,3813.0,6,3811.0,3
rb1805,20170901,20170831,210017500,3812.0,6704,304582,255378740.0,3813.0,2,3811.0,13
rb1805,20170901,20170831,210018000,3812.0,6752,304572,257208160.0,3811.0,2,3810.0,3
rb1805,20170901,20170831,210018500,3812.0,6852,304570,261019560.0,3813.0,23,3812.0,17
rb1805,20170901,20170831,210019000,3811.0,6904,304588,263001660.0,3813.0,22,3811.0,10
rb1805,20170901,20170831,210019500,3809.0,7070,304570,269324420.0,3809.0,2,3807.0,4
rb1805,20170901,20170831,210020000,3806.0,7084,304570,269857380.0,3806.0,9,3805.0,8
rb1805,20170901,20170831,210020500,3807.0,7204,304574,274426260.0,3807.0,36,3806.0,25
rb1805,20170901,20170831,210021000,3807.0,7304,304560,278233440.0,3809.0,3,3806.0,41
rb1805,20170901,20170831,210021500,3810.0,7472,304666,284636180.0,3812.0,12,3809.0,3
rb1805,20170901,20170831,210022000,3810.0,7492,304682,285398200.0,3811.0,1,3810.0,1
rb1805,20170901,20170831,210022500,3810.0,7520,304666,286464780.0,3810.0,3,3809.0,1
rb1805,20170901,20170831,210023000,3808.0,7544,304644,287378560.0,3809.0,3,3807.0,35
rb1805,20170901,20170831,210023500,3809.0,7576,304662,288597720.0,3811.0,10,3808.0,12
rb1805,20170901,20170831,210024000,3809.0,7654,304662,291567620.0,3809.0,11,3807.0,15
rb1805,20170901,20170831,210024500,3804.0,7734,304630,294612480.0,3806.0,1,3804.0,1
rb1805,20170901,20170831,210025000,3805.0,7806,304594,297352340.0,3805.0,8,3804.0,18
rb1805,20170901,20170831,210025500,3805.0,7852,304576,299102780.0,3807.0,3,3805.0,39
rb1805,20170901,20170831,210026000,3805.0,7868,304576,299711820.0,3808.0,19,3807.0,3
rb1805,20170901,20170831,210026500,3807.0,7896,304566,300777800.0,3807.0,4,3805.0,26
rb1805,20170901,20170831,210027000,3807.0,7900,304566,300930080.0,3807.0,2,3806.0,8
rb1805,20170901,20170831,210027500,3805.0,7938,304556,302376420.0,3808.0,14,3805.0,26
rb1805,20170901,20170831,210028000,3808.0,8092,304580,308239560.0,3809.0,11,3808.0,326
rb1805,20170901,20170831,210028500,3809.0,8636,304872,328955640.0,3809.0,6,3808.0,4
rb1805,20170901,20170831,210029000,3808.0,8650,304874,329488780.0,3809.0,11,3808.0,9
rb1805,20170901,20170831,210029500,3807.0,8696,304872,331240660.0,3810.0,30,3807.0,16
rb1805,20170901,20170831,210030000,3805.0,8860,304804,337481360.0,3805.0,15,3803.0,5
rb1805,20170901,20170831,210030500,3807.0,8896,304780,338851220.0,3807.0,1,3805.0,14
rb1805,20170901,20170831,210031000,3808.0,8966,304844,341516800.0,3809.0,21,3808.0,16
rb1805,20170901,20170831,210031500,3808.0,9014,304868,343344500.0,3808.0,2,3807.0,12
rb1805,20170901,20170831,210032000,3805.0,9064,304868,345247720.0,3807.0,1,3805.0,25
rb1805,20170901,20170831,210032500,3808.0,9138,304848,348063920.0,3807.0,7,3806.0,1
rb1805,20170901,20170831,210033000,3806.0,9180,304846,349662220.0,3806.0,48,3804.0,21
rb1805,20170901,20170831,210033500,3807.0,9290,304860,353848960.0,3807.0,5,3806.0,5
rb1805,20170901,20170831,210034000,3806.0,9298,304860,354153460.0,3807.0,8,3805.0,8
rb1805,20170901,20170831,210034500,3804.0,9338,304850,355675700.0,3807.0,4,3805.0,1
rb1805,20170901,20170831,210035000,3807.0,9366,304854,356741620.0,3807.0,8,3806.0,2
rb1805,20170901,20170831,210035500,3807.0,9384,304856,357426680.0,3807.0,7,3805.0,15
rb1805,20170901,20170831,210036000,3807.0,9406,304844,358264020.0,3807.0,4,3805.0,23
rb1805,20170901,20170831,210036500,3807.0,9416,304850,358644720.0,3808.0,84,3807.0,1
rb1805,20170901,20170831,210037000,3806.0,9420,304850,358796980.0,3808.0,81,3806.0,36
rb1805,20170901,20170831,210037500,3807.0,9458,304850,360243600.0,3807.0,10,3806.0,34
rb1805,20170901,20170831,210038000,3807.0,9520,304842,362603420.0,3807.0,6,3806.0,10
rb1805,20170901,20170831,210038500,3806.0,9570,304840,364506680.0,3806.0,2,3805.0,18
rb1805,20170901,20170831,210039000,3807.0,9578,304836,364811180.0,3808.0,82,3806.0,17
rb1805,20170901,20170831,210039500,3808.0,9592,304838,365344080.0,3808.0,81,3806.0,18
rb1805,20170901,20170831,210040000,3808.0,9644,304826,367323400.0,3808.0,92,3805.0,18
rb1805,20170901,20170831,210040500,3807.0,9680,304828,368693740.0,3807.0,2,3805.0,21
rb1805,20170901,20170831,210041000,3806.0,9682,304828,368769860.0,3807.0,2,3806.0,26
rb1805,20170901,20170831,210041500,3807.0,9688,304824,368998260.0,3808.0,84,3806.0,26
rb1805,20170901,20170831,210042000,3807.0,9700,304822,369455120.0,3808.0,80,3807.0,41
rb1805,20170901,20170831,210042500,3807.0,9710,304812,369835820.0,3808.0,80,3807.0,36
rb1805,20170901,20170831,210043000,3807.0,9836,304738,374633120.0,3808.0,56,3807.0,9
rb1805,20170901,20170831,210043500,3808.0,9858,304756,375470760.0,3808.0,78,3807.0,4
rb1805,20170901,20170831,210044000,3807.0,9894,304736,376841260.0,3808.0,78,3807.0,2
rb1805,20170901,20170831,210044500,3807.0,9912,304746,377526620.0,3808.0,73,3807.0,2
rb1805,20170901,20170831,210045000,3808.0,9928,304752,378135880.0,3808.0,67,3807.0,10
rb1805,20170901,20170831,210045500,3808.0,9946,304760,378821200.0,3808.0,55,3807.0,21
rb1805,20170901,20170831,210046000,3808.0,10062,304816,383238480.0,3808.0,8,3807.0,43
rb1805,20170901,20170831,210046500,3808.0,10110,304820,385066320.0,3809.0,17,3808.0,37
rb1805,20170901,20170831,210047000,3808.0,10126,304824,385675620.0,3809.0,16,3808.0,19
rb1805,20170901,20170831,210047500,3808.0,10138,304826,386132660.0,3809.0,13,3808.0,18
rb1805,20170901,20170831,210048000,3808.0,10146,304830,386437300.0,3809.0,13,3808.0,15
rb1805,20170901,20170831,210048500,3808.0,10146,304830,386437300.0,3809.0,28,3808.0,18
rb1805,20170901,20170831,210049000,3809.0,10190,304832,388112980.0,3809.0,26,3808.0,3
rb1805,20170901,20170831,210049500,3809.0,10194,304832,388265340.0,3809.0,24,3808.0,5
rb1805,20170901,20170831,210050000,3808.0,10218,304824,389179260.0,3808.0,4,3807.0,51
rb1805,20170901,20170831,210050500,3808.0,10244,304824,390169260.0,3809.0,4,3807.0,62
rb1805,20170901,20170831,210051000,3808.0,10278,304824,391464040.0,3808.0,3,3807.0,43
rb1805,20170901,20170831,210051500,3808.0,10378,304768,395271180.0,3808.0,3,3807.0,3
rb1805,20170901,20170831,210052000,3808.0,10384,304762,395499620.0,3808.0,9,3807.0,1
rb1805,20170901,20170831,210052500,3808.0,10414,304750,396641760.0,3807.0,2,3806.0,35
rb1805,20170901,20170831,210053000,3808.0,10444,304738,397784020.0,3809.0,11,3807.0,16
rb1805,20170901,20170831,210053500,3808.0,10444,304738,397784020.0,3809.0,13,3807.0,17
rb1805,20170901,20170831,210054000,3808.0,10444,304738,397784020.0,3809.0,14,3808.0,33
rb1805,20170901,20170831,210054500,3809.0,10478,304726,399078800.0,3809.0,11,3808.0,20
rb1805,20170901,20170831,210055000,3808.0,10502,304722,399992720.0,3809.0,25,3808.0,18
rb1805,20170901,20170831,210055500,3808.0,10506,304720,400145040.0,3809.0,22,3808.0,16
rb1805,20170901,20170831,210056000,3807.0,10574,304720,402734120.0,3807.0,2,3806.0,32
rb1805,20170901,20170831,210056500,3807.0,10580,304724,402962540.0,3808.0,30,3807.0,9
rb1805,20170901,20170831,210057000,3808.0,10602,304726,403800100.0,3808.0,26,3807.0,2
rb1805,20170901,20170831,210057500,3807.0,10614,304726,404256940.0,3807.0,6,3806.0,42
rb1805,20170901,20170831,210058000,3807.0,10630,304722,404866060.0,3807.0,51,3806.0,43
rb1805,20170901,20170831,210058500,3807.0,10638,304720,405170620.0,3807.0,2,3806.0,44
rb1805,20170901,20170831,210059000,3805.0,10740,304668,409052600.0,3807.0,1,3805.0,31
rb1805,20170901,20170831,210059500,3805.0,10766,304656,410042080.0,3806.0,28,3805.0,27
rb1805,20170901,20170831,210100000,3806.0,10816,304654,411944880.0,3806.0,13,3805.0,17
rb1805,20170901,20170831,210100500,3806.0,10904,304620,415294700.0,3807.0,5,3806.0,67
rb1805,20170901,20170831,210101000,3807.0,10992,304580,418645760.0,3807.0,1,3806.0,31
rb1805,20170901,20170831,210101500,3807.0,11026,304580,419940140.0,3808.0,1,3807.0,7
rb1805,20170901,20170831,210102000,3807.0,11048,304582,420777660.0,3807.0,14,3806.0,17
rb1805,20170901,20170831,210102500,3807.0,11060,304578,421234500.0,3807.0,8,3806.0,23
rb1805,20170901,20170831,210103000,3808.0,11072,304582,421691400.0,3808.0,6,3806.0,23
rb1805,20170901,20170831,210103500,3806.0,11158,304582,424964560.0,3806.0,5,3805.0,22
rb1805,20170901,20170831,210104000,3806.0,11168,304572,425345160.0,3807.0,6,3806.0,1
rb1805,20170901,20170831,210104500,3806.0,11234,304582,427857120.0,3806.0,17,3805.0,23
rb1805,20170901,20170831,210105000,3805.0,11282,304546,429683520.0,3805.0,11,3804.0,10
rb1805,20170901,20170831,210105500,3804.0,11296,304544,430216120.0,3805.0,12,3804.0,5
rb1805,20170901,20170831,210106000,3804.0,11312,304552,430824780.0,3804.0,16,3803.0,47
rb1805,20170901,20170831,210106500,3804.0,11316,304556,430976940.0,3804.0,14,3803.0,48
rb1805,20170901,20170831,210107000,3804.0,11330,304558,431509500.0,3804.0,1,3803.0,48
rb1805,20170901,20170831,210107500,3805.0,11344,304560,432042060.0,3805.0,42,3803.0,47
rb1805,20170901,20170831,210108000,3803.0,11350,304560,432270240.0,3805.0,49,3803.0,24
rb1805,20170901,20170831,210108500,3802.0,11432,304560,435388720.0,3804.0,4,3802.0,53
rb1805,20170901,20170831,210109000,3806.0,11680,304722,444825480.0,3807.0,37,3806.0,30
rb1805,20170901,20170831,210109500,3804.0,11846,304730,451140020.0,3804.0,28,3803.0,15
rb1805,20170901,20170831,210110000,3803.0,11884,304728,452585180.0,3803.0,1,3802.0,41
rb1805,20170901,20170831,210110500,3803.0,11892,304724,452889380.0,3804.0,21,3803.0,2
rb1805,20170901,20170831,210111000,3803.0,11908,304728,453497940.0,3805.0,30,3803.0,45
rb1805,20170901,20170831,210111500,3803.0,11918,304738,453878320.0,3805.0,38,3803.0,44
rb1805,20170901,20170831,210112000,3803.0,11920,304740,453954380.0,3805.0,51,3804.0,10
rb1805,20170901,20170831,210112500,3803.0,11966,304766,455703760.0,3805.0,51,3803.0,41
rb1805,20170901,20170831,210113000,3804.0,12018,304732,457681360.0,3804.0,16,3803.0,12
rb1805,20170901,20170831,210113500,3804.0,12052,304716,458974720.0,3805.0,53,3804.0,6
rb1805,20170901,20170831,210114000,3804.0,12072,304724,459735540.0,3805.0,37,3804.0,42
rb1805,20170901,20170831,210114500,3805.0,12166,304682,463312240.0,3806.0,50,3805.0,135
rb1805,20170901,20170831,210115000,3806.0,12280,304676,467651080.0,3807.0,41,3806.0,68
rb1805,20170901,20170831,210115500,3806.0,12300,304662,468412280.0,3807.0,18,3806.0,59
rb1805,20170901,20170831,210116000,3806.0,12384,304622,471610100.0,3808.0,35,3806.0,59
rb1805,20170901,20170831,210116500,3808.0,12392,304618,471914720.0,3808.0,39,3806.0,59
rb1805,20170901,20170831,210117000,3806.0,12398,304616,472143080.0,3807.0,6,3806.0,56
rb1805,20170901,20170831,210117500,3807.0,12430,304584,473361320.0,3808.0,33,3807.0,29
rb1805,20170901,20170831,210118000,3808.0,12478,304574,475189040.0,3808.0,16,3807.0,40
rb1805,20170901,20170831,210118500,3808.0,12512,304580,476483760.0,3809.0,48,3808.0,1
rb1805,20170901,20170831,210119000,3808.0,12512,304580,476483760.0,3809.0,28,3808.0,45
rb1805,20170901,20170831,210119500,3808.0,12584,304584,479226100.0,3810.0,49,3809.0,3
rb1805,20170901,20170831,210120000,3808.0,12586,304586,479302260.0,3810.0,49,3809.0,15
rb1805,20170901,20170831,210120500,3809.0,12606,304578,480064060.0,3810.0,49,3809.0,3
rb1805,20170901,20170831,210121000,3810.0,12626,304566,480826060.0,3810.0,39,3809.0,74
rb1805,20170901,20170831,210121500,3811.0,12716,304588,484255160.0,3811.0,29,3810.0,68
rb1805,20170901,20170831,210122000,3811.0,12716,304588,484255160.0,3811.0,9,3810.0,54
rb1805,20170901,20170831,210122500,3811.0,12730,304584,484788700.0,3811.0,5,3810.0,58
rb1805,20170901,20170831,210123000,3811.0,12760,304594,485932100.0,3812.0,38,3811.0,12
rb1805,20170901,20170831,210123500,3810.0,12794,304586,487227740.0,3811.0,115,3810.0,54
rb1805,20170901,20170831,210124000,3811.0,12810,304582,487837380.0,3811.0,81,3810.0,48
rb1805,20170901,20170831,210124500,3810.0,12814,304582,487989800.0,3811.0,63,3810.0,48
rb1805,20170901,20170831,210125000,3811.0,12824,304580,488370840.0,3811.0,62,3810.0,44
rb1805,20170901,20170831,210125500,3811.0,12828,304584,488523280.0,3811.0,61,3810.0,44
rb1805,20170901,20170831,210126000,3810.0,12936,304480,492638080.0,3810.0,1,3809.0,97
rb1805,20170901,20170831,210126500,3809.0,12948,304472,493095180.0,3810.0,8,3809.0,69
rb1805,20170901,20170831,210127000,3809.0,12958,304472,493476080.0,3810.0,11,3809.0,64
rb1805,20170901,20170831,210127500,3810.0,12966,304474,493780820.0,3810.0,26,3809.0,61
rb1805,20170901,20170831,210128000,3809.0,12968,304476,493857000.0,3810.0,23,3809.0,61
rb1805,20170901,20170831,210128500,3810.0,12974,304476,494085600.0,3810.0,31,3809.0,61
rb1805,20170901,20170831,210129000,3810.0,12994,304470,494847580.0,3810.0,22,3809.0,61
rb1805,20170901,20170831,210129500,3810.0,12996,304468,494923780.0,3810.0,39,3809.0,61
rb1805,20170901,20170831,210130000,3810.0,13008,304464,495380960.0,3810.0,35,3809.0,60
rb1805,20170901,20170831,210130500,3810.0,13016,304464,495685740.0,3810.0,37,3809.0,59
rb1805,20170901,20170831,210131000,3809.0,13020,304468,495838120.0,3810.0,41,3809.0,58
rb1805,20170901,20170831,210131500,3809.0,13038,304474,496523860.0,3810.0,36,3809.0,56
rb1805,20170901,20170831,210132000,3809.0,13066,304484,497590380.0,3810.0,37,3809.0,42
rb1805,20170901,20170831,210132500,3809.0,13156,304494,501018700.0,3810.0,26,3809.0,8
rb1805,20170901,20170831,210133000,3809.0,13182,304514,502009040.0,3809.0,54,3808.0,9
rb1805,20170901,20170831,210133500,3808.0,13198,304518,502618320.0,3808.0,13,3807.0,45
rb1805,20170901,20170831,210134000,3808.0,13204,304518,502846800.0,3808.0,18,3807.0,35
rb1805,20170901,20170831,210134500,3807.0,13274,304542,505511700.0,3807.0,4,3806.0,25
rb1805,20170901,20170831,210135000,3808.0,13324,304528,507415340.0,3808.0,17,3806.0,20
rb1805,20170901,20170831,210135500,3808.0,13328,304526,507567660.0,3807.0,2,3806.0,18
rb1805,20170901,20170831,210136000,3806.0,13340,304522,508024380.0,3807.0,9,3806.0,24
rb1805,20170901,20170831,210136500,3807.0,13342,304522,508100520.0,3807.0,33,3806.0,24
rb1805,20170901,20170831,210137000,3806.0,13390,304520,509927400.0,3806.0,27,3805.0,43
rb1805,20170901,20170831,210137500,3806.0,13500,304480,514114460.0,3807.0,11,3806.0,29
rb1805,20170901,20170831,210138000,3806.0,13502,304480,514190580.0,3807.0,11,3806.0,8
rb1805,20170901,20170831,210138500,3807.0,13508,304482,514419000.0,3807.0,16,3806.0,9
rb1805,20170901,20170831,210139000,3807.0,13510,304484,514495140.0,3807.0,16,3806.0,9
rb1805,20170901,20170831,210139500,3806.0,13522,304484,514951860.0,3806.0,6,3805.0,47
rb1805,20170901,20170831,210140000,3806.0,13522,304484,514951860.0,3806.0,26,3805.0,46
rb1805,20170901,20170831,210140500,3806.0,13522,304484,514951860.0,3806.0,26,3805.0,46
rb1805,20170901,20170831,210141000,3806.0,13540,304492,515636940.0,3806.0,17,3805.0,46
rb1805,20170901,20170831,210141500,3805.0,13544,304492,515789140.0,3806.0,21,3805.0,45
rb1805,20170901,20170831,210142000,3805.0,13560,304494,516398040.0,3806.0,46,3805.0,42
rb1805,20170901,20170831,210142500,3806.0,13564,304494,516550260.0,3806.0,50,3805.0,15
rb1805,20170901,20170831,210143000,3805.0,13628,304492,518985500.0,3806.0,49,3805.0,3
rb1805,20170901,20170831,210143500,3805.0,13642,304494,519518180.0,3805.0,31,3804.0,43
rb1805,20170901,20170831,210144000,3805.0,13670,304494,520583340.0,3805.0,14,3804.0,22
rb1805,20170901,20170831,210144500,3806.0,13714,304472,522257480.0,3806.0,49,3804.0,18
rb1805,20170901,20170831,210145000,3806.0,13720,304472,522485800.0,3806.0,48,3804.0,26
rb1805,20170901,20170831,210145500,3804.0,13758,304480,523931460.0,3805.0,9,3804.0,20
rb1805,20170901,20170831,210146000,3804.0,13786,304474,524996740.0,3805.0,6,3804.0,8
rb1805,20170901,20170831,210146500,3805.0,13788,304474,525072840.0,3805.0,5,3804.0,9
rb1805,20170901,20170831,210147000,3805.0,13806,304484,525757580.0,3805.0,8,3804.0,15
rb1805,20170901,20170831,210147500,3804.0,13824,304468,526442380.0,3806.0,50,3804.0,17
rb1805,20170901,20170831,210148000,3804.0,13824,304468,526442380.0,3805.0,9,3804.0,20
rb1805,20170901,20170831,210148500,3805.0,13848,304448,527355380.0,3805.0,4,3804.0,10
rb1805,20170901,20170831,210149000,3804.0,13856,304442,527659760.0,3805.0,6,3804.0,12
rb1805,20170901,20170831,210149500,3804.0,13878,304430,528496640.0,3804.0,2,3803.0,85
rb1805,20170901,20170831,210150000,3804.0,13882,304430,528648800.0,3805.0,16,3804.0,21
rb1805,20170901,20170831,210150500,3804.0,13886,304434,528800960.0,3805.0,18,3804.0,15
rb1805,20170901,20170831,210151000,3804.0,13904,304440,529485700.0,3805.0,17,3804.0,8
rb1805,20170901,20170831,210151500,3805.0,13908,304444,529637880.0,3805.0,20,3804.0,8
rb1805,20170901,20170831,210152000,3805.0,13912,304446,529790060.0,3805.0,20,3804.0,17
rb1805,20170901,20170831,210152500,3804.0,13948,304452,531159500.0,3804.0,21,3803.0,82
rb1805,20170901,20170831,210153000,3804.0,13952,304452,531311660.0,3804.0,5,3803.0,72
rb1805,20170901,20170831,210153500,3804.0,13970,304462,531996380.0,3805.0,19,3804.0,20
rb1805,20170901,20170831,210154000,3804.0,14026,304482,534126620.0,3804.0,21,3803.0,72
rb1805,20170901,20170831,210154500,3803.0,14034,304484,534430920.0,3805.0,21,3803.0,71
rb1805,20170901,20170831,210155000,3804.0,14038,304486,534583100.0,3805.0,22,3804.0,9
rb1805,20170901,20170831,210155500,3803.0,14076,304460,536028520.0,3804.0,3,3803.0,66
rb1805,20170901,20170831,210156000,3802.0,14212,304544,541200600.0,3804.0,120,3802.0,40
rb1805,20170901,20170831,210156500,3804.0,14252,304532,542721740.0,3804.0,118,3802.0,33
rb1805,20170901,20170831,210157000,3804.0,14262,304532,543102060.0,3804.0,125,3803.0,17
rb1805,20170901,20170831,210157500,3803.0,14302,304532,544623240.0,3803.0,36,3802.0,32
rb1805,20170901,20170831,210158000,3802.0,14314,304526,545079540.0,3803.0,55,3802.0,29
rb1805,20170901,20170831,210158500,3802.0,14454,304500,550401800.0,3802.0,66,3801.0,140
rb1805,20170901,20170831,210159000,3801.0,14624,304456,556864740.0,3802.0,20,3801.0,115
rb1805,20170901,20170831,210159500,3802.0,15004,304454,571313560.0,3804.0,7,3802.0,29
rb1805,20170901,20170831,210200000,3802.0,15300,304316,582565160.0,3802.0,4,3801.0,2
rb1805,20170901,20170831,210200500,3803.0,15374,304338,585379080.0,3803.0,6,3802.0,34
rb1805,20170901,20170831,210201000,3802.0,15390,304338,585987440.0,3804.0,10,3802.0,31
rb1805,20170901,20170831,210201500,3802.0,15498,304250,590093160.0,3802.0,64,3801.0,33
rb1805,20170901,20170831,210202000,3802.0,15738,304094,599218880.0,3803.0,10,3802.0,15
rb1805,20170901,20170831,210202500,3802.0,15786,304106,601044160.0,3804.0,4,3802.0,20
rb1805,20170901,20170831,210203000,3802.0,15814,304088,602108880.0,3804.0,18,3802.0,23
rb1805,20170901,20170831,210203500,3802.0,15864,304066,604009860.0,3802.0,63,3801.0,28
rb1805,20170901,20170831,210204000,3801.0,15920,304084,606138420.0,3801.0,25,3800.0,191
rb1805,20170901,20170831,210204500,3801.0,15956,304078,607506880.0,3802.0,32,3801.0,30
rb1805,20170901,20170831,210205000,3801.0,16046,304116,610927980.0,3802.0,18,3801.0,37
rb1805,20170901,20170831,210205500,3803.0,16094,304124,612752980.0,3803.0,28,3801.0,35
rb1805,20170901,20170831,210206000,3801.0,16132,304114,614197240.0,3802.0,4,3801.0,36
rb1805,20170901,20170831,210206500,3801.0,16174,304072,615793660.0,3802.0,4,3801.0,17
rb1805,20170901,20170831,210207000,3802.0,16200,304078,616782180.0,3803.0,21,3802.0,20
rb1805,20170901,20170831,210207500,3802.0,16206,304074,617010300.0,3803.0,31,3802.0,23
rb1805,20170901,20170831,210208000,3802.0,16212,304074,617238420.0,3803.0,31,3802.0,20
rb1805,20170901,20170831,210208500,3802.0,16230,304070,617922800.0,3803.0,30,3802.0,18
rb1805,20170901,20170831,210209000,3803.0,16238,304066,618227040.0,3803.0,26,3802.0,24
rb1805,20170901,20170831,210209500,3803.0,16290,304068,620204600.0,3804.0,22,3802.0,46
rb1805,20170901,20170831,210210000,3803.0,16296,304074,620432780.0,3804.0,6,3803.0,3
rb1805,20170901,20170831,210210500,3803.0,16296,304074,620432780.0,3804.0,11,3803.0,4
rb1805,20170901,20170831,210211000,3803.0,16312,304074,621041260.0,3804.0,17,3803.0,22
rb1805,20170901,20170831,210211500,3804.0,16316,304078,621193400.0,3804.0,7,3803.0,26
rb1805,20170901,20170831,210212000,3804.0,16338,304072,622030260.0,3805.0,45,3804.0,4
rb1805,20170901,20170831,210212500,3804.0,16364,304080,623019140.0,3804.0,38,3803.0,26
rb1805,20170901,20170831,210213000,3803.0,16422,304054,625224880.0,3803.0,10,3802.0,32
rb1805,20170901,20170831,210213500,3803.0,16424,304054,625300940.0,3804.0,32,3802.0,34
rb1805,20170901,20170831,210214000,3804.0,16426,304054,625377020.0,3804.0,33,3802.0,33
rb1805,20170901,20170831,210214500,3804.0,16426,304054,625377020.0,3804.0,76,3802.0,34
rb1805,20170901,20170831,210215000,3804.0,16430,304050,625529180.0,3803.0,1,3802.0,34
rb1805,20170901,20170831,210215500,3803.0,16436,304050,625757360.0,3804.0,66,3803.0,12
rb1805,20170901,20170831,210216000,3802.0,16468,304076,626974260.0,3803.0,36,3802.0,33
rb1805,20170901,20170831,210216500,3803.0,16474,304078,627202440.0,3803.0,33,3802.0,34
rb1805,20170901,20170831,210217000,3803.0,16476,304080,627278500.0,3803.0,46,3802.0,35
rb1805,20170901,20170831,210217500,3802.0,16522,304072,629027660.0,3803.0,14,3802.0,24
rb1805,20170901,20170831,210218000,3803.0,16530,304074,629331900.0,3803.0,9,3802.0,33
rb1805,20170901,20170831,210218500,3803.0,16552,304080,630168520.0,3804.0,60,3803.0,18
rb1805,20170901,20170831,210219000,3803.0,16590,304042,631613660.0,3803.0,5,3802.0,31
rb1805,20170901,20170831,210219500,3802.0,16650,304080,633895260.0,3803.0,40,3802.0,20
rb1805,20170901,20170831,210220000,3803.0,16696,304062,635644640.0,3803.0,11,3802.0,22
rb1805,20170901,20170831,210220500,3803.0,16706,304064,636024940.0,3803.0,7,3802.0,22
rb1805,20170901,20170831,210221000,3802.0,16736,304062,637165760.0,3804.0,51,3802.0,18
rb1805,20170901,20170831,210221500,3804.0,16884,303978,642795060.0,3805.0,60,3804.0,27
rb1805,20170901,20170831,210222000,3802.0,16940,303968,644925260.0,3803.0,10,3802.0,38
rb1805,20170901,20170831,210222500,3802.0,16954,303968,645457580.0,3803.0,8,3802.0,29
rb1805,20170901,20170831,210223000,3803.0,16962,303968,645761780.0,3803.0,8,3802.0,33
rb1805,20170901,20170831,210223500,3803.0,16980,303954,646446320.0,3804.0,5,3803.0,48
rb1805,20170901,20170831,210224000,3803.0,16982,303956,646522380.0,3804.0,6,3803.0,48
rb1805,20170901,20170831,210224500,3803.0,16982,303956,646522380.0,3804.0,6,3803.0,49
rb1805,20170901,20170831,210225000,3803.0,16992,303966,646902680.0,3804.0,16,3803.0,45
rb1805,20170901,20170831,210225500,3804.0,17004,303972,647359160.0,3804.0,10,3803.0,47
rb1805,20170901,20170831,210226000,3804.0,17004,303972,647359160.0,3804.0,25,3803.0,53
rb1805,20170901,20170831,210226500,3803.0,17010,303972,647587340.0,3804.0,25,3803.0,60
rb1805,20170901,20170831,210227000,3804.0,17040,303982,648728540.0,3804.0,10,3803.0,60
rb1805,20170901,20170831,210227500,3805.0,17066,304004,649717600.0,3805.0,57,3804.0,9
rb1805,20170901,20170831,210228000,3805.0,17078,304000,650174180.0,3805.0,21,3804.0,40
rb1805,20170901,20170831,210228500,3804.0,17106,303990,651239520.0,3805.0,10,3804.0,53
rb1805,20170901,20170831,210229000,3805.0,17166,303966,653522520.0,3806.0,49,3805.0,63
rb1805,20170901,20170831,210229500,3805.0,17206,303930,655044520.0,3806.0,53,3805.0,10
rb1805,20170901,20170831,210230000,3805.0,17206,303930,655044520.0,3806.0,53,3805.0,10
rb1805,20170901,20170831,210230500,3805.0,17208,303928,655120620.0,3806.0,48,3805.0,13
rb1805,20170901,20170831,210231000,3805.0,17218,303918,655501120.0,3806.0,48,3805.0,18
rb1805,20170901,20170831,210231500,3805.0,17220,303916,655577220.0,3806.0,51,3805.0,18
rb1805,20170901,20170831,210232000,3805.0,17230,303918,655957780.0,3806.0,48,3805.0,24
rb1805,20170901,20170831,210232500,3806.0,17232,303918,656033900.0,3806.0,47,3805.0,28
rb1805,20170901,20170831,210233000,3806.0,17246,303910,656566640.0,3806.0,46,3805.0,23
rb1805,20170901,20170831,210233500,3806.0,17328,303922,659687560.0,3806.0,5,3805.0,43
rb1805,20170901,20170831,210234000,3806.0,17352,303914,660601000.0,3807.0,18,3806.0,46
rb1805,20170901,20170831,210234500,3806.0,17352,303914,660601000.0,3807.0,20,3806.0,27
rb1805,20170901,20170831,210235000,3806.0,17356,303910,660753240.0,3807.0,20,3806.0,23
rb1805,20170901,20170831,210235500,3806.0,17358,303908,660829360.0,3807.0,22,3806.0,34
rb1805,20170901,20170831,210236000,3806.0,17360,303906,660905480.0,3807.0,24,3806.0,33
rb1805,20170901,20170831,210236500,3807.0,17388,303900,661971420.0,3807.0,11,3806.0,32
rb1805,20170901,20170831,210237000,3807.0,17394,303896,662199820.0,3807.0,11,3806.0,31
rb1805,20170901,20170831,210237500,3807.0,17412,303894,662884980.0,3807.0,8,3806.0,29
rb1805,20170901,20170831,210238000,3807.0,17430,303894,663570240.0,3808.0,22,3807.0,16
rb1805,20170901,20170831,210238500,3807.0,17436,303898,663798680.0,3808.0,19,3807.0,9
rb1805,20170901,20170831,210239000,3808.0,17474,303902,665245720.0,3808.0,5,3807.0,24
rb1805,20170901,20170831,210239500,3807.0,17510,303896,666616480.0,3809.0,28,3807.0,46
rb1805,20170901,20170831,210240000,3807.0,17510,303896,666616480.0,3809.0,28,3808.0,5
rb1805,20170901,20170831,210240500,3807.0,17510,303896,666616480.0,3809.0,28,3808.0,29
rb1805,20170901,20170831,210241000,3807.0,17510,303896,666616480.0,3809.0,28,3808.0,33
rb1805,20170901,20170831,210241500,3808.0,17586,303864,669510560.0,3809.0,51,3807.0,44
rb1805,20170901,20170831,210242000,3809.0,17590,303860,669662920.0,3809.0,59,3808.0,1
rb1805,20170901,20170831,210242500,3808.0,17594,303858,669815240.0,3809.0,52,3807.0,52
rb1805,20170901,20170831,210243000,3807.0,17614,303848,670576860.0,3809.0,59,3807.0,56
rb1805,20170901,20170831,210243500,3808.0,17624,303844,670957740.0,3809.0,47,3808.0,3
rb1805,20170901,20170831,210244000,3809.0,17640,303854,671567140.0,3809.0,42,3808.0,17
rb1805,20170901,20170831,210244500,3809.0,17664,303850,672481180.0,3809.0,36,3808.0,23
rb1805,20170901,20170831,210245000,3809.0,17676,303848,672938260.0,3809.0,30,3808.0,25
rb1805,20170901,20170831,210245500,3808.0,17698,303848,673776040.0,3809.0,31,3808.0,16
rb1805,20170901,20170831,210246000,3808.0,17700,303846,673852200.0,3809.0,32,3808.0,10
rb1805,20170901,20170831,210246500,3809.0,17770,303822,676518440.0,3810.0,120,3809.0,1
rb1805,20170901,20170831,210247000,3810.0,17800,303822,677661280.0,3810.0,113,3809.0,5
rb1805,20170901,20170831,210247500,3810.0,17810,303820,678042260.0,3810.0,109,3809.0,12
rb1805,20170901,20170831,210248000,3809.0,17858,303818,679870980.0,3810.0,89,3809.0,8
rb1805,20170901,20170831,210248500,3810.0,18038,303810,686728980.0,3811.0,76,3810.0,49
rb1805,20170901,20170831,210249000,3811.0,18246,303866,694656340.0,3812.0,3,3811.0,70
rb1805,20170901,20170831,210249500,3813.0,18288,303870,696257260.0,3813.0,48,3812.0,9
rb1805,20170901,20170831,210250000,3812.0,18354,303866,698773180.0,3812.0,5,3811.0,3
rb1805,20170901,20170831,210250500,3809.0,18504,303964,704487700.0,3809.0,33,3808.0,33
rb1805,20170901,20170831,210251000,3811.0,18578,304020,707306520.0,3811.0,3,3809.0,98
rb1805,20170901,20170831,210251500,3812.0,18592,304026,707840100.0,3812.0,35,3811.0,3
rb1805,20170901,20170831,210252000,3812.0,18620,304044,708907360.0,3812.0,28,3811.0,2
rb1805,20170901,20170831,210252500,3811.0,18624,304046,709059800.0,3811.0,11,3810.0,19
rb1805,20170901,20170831,210253000,3811.0,18666,304066,710660400.0,3812.0,36,3811.0,20
rb1805,20170901,20170831,210253500,3811.0,18684,304060,711346440.0,3812.0,29,3811.0,20
rb1805,20170901,20170831,210254000,3811.0,18736,304074,713328360.0,3812.0,19,3811.0,5
rb1805,20170901,20170831,210254500,3812.0,18746,304084,713709560.0,3812.0,21,3811.0,6
rb1805,20170901,20170831,210255000,3812.0,18758,304090,714166920.0,3812.0,20,3811.0,2
rb1805,20170901,20170831,210255500,3812.0,18758,304090,714166920.0,3812.0,26,3811.0,2
rb1805,20170901,20170831,210256000,3811.0,18788,304090,715310220.0,3811.0,28,3810.0,23
rb1805,20170901,20170831,210256500,3811.0,18794,304086,715538880.0,3811.0,37,3810.0,15
rb1805,20170901,20170831,210257000,3810.0,18826,304084,716758080.0,3810.0,39,3809.0,33
rb1805,20170901,20170831,210257500,3810.0,18864,304052,718205860.0,3810.0,22,3809.0,34
rb1805,20170901,20170831,210258000,3810.0,18870,304052,718434420.0,3810.0,38,3809.0,40
rb1805,20170901,20170831,210258500,3810.0,18896,304034,719425000.0,3810.0,32,3809.0,39
rb1805,20170901,20170831,210259000,3810.0,18922,304034,720415560.0,3810.0,25,3809.0,37
rb1805,20170901,20170831,210259500,3809.0,18956,304038,721710920.0,3810.0,16,3809.0,47
rb1805,20170901,20170831,210300000,3810.0,18970,304048,722244260.0,3810.0,6,3809.0,44
rb1805,20170901,20170831,210300500,3810.0,19066,304068,725900980.0,3810.0,14,3808.0,42
rb1805,20170901,20170831,210301000,3810.0,19118,304048,727882180.0,3810.0,31,3808.0,18
rb1805,20170901,20170831,210301500,3810.0,19130,304048,728339360.0,3810.0,29,3808.0,18
rb1805,20170901,20170831,210302000,3810.0,19142,304042,728796440.0,3810.0,27,3808.0,15
rb1805,20170901,20170831,210302500,3808.0,19150,304038,729101120.0,3809.0,15,3808.0,12
rb1805,20170901,20170831,210303000,3809.0,19170,304052,729862740.0,3809.0,24,3808.0,3
rb1805,20170901,20170831,210303500,3808.0,19182,304056,730319700.0,3808.0,6,3807.0,61
rb1805,20170901,20170831,210304000,3808.0,19200,304062,731005100.0,3808.0,3,3807.0,60
rb1805,20170901,20170831,210304500,3807.0,19204,304064,731157400.0,3808.0,8,3807.0,57
rb1805,20170901,20170831,210305000,3808.0,19212,304064,731462000.0,3808.0,14,3807.0,53
rb1805,20170901,20170831,210305500,3808.0,19218,304068,731690460.0,3808.0,13,3807.0,52
rb1805,20170901,20170831,210306000,3807.0,19220,304070,731766600.0,3808.0,13,3807.0,51
rb1805,20170901,20170831,210306500,3807.0,19228,304070,732071160.0,3808.0,16,3807.0,33
rb1805,20170901,20170831,210307000,3807.0,19296,304072,734659920.0,3807.0,6,3806.0,83
rb1805,20170901,20170831,210307500,3807.0,19296,304072,734659920.0,3807.0,11,3806.0,77
rb1805,20170901,20170831,210308000,3806.0,19316,304072,735421120.0,3807.0,14,3806.0,66
rb1805,20170901,20170831,210308500,3806.0,19318,304070,735497240.0,3807.0,9,3806.0,65
rb1805,20170901,20170831,210309000,3807.0,19334,304066,736106320.0,3808.0,40,3807.0,4
rb1805,20170901,20170831,210309500,3807.0,19360,304044,737096000.0,3807.0,57,3806.0,56
rb1805,20170901,20170831,210310000,3807.0,19364,304044,737248280.0,3807.0,51,3806.0,65
rb1805,20170901,20170831,210310500,3807.0,19364,304044,737248280.0,3807.0,47,3806.0,66
rb1805,20170901,20170831,210311000,3806.0,19422,304074,739456320.0,3807.0,21,3806.0,65
rb1805,20170901,20170831,210311500,3806.0,19554,304050,744480240.0,3806.0,434,3805.0,41
rb1805,20170901,20170831,210312000,3806.0,19776,303966,752929440.0,3806.0,329,3805.0,36
rb1805,20170901,20170831,210312500,3805.0,19834,303988,755136680.0,3806.0,324,3805.0,24
rb1805,20170901,20170831,210313000,3805.0,19884,304022,757039200.0,3805.0,14,3804.0,43
rb1805,20170901,20170831,210313500,3805.0,19916,304054,758256800.0,3805.0,4,3804.0,43
rb1805,20170901,20170831,210314000,3805.0,19918,304052,758332900.0,3806.0,433,3805.0,1
rb1805,20170901,20170831,210314500,3804.0,19938,304056,759093880.0,3805.0,2,3804.0,42
rb1805,20170901,20170831,210315000,3806.0,19944,304056,759322200.0,3805.0,1,3804.0,43
rb1805,20170901,20170831,210315500,3804.0,19948,304056,759474380.0,3806.0,437,3805.0,1
rb1805,20170901,20170831,210316000,3804.0,19960,304062,759930860.0,3806.0,438,3805.0,3
rb1805,20170901,20170831,210316500,3805.0,19966,304062,760159160.0,3805.0,114,3804.0,40
rb1805,20170901,20170831,210317000,3805.0,20022,304048,762289600.0,3805.0,104,3804.0,21
rb1805,20170901,20170831,210317500,3805.0,20088,304106,764800900.0,3805.0,71,3804.0,22
rb1805,20170901,20170831,210318000,3804.0,20118,304110,765942360.0,3805.0,59,3804.0,20
rb1805,20170901,20170831,210318500,3804.0,20118,304110,765942360.0,3805.0,62,3804.0,20
rb1805,20170901,20170831,210319000,3804.0,20128,304118,766322800.0,3805.0,60,3804.0,18
rb1805,20170901,20170831,210319500,3804.0,20134,304120,766551060.0,3805.0,59,3804.0,26
rb1805,20170901,20170831,210320000,3804.0,20172,304126,767996580.0,3805.0,59,3804.0,7
rb1805,20170901,20170831,210320500,3804.0,20176,304130,768148740.0,3805.0,59,3804.0,7
rb1805,20170901,20170831,210321000,3805.0,20296,304126,772714740.0,3806.0,440,3805.0,34
rb1805,20170901,20170831,210321500,3805.0,20296,304126,772714740.0,3806.0,438,3805.0,56
rb1805,20170901,20170831,210322000,3806.0,20310,304126,773247580.0,3806.0,426,3805.0,62
rb1805,20170901,20170831,210322500,3805.0,20370,304106,775530980.0,3806.0,407,3805.0,55
rb1805,20170901,20170831,210323000,3805.0,20386,304120,776139800.0,3806.0,407,3805.0,48
rb1805,20170901,20170831,210323500,3805.0,20406,304138,776900800.0,3806.0,407,3805.0,26
rb1805,20170901,20170831,210324000,3805.0,20428,304160,777737900.0,3806.0,407,3805.0,32
rb1805,20170901,20170831,210324500,3805.0,20498,304180,780401900.0,3806.0,382,3805.0,32
rb1805,20170901,20170831,210325000,3805.0,20610,304240,784664020.0,3806.0,357,3805.0,2
rb1805,20170901,20170831,210325500,3806.0,20648,304240,786110300.0,3806.0,338,3805.0,11
rb1805,20170901,20170831,210326000,3806.0,20648,304240,786110300.0,3806.0,340,3805.0,24
rb1805,20170901,20170831,210326500,3806.0,20658,304236,786490840.0,3806.0,338,3805.0,65
rb1805,20170901,20170831,210327000,3806.0,20660,304234,786566960.0,3806.0,337,3805.0,66
rb1805,20170901,20170831,210327500,3806.0,20662,304234,786643080.0,3806.0,336,3805.0,65
rb1805,20170901,20170831,210328000,3805.0,20666,304234,786795300.0,3806.0,335,3805.0,64
rb1805,20170901,20170831,210328500,3805.0,20666,304234,786795300.0,3806.0,335,3805.0,64
rb1805,20170901,20170831,210329000,3806.0,20688,304234,787632620.0,3806.0,324,3805.0,65
rb1805,20170901,20170831,210329500,3805.0,20692,304234,787784840.0,3806.0,324,3805.0,64
rb1805,20170901,20170831,210330000,3806.0,20702,304232,788165400.0,3806.0,321,3805.0,65
rb1805,20170901,20170831,210330500,3806.0,20732,304226,789307180.0,3806.0,338,3805.0,52
rb1805,20170901,20170831,210331000,3806.0,20788,304242,791438020.0,3806.0,336,3805.0,13
rb1805,20170901,20170831,210331500,3806.0,20814,304258,792427380.0,3806.0,336,3805.0,17
rb1805,20170901,20170831,210332000,3805.0,20858,304262,794101980.0,3806.0,316,3805.0,18
rb1805,20170901,20170831,210332500,3806.0,20886,304264,795167420.0,3806.0,314,3805.0,38
rb1805,20170901,20170831,210333000,3805.0,20890,304262,795319640.0,3806.0,313,3805.0,38
rb1805,20170901,20170831,210333500,3806.0,20900,304254,795700220.0,3806.0,297,3805.0,41
rb1805,20170901,20170831,210334000,3806.0,20920,304234,796461420.0,3806.0,286,3805.0,40
rb1805,20170901,20170831,210334500,3806.0,20920,304234,796461420.0,3806.0,286,3805.0,40
rb1805,20170901,20170831,210335000,3806.0,20922,304232,796537540.0,3806.0,295,3805.0,50
rb1805,20170901,20170831,210335500,3805.0,21200,304168,807117980.0,3806.0,168,3805.0,38
rb1805,20170901,20170831,210336000,3806.0,21540,304382,820058400.0,3807.0,3,3806.0,16
rb1805,20170901,20170831,210336500,3808.0,21604,304430,822495460.0,3809.0,15,3807.0,21
rb1805,20170901,20170831,210337000,3808.0,21604,304430,822495460.0,3809.0,5,3808.0,13
rb1805,20170901,20170831,210337500,3809.0,21614,304436,822876360.0,3809.0,2,3808.0,13
rb1805,20170901,20170831,210338000,3808.0,21624,304442,823257160.0,3809.0,9,3808.0,10
rb1805,20170901,20170831,210338500,3809.0,21644,304444,824018960.0,3810.0,32,3809.0,1
rb1805,20170901,20170831,210339000,3810.0,21760,304392,828437580.0,3809.0,1,3808.0,24
rb1805,20170901,20170831,210339500,3809.0,21776,304384,829047020.0,3810.0,23,3809.0,4
rb1805,20170901,20170831,210340000,3809.0,21782,304382,829275600.0,3810.0,25,3809.0,16
rb1805,20170901,20170831,210340500,3810.0,21832,304422,831180600.0,3811.0,41,3810.0,1
rb1805,20170901,20170831,210341000,3810.0,21838,304426,831409180.0,3810.0,95,3809.0,16
rb1805,20170901,20170831,210341500,3810.0,21846,304424,831713980.0,3810.0,71,3809.0,26
rb1805,20170901,20170831,210342000,3810.0,21856,304422,832094980.0,3810.0,65,3809.0,26
rb1805,20170901,20170831,210342500,3810.0,21860,304420,832247380.0,3810.0,68,3809.0,26
rb1805,20170901,20170831,210343000,3810.0,21864,304420,832399760.0,3810.0,78,3809.0,26
rb1805,20170901,20170831,210343500,3809.0,21868,304422,832552140.0,3810.0,79,3809.0,28
rb1805,20170901,20170831,210344000,3810.0,21892,304422,833466520.0,3810.0,73,3809.0,28
rb1805,20170901,20170831,210344500,3809.0,21902,304422,833847500.0,3810.0,69,3809.0,33
rb1805,20170901,20170831,210345000,3809.0,22042,304424,839181480.0,3811.0,36,3809.0,29
rb1805,20170901,20170831,210345500,3810.0,22050,304422,839486320.0,3811.0,30,3809.0,39
rb1805,20170901,20170831,210346000,3810.0,22052,304422,839562520.0,3811.0,30,3810.0,5
rb1805,20170901,20170831,210346500,3810.0,22062,304418,839943520.0,3810.0,21,3809.0,36
rb1805,20170901,20170831,210347000,3810.0,22064,304418,840019720.0,3810.0,14,3809.0,27
rb1805,20170901,20170831,210347500,3810.0,22078,304416,840553100.0,3810.0,8,3809.0,26
rb1805,20170901,20170831,210348000,3810.0,22086,304416,840857900.0,3810.0,13,3809.0,26
rb1805,20170901,20170831,210348500,3809.0,22142,304432,842990940.0,3809.0,4,3808.0,31
rb1805,20170901,20170831,210349000,3809.0,22158,304434,843600380.0,3809.0,20,3808.0,17
rb1805,20170901,20170831,210349500,3808.0,22206,304432,845428220.0,3808.0,65,3807.0,21
rb1805,20170901,20170831,210350000,3807.0,22252,304438,847179440.0,3807.0,6,3806.0,35
rb1805,20170901,20170831,210350500,3805.0,22346,304458,850757100.0,3807.0,22,3805.0,22
rb1805,20170901,20170831,210351000,3805.0,22364,304448,851442160.0,3806.0,1,3805.0,14
rb1805,20170901,20170831,210351500,3806.0,22368,304448,851594400.0,3806.0,6,3805.0,14
rb1805,20170901,20170831,210352000,3806.0,22410,304474,853192640.0,3806.0,9,3805.0,31
rb1805,20170901,20170831,210352500,3807.0,22456,304472,854943660.0,3807.0,36,3806.0,15
rb1805,20170901,20170831,210353000,3807.0,22506,304478,856846900.0,3807.0,26,3806.0,10
rb1805,20170901,20170831,210353500,3807.0,22518,304486,857303740.0,3807.0,20,3806.0,10
rb1805,20170901,20170831,210354000,3808.0,22542,304480,858217260.0,3808.0,66,3807.0,1
rb1805,20170901,20170831,210354500,3805.0,22784,304398,867429260.0,3805.0,425,3804.0,55
rb1805,20170901,20170831,210355000,3805.0,23378,304238,890030960.0,3805.0,128,3804.0,60
rb1805,20170901,20170831,210355500,3806.0,23638,304032,899924020.0,3807.0,85,3806.0,6
rb1805,20170901,20170831,210356000,3807.0,23678,304032,901446820.0,3807.0,66,3806.0,27
rb1805,20170901,20170831,210356500,3807.0,23810,304018,906472060.0,3808.0,5,3806.0,33
rb1805,20170901,20170831,210357000,3806.0,23848,304016,907918680.0,3809.0,36,3806.0,21
rb1805,20170901,20170831,210357500,3808.0,23856,304018,908223320.0,3808.0,29,3807.0,5
rb1805,20170901,20170831,210358000,3807.0,23866,304018,908604020.0,3808.0,23,3807.0,6
rb1805,20170901,20170831,210358500,3808.0,23900,304018,909898740.0,3808.0,6,3807.0,6
rb1805,20170901,20170831,210359000,3809.0,23920,304008,910660420.0,3809.0,41,3807.0,33
rb1805,20170901,20170831,210359500,3807.0,23922,304010,910736560.0,3809.0,38,3807.0,45
rb1805,20170901,20170831,210400000,3807.0,23928,304010,910964980.0,3809.0,44,3807.0,42
rb1805,20170901,20170831,210400500,3807.0,23928,304010,910964980.0,3809.0,25,3807.0,42
rb1805,20170901,20170831,210401000,3807.0,23932,304010,911117260.0,3809.0,26,3807.0,40
rb1805,20170901,20170831,210401500,3808.0,23938,304014,911345760.0,3809.0,19,3808.0,20
rb1805,20170901,20170831,210402000,3809.0,23950,304016,911802840.0,3809.0,14,3808.0,20
rb1805,20170901,20170831,210402500,3808.0,23958,304016,912107540.0,3809.0,11,3808.0,29
rb1805,20170901,20170831,210403000,3809.0,23974,304018,912716960.0,3809.0,6,3808.0,29
rb1805,20170901,20170831,210403500,3809.0,23988,304016,913250220.0,3810.0,49,3809.0,8
rb1805,20170901,20170831,210404000,3809.0,23992,304012,913402600.0,3810.0,45,3809.0,14
rb1805,20170901,20170831,210404500,3810.0,23996,304012,913554980.0,3810.0,43,3809.0,23
rb1805,20170901,20170831,210405000,3810.0,24006,304022,913935980.0,3810.0,39,3809.0,29
rb1805,20170901,20170831,210405500,3810.0,24108,304034,917821560.0,3810.0,20,3809.0,1
rb1805,20170901,20170831,210406000,3810.0,24138,304048,918964420.0,3810.0,44,3808.0,49
rb1805,20170901,20170831,210406500,3810.0,24138,304048,918964420.0,3810.0,67,3809.0,4
rb1805,20170901,20170831,210407000,3809.0,24150,304046,919421560.0,3810.0,71,3809.0,62
rb1805,20170901,20170831,210407500,3809.0,24162,304038,919878720.0,3810.0,75,3809.0,71
rb1805,20170901,20170831,210408000,3809.0,24210,304038,921707500.0,3810.0,54,3809.0,70
rb1805,20170901,20170831,210408500,3810.0,24336,304030,926508100.0,3811.0,43,3810.0,9
rb1805,20170901,20170831,210409000,3810.0,24336,304030,926508100.0,3811.0,52,3810.0,39
rb1805,20170901,20170831,210409500,3810.0,24342,304024,926736700.0,3811.0,52,3810.0,37
rb1805,20170901,20170831,210410000,3810.0,24352,304014,927117700.0,3811.0,45,3810.0,15
rb1805,20170901,20170831,210410500,3810.0,24382,304010,928260700.0,3810.0,1,3809.0,42
rb1805,20170901,20170831,210411000,3811.0,24404,304024,929099060.0,3811.0,56,3809.0,16
rb1805,20170901,20170831,210411500,3811.0,24414,304028,929480100.0,3810.0,99,3809.0,15
rb1805,20170901,20170831,210412000,3810.0,24426,304032,929937300.0,3810.0,107,3809.0,15
rb1805,20170901,20170831,210412500,3810.0,24548,304078,934585320.0,3810.0,56,3809.0,19
rb1805,20170901,20170831,210413000,3809.0,24600,304074,936566320.0,3809.0,9,3808.0,49
rb1805,20170901,20170831,210413500,3810.0,24738,304128,941823940.0,3811.0,36,3810.0,1
rb1805,20170901,20170831,210414000,3810.0,24872,304144,946930400.0,3810.0,13,3809.0,15
rb1805,20170901,20170831,210414500,3809.0,24914,304150,948530200.0,3810.0,81,3809.0,4
rb1805,20170901,20170831,210415000,3809.0,24944,304150,949672900.0,3809.0,564,3808.0,44
rb1805,20170901,20170831,210415500,3808.0,25040,304110,953328580.0,3808.0,59,3807.0,54
rb1805,20170901,20170831,210416000,3809.0,25156,304082,957745920.0,3809.0,556,3808.0,11
rb1805,20170901,20170831,210416500,3809.0,25230,304082,960563860.0,3808.0,4,3807.0,117
rb1805,20170901,20170831,210417000,3807.0,25262,304082,961782100.0,3808.0,18,3807.0,41
rb1805,20170901,20170831,210417500,3808.0,25340,304066,964752260.0,3808.0,21,3807.0,133
rb1805,20170901,20170831,210418000,3809.0,25434,304004,968331940.0,3809.0,551,3807.0,135
rb1805,20170901,20170831,210418500,3809.0,25450,304006,968941360.0,3809.0,544,3808.0,9
rb1805,20170901,20170831,210419000,3809.0,25460,304014,969322180.0,3809.0,553,3808.0,6
rb1805,20170901,20170831,210419500,3809.0,25502,303974,970921960.0,3809.0,532,3808.0,41
rb1805,20170901,20170831,210420000,3809.0,25570,303960,973511780.0,3809.0,510,3808.0,131
rb1805,20170901,20170831,210420500,3809.0,25578,303952,973816500.0,3809.0,496,3808.0,147
rb1805,20170901,20170831,210421000,3809.0,25900,303826,986081480.0,3809.0,335,3808.0,190
rb1805,20170901,20170831,210421500,3809.0,26016,303788,990499900.0,3809.0,278,3808.0,179
rb1805,20170901,20170831,210422000,3809.0,26114,303748,994232700.0,3809.0,231,3808.0,181
rb1805,20170901,20170831,210422500,3809.0,26120,303744,994461220.0,3809.0,229,3808.0,187
rb1805,20170901,20170831,210423000,3809.0,26148,303744,995527740.0,3809.0,215,3808.0,163
rb1805,20170901,20170831,210423500,3809.0,26192,303704,997203700.0,3809.0,194,3808.0,163
rb1805,20170901,20170831,210424000,3809.0,26198,303700,997432240.0,3809.0,191,3808.0,173
rb1805,20170901,20170831,210424500,3809.0,26250,303674,999412840.0,3809.0,169,3808.0,210
rb1805,20170901,20170831,210425000,3809.0,26250,303674,999412840.0,3809.0,169,3808.0,209
rb1805,20170901,20170831,210425500,3809.0,26356,303570,1003450380.0,3809.0,116,3808.0,214
rb1805,20170901,20170831,210426000,3811.0,26658,303520,1014954300.0,3811.0,20,3810.0,35
rb1805,20170901,20170831,210426500,3811.0,26700,303512,1016554900.0,3812.0,120,3811.0,1
rb1805,20170901,20170831,210427000,3810.0,26738,303532,1018002940.0,3811.0,64,3810.0,33
rb1805,20170901,20170831,210427500,3810.0,26742,303532,1018155360.0,3811.0,63,3810.0,32
rb1805,20170901,20170831,210428000,3811.0,26750,303530,1018460240.0,3811.0,59,3810.0,32
rb1805,20170901,20170831,210428500,3811.0,26750,303530,1018460240.0,3811.0,59,3810.0,99
rb1805,20170901,20170831,210429000,3811.0,26758,303526,1018765120.0,3811.0,58,3810.0,88
rb1805,20170901,20170831,210429500,3811.0,26872,303476,1023109360.0,3811.0,18,3810.0,86
rb1805,20170901,20170831,210430000,3811.0,26924,303488,1025091100.0,3812.0,118,3811.0,5
rb1805,20170901,20170831,210430500,3811.0,26936,303488,1025548420.0,3811.0,28,3810.0,61
rb1805,20170901,20170831,210431000,3810.0,26948,303496,1026005660.0,3811.0,43,3810.0,44
rb1805,20170901,20170831,210431500,3811.0,26990,303520,1027605880.0,3811.0,46,3810.0,22
rb1805,20170901,20170831,210432000,3810.0,27058,303544,1030196680.0,3810.0,15,3809.0,35
rb1805,20170901,20170831,210432500,3810.0,27068,303544,1030577600.0,3810.0,20,3809.0,31
rb1805,20170901,20170831,210433000,3810.0,27078,303546,1030958580.0,3810.0,18,3809.0,74
rb1805,20170901,20170831,210433500,3810.0,27118,303552,1032482580.0,3811.0,38,3810.0,4
rb1805,20170901,20170831,210434000,3811.0,27182,303504,1034921580.0,3812.0,119,3811.0,6
rb1805,20170901,20170831,210434500,3810.0,27212,303488,1036064800.0,3810.0,1,3809.0,46
rb1805,20170901,20170831,210435000,3811.0,27216,303488,1036217220.0,3811.0,12,3810.0,22
rb1805,20170901,20170831,210435500,3810.0,27222,303486,1036445840.0,3811.0,11,3810.0,19
rb1805,20170901,20170831,210436000,3811.0,27244,303470,1037284260.0,3811.0,2,3810.0,25
rb1805,20170901,20170831,210436500,3811.0,27262,303470,1037970240.0,3812.0,123,3811.0,5
rb1805,20170901,20170831,210437000,3811.0,27264,303472,1038046460.0,3812.0,124,3811.0,5
rb1805,20170901,20170831,210437500,3811.0,27324,303472,1040333040.0,3812.0,127,3811.0,6
rb1805,20170901,20170831,210438000,3810.0,27340,303486,1040942780.0,3811.0,10,3810.0,28
rb1805,20170901,20170831,210438500,3811.0,27414,303546,1043763220.0,3811.0,1,3810.0,41
rb1805,20170901,20170831,210439000,3811.0,27438,303550,1044677920.0,3812.0,106,3811.0,47
rb1805,20170901,20170831,210439500,3811.0,27458,303538,1045440120.0,3812.0,116,3811.0,58
rb1805,20170901,20170831,210440000,3812.0,27698,303528,1054588980.0,3813.0,69,3812.0,16
rb1805,20170901,20170831,210440500,3813.0,27734,303526,1055961620.0,3813.0,53,3812.0,27
rb1805,20170901,20170831,210441000,3812.0,27808,303568,1058783160.0,3813.0,20,3812.0,24
rb1805,20170901,20170831,210441500,3812.0,27820,303572,1059240660.0,3813.0,17,3812.0,14
rb1805,20170901,20170831,210442000,3813.0,27832,303582,1059698200.0,3813.0,13,3812.0,11
rb1805,20170901,20170831,210442500,3813.0,27836,303580,1059850700.0,3813.0,13,3812.0,14
rb1805,20170901,20170831,210443000,3813.0,27866,303582,1060994640.0,3814.0,39,3813.0,49
rb1805,20170901,20170831,210443500,3813.0,27908,303542,1062596100.0,3814.0,20,3813.0,30
rb1805,20170901,20170831,210444000,3813.0,27938,303530,1063740060.0,3814.0,16,3813.0,23
rb1805,20170901,20170831,210444500,3814.0,27958,303536,1064502860.0,3814.0,7,3813.0,31
rb1805,20170901,20170831,210445000,3814.0,27974,303536,1065113040.0,3814.0,20,3813.0,36
rb1805,20170901,20170831,210445500,3814.0,28028,303530,1067172720.0,3815.0,161,3814.0,22
rb1805,20170901,20170831,210446000,3813.0,28088,303502,1069461100.0,3814.0,48,3813.0,34
rb1805,20170901,20170831,210446500,3814.0,28108,303518,1070223880.0,3814.0,16,3813.0,34
rb1805,20170901,20170831,210447000,3814.0,28116,303518,1070528960.0,3814.0,17,3813.0,31
rb1805,20170901,20170831,210447500,3814.0,28260,303562,1076021180.0,3815.0,164,3814.0,60
rb1805,20170901,20170831,210448000,3815.0,28372,303628,1080293740.0,3815.0,120,3814.0,36
rb1805,20170901,20170831,210448500,3814.0,28468,303680,1083955880.0,3815.0,85,3814.0,24
rb1805,20170901,20170831,210449000,3815.0,28492,303682,1084871460.0,3815.0,74,3814.0,34
rb1805,20170901,20170831,210449500,3814.0,28604,303658,1089143120.0,3814.0,35,3813.0,33
rb1805,20170901,20170831,210450000,3814.0,28650,303632,1090897520.0,3814.0,17,3813.0,42
rb1805,20170901,20170831,210450500,3814.0,28740,303592,1094329340.0,3813.0,4,3812.0,15
rb1805,20170901,20170831,210451000,3813.0,28784,303586,1096007380.0,3814.0,32,3813.0,3
rb1805,20170901,20170831,210451500,3814.0,28836,303602,1097990840.0,3814.0,2,3813.0,54
rb1805,20170901,20170831,210452000,3814.0,28844,303604,1098295960.0,3814.0,24,3813.0,10
rb1805,20170901,20170831,210452500,3814.0,28844,303604,1098295960.0,3814.0,32,3813.0,41
rb1805,20170901,20170831,210453000,3814.0,28910,303640,1100813200.0,3814.0,53,3813.0,32
rb1805,20170901,20170831,210453500,3814.0,28946,303662,1102186200.0,3814.0,39,3813.0,35
rb1805,20170901,20170831,210454000,3814.0,29032,303710,1105466260.0,3815.0,99,3814.0,12
rb1805,20170901,20170831,210454500,3814.0,29070,303690,1106915600.0,3815.0,89,3814.0,14
rb1805,20170901,20170831,210455000,3814.0,29096,303676,1107907260.0,3815.0,89,3814.0,8
rb1805,20170901,20170831,210455500,3814.0,29130,303646,1109204020.0,3814.0,87,3813.0,22
rb1805,20170901,20170831,210456000,3813.0,29202,303660,1111949360.0,3813.0,29,3812.0,21
rb1805,20170901,20170831,210456500,3812.0,29478,303758,1122474540.0,3814.0,7,3812.0,11
rb1805,20170901,20170831,210457000,3814.0,29486,303756,1122779580.0,3814.0,22,3813.0,9
rb1805,20170901,20170831,210457500,3813.0,29532,303752,1124533540.0,3813.0,12,3811.0,82
rb1805,20170901,20170831,210458000,3811.0,29534,303750,1124609760.0,3813.0,12,3811.0,83
rb1805,20170901,20170831,210458500,3814.0,29578,303762,1126287440.0,3813.0,2,3812.0,26
rb1805,20170901,20170831,210459000,3813.0,29634,303744,1128422200.0,3813.0,64,3811.0,69
rb1805,20170901,20170831,210459500,3811.0,29774,303682,1133757600.0,3812.0,27,3811.0,2
rb1805,20170901,20170831,210500000,3811.0,29780,303688,1133986260.0,3811.0,17,3810.0,45
rb1805,20170901,20170831,210500500,3810.0,29808,303670,1135053160.0,3811.0,2,3810.0,36
rb1805,20170901,20170831,210501000,3811.0,29826,303668,1135739160.0,3812.0,37,3811.0,1
rb1805,20170901,20170831,210501500,3810.0,29888,303670,1138101480.0,3812.0,38,3810.0,1
rb1805,20170901,20170831,210502000,3811.0,29890,303670,1138177700.0,3812.0,81,3811.0,2
rb1805,20170901,20170831,210502500,3811.0,29894,303670,1138330140.0,3811.0,3,3810.0,4
rb1805,20170901,20170831,210503000,3811.0,29902,303670,1138635020.0,3812.0,65,3811.0,5
rb1805,20170901,20170831,210503500,3812.0,29906,303668,1138787500.0,3812.0,87,3811.0,10
rb1805,20170901,20170831,210504000,3811.0,30028,303700,1143437940.0,3812.0,13,3811.0,32
rb1805,20170901,20170831,210504500,3812.0,30074,303710,1145191460.0,3813.0,44,3812.0,57
rb1805,20170901,20170831,210505000,3813.0,30164,303734,1148623200.0,3814.0,78,3813.0,3
rb1805,20170901,20170831,210505500,3812.0,30166,303732,1148699440.0,3814.0,64,3812.0,56
rb1805,20170901,20170831,210506000,3813.0,30170,303730,1148851980.0,3814.0,65,3813.0,1
rb1805,20170901,20170831,210506500,3812.0,30174,303728,1149004480.0,3813.0,1,3812.0,46
rb1805,20170901,20170831,210507000,3813.0,30176,303726,1149080740.0,3814.0,61,3812.0,48
rb1805,20170901,20170831,210507500,3812.0,30200,303704,1149995620.0,3813.0,8,3812.0,30
rb1805,20170901,20170831,210508000,3812.0,30202,303704,1150071860.0,3813.0,9,3812.0,28
rb1805,20170901,20170831,210508500,3812.0,30202,303704,1150071860.0,3813.0,22,3812.0,23
rb1805,20170901,20170831,210509000,3813.0,30206,303702,1150224380.0,3813.0,41,3812.0,5
rb1805,20170901,20170831,210509500,3812.0,30210,303702,1150376860.0,3813.0,43,3812.0,4
rb1805,20170901,20170831,210510000,3813.0,30214,303702,1150529380.0,3813.0,40,3812.0,7
rb1805,20170901,20170831,210510500,3813.0,30220,303702,1150758160.0,3813.0,48,3812.0,6
rb1805,20170901,20170831,210511000,3813.0,30224,303700,1150910680.0,3813.0,46,3812.0,6
rb1805,20170901,20170831,210511500,3812.0,30226,303702,1150986920.0,3813.0,49,3812.0,16
rb1805,20170901,20170831,210512000,3812.0,30248,303700,1151825560.0,3813.0,53,3812.0,3
rb1805,20170901,20170831,210512500,3812.0,30256,303700,1152130520.0,3812.0,10,3811.0,59
rb1805,20170901,20170831,210513000,3812.0,30274,303700,1152816680.0,3812.0,30,3811.0,80
rb1805,20170901,20170831,210513500,3812.0,30294,303694,1153579060.0,3812.0,22,3811.0,80
rb1805,20170901,20170831,210514000,3812.0,30338,303678,1155256340.0,3812.0,7,3811.0,67
rb1805,20170901,20170831,210514500,3812.0,30338,303678,1155256340.0,3812.0,17,3811.0,72
rb1805,20170901,20170831,210515000,3812.0,30396,303642,1157467160.0,3813.0,57,3812.0,29
rb1805,20170901,20170831,210515500,3813.0,30434,303618,1158915760.0,3813.0,55,3812.0,38
rb1805,20170901,20170831,210516000,3812.0,30462,303618,1159983240.0,3813.0,50,3812.0,39
rb1805,20170901,20170831,210516500,3812.0,30466,303616,1160135720.0,3813.0,54,3812.0,39
rb1805,20170901,20170831,210517000,3812.0,30562,303544,1163795240.0,3812.0,69,3811.0,50
rb1805,20170901,20170831,210517500,3811.0,30574,303546,1164252660.0,3812.0,70,3811.0,49
rb1805,20170901,20170831,210518000,3812.0,30640,303576,1166768760.0,3813.0,56,3811.0,69
rb1805,20170901,20170831,210518500,3811.0,30662,303590,1167607500.0,3812.0,3,3811.0,63
rb1805,20170901,20170831,210519000,3812.0,30664,303590,1167683740.0,3812.0,3,3811.0,60
rb1805,20170901,20170831,210519500,3811.0,30668,303592,1167836180.0,3812.0,3,3811.0,62
rb1805,20170901,20170831,210520000,3812.0,30672,303592,1167988640.0,3812.0,3,3811.0,67
rb1805,20170901,20170831,210520500,3812.0,30678,303594,1168217360.0,3813.0,45,3811.0,67
rb1805,20170901,20170831,210521000,3812.0,30680,303596,1168293600.0,3812.0,3,3811.0,65
rb1805,20170901,20170831,210521500,3813.0,30690,303606,1168674840.0,3812.0,3,3811.0,54
rb1805,20170901,20170831,210522000,3813.0,30690,303606,1168674840.0,3812.0,13,3811.0,50
rb1805,20170901,20170831,210522500,3812.0,30698,303608,1168979860.0,3812.0,9,3811.0,50
rb1805,20170901,20170831,210523000,3811.0,30798,303700,1172790860.0,3811.0,5,3810.0,37
rb1805,20170901,20170831,210523500,3811.0,30802,303698,1172943300.0,3811.0,3,3810.0,51
rb1805,20170901,20170831,210524000,3812.0,30846,303654,1174620520.0,3813.0,42,3812.0,81
rb1805,20170901,20170831,210524500,3812.0,30962,303602,1179042440.0,3813.0,33,3812.0,24
rb1805,20170901,20170831,210525000,3812.0,31010,303556,1180872200.0,3813.0,34,3811.0,3
rb1805,20170901,20170831,210525500,3812.0,31010,303556,1180872200.0,3812.0,3,3811.0,9
rb1805,20170901,20170831,210526000,3812.0,31012,303556,1180948440.0,3812.0,9,3811.0,12
rb1805,20170901,20170831,210526500,3812.0,31012,303556,1180948440.0,3812.0,30,3811.0,71
rb1805,20170901,20170831,210527000,3812.0,31016,303560,1181100920.0,3812.0,35,3811.0,71
rb1805,20170901,20170831,210527500,3812.0,31078,303558,1183464340.0,3812.0,23,3811.0,72
rb1805,20170901,20170831,210528000,3812.0,31100,303566,1184302980.0,3812.0,15,3811.0,70
rb1805,20170901,20170831,210528500,3811.0,31138,303582,1185751500.0,3812.0,3,3811.0,80
rb1805,20170901,20170831,210529000,3811.0,31138,303582,1185751500.0,3812.0,3,3811.0,79
rb1805,20170901,20170831,210529500,3811.0,31138,303582,1185751500.0,3812.0,56,3811.0,69
rb1805,20170901,20170831,210530000,3812.0,31264,303542,1190554620.0,3813.0,47,3812.0,47
rb1805,20170901,20170831,210530500,3811.0,31360,303456,1194214120.0,3813.0,48,3811.0,67
rb1805,20170901,20170831,210531000,3811.0,31362,303456,1194290340.0,3813.0,48,3811.0,72
rb1805,20170901,20170831,210531500,3811.0,31374,303452,1194747660.0,3812.0,1,3811.0,67
rb1805,20170901,20170831,210532000,3813.0,31380,303450,1194976420.0,3813.0,46,3811.0,77
rb1805,20170901,20170831,210532500,3811.0,31456,303376,1197872780.0,3812.0,24,3811.0,39
rb1805,20170901,20170831,210533000,3811.0,31534,303380,1200845360.0,3811.0,16,3810.0,66
rb1805,20170901,20170831,210533500,3811.0,31544,303390,1201226460.0,3811.0,13,3810.0,59
rb1805,20170901,20170831,210534000,3810.0,31600,303398,1203360580.0,3811.0,1,3810.0,57
rb1805,20170901,20170831,210534500,3810.0,31608,303398,1203665400.0,3812.0,22,3811.0,2
rb1805,20170901,20170831,210535000,3811.0,31630,303404,1204503720.0,3811.0,3,3810.0,50
rb1805,20170901,20170831,210535500,3810.0,31634,303402,1204656120.0,3811.0,5,3810.0,48
rb1805,20170901,20170831,210536000,3811.0,31652,303408,1205342060.0,3812.0,33,3811.0,4
rb1805,20170901,20170831,210536500,3811.0,31660,303416,1205646940.0,3811.0,29,3810.0,54
rb1805,20170901,20170831,210537000,3811.0,31678,303414,1206332800.0,3811.0,21,3810.0,48
rb1805,20170901,20170831,210537500,3811.0,31780,303432,1210218980.0,3810.0,1,3809.0,44
rb1805,20170901,20170831,210538000,3810.0,31934,303336,1216086020.0,3809.0,1,3808.0,88
rb1805,20170901,20170831,210538500,3810.0,31934,303336,1216086020.0,3809.0,7,3808.0,88
rb1805,20170901,20170831,210539000,3809.0,31966,303342,1217304900.0,3810.0,2,3809.0,14
rb1805,20170901,20170831,210539500,3809.0,31982,303350,1217914420.0,3810.0,18,3809.0,12
rb1805,20170901,20170831,210540000,3809.0,32016,303344,1219209420.0,3809.0,43,3808.0,82
rb1805,20170901,20170831,210540500,3809.0,32028,303342,1219666460.0,3809.0,24,3808.0,80
rb1805,20170901,20170831,210541000,3810.0,32078,303302,1221570980.0,3810.0,22,3809.0,20
rb1805,20170901,20170831,210541500,3809.0,32084,303302,1221799520.0,3810.0,14,3809.0,117
rb1805,20170901,20170831,210542000,3810.0,32108,303306,1222713920.0,3811.0,16,3810.0,43
rb1805,20170901,20170831,210542500,3811.0,32148,303316,1224238320.0,3812.0,45,3811.0,27
rb1805,20170901,20170831,210543000,3811.0,32156,303316,1224543200.0,3812.0,29,3811.0,37
rb1805,20170901,20170831,210543500,3811.0,32198,303328,1226144220.0,3812.0,14,3811.0,36
rb1805,20170901,20170831,210544000,3812.0,32230,303330,1227364060.0,3813.0,59,3812.0,37
rb1805,20170901,20170831,210544500,3812.0,32318,303394,1230719280.0,3813.0,14,3812.0,14
rb1805,20170901,20170831,210545000,3813.0,32346,303398,1231786920.0,3814.0,70,3813.0,30
rb1805,20170901,20170831,210545500,3813.0,32380,303394,1233083360.0,3814.0,66,3813.0,2
rb1805,20170901,20170831,210546000,3813.0,32384,303396,1233235880.0,3814.0,66,3812.0,17
rb1805,20170901,20170831,210546500,3813.0,32386,303396,1233312140.0,3814.0,66,3812.0,17
rb1805,20170901,20170831,210547000,3812.0,32394,303400,1233617100.0,3814.0,66,3812.0,25
rb1805,20170901,20170831,210547500,3812.0,32400,303398,1233845860.0,3813.0,1,3812.0,17
rb1805,20170901,20170831,210548000,3812.0,32408,303392,1234150880.0,3813.0,3,3812.0,40
rb1805,20170901,20170831,210548500,3814.0,32452,303362,1235828860.0,3814.0,54,3812.0,41
rb1805,20170901,20170831,210549000,3812.0,32458,303364,1236057620.0,3813.0,15,3812.0,40
rb1805,20170901,20170831,210549500,3812.0,32512,303312,1238116100.0,3813.0,18,3812.0,12
rb1805,20170901,20170831,210550000,3812.0,32536,303290,1239030980.0,3812.0,17,3811.0,72
rb1805,20170901,20170831,210550500,3812.0,32538,303290,1239107220.0,3812.0,16,3811.0,63
rb1805,20170901,20170831,210551000,3813.0,32554,303294,1239717160.0,3813.0,75,3812.0,1
rb1805,20170901,20170831,210551500,3813.0,32576,303314,1240556020.0,3813.0,74,3812.0,1
rb1805,20170901,20170831,210552000,3812.0,32580,303312,1240708500.0,3812.0,5,3811.0,23
rb1805,20170901,20170831,210552500,3812.0,32590,303314,1241089700.0,3813.0,73,3812.0,93
rb1805,20170901,20170831,210553000,3812.0,32592,303314,1241165940.0,3813.0,73,3812.0,74
rb1805,20170901,20170831,210553500,3812.0,32600,303322,1241470900.0,3813.0,73,3812.0,54
rb1805,20170901,20170831,210554000,3812.0,32630,303312,1242614500.0,3813.0,73,3812.0,39
rb1805,20170901,20170831,210554500,3813.0,32782,303452,1248410260.0,3814.0,77,3813.0,27
rb1805,20170901,20170831,210555000,3814.0,32786,303456,1248562820.0,3814.0,71,3813.0,27
rb1805,20170901,20170831,210555500,3813.0,32800,303442,1249096640.0,3814.0,72,3813.0,31
rb1805,20170901,20170831,210556000,3813.0,33006,303504,1256953040.0,3815.0,120,3813.0,20
rb1805,20170901,20170831,210556500,3813.0,33010,303508,1257105560.0,3814.0,1,3813.0,25
rb1805,20170901,20170831,210557000,3814.0,33018,303516,1257410680.0,3815.0,120,3814.0,2
rb1805,20170901,20170831,210557500,3814.0,33052,303516,1258707460.0,3815.0,119,3814.0,42
rb1805,20170901,20170831,210558000,3814.0,33056,303516,1258860020.0,3815.0,120,3814.0,50
rb1805,20170901,20170831,210558500,3814.0,33088,303522,1260080560.0,3815.0,118,3814.0,45
rb1805,20170901,20170831,210559000,3814.0,33132,303502,1261759120.0,3815.0,98,3814.0,62
rb1805,20170901,20170831,210559500,3813.0,33280,303420,1267403800.0,3814.0,40,3813.0,34
rb1805,20170901,20170831,210600000,3814.0,33312,303420,1268624280.0,3814.0,28,3813.0,34
rb1805,20170901,20170831,210600500,3815.0,33482,303436,1275109200.0,3815.0,51,3814.0,14
rb1805,20170901,20170831,210601000,3815.0,33582,303472,1278924080.0,3816.0,90,3815.0,8
rb1805,20170901,20170831,210601500,3815.0,33606,303464,1279839880.0,3816.0,80,3815.0,9
rb1805,20170901,20170831,210602000,3815.0,33626,303474,1280602900.0,3816.0,80,3815.0,31
rb1805,20170901,20170831,210602500,3816.0,33630,303474,1280755520.0,3816.0,79,3815.0,45
rb1805,20170901,20170831,210603000,3816.0,33644,303478,1281289680.0,3816.0,76,3815.0,35
rb1805,20170901,20170831,210603500,3817.0,33812,303532,1287700440.0,3817.0,31,3816.0,5
rb1805,20170901,20170831,210604000,3816.0,33892,303576,1290753240.0,3816.0,20,3815.0,46
rb1805,20170901,20170831,210604500,3817.0,33944,303586,1292737600.0,3817.0,53,3816.0,5
rb1805,20170901,20170831,210605000,3816.0,33962,303586,1293424480.0,3816.0,3,3815.0,37
rb1805,20170901,20170831,210605500,3816.0,33972,303586,1293806060.0,3816.0,12,3815.0,36
rb1805,20170901,20170831,210606000,3813.0,34084,303562,1298078500.0,3815.0,33,3813.0,25
rb1805,20170901,20170831,210606500,3814.0,34112,303578,1299146760.0,3815.0,5,3814.0,3
rb1805,20170901,20170831,210607000,3814.0,34154,303540,1300748600.0,3814.0,29,3813.0,22
rb1805,20170901,20170831,210607500,3814.0,34194,303518,1302273840.0,3814.0,11,3812.0,20
rb1805,20170901,20170831,210608000,3813.0,34202,303516,1302578880.0,3813.0,14,3812.0,16
rb1805,20170901,20170831,210608500,3815.0,34434,303382,1311425240.0,3813.0,3,3812.0,3
rb1805,20170901,20170831,210609000,3812.0,34446,303376,1311882660.0,3812.0,3,3811.0,18
rb1805,20170901,20170831,210609500,3812.0,34452,303370,1312111380.0,3813.0,9,3812.0,11
rb1805,20170901,20170831,210610000,3812.0,34502,303354,1314017380.0,3813.0,6,3812.0,3
rb1805,20170901,20170831,210610500,3812.0,34510,303350,1314322360.0,3813.0,10,3812.0,1
rb1805,20170901,20170831,210611000,3811.0,34524,303354,1314856020.0,3812.0,27,3811.0,22
rb1805,20170901,20170831,210611500,3811.0,34526,303356,1314932240.0,3812.0,28,3811.0,5
rb1805,20170901,20170831,210612000,3812.0,34594,303410,1317524400.0,3813.0,50,3812.0,3
rb1805,20170901,20170831,210612500,3811.0,34604,303420,1317905580.0,3812.0,6,3811.0,27
rb1805,20170901,20170831,210613000,3812.0,34608,303424,1318058060.0,3813.0,50,3812.0,1
rb1805,20170901,20170831,210613500,3811.0,34616,303424,1318362980.0,3812.0,13,3811.0,9
rb1805,20170901,20170831,210614000,3812.0,34622,303430,1318591700.0,3812.0,13,3811.0,16
rb1805,20170901,20170831,210614500,3812.0,34676,303444,1320649860.0,3812.0,4,3811.0,8
rb1805,20170901,20170831,210615000,3812.0,34686,303444,1321031060.0,3813.0,51,3812.0,6
rb1805,20170901,20170831,210615500,3812.0,34708,303450,1321869700.0,3812.0,34,3811.0,10
rb1805,20170901,20170831,210616000,3811.0,34730,303452,1322708120.0,3812.0,18,3810.0,56
rb1805,20170901,20170831,210616500,3812.0,34764,303464,1324004380.0,3812.0,8,3811.0,17
rb1805,20170901,20170831,210617000,3811.0,34782,303476,1324690480.0,3812.0,5,3811.0,16
rb1805,20170901,20170831,210617500,3811.0,34828,303480,1326443660.0,3811.0,3,3810.0,58
rb1805,20170901,20170831,210618000,3811.0,34834,303480,1326672300.0,3811.0,3,3810.0,58
rb1805,20170901,20170831,210618500,3812.0,34848,303480,1327205880.0,3812.0,156,3810.0,60
rb1805,20170901,20170831,210619000,3810.0,34882,303464,1328501280.0,3811.0,28,3810.0,44
rb1805,20170901,20170831,210619500,3812.0,34938,303502,1330635560.0,3812.0,159,3811.0,17
rb1805,20170901,20170831,210620000,3810.0,34984,303476,1332388520.0,3811.0,76,3810.0,49
rb1805,20170901,20170831,210620500,3810.0,34994,303472,1332769540.0,3811.0,75,3810.0,48
rb1805,20170901,20170831,210621000,3811.0,35002,303466,1333074400.0,3811.0,59,3810.0,49
rb1805,20170901,20170831,210621500,3810.0,35010,303464,1333379220.0,3811.0,47,3810.0,46
rb1805,20170901,20170831,210622000,3810.0,35024,303466,1333912660.0,3811.0,47,3810.0,41
rb1805,20170901,20170831,210622500,3811.0,35064,303434,1335437040.0,3811.0,8,3810.0,51
rb1805,20170901,20170831,210623000,3811.0,35074,303426,1335818140.0,3811.0,4,3810.0,59
rb1805,20170901,20170831,210623500,3811.0,35086,303416,1336275460.0,3812.0,154,3811.0,4
rb1805,20170901,20170831,210624000,3811.0,35092,303416,1336504120.0,3812.0,156,3811.0,25
rb1805,20170901,20170831,210624500,3811.0,35092,303416,1336504120.0,3812.0,156,3811.0,26
rb1805,20170901,20170831,210625000,3811.0,35144,303438,1338485840.0,3811.0,29,3810.0,72
rb1805,20170901,20170831,210625500,3811.0,35144,303438,1338485840.0,3811.0,28,3810.0,64
rb1805,20170901,20170831,210626000,3811.0,35146,303440,1338562060.0,3811.0,12,3810.0,62
rb1805,20170901,20170831,210626500,3810.0,35148,303442,1338638260.0,3811.0,42,3810.0,61
rb1805,20170901,20170831,210627000,3811.0,35158,303450,1339019340.0,3811.0,39,3810.0,62
rb1805,20170901,20170831,210627500,3811.0,35160,303452,1339095560.0,3811.0,41,3810.0,73
rb1805,20170901,20170831,210628000,3810.0,35174,303464,1339628960.0,3811.0,41,3810.0,86
rb1805,20170901,20170831,210628500,3811.0,35236,303488,1341991780.0,3811.0,33,3810.0,91
rb1805,20170901,20170831,210629000,3811.0,35336,303528,1345802780.0,3812.0,124,3811.0,29
rb1805,20170901,20170831,210629500,3811.0,35376,303556,1347327500.0,3812.0,108,3811.0,25
rb1805,20170901,20170831,210630000,3812.0,35628,303720,1356933740.0,3813.0,20,3812.0,12
rb1805,20170901,20170831,210630500,3812.0,35632,303722,1357086240.0,3813.0,15,3812.0,11
rb1805,20170901,20170831,210631000,3812.0,35634,303722,1357162480.0,3813.0,15,3812.0,10
rb1805,20170901,20170831,210631500,3812.0,35634,303722,1357162480.0,3813.0,15,3812.0,10
rb1805,20170901,20170831,210632000,3812.0,35654,303724,1357924880.0,3812.0,92,3811.0,44
rb1805,20170901,20170831,210632500,3811.0,35656,303726,1358001100.0,3812.0,94,3811.0,33
rb1805,20170901,20170831,210633000,3811.0,35658,303726,1358077320.0,3812.0,91,3811.0,32
rb1805,20170901,20170831,210633500,3811.0,35658,303726,1358077320.0,3812.0,91,3811.0,38
rb1805,20170901,20170831,210634000,3811.0,35658,303726,1358077320.0,3812.0,81,3811.0,40
rb1805,20170901,20170831,210634500,3811.0,35662,303726,1358229780.0,3812.0,80,3811.0,54
rb1805,20170901,20170831,210635000,3811.0,35662,303726,1358229780.0,3812.0,80,3811.0,56
rb1805,20170901,20170831,210635500,3811.0,35662,303726,1358229780.0,3812.0,81,3811.0,56
rb1805,20170901,20170831,210636000,3812.0,35674,303730,1358687120.0,3812.0,81,3811.0,52
rb1805,20170901,20170831,210636500,3812.0,35674,303730,1358687120.0,3812.0,86,3811.0,42
rb1805,20170901,20170831,210637000,3811.0,35682,303736,1358992000.0,3812.0,90,3811.0,38
rb1805,20170901,20170831,210637500,3811.0,35684,303736,1359068220.0,3812.0,90,3811.0,37
rb1805,20170901,20170831,210638000,3812.0,35702,303736,1359754240.0,3812.0,88,3811.0,32
rb1805,20170901,20170831,210638500,3811.0,35704,303736,1359830460.0,3812.0,88,3811.0,32
rb1805,20170901,20170831,210639000,3811.0,35772,303720,1362421940.0,3811.0,97,3810.0,133
rb1805,20170901,20170831,210639500,3811.0,35772,303720,1362421940.0,3811.0,138,3810.0,123
rb1805,20170901,20170831,210640000,3810.0,36018,303786,1371794540.0,3810.0,52,3809.0,138
rb1805,20170901,20170831,210640500,3809.0,36062,303804,1373470500.0,3810.0,70,3809.0,116
rb1805,20170901,20170831,210641000,3809.0,36062,303804,1373470500.0,3810.0,66,3809.0,117
rb1805,20170901,20170831,210641500,3809.0,36066,303806,1373622880.0,3810.0,40,3809.0,115
rb1805,20170901,20170831,210642000,3810.0,36150,303752,1376823280.0,3811.0,98,3810.0,25
rb1805,20170901,20170831,210642500,3810.0,36152,303750,1376899480.0,3811.0,93,3810.0,24
rb1805,20170901,20170831,210643000,3810.0,36154,303748,1376975680.0,3811.0,93,3810.0,33
rb1805,20170901,20170831,210643500,3810.0,36162,303748,1377280480.0,3811.0,93,3810.0,34
rb1805,20170901,20170831,210644000,3810.0,36168,303744,1377509120.0,3811.0,99,3810.0,81
rb1805,20170901,20170831,210644500,3810.0,36172,303742,1377661520.0,3811.0,55,3810.0,108
rb1805,20170901,20170831,210645000,3810.0,36172,303742,1377661520.0,3811.0,55,3810.0,110
rb1805,20170901,20170831,210645500,3810.0,36190,303730,1378347380.0,3811.0,52,3810.0,103
rb1805,20170901,20170831,210646000,3810.0,36196,303728,1378575980.0,3811.0,52,3810.0,100
rb1805,20170901,20170831,210646500,3810.0,36200,303728,1378728400.0,3811.0,52,3810.0,99
rb1805,20170901,20170831,210647000,3811.0,36242,303708,1380329000.0,3811.0,32,3810.0,98
rb1805,20170901,20170831,210647500,3810.0,36266,303688,1381243440.0,3811.0,30,3810.0,88
rb1805,20170901,20170831,210648000,3811.0,36278,303686,1381700740.0,3811.0,25,3810.0,88
rb1805,20170901,20170831,210648500,3811.0,36278,303686,1381700740.0,3811.0,30,3810.0,88
rb1805,20170901,20170831,210649000,3811.0,36278,303686,1381700740.0,3811.0,30,3810.0,88
rb1805,20170901,20170831,210649500,3811.0,36278,303686,1381700740.0,3811.0,30,3810.0,89
rb1805,20170901,20170831,210650000,3810.0,36298,303680,1382462740.0,3811.0,35,3810.0,79
rb1805,20170901,20170831,210650500,3810.0,36298,303680,1382462740.0,3811.0,35,3810.0,79
rb1805,20170901,20170831,210651000,3810.0,36326,303688,1383529540.0,3811.0,35,3810.0,69
rb1805,20170901,20170831,210651500,3810.0,36328,303690,1383605740.0,3811.0,35,3810.0,68
rb1805,20170901,20170831,210652000,3810.0,36328,303690,1383605740.0,3811.0,35,3810.0,69
rb1805,20170901,20170831,210652500,3810.0,36418,303696,1387034780.0,3811.0,33,3810.0,26
rb1805,20170901,20170831,210653000,3811.0,36472,303668,1389092720.0,3811.0,4,3810.0,40
rb1805,20170901,20170831,210653500,3811.0,36492,303670,1389854920.0,3812.0,82,3811.0,7
rb1805,20170901,20170831,210654000,3811.0,36492,303670,1389854920.0,3812.0,70,3811.0,7
rb1805,20170901,20170831,210654500,3811.0,36506,303668,1390388460.0,3812.0,70,3810.0,40
rb1805,20170901,20170831,210655000,3810.0,36508,303670,1390464660.0,3812.0,87,3810.0,39
rb1805,20170901,20170831,210655500,3810.0,36568,303650,1392750660.0,3812.0,88,3810.0,9
rb1805,20170901,20170831,210656000,3810.0,36568,303650,1392750660.0,3812.0,89,3810.0,9
rb1805,20170901,20170831,210656500,3810.0,36568,303650,1392750660.0,3811.0,6,3810.0,4
rb1805,20170901,20170831,210657000,3810.0,36574,303644,1392979260.0,3811.0,27,3810.0,2
rb1805,20170901,20170831,210657500,3810.0,36578,303642,1393131660.0,3810.0,15,3809.0,129
rb1805,20170901,20170831,210658000,3810.0,36604,303642,1394122260.0,3811.0,39,3810.0,2
rb1805,20170901,20170831,210658500,3810.0,36604,303642,1394122260.0,3811.0,35,3810.0,3
rb1805,20170901,20170831,210659000,3810.0,36604,303642,1394122260.0,3811.0,36,3810.0,3
rb1805,20170901,20170831,210659500,3810.0,36610,303644,1394350860.0,3810.0,2,3809.0,129
rb1805,20170901,20170831,210700000,3810.0,36610,303644,1394350860.0,3810.0,2,3809.0,129
rb1805,20170901,20170831,210700500,3810.0,36616,303644,1394579460.0,3810.0,1,3809.0,129
rb1805,20170901,20170831,210701000,3810.0,36618,303646,1394655660.0,3811.0,26,3810.0,2
rb1805,20170901,20170831,210701500,3810.0,36640,303624,1395493860.0,3811.0,26,3810.0,8
rb1805,20170901,20170831,210702000,3811.0,36642,303626,1395570080.0,3811.0,25,3810.0,8
rb1805,20170901,20170831,210702500,3811.0,36642,303626,1395570080.0,3811.0,27,3810.0,8
rb1805,20170901,20170831,210703000,3811.0,36642,303626,1395570080.0,3811.0,28,3810.0,13
rb1805,20170901,20170831,210703500,3811.0,36642,303626,1395570080.0,3811.0,28,3810.0,31
rb1805,20170901,20170831,210704000,3811.0,36646,303628,1395722500.0,3811.0,24,3810.0,35
rb1805,20170901,20170831,210704500,3810.0,36648,303628,1395798700.0,3811.0,25,3810.0,34
rb1805,20170901,20170831,210705000,3811.0,36650,303630,1395874920.0,3811.0,25,3810.0,34
rb1805,20170901,20170831,210705500,3811.0,36692,303612,1397475540.0,3812.0,102,3811.0,12
rb1805,20170901,20170831,210706000,3811.0,36692,303612,1397475540.0,3812.0,93,3811.0,12
rb1805,20170901,20170831,210706500,3811.0,36718,303610,1398466400.0,3811.0,43,3810.0,34
rb1805,20170901,20170831,210707000,3811.0,36718,303610,1398466400.0,3811.0,37,3810.0,41
rb1805,20170901,20170831,210707500,3810.0,36720,303608,1398542600.0,3811.0,37,3810.0,40
rb1805,20170901,20170831,210708000,3810.0,36732,303598,1398999800.0,3811.0,37,3810.0,36
rb1805,20170901,20170831,210708500,3810.0,36732,303598,1398999800.0,3811.0,37,3810.0,45
rb1805,20170901,20170831,210709000,3811.0,36744,303586,1399457120.0,3811.0,59,3810.0,47
rb1805,20170901,20170831,210709500,3811.0,36762,303588,1400143020.0,3811.0,54,3810.0,43
rb1805,20170901,20170831,210710000,3810.0,36768,303582,1400371640.0,3811.0,53,3810.0,42
rb1805,20170901,20170831,210710500,3810.0,36772,303580,1400524040.0,3811.0,25,3810.0,42
rb1805,20170901,20170831,210711000,3810.0,36772,303580,1400524040.0,3811.0,25,3810.0,41
rb1805,20170901,20170831,210711500,3810.0,36778,303574,1400752640.0,3811.0,26,3810.0,38
rb1805,20170901,20170831,210712000,3810.0,36778,303574,1400752640.0,3811.0,26,3810.0,38
rb1805,20170901,20170831,210712500,3810.0,36784,303572,1400981240.0,3811.0,29,3810.0,35
rb1805,20170901,20170831,210713000,3810.0,36802,303566,1401667040.0,3811.0,39,3810.0,27
rb1805,20170901,20170831,210713500,3810.0,36856,303564,1403724440.0,3810.0,2,3809.0,130
rb1805,20170901,20170831,210714000,3810.0,36860,303566,1403876840.0,3810.0,48,3809.0,130
rb1805,20170901,20170831,210714500,3810.0,36888,303570,1404943380.0,3810.0,55,3809.0,117
rb1805,20170901,20170831,210715000,3809.0,36948,303614,1407228800.0,3810.0,70,3809.0,89
rb1805,20170901,20170831,210715500,3808.0,37128,303708,1414084980.0,3809.0,108,3808.0,138
rb1805,20170901,20170831,210716000,3808.0,37288,303714,1420177780.0,3809.0,144,3808.0,60
rb1805,20170901,20170831,210716500,3808.0,37358,303702,1422843400.0,3809.0,111,3808.0,26
rb1805,20170901,20170831,210717000,3808.0,37410,303736,1424823560.0,3808.0,27,3807.0,40
rb1805,20170901,20170831,210717500,3808.0,37466,303740,1426955980.0,3808.0,5,3807.0,38
rb1805,20170901,20170831,210718000,3807.0,37500,303746,1428250380.0,3808.0,16,3807.0,21
rb1805,20170901,20170831,210718500,3807.0,37536,303742,1429620960.0,3808.0,11,3807.0,7
rb1805,20170901,20170831,210719000,3807.0,37574,303750,1431067800.0,3807.0,4,3806.0,68
rb1805,20170901,20170831,210719500,3807.0,37588,303742,1431600780.0,3808.0,7,3807.0,51
rb1805,20170901,20170831,210720000,3807.0,37594,303742,1431829240.0,3808.0,14,3807.0,76
rb1805,20170901,20170831,210720500,3807.0,37682,303716,1435179680.0,3809.0,112,3807.0,47
rb1805,20170901,20170831,210721000,3808.0,37702,303714,1435941180.0,3808.0,15,3807.0,38
rb1805,20170901,20170831,210721500,3807.0,37704,303716,1436017320.0,3808.0,17,3807.0,38
rb1805,20170901,20170831,210722000,3807.0,37704,303716,1436017320.0,3808.0,17,3807.0,41
rb1805,20170901,20170831,210722500,3809.0,37744,303752,1437540580.0,3808.0,3,3807.0,42
rb1805,20170901,20170831,210723000,3807.0,37748,303752,1437692860.0,3808.0,43,3807.0,43
rb1805,20170901,20170831,210723500,3807.0,37798,303754,1439596380.0,3808.0,2,3807.0,19
rb1805,20170901,20170831,210724000,3808.0,37806,303756,1439901020.0,3808.0,4,3807.0,19
rb1805,20170901,20170831,210724500,3807.0,37850,303724,1441576100.0,3807.0,79,3806.0,64
rb1805,20170901,20170831,210725000,3807.0,37852,303724,1441652240.0,3807.0,78,3806.0,64
rb1805,20170901,20170831,210725500,3806.0,37854,303724,1441728360.0,3807.0,80,3806.0,63
rb1805,20170901,20170831,210726000,3807.0,37884,303694,1442870220.0,3807.0,78,3806.0,52
rb1805,20170901,20170831,210726500,3807.0,37902,303690,1443555440.0,3807.0,72,3806.0,47
rb1805,20170901,20170831,210727000,3807.0,37906,303688,1443707720.0,3807.0,85,3806.0,62
rb1805,20170901,20170831,210727500,3807.0,37908,303688,1443783860.0,3807.0,124,3806.0,61
rb1805,20170901,20170831,210728000,3807.0,37908,303688,1443783860.0,3807.0,84,3806.0,62
rb1805,20170901,20170831,210728500,3806.0,38014,303764,1447818240.0,3807.0,83,3806.0,11
rb1805,20170901,20170831,210729000,3806.0,38018,303766,1447970480.0,3807.0,124,3806.0,14
rb1805,20170901,20170831,210729500,3807.0,38048,303754,1449112300.0,3807.0,123,3806.0,1
rb1805,20170901,20170831,210730000,3806.0,38052,303756,1449264540.0,3807.0,83,3806.0,34
rb1805,20170901,20170831,210730500,3807.0,38076,303732,1450178220.0,3807.0,71,3806.0,37
rb1805,20170901,20170831,210731000,3806.0,38080,303732,1450330480.0,3807.0,110,3806.0,40
rb1805,20170901,20170831,210731500,3806.0,38096,303718,1450939480.0,3807.0,107,3806.0,46
rb1805,20170901,20170831,210732000,3806.0,38208,303688,1455202680.0,3807.0,83,3806.0,34
rb1805,20170901,20170831,210732500,3806.0,38310,303616,1459085780.0,3807.0,34,3806.0,34
rb1805,20170901,20170831,210733000,3807.0,38384,303638,1461902960.0,3808.0,17,3807.0,109
rb1805,20170901,20170831,210733500,3807.0,38448,303670,1464339900.0,3809.0,80,3807.0,83
rb1805,20170901,20170831,210734000,3807.0,38458,303680,1464720600.0,3809.0,118,3808.0,4
rb1805,20170901,20170831,210734500,3807.0,38466,303678,1465025160.0,3809.0,118,3807.0,31
rb1805,20170901,20170831,210735000,3808.0,38468,303678,1465101320.0,3808.0,48,3807.0,24
rb1805,20170901,20170831,210735500,3807.0,38522,303706,1467157100.0,3808.0,51,3807.0,27
rb1805,20170901,20170831,210736000,3808.0,38536,303704,1467690220.0,3808.0,84,3807.0,27
rb1805,20170901,20170831,210736500,3808.0,38546,303702,1468071020.0,3808.0,76,3807.0,43
rb1805,20170901,20170831,210737000,3808.0,38566,303682,1468832620.0,3808.0,26,3807.0,43
rb1805,20170901,20170831,210737500,3808.0,38618,303654,1470812780.0,3809.0,77,3808.0,1
rb1805,20170901,20170831,210738000,3808.0,38624,303654,1471041280.0,3809.0,86,3808.0,4
rb1805,20170901,20170831,210738500,3808.0,38628,303654,1471193600.0,3809.0,87,3808.0,5
rb1805,20170901,20170831,210739000,3808.0,38638,303660,1471574400.0,3809.0,88,3808.0,3
rb1805,20170901,20170831,210739500,3808.0,38648,303654,1471955200.0,3808.0,6,3807.0,47
rb1805,20170901,20170831,210740000,3808.0,38648,303654,1471955200.0,3808.0,6,3807.0,37
rb1805,20170901,20170831,210740500,3808.0,38648,303654,1471955200.0,3808.0,60,3807.0,38
rb1805,20170901,20170831,210741000,3808.0,38804,303710,1477894380.0,3808.0,54,3806.0,51
rb1805,20170901,20170831,210741500,3808.0,38816,303710,1478351300.0,3808.0,57,3806.0,60
rb1805,20170901,20170831,210742000,3808.0,38816,303710,1478351300.0,3807.0,1,3806.0,60
rb1805,20170901,20170831,210742500,3808.0,38826,303718,1478732060.0,3808.0,61,3807.0,43
rb1805,20170901,20170831,210743000,3808.0,38844,303728,1479417460.0,3808.0,54,3807.0,42
rb1805,20170901,20170831,210743500,3808.0,38844,303728,1479417460.0,3808.0,46,3807.0,42
rb1805,20170901,20170831,210744000,3808.0,38848,303728,1479569760.0,3808.0,45,3807.0,45
rb1805,20170901,20170831,210744500,3808.0,38848,303728,1479569760.0,3808.0,40,3807.0,45
rb1805,20170901,20170831,210745000,3808.0,38888,303744,1481092960.0,3808.0,20,3807.0,47
rb1805,20170901,20170831,210745500,3808.0,38896,303742,1481397580.0,3808.0,17,3807.0,46
rb1805,20170901,20170831,210746000,3807.0,38898,303740,1481473720.0,3808.0,17,3807.0,45
rb1805,20170901,20170831,210746500,3808.0,38932,303774,1482768440.0,3809.0,73,3808.0,34
rb1805,20170901,20170831,210747000,3808.0,38932,303774,1482768440.0,3809.0,77,3808.0,54
rb1805,20170901,20170831,210747500,3808.0,38936,303778,1482920760.0,3809.0,77,3808.0,56
rb1805,20170901,20170831,210748000,3808.0,38946,303788,1483301560.0,3809.0,49,3808.0,51
rb1805,20170901,20170831,210748500,3808.0,39070,303850,1488024300.0,3810.0,41,3808.0,31
rb1805,20170901,20170831,210749000,3808.0,39070,303850,1488024300.0,3810.0,41,3808.0,33
rb1805,20170901,20170831,210749500,3808.0,39070,303850,1488024300.0,3810.0,36,3808.0,34
rb1805,20170901,20170831,210750000,3808.0,39072,303850,1488100460.0,3809.0,1,3808.0,55
rb1805,20170901,20170831,210750500,3809.0,39074,303850,1488176640.0,3810.0,38,3808.0,55
rb1805,20170901,20170831,210751000,3808.0,39080,303848,1488405120.0,3810.0,38,3808.0,52
rb1805,20170901,20170831,210751500,3808.0,39080,303848,1488405120.0,3810.0,38,3808.0,59
rb1805,20170901,20170831,210752000,3808.0,39080,303848,1488405120.0,3810.0,35,3809.0,1
rb1805,20170901,20170831,210752500,3808.0,39080,303848,1488405120.0,3810.0,25,3809.0,3
rb1805,20170901,20170831,210753000,3809.0,39090,303854,1488785940.0,3810.0,25,3809.0,1
rb1805,20170901,20170831,210753500,3809.0,39090,303854,1488785940.0,3810.0,25,3809.0,6
rb1805,20170901,20170831,210754000,3809.0,39092,303856,1488862120.0,3810.0,25,3809.0,14
rb1805,20170901,20170831,210754500,3809.0,39098,303862,1489090660.0,3810.0,25,3809.0,11
rb1805,20170901,20170831,210755000,3810.0,39146,303842,1490919400.0,3810.0,4,3809.0,8
rb1805,20170901,20170831,210755500,3809.0,39148,303842,1490995580.0,3810.0,4,3809.0,9
rb1805,20170901,20170831,210756000,3809.0,39148,303842,1490995580.0,3810.0,4,3809.0,12
rb1805,20170901,20170831,210756500,3809.0,39148,303842,1490995580.0,3810.0,4,3809.0,15
rb1805,20170901,20170831,210757000,3809.0,39182,303816,1492290640.0,3810.0,5,3808.0,47
rb1805,20170901,20170831,210757500,3809.0,39182,303816,1492290640.0,3809.0,1,3808.0,46
rb1805,20170901,20170831,210758000,3809.0,39182,303816,1492290640.0,3809.0,3,3808.0,26
rb1805,20170901,20170831,210758500,3809.0,39186,303812,1492442980.0,3809.0,8,3808.0,23
rb1805,20170901,20170831,210759000,3810.0,39198,303810,1492900100.0,3810.0,18,3809.0,24
rb1805,20170901,20170831,210759500,3808.0,39252,303816,1494956900.0,3809.0,14,3808.0,28
rb1805,20170901,20170831,210800000,3808.0,39252,303816,1494956900.0,3809.0,32,3808.0,26
rb1805,20170901,20170831,210800500,3809.0,39322,303798,1497622760.0,3809.0,65,3808.0,4
rb1805,20170901,20170831,210801000,3808.0,39334,303794,1498079720.0,3808.0,13,3807.0,55
rb1805,20170901,20170831,210801500,3808.0,39360,303768,1499069800.0,3808.0,7,3807.0,22
rb1805,20170901,20170831,210802000,3808.0,39364,303770,1499222120.0,3808.0,7,3807.0,22
rb1805,20170901,20170831,210802500,3809.0,39424,303814,1501507380.0,3809.0,41,3808.0,1
rb1805,20170901,20170831,210803000,3808.0,39428,303814,1501659700.0,3808.0,8,3807.0,21
rb1805,20170901,20170831,210803500,3808.0,39430,303812,1501735860.0,3808.0,12,3807.0,21
rb1805,20170901,20170831,210804000,3808.0,39436,303814,1501964300.0,3808.0,11,3807.0,19
rb1805,20170901,20170831,210804500,3807.0,39448,303812,1502421140.0,3808.0,12,3807.0,13
rb1805,20170901,20170831,210805000,3807.0,39448,303812,1502421140.0,3808.0,16,3807.0,10
rb1805,20170901,20170831,210805500,3807.0,39460,303812,1502877980.0,3808.0,18,3807.0,4
rb1805,20170901,20170831,210806000,3807.0,39470,303814,1503258680.0,3807.0,45,3806.0,75
rb1805,20170901,20170831,210806500,3807.0,39470,303814,1503258680.0,3807.0,27,3806.0,68
rb1805,20170901,20170831,210807000,3807.0,39546,303832,1506151300.0,3807.0,24,3806.0,33
rb1805,20170901,20170831,210807500,3806.0,39620,303822,1508967740.0,3806.0,48,3805.0,131
rb1805,20170901,20170831,210808000,3806.0,39676,303838,1511099100.0,3806.0,7,3805.0,132
rb1805,20170901,20170831,210808500,3806.0,39676,303838,1511099100.0,3806.0,31,3805.0,132
rb1805,20170901,20170831,210809000,3806.0,39698,303850,1511936380.0,3806.0,34,3805.0,118
rb1805,20170901,20170831,210809500,3806.0,39706,303856,1512240800.0,3806.0,33,3805.0,118
rb1805,20170901,20170831,210810000,3805.0,39714,303858,1512545240.0,3806.0,31,3805.0,116
rb1805,20170901,20170831,210810500,3805.0,39724,303850,1512925740.0,3806.0,31,3805.0,112
rb1805,20170901,20170831,210811000,3805.0,39732,303848,1513230160.0,3806.0,30,3805.0,109
rb1805,20170901,20170831,210811500,3805.0,39734,303848,1513306260.0,3806.0,32,3805.0,108
rb1805,20170901,20170831,210812000,3806.0,39740,303848,1513534580.0,3806.0,32,3805.0,106
rb1805,20170901,20170831,210812500,3806.0,39740,303848,1513534580.0,3806.0,35,3805.0,106
rb1805,20170901,20170831,210813000,3805.0,39744,303848,1513686800.0,3806.0,53,3805.0,105
rb1805,20170901,20170831,210813500,3806.0,39754,303846,1514067340.0,3806.0,54,3805.0,102
rb1805,20170901,20170831,210814000,3806.0,39760,303850,1514295680.0,3806.0,52,3805.0,100
rb1805,20170901,20170831,210814500,3805.0,40004,303788,1523579480.0,3805.0,17,3803.0,86
rb1805,20170901,20170831,210815000,3805.0,40012,303788,1523883880.0,3805.0,21,3803.0,86
rb1805,20170901,20170831,210815500,3803.0,40020,303788,1524188120.0,3805.0,27,3803.0,83
rb1805,20170901,20170831,210816000,3805.0,40072,303770,1526165800.0,3805.0,31,3803.0,62
rb1805,20170901,20170831,210816500,3803.0,40380,303818,1537882000.0,3803.0,386,3802.0,212
rb1805,20170901,20170831,210817000,3803.0,40858,304148,1556059960.0,3803.0,166,3802.0,195
rb1805,20170901,20170831,210817500,3803.0,40994,304152,1561231980.0,3803.0,101,3802.0,195
rb1805,20170901,20170831,210818000,3803.0,41156,304274,1567392800.0,3803.0,27,3802.0,193
rb1805,20170901,20170831,210818500,3803.0,41188,304290,1568609740.0,3803.0,12,3802.0,192
rb1805,20170901,20170831,210819000,3803.0,41222,304300,1569902780.0,3804.0,2,3803.0,48
rb1805,20170901,20170831,210819500,3803.0,41252,304294,1571043680.0,3804.0,12,3803.0,30
rb1805,20170901,20170831,210820000,3803.0,41298,304266,1572793080.0,3804.0,11,3803.0,15
rb1805,20170901,20170831,210820500,3804.0,41320,304266,1573629760.0,3804.0,10,3803.0,10
rb1805,20170901,20170831,210821000,3803.0,41350,304250,1574770660.0,3804.0,10,3803.0,1
rb1805,20170901,20170831,210821500,3803.0,41352,304252,1574846720.0,3804.0,2,3803.0,3
rb1805,20170901,20170831,210822000,3804.0,41368,304248,1575455280.0,3805.0,111,3804.0,2
rb1805,20170901,20170831,210822500,3803.0,41440,304292,1578193480.0,3803.0,10,3802.0,196
rb1805,20170901,20170831,210823000,3805.0,41470,304314,1579334560.0,3804.0,1,3803.0,21
rb1805,20170901,20170831,210823500,3804.0,41474,304314,1579486720.0,3805.0,108,3803.0,21
rb1805,20170901,20170831,210824000,3803.0,41480,304312,1579714940.0,3804.0,3,3803.0,28
rb1805,20170901,20170831,210824500,3803.0,41496,304324,1580323440.0,3804.0,2,3803.0,23
rb1805,20170901,20170831,210825000,3803.0,41552,304302,1582453160.0,3804.0,39,3802.0,200
rb1805,20170901,20170831,210825500,3803.0,41556,304302,1582605260.0,3804.0,43,3803.0,1
rb1805,20170901,20170831,210826000,3803.0,41574,304296,1583289800.0,3803.0,25,3802.0,201
rb1805,20170901,20170831,210826500,3803.0,41590,304300,1583898280.0,3803.0,18,3802.0,201
rb1805,20170901,20170831,210827000,3803.0,41590,304300,1583898280.0,3803.0,18,3802.0,201
rb1805,20170901,20170831,210827500,3802.0,41622,304326,1585115180.0,3803.0,5,3802.0,198
rb1805,20170901,20170831,210828000,3803.0,41634,304324,1585571540.0,3804.0,41,3803.0,12
rb1805,20170901,20170831,210828500,3803.0,41634,304324,1585571540.0,3804.0,39,3803.0,13
rb1805,20170901,20170831,210829000,3802.0,41668,304332,1586864500.0,3804.0,39,3802.0,202
rb1805,20170901,20170831,210829500,3803.0,41700,304332,1588081460.0,3804.0,39,3803.0,6
rb1805,20170901,20170831,210830000,3803.0,41712,304342,1588537840.0,3804.0,29,3803.0,2
rb1805,20170901,20170831,210830500,3803.0,41714,304342,1588613900.0,3804.0,29,3803.0,8
rb1805,20170901,20170831,210831000,3803.0,41758,304368,1590287220.0,3803.0,29,3802.0,204
rb1805,20170901,20170831,210831500,3802.0,41836,304392,1593253500.0,3804.0,29,3802.0,206
rb1805,20170901,20170831,210832000,3802.0,41878,304412,1594850420.0,3803.0,24,3802.0,187
rb1805,20170901,20170831,210832500,3803.0,41926,304414,1596675860.0,3803.0,10,3802.0,197
rb1805,20170901,20170831,210833000,3804.0,41948,304406,1597512540.0,3804.0,33,3803.0,10
rb1805,20170901,20170831,210833500,3804.0,41958,304404,1597892940.0,3804.0,27,3802.0,198
rb1805,20170901,20170831,210834000,3804.0,41962,304400,1598045100.0,3804.0,44,3803.0,2
rb1805,20170901,20170831,210834500,3803.0,41978,304402,1598653520.0,3803.0,12,3802.0,202
rb1805,20170901,20170831,210835000,3804.0,42044,304430,1601163260.0,3804.0,65,3802.0,190
rb1805,20170901,20170831,210835500,3803.0,42046,304430,1601239320.0,3803.0,15,3802.0,192
rb1805,20170901,20170831,210836000,3803.0,42050,304434,1601391420.0,3803.0,14,3802.0,193
rb1805,20170901,20170831,210836500,3802.0,42072,304446,1602227860.0,3803.0,14,3802.0,182
rb1805,20170901,20170831,210837000,3803.0,42082,304452,1602608160.0,3803.0,20,3802.0,187
rb1805,20170901,20170831,210837500,3803.0,42108,304464,1603596920.0,3803.0,12,3802.0,186
rb1805,20170901,20170831,210838000,3803.0,42114,304462,1603825100.0,3803.0,12,3802.0,186
rb1805,20170901,20170831,210838500,3803.0,42116,304462,1603901160.0,3803.0,11,3802.0,186
rb1805,20170901,20170831,210839000,3802.0,42130,304462,1604433440.0,3803.0,22,3802.0,179
rb1805,20170901,20170831,210839500,3803.0,42132,304460,1604509500.0,3803.0,21,3802.0,179
rb1805,20170901,20170831,210840000,3803.0,42134,304460,1604585560.0,3803.0,41,3802.0,179
rb1805,20170901,20170831,210840500,3803.0,42190,304430,1606714720.0,3803.0,89,3802.0,153
rb1805,20170901,20170831,210841000,3802.0,42232,304426,1608311760.0,3803.0,52,3802.0,141
rb1805,20170901,20170831,210841500,3803.0,42258,304416,1609300400.0,3803.0,46,3802.0,137
rb1805,20170901,20170831,210842000,3803.0,42268,304422,1609680680.0,3803.0,30,3802.0,129
rb1805,20170901,20170831,210842500,3802.0,42278,304422,1610060880.0,3803.0,31,3802.0,124
rb1805,20170901,20170831,210843000,3802.0,42296,304414,1610745280.0,3803.0,29,3802.0,117
rb1805,20170901,20170831,210843500,3803.0,42312,304418,1611353760.0,3803.0,21,3802.0,137
rb1805,20170901,20170831,210844000,3803.0,42384,304478,1614091900.0,3804.0,98,3802.0,135
rb1805,20170901,20170831,210844500,3804.0,42404,304482,1614852680.0,3803.0,1,3802.0,135
rb1805,20170901,20170831,210845000,3803.0,42406,304482,1614928740.0,3804.0,91,3803.0,1
rb1805,20170901,20170831,210845500,3803.0,42422,304476,1615537220.0,3804.0,106,3803.0,1
rb1805,20170901,20170831,210846000,3802.0,42438,304464,1616145600.0,3803.0,34,3802.0,143
rb1805,20170901,20170831,210846500,3803.0,42462,304460,1617058320.0,3803.0,22,3802.0,147
rb1805,20170901,20170831,210847000,3803.0,42472,304456,1617438620.0,3803.0,10,3802.0,148
rb1805,20170901,20170831,210847500,3803.0,42474,304454,1617514680.0,3803.0,12,3802.0,149
rb1805,20170901,20170831,210848000,3802.0,42486,304454,1617970920.0,3803.0,12,3802.0,145
rb1805,20170901,20170831,210848500,3803.0,42488,304452,1618046980.0,3803.0,11,3802.0,145
rb1805,20170901,20170831,210849000,3802.0,42514,304428,1619035520.0,3803.0,20,3802.0,134
rb1805,20170901,20170831,210849500,3802.0,42560,304424,1620784460.0,3803.0,47,3802.0,118
rb1805,20170901,20170831,210850000,3802.0,42560,304424,1620784460.0,3803.0,48,3802.0,121
rb1805,20170901,20170831,210850500,3802.0,42570,304424,1621164660.0,3803.0,48,3802.0,119
rb1805,20170901,20170831,210851000,3803.0,42578,304426,1621468900.0,3803.0,42,3802.0,119
rb1805,20170901,20170831,210851500,3802.0,42586,304424,1621773120.0,3803.0,39,3802.0,118
rb1805,20170901,20170831,210852000,3803.0,42590,304420,1621925220.0,3803.0,11,3802.0,117
rb1805,20170901,20170831,210852500,3803.0,42600,304420,1622305520.0,3803.0,6,3802.0,117
rb1805,20170901,20170831,210853000,3802.0,42620,304404,1623065920.0,3803.0,6,3802.0,108
rb1805,20170901,20170831,210853500,3803.0,42644,304394,1623978620.0,3803.0,5,3802.0,103
rb1805,20170901,20170831,210854000,3803.0,42648,304394,1624130740.0,3803.0,15,3802.0,102
rb1805,20170901,20170831,210854500,3803.0,42678,304420,1625271640.0,3804.0,133,3803.0,10
rb1805,20170901,20170831,210855000,3803.0,42720,304440,1626868900.0,3803.0,4,3802.0,111
rb1805,20170901,20170831,210855500,3803.0,42734,304442,1627401340.0,3804.0,96,3803.0,23
rb1805,20170901,20170831,210856000,3804.0,42774,304442,1628922580.0,3804.0,104,3803.0,8
rb1805,20170901,20170831,210856500,3803.0,42796,304462,1629759240.0,3804.0,95,3803.0,9
rb1805,20170901,20170831,210857000,3803.0,42816,304464,1630519840.0,3804.0,95,3803.0,32
rb1805,20170901,20170831,210857500,3803.0,42822,304464,1630748020.0,3804.0,95,3803.0,37
rb1805,20170901,20170831,210858000,3803.0,42834,304464,1631204380.0,3804.0,127,3803.0,38
rb1805,20170901,20170831,210858500,3804.0,42862,304484,1632269280.0,3804.0,92,3803.0,30
rb1805,20170901,20170831,210859000,3803.0,42886,304484,1633182020.0,3804.0,93,3803.0,19
rb1805,20170901,20170831,210859500,3804.0,42908,304500,1634018700.0,3804.0,123,3803.0,24
rb1805,20170901,20170831,210900000,3804.0,42954,304528,1635768480.0,3804.0,109,3803.0,52
rb1805,20170901,20170831,210900500,3803.0,42984,304524,1636909380.0,3804.0,90,3803.0,47
rb1805,20170901,20170831,210901000,3803.0,42990,304520,1637137580.0,3804.0,78,3803.0,47
rb1805,20170901,20170831,210901500,3804.0,43018,304512,1638202500.0,3804.0,106,3803.0,37
rb1805,20170901,20170831,210902000,3804.0,43020,304514,1638278580.0,3804.0,104,3803.0,42
rb1805,20170901,20170831,210902500,3803.0,43022,304514,1638354640.0,3804.0,73,3803.0,41
rb1805,20170901,20170831,210903000,3804.0,43098,304582,1641245680.0,3804.0,17,3803.0,59
rb1805,20170901,20170831,210903500,3803.0,43106,304580,1641549960.0,3804.0,15,3803.0,56
rb1805,20170901,20170831,210904000,3803.0,43110,304578,1641702080.0,3804.0,15,3803.0,59
rb1805,20170901,20170831,210904500,3804.0,43138,304560,1642767180.0,3804.0,2,3803.0,65
rb1805,20170901,20170831,210905000,3804.0,43142,304562,1642919340.0,3805.0,88,3804.0,11
rb1805,20170901,20170831,210905500,3804.0,43142,304562,1642919340.0,3805.0,88,3804.0,45
rb1805,20170901,20170831,210906000,3804.0,43178,304554,1644288780.0,3805.0,94,3804.0,37
rb1805,20170901,20170831,210906500,3804.0,43190,304556,1644745260.0,3805.0,94,3804.0,34
rb1805,20170901,20170831,210907000,3804.0,43192,304558,1644821340.0,3805.0,87,3804.0,33
rb1805,20170901,20170831,210907500,3805.0,43210,304556,1645506240.0,3805.0,79,3804.0,36
rb1805,20170901,20170831,210908000,3805.0,43232,304534,1646343160.0,3805.0,104,3804.0,30
rb1805,20170901,20170831,210908500,3805.0,43254,304512,1647180260.0,3805.0,73,3804.0,30
rb1805,20170901,20170831,210909000,3805.0,43254,304512,1647180260.0,3805.0,74,3804.0,35
rb1805,20170901,20170831,210909500,3805.0,43282,304500,1648245660.0,3805.0,60,3804.0,35
rb1805,20170901,20170831,210910000,3805.0,43282,304500,1648245660.0,3805.0,70,3804.0,38
rb1805,20170901,20170831,210910500,3804.0,43388,304406,1652277980.0,3804.0,9,3803.0,70
rb1805,20170901,20170831,210911000,3804.0,43398,304406,1652658380.0,3804.0,4,3803.0,70
rb1805,20170901,20170831,210911500,3804.0,43400,304404,1652734460.0,3804.0,29,3803.0,70
rb1805,20170901,20170831,210912000,3804.0,43404,304404,1652886620.0,3804.0,32,3803.0,68
rb1805,20170901,20170831,210912500,3804.0,43404,304404,1652886620.0,3804.0,32,3803.0,63
rb1805,20170901,20170831,210913000,3804.0,43404,304404,1652886620.0,3804.0,43,3803.0,63
rb1805,20170901,20170831,210913500,3804.0,43406,304404,1652962700.0,3804.0,58,3803.0,64
rb1805,20170901,20170831,210914000,3804.0,43408,304402,1653038780.0,3804.0,47,3803.0,66
rb1805,20170901,20170831,210914500,3803.0,43486,304420,1656005140.0,3804.0,47,3803.0,28
rb1805,20170901,20170831,210915000,3804.0,43490,304420,1656157300.0,3804.0,45,3803.0,28
rb1805,20170901,20170831,210915500,3804.0,43498,304418,1656461620.0,3804.0,61,3803.0,31
rb1805,20170901,20170831,210916000,3804.0,43502,304418,1656613760.0,3804.0,50,3803.0,34
rb1805,20170901,20170831,210916500,3803.0,43504,304418,1656689820.0,3804.0,50,3803.0,34
rb1805,20170901,20170831,210917000,3804.0,43510,304412,1656918060.0,3804.0,48,3803.0,42
rb1805,20170901,20170831,210917500,3804.0,43516,304406,1657146300.0,3804.0,45,3803.0,42
rb1805,20170901,20170831,210918000,3804.0,43522,304408,1657374520.0,3804.0,34,3803.0,35
rb1805,20170901,20170831,210918500,3804.0,43522,304408,1657374520.0,3804.0,34,3803.0,35
rb1805,20170901,20170831,210919000,3804.0,43538,304398,1657983160.0,3804.0,26,3803.0,35
rb1805,20170901,20170831,210919500,3804.0,43538,304398,1657983160.0,3804.0,26,3803.0,35
rb1805,20170901,20170831,210920000,3804.0,43538,304398,1657983160.0,3804.0,26,3803.0,35
rb1805,20170901,20170831,210920500,3804.0,43542,304400,1658135300.0,3804.0,25,3803.0,34
rb1805,20170901,20170831,210921000,3804.0,43542,304400,1658135300.0,3804.0,30,3803.0,59
rb1805,20170901,20170831,210921500,3804.0,43542,304400,1658135300.0,3804.0,30,3803.0,67
rb1805,20170901,20170831,210922000,3804.0,43542,304400,1658135300.0,3804.0,46,3803.0,68
rb1805,20170901,20170831,210922500,3804.0,43544,304400,1658211380.0,3804.0,45,3803.0,69
rb1805,20170901,20170831,210923000,3804.0,43546,304400,1658287460.0,3804.0,44,3803.0,70
rb1805,20170901,20170831,210923500,3803.0,43548,304402,1658363520.0,3804.0,49,3803.0,70
rb1805,20170901,20170831,210924000,3804.0,43586,304402,1659809040.0,3804.0,30,3803.0,78
rb1805,20170901,20170831,210924500,3804.0,43588,304400,1659885120.0,3804.0,29,3803.0,80
rb1805,20170901,20170831,210925000,3804.0,43588,304400,1659885120.0,3804.0,29,3803.0,99
rb1805,20170901,20170831,210925500,3804.0,43588,304400,1659885120.0,3804.0,29,3803.0,101
rb1805,20170901,20170831,210926000,3804.0,43592,304400,1660037280.0,3804.0,27,3803.0,112
rb1805,20170901,20170831,210926500,3804.0,43592,304400,1660037280.0,3804.0,27,3803.0,119
rb1805,20170901,20170831,210927000,3804.0,43598,304404,1660265520.0,3804.0,28,3803.0,120
rb1805,20170901,20170831,210927500,3803.0,43608,304408,1660645820.0,3804.0,30,3803.0,120
rb1805,20170901,20170831,210928000,3804.0,43616,304402,1660950140.0,3804.0,26,3803.0,121
rb1805,20170901,20170831,210928500,3804.0,43616,304402,1660950140.0,3804.0,27,3803.0,121
rb1805,20170901,20170831,210929000,3803.0,43750,304436,1666046160.0,3804.0,49,3803.0,56
rb1805,20170901,20170831,210929500,3803.0,43878,304452,1670914000.0,3803.0,140,3802.0,98
rb1805,20170901,20170831,210930000,3802.0,44088,304546,1678898460.0,3803.0,203,3802.0,6
rb1805,20170901,20170831,210930500,3801.0,44120,304558,1680114900.0,3802.0,38,3801.0,327
rb1805,20170901,20170831,210931000,3801.0,44180,304558,1682395540.0,3802.0,31,3801.0,321
