instrument,tradingday,calendarday,time,lastp,volume,openinterest,turnover,ask1,asksz1,bid1,bidsz1
rb1805,20171023,20171020,183452500,3700.0,0,870704,0.0,0.0,0,0.0,0
rb1805,20171023,20171020,205900500,3696.0,756,870814,27941760.0,3697.0,3,3696.0,1
rb1805,20171023,20171020,210000500,3696.0,1522,871112,56257600.0,3696.0,33,3695.0,29
rb1805,20171023,20171020,210001000,3696.0,2022,871154,74743020.0,3696.0,23,3695.0,47
rb1805,20171023,20171020,210001500,3696.0,3178,871816,117476180.0,3700.0,404,3696.0,59
rb1805,20171023,20171020,210002000,3697.0,3526,871708,130346760.0,3699.0,11,3698.0,2
rb1805,20171023,20171020,210002500,3698.0,3878,871768,143359500.0,3699.0,14,3698.0,12
rb1805,20171023,20171020,210003000,3698.0,4120,871796,152304960.0,3698.0,109,3694.0,14
rb1805,20171023,20171020,210003500,3696.0,4236,871840,156592740.0,3696.0,3,3695.0,31
rb1805,20171023,20171020,210004000,3696.0,4346,871800,160658300.0,3696.0,33,3695.0,11
rb1805,20171023,20171020,210004500,3696.0,4646,871864,171748860.0,3697.0,3,3696.0,18
rb1805,20171023,20171020,210005000,3696.0,4776,871922,176554040.0,3696.0,8,3695.0,5
rb1805,20171023,20171020,210005500,3698.0,4820,871902,178180460.0,3698.0,3,3696.0,21
rb1805,20171023,20171020,210006000,3696.0,4912,871940,181580920.0,3698.0,10,3696.0,202
rb1805,20171023,20171020,210006500,3696.0,4964,871954,183502840.0,3697.0,19,3696.0,187
rb1805,20171023,20171020,210007000,3697.0,5034,871952,186090900.0,3698.0,6,3697.0,7
rb1805,20171023,20171020,210007500,3697.0,5126,871980,189492100.0,3697.0,2,3696.0,186
rb1805,20171023,20171020,210008000,3697.0,5256,872026,194298420.0,3699.0,33,3697.0,5
rb1805,20171023,20171020,210008500,3698.0,5314,872046,196443280.0,3699.0,31,3698.0,1
rb1805,20171023,20171020,210009000,3697.0,5372,872028,198587680.0,3698.0,26,3697.0,3
rb1805,20171023,20171020,210009500,3697.0,5422,872066,200436580.0,3698.0,22,3697.0,13
rb1805,20171023,20171020,210010000,3697.0,5530,872050,204430200.0,3699.0,71,3697.0,36
rb1805,20171023,20171020,210010500,3699.0,5554,872050,205317800.0,3699.0,65,3697.0,33
rb1805,20171023,20171020,210011000,3698.0,5574,872052,206057360.0,3698.0,26,3697.0,25
rb1805,20171023,20171020,210011500,3698.0,5666,872084,209458620.0,3698.0,31,3696.0,190
rb1805,20171023,20171020,210012000,3699.0,5798,872140,214340580.0,3699.0,36,3698.0,2
rb1805,20171023,20171020,210012500,3698.0,5858,872126,216558840.0,3698.0,8,3697.0,49
rb1805,20171023,20171020,210013000,3698.0,5912,872122,218555280.0,3698.0,5,3697.0,33
rb1805,20171023,20171020,210013500,3698.0,6072,872190,224471180.0,3699.0,47,3698.0,51
rb1805,20171023,20171020,210014000,3697.0,6214,872226,229722240.0,3697.0,492,3696.0,167
rb1805,20171023,20171020,210014500,3696.0,6246,872220,230905240.0,3697.0,480,3696.0,167
rb1805,20171023,20171020,210015000,3697.0,6294,872186,232679800.0,3697.0,466,3696.0,174
rb1805,20171023,20171020,210015500,3697.0,6608,871982,244287920.0,3697.0,333,3696.0,171
rb1805,20171023,20171020,210016000,3696.0,6734,871994,248944920.0,3697.0,332,3696.0,110
rb1805,20171023,20171020,210016500,3697.0,6894,872014,254859780.0,3697.0,269,3696.0,96
rb1805,20171023,20171020,210017000,3696.0,6930,872014,256190400.0,3697.0,271,3696.0,81
rb1805,20171023,20171020,210017500,3697.0,7000,871994,258778160.0,3697.0,248,3696.0,74
rb1805,20171023,20171020,210018000,3696.0,7064,871996,261144060.0,3697.0,226,3696.0,66
rb1805,20171023,20171020,210018500,3697.0,7334,871898,271123280.0,3697.0,203,3695.0,63
rb1805,20171023,20171020,210019000,3697.0,7578,871912,280143560.0,3696.0,3,3695.0,70
rb1805,20171023,20171020,210019500,3696.0,7708,871984,284947520.0,3696.0,9,3695.0,35
rb1805,20171023,20171020,210020000,3696.0,7720,871990,285391040.0,3696.0,14,3695.0,103
rb1805,20171023,20171020,210020500,3696.0,7892,871922,291746480.0,3696.0,119,3695.0,15
rb1805,20171023,20171020,210021000,3695.0,7934,871916,293298380.0,3695.0,132,3694.0,306
rb1805,20171023,20171020,210021500,3694.0,7986,871902,295219460.0,3695.0,136,3694.0,294
rb1805,20171023,20171020,210022000,3695.0,8378,871772,309703060.0,3695.0,15,3694.0,253
rb1805,20171023,20171020,210022500,3695.0,8888,871796,328550020.0,3696.0,41,3695.0,32
rb1805,20171023,20171020,210023000,3696.0,9012,871768,333133100.0,3697.0,114,3696.0,6
rb1805,20171023,20171020,210023500,3695.0,9066,871756,335128520.0,3696.0,48,3695.0,76
rb1805,20171023,20171020,210024000,3695.0,9182,871726,339415820.0,3697.0,104,3695.0,94
rb1805,20171023,20171020,210024500,3695.0,9190,871718,339711420.0,3697.0,104,3695.0,93
rb1805,20171023,20171020,210025000,3697.0,9236,871676,341411680.0,3696.0,1,3695.0,90
rb1805,20171023,20171020,210025500,3693.0,9896,871490,365793400.0,3693.0,72,3692.0,351
rb1805,20171023,20171020,210026000,3695.0,11134,871128,411505660.0,3695.0,12,3694.0,2
rb1805,20171023,20171020,210026500,3695.0,11186,871146,413427060.0,3696.0,33,3695.0,4
rb1805,20171023,20171020,210027000,3695.0,11272,871120,416604320.0,3694.0,2,3693.0,3
rb1805,20171023,20171020,210027500,3694.0,11334,871092,418893900.0,3693.0,1,3692.0,64
rb1805,20171023,20171020,210028000,3693.0,11476,870994,424138420.0,3693.0,477,3692.0,67
rb1805,20171023,20171020,210028500,3693.0,11802,870858,436177500.0,3693.0,320,3692.0,15
rb1805,20171023,20171020,210029000,3692.0,11886,870818,439279260.0,3693.0,297,3692.0,8
rb1805,20171023,20171020,210029500,3692.0,12110,870698,447550100.0,3693.0,235,3692.0,33
rb1805,20171023,20171020,210030000,3692.0,12374,870556,457298540.0,3692.0,24,3691.0,121
rb1805,20171023,20171020,210030500,3691.0,12456,870596,460325420.0,3692.0,24,3691.0,93
rb1805,20171023,20171020,210031000,3692.0,12586,870558,465124520.0,3693.0,155,3692.0,1
rb1805,20171023,20171020,210031500,3691.0,12738,870640,470735240.0,3692.0,24,3691.0,25
rb1805,20171023,20171020,210032000,3691.0,12898,870706,476640840.0,3691.0,172,3690.0,173
rb1805,20171023,20171020,210032500,3691.0,13074,870744,483135320.0,3691.0,175,3690.0,98
rb1805,20171023,20171020,210033000,3690.0,13280,870846,490736720.0,3690.0,20,3689.0,57
rb1805,20171023,20171020,210033500,3691.0,13506,870808,499074660.0,3691.0,174,3688.0,115
rb1805,20171023,20171020,210034000,3688.0,13570,870766,501435920.0,3689.0,151,3688.0,118
rb1805,20171023,20171020,210034500,3688.0,14386,870696,531530700.0,3688.0,416,3687.0,35
rb1805,20171023,20171020,210035000,3688.0,15072,870854,556828040.0,3688.0,196,3687.0,67
rb1805,20171023,20171020,210035500,3688.0,15166,870788,560294740.0,3688.0,154,3687.0,80
rb1805,20171023,20171020,210036000,3688.0,15306,870722,565457580.0,3688.0,104,3687.0,95
rb1805,20171023,20171020,210036500,3688.0,15444,870604,570546980.0,3688.0,60,3687.0,94
rb1805,20171023,20171020,210037000,3687.0,15694,870804,579764560.0,3687.0,390,3686.0,114
rb1805,20171023,20171020,210037500,3687.0,15906,870824,587579500.0,3687.0,416,3686.0,50
rb1805,20171023,20171020,210038000,3686.0,16022,870864,591855640.0,3687.0,450,3686.0,24
rb1805,20171023,20171020,210038500,3687.0,16152,870870,596648460.0,3687.0,503,3686.0,147
rb1805,20171023,20171020,210039000,3687.0,16278,870896,601293960.0,3687.0,450,3686.0,150
rb1805,20171023,20171020,210039500,3686.0,16590,870984,612796360.0,3687.0,347,3686.0,132
rb1805,20171023,20171020,210040000,3686.0,17060,871058,630122540.0,3686.0,86,3685.0,158
rb1805,20171023,20171020,210040500,3687.0,17336,870930,640296660.0,3687.0,216,3686.0,23
rb1805,20171023,20171020,210041000,3686.0,17464,870912,645015180.0,3686.0,78,3685.0,192
rb1805,20171023,20171020,210041500,3685.0,17576,870904,649143040.0,3686.0,156,3685.0,159
rb1805,20171023,20171020,210042000,3686.0,17702,870848,653786920.0,3686.0,118,3685.0,143
rb1805,20171023,20171020,210042500,3687.0,18252,871170,674060900.0,3688.0,53,3687.0,99
rb1805,20171023,20171020,210043000,3688.0,18438,871218,680920380.0,3689.0,20,3688.0,24
rb1805,20171023,20171020,210043500,3688.0,18496,871172,683059440.0,3689.0,28,3688.0,5
rb1805,20171023,20171020,210044000,3688.0,18638,871182,688295420.0,3688.0,2,3687.0,136
rb1805,20171023,20171020,210044500,3688.0,18708,871158,690877580.0,3690.0,8,3688.0,1
rb1805,20171023,20171020,210045000,3688.0,19130,871284,706441740.0,3689.0,6,3687.0,19
rb1805,20171023,20171020,210045500,3689.0,19186,871308,708507640.0,3690.0,4,3689.0,13
rb1805,20171023,20171020,210046000,3691.0,19216,871332,709614720.0,3691.0,163,3690.0,32
rb1805,20171023,20171020,210046500,3690.0,19346,871366,714412500.0,3691.0,136,3690.0,6
rb1805,20171023,20171020,210047000,3691.0,19402,871362,716479000.0,3691.0,130,3690.0,19
rb1805,20171023,20171020,210047500,3691.0,19432,871378,717586120.0,3691.0,123,3690.0,110
rb1805,20171023,20171020,210048000,3691.0,19494,871394,719874520.0,3691.0,183,3690.0,116
rb1805,20171023,20171020,210048500,3690.0,19516,871398,720686480.0,3691.0,177,3690.0,115
rb1805,20171023,20171020,210049000,3690.0,19776,871384,730280500.0,3690.0,88,3689.0,51
rb1805,20171023,20171020,210049500,3689.0,19916,871378,735445100.0,3689.0,44,3688.0,125
rb1805,20171023,20171020,210050000,3689.0,19968,871372,737363380.0,3689.0,25,3688.0,131
rb1805,20171023,20171020,210050500,3691.0,20324,871080,750496440.0,3691.0,169,3689.0,2
rb1805,20171023,20171020,210051000,3691.0,20428,871014,754334860.0,3691.0,128,3689.0,21
rb1805,20171023,20171020,210051500,3691.0,20428,871014,754334860.0,3691.0,127,3690.0,6
rb1805,20171023,20171020,210052000,3690.0,20634,871000,761933220.0,3691.0,135,3689.0,4
rb1805,20171023,20171020,210052500,3689.0,20670,870986,763261200.0,3689.0,1,3688.0,71
rb1805,20171023,20171020,210053000,3691.0,20798,870978,767983260.0,3690.0,6,3688.0,86
rb1805,20171023,20171020,210053500,3691.0,20822,870974,768868840.0,3690.0,7,3689.0,8
rb1805,20171023,20171020,210054000,3690.0,20824,870976,768942640.0,3690.0,15,3689.0,14
rb1805,20171023,20171020,210054500,3689.0,20868,870958,770565800.0,3689.0,73,3688.0,92
rb1805,20171023,20171020,210055000,3688.0,21138,870972,780523300.0,3688.0,2,3687.0,8
rb1805,20171023,20171020,210055500,3689.0,21170,870988,781703680.0,3689.0,66,3688.0,9
rb1805,20171023,20171020,210056000,3689.0,21250,871026,784654500.0,3689.0,48,3688.0,10
rb1805,20171023,20171020,210056500,3689.0,21292,870994,786203580.0,3689.0,45,3687.0,24
rb1805,20171023,20171020,210057000,3689.0,21410,870922,790553940.0,3687.0,1,3686.0,41
rb1805,20171023,20171020,210057500,3688.0,21422,870924,790996500.0,3688.0,4,3687.0,38
rb1805,20171023,20171020,210058000,3688.0,21446,870922,791881540.0,3688.0,9,3687.0,40
rb1805,20171023,20171020,210058500,3687.0,21538,870930,795273660.0,3687.0,13,3686.0,47
rb1805,20171023,20171020,210059000,3688.0,21588,870966,797117360.0,3688.0,14,3687.0,1
rb1805,20171023,20171020,210059500,3687.0,21636,870962,798887280.0,3687.0,67,3686.0,49
rb1805,20171023,20171020,210100000,3687.0,21878,870828,807807080.0,3687.0,51,3686.0,1
rb1805,20171023,20171020,210100500,3686.0,21932,870794,809797620.0,3686.0,242,3685.0,112
rb1805,20171023,20171020,210101000,3686.0,22280,870676,822624860.0,3686.0,70,3685.0,111
rb1805,20171023,20171020,210101500,3686.0,22452,870636,828964980.0,3687.0,35,3686.0,113
rb1805,20171023,20171020,210102000,3686.0,23158,870232,854989500.0,3688.0,10,3687.0,1
rb1805,20171023,20171020,210102500,3684.0,23410,870122,864273700.0,3684.0,117,3683.0,31
rb1805,20171023,20171020,210103000,3685.0,23992,870056,885717200.0,3686.0,4,3684.0,1
rb1805,20171023,20171020,210103500,3686.0,24058,870040,888149720.0,3687.0,4,3686.0,1
rb1805,20171023,20171020,210104000,3686.0,24296,869888,896918280.0,3686.0,226,3684.0,21
rb1805,20171023,20171020,210104500,3686.0,24316,869878,897655320.0,3686.0,221,3684.0,27
rb1805,20171023,20171020,210105000,3686.0,24332,869878,898244980.0,3686.0,218,3685.0,2
rb1805,20171023,20171020,210105500,3684.0,24576,869672,907238220.0,3686.0,122,3684.0,232
rb1805,20171023,20171020,210106000,3684.0,24688,869586,911366100.0,3686.0,38,3684.0,227
rb1805,20171023,20171020,210106500,3686.0,24716,869590,912398120.0,3686.0,41,3684.0,220
rb1805,20171023,20171020,210107000,3686.0,24744,869594,913430160.0,3686.0,30,3685.0,2
rb1805,20171023,20171020,210107500,3685.0,24768,869590,914314520.0,3685.0,1,3684.0,298
rb1805,20171023,20171020,210108000,3686.0,24786,869576,914977860.0,3686.0,35,3685.0,32
rb1805,20171023,20171020,210108500,3686.0,24840,869566,916968260.0,3686.0,19,3685.0,41
rb1805,20171023,20171020,210109000,3685.0,24878,869536,918368800.0,3686.0,9,3685.0,46
rb1805,20171023,20171020,210109500,3686.0,24914,869538,919695720.0,3686.0,6,3685.0,51
rb1805,20171023,20171020,210110000,3686.0,24958,869506,921317540.0,3687.0,84,3686.0,25
rb1805,20171023,20171020,210110500,3686.0,25028,869514,923897620.0,3686.0,69,3685.0,38
rb1805,20171023,20171020,210111000,3686.0,25136,869536,927877740.0,3686.0,40,3684.0,358
rb1805,20171023,20171020,210111500,3684.0,25190,869588,929867200.0,3686.0,39,3685.0,2
rb1805,20171023,20171020,210112000,3685.0,25356,869734,935984220.0,3685.0,9,3684.0,333
rb1805,20171023,20171020,210112500,3686.0,25442,869686,939153440.0,3686.0,70,3685.0,8
rb1805,20171023,20171020,210113000,3685.0,25986,869662,959194800.0,3685.0,31,3684.0,93
rb1805,20171023,20171020,210113500,3685.0,26050,869700,961552760.0,3685.0,42,3684.0,72
rb1805,20171023,20171020,210114000,3684.0,26218,869830,967741880.0,3684.0,96,3683.0,61
rb1805,20171023,20171020,210114500,3684.0,26310,869860,971130500.0,3684.0,109,3683.0,34
rb1805,20171023,20171020,210115000,3684.0,26474,869786,977170760.0,3684.0,92,3682.0,80
rb1805,20171023,20171020,210115500,3684.0,26682,869894,984833180.0,3684.0,20,3682.0,87
rb1805,20171023,20171020,210116000,3681.0,27358,869680,1009726740.0,3681.0,71,3680.0,399
rb1805,20171023,20171020,210116500,3681.0,27782,869614,1025335280.0,3683.0,5,3681.0,70
rb1805,20171023,20171020,210117000,3681.0,27830,869612,1027102620.0,3682.0,9,3681.0,18
rb1805,20171023,20171020,210117500,3681.0,27900,869588,1029679500.0,3682.0,84,3681.0,2
rb1805,20171023,20171020,210118000,3681.0,27988,869582,1032918760.0,3681.0,79,3680.0,428
rb1805,20171023,20171020,210118500,3681.0,28932,870286,1067658840.0,3681.0,37,3680.0,2
rb1805,20171023,20171020,210119000,3678.0,29458,870218,1087007600.0,3678.0,177,3677.0,29
rb1805,20171023,20171020,210119500,3675.0,30270,870010,1116862360.0,3678.0,27,3677.0,2
rb1805,20171023,20171020,210120000,3677.0,30812,869994,1136785660.0,3677.0,129,3675.0,118
rb1805,20171023,20171020,210120500,3678.0,31190,869786,1150685760.0,3679.0,10,3678.0,76
rb1805,20171023,20171020,210121000,3680.0,31304,869836,1154879920.0,3680.0,145,3679.0,10
rb1805,20171023,20171020,210121500,3680.0,31594,869780,1165547180.0,3680.0,126,3678.0,66
rb1805,20171023,20171020,210122000,3679.0,31642,869774,1167312920.0,3679.0,13,3678.0,62
rb1805,20171023,20171020,210122500,3678.0,31774,869798,1172168080.0,3679.0,19,3678.0,6
rb1805,20171023,20171020,210123000,3679.0,31846,869784,1174816580.0,3680.0,107,3679.0,2
rb1805,20171023,20171020,210123500,3680.0,31902,869744,1176876960.0,3680.0,105,3679.0,16
rb1805,20171023,20171020,210124000,3678.0,32164,869654,1186514200.0,3680.0,74,3679.0,100
rb1805,20171023,20171020,210124500,3680.0,32374,869778,1194240160.0,3680.0,73,3679.0,42
rb1805,20171023,20171020,210125000,3679.0,32490,869860,1198507800.0,3679.0,41,3678.0,4
rb1805,20171023,20171020,210125500,3679.0,32708,869798,1206528820.0,3680.0,57,3679.0,5
rb1805,20171023,20171020,210126000,3679.0,32862,869854,1212194600.0,3679.0,19,3677.0,50
rb1805,20171023,20171020,210126500,3679.0,32924,869826,1214475520.0,3679.0,13,3678.0,32
rb1805,20171023,20171020,210127000,3679.0,32944,869810,1215211320.0,3679.0,14,3678.0,160
rb1805,20171023,20171020,210127500,3679.0,33074,869780,1219995020.0,3680.0,10,3679.0,12
rb1805,20171023,20171020,210128000,3679.0,33114,869772,1221466700.0,3680.0,18,3679.0,31
rb1805,20171023,20171020,210128500,3680.0,33148,869754,1222717640.0,3680.0,29,3679.0,51
rb1805,20171023,20171020,210129000,3679.0,33292,869760,1228015800.0,3680.0,9,3679.0,28
rb1805,20171023,20171020,210129500,3680.0,33560,869758,1237873620.0,3680.0,66,3679.0,74
rb1805,20171023,20171020,210130000,3679.0,33832,869724,1247881660.0,3679.0,4,3678.0,111
rb1805,20171023,20171020,210130500,3679.0,33894,869692,1250162720.0,3680.0,71,3679.0,8
rb1805,20171023,20171020,210131000,3679.0,34036,869662,1255387720.0,3680.0,6,3679.0,7
rb1805,20171023,20171020,210131500,3680.0,34088,869666,1257301320.0,3681.0,105,3680.0,106
rb1805,20171023,20171020,210132000,3680.0,34342,869678,1266650520.0,3681.0,5,3680.0,77
rb1805,20171023,20171020,210132500,3681.0,34362,869670,1267386720.0,3682.0,155,3681.0,11
rb1805,20171023,20171020,210133000,3681.0,34404,869652,1268932680.0,3681.0,50,3680.0,79
rb1805,20171023,20171020,210133500,3680.0,34638,869772,1277543860.0,3680.0,22,3679.0,64
rb1805,20171023,20171020,210134000,3680.0,34704,869800,1279972580.0,3680.0,38,3679.0,96
rb1805,20171023,20171020,210134500,3680.0,34764,869848,1282180540.0,3680.0,45,3679.0,110
rb1805,20171023,20171020,210135000,3680.0,34786,869860,1282990120.0,3680.0,35,3679.0,115
rb1805,20171023,20171020,210135500,3679.0,34798,869856,1283431680.0,3680.0,34,3679.0,114
rb1805,20171023,20171020,210136000,3680.0,34838,869836,1284903580.0,3680.0,24,3679.0,101
rb1805,20171023,20171020,210136500,3680.0,34896,869812,1287037980.0,3681.0,45,3680.0,5
rb1805,20171023,20171020,210137000,3680.0,34948,869846,1288951580.0,3680.0,68,3679.0,107
rb1805,20171023,20171020,210137500,3680.0,34992,869852,1290570620.0,3680.0,62,3679.0,103
rb1805,20171023,20171020,210138000,3680.0,35056,869808,1292925740.0,3680.0,35,3679.0,100
rb1805,20171023,20171020,210138500,3680.0,35382,869764,1304918520.0,3679.0,1,3678.0,181
rb1805,20171023,20171020,210139000,3679.0,35538,869660,1310658060.0,3680.0,66,3679.0,94
rb1805,20171023,20171020,210139500,3680.0,35612,869660,1313381220.0,3680.0,28,3679.0,106
rb1805,20171023,20171020,210140000,3680.0,35684,869622,1316030820.0,3681.0,68,3680.0,12
rb1805,20171023,20171020,210140500,3680.0,35694,869618,1316398880.0,3681.0,59,3680.0,18
rb1805,20171023,20171020,210141000,3681.0,35964,869568,1326332900.0,3681.0,64,3680.0,3
rb1805,20171023,20171020,210141500,3681.0,36024,869548,1328541420.0,3681.0,38,3680.0,10
rb1805,20171023,20171020,210142000,3680.0,36040,869560,1329130240.0,3681.0,38,3680.0,36
rb1805,20171023,20171020,210142500,3681.0,36084,869570,1330749620.0,3681.0,35,3679.0,22
rb1805,20171023,20171020,210143000,3681.0,36120,869578,1332074780.0,3680.0,2,3679.0,36
rb1805,20171023,20171020,210143500,3681.0,36234,869594,1336271060.0,3682.0,187,3681.0,17
rb1805,20171023,20171020,210144000,3681.0,36314,869618,1339215620.0,3681.0,162,3680.0,22
rb1805,20171023,20171020,210144500,3680.0,36378,869652,1341570900.0,3681.0,125,3680.0,3
rb1805,20171023,20171020,210145000,3681.0,36624,869734,1350625740.0,3681.0,17,3680.0,55
rb1805,20171023,20171020,210145500,3680.0,36636,869732,1351067420.0,3681.0,18,3680.0,69
rb1805,20171023,20171020,210146000,3681.0,36704,869694,1353570300.0,3681.0,6,3680.0,64
rb1805,20171023,20171020,210146500,3681.0,36868,869572,1359605920.0,3681.0,49,3680.0,6
rb1805,20171023,20171020,210147000,3681.0,36912,869570,1361225540.0,3681.0,33,3680.0,24
rb1805,20171023,20171020,210147500,3679.0,37202,869764,1371898880.0,3680.0,5,3679.0,56
rb1805,20171023,20171020,210148000,3680.0,37394,869776,1378964480.0,3682.0,188,3681.0,4
rb1805,20171023,20171020,210148500,3681.0,37444,869776,1380804880.0,3681.0,48,3680.0,6
rb1805,20171023,20171020,210149000,3680.0,37502,869816,1382939480.0,3680.0,12,3679.0,67
rb1805,20171023,20171020,210149500,3680.0,37670,869890,1389122040.0,3680.0,52,3679.0,67
rb1805,20171023,20171020,210150000,3681.0,37822,870006,1394715880.0,3681.0,63,3680.0,137
rb1805,20171023,20171020,210150500,3681.0,37832,870006,1395083960.0,3681.0,55,3680.0,138
rb1805,20171023,20171020,210151000,3680.0,37860,870010,1396114580.0,3681.0,44,3680.0,139
rb1805,20171023,20171020,210151500,3681.0,37888,869998,1397145240.0,3681.0,34,3680.0,180
rb1805,20171023,20171020,210152000,3681.0,37922,870008,1398396560.0,3681.0,29,3680.0,191
rb1805,20171023,20171020,210152500,3681.0,37936,870016,1398911900.0,3681.0,46,3680.0,219
rb1805,20171023,20171020,210153000,3681.0,38022,870040,1402077540.0,3681.0,4,3680.0,220
rb1805,20171023,20171020,210153500,3681.0,38040,870044,1402740080.0,3681.0,7,3680.0,218
rb1805,20171023,20171020,210154000,3681.0,38058,870060,1403402660.0,3682.0,192,3681.0,106
rb1805,20171023,20171020,210154500,3681.0,38416,870244,1416579740.0,3682.0,202,3681.0,88
rb1805,20171023,20171020,210155000,3680.0,38858,870144,1432849600.0,3682.0,202,3680.0,162
rb1805,20171023,20171020,210155500,3680.0,38886,870140,1433880140.0,3681.0,7,3680.0,146
rb1805,20171023,20171020,210156000,3681.0,38914,870140,1434910700.0,3681.0,44,3680.0,141
rb1805,20171023,20171020,210156500,3680.0,39228,870182,1446466300.0,3681.0,38,3679.0,95
rb1805,20171023,20171020,210157000,3681.0,39230,870184,1446539920.0,3681.0,39,3679.0,95
rb1805,20171023,20171020,210157500,3681.0,39234,870186,1446687160.0,3681.0,40,3680.0,1
rb1805,20171023,20171020,210158000,3681.0,39244,870190,1447055180.0,3681.0,47,3680.0,4
rb1805,20171023,20171020,210158500,3679.0,39292,870198,1448821500.0,3681.0,45,3679.0,66
rb1805,20171023,20171020,210159000,3681.0,39298,870204,1449042360.0,3681.0,45,3680.0,1
rb1805,20171023,20171020,210159500,3680.0,39476,870344,1455594420.0,3682.0,202,3680.0,7
rb1805,20171023,20171020,210200000,3681.0,39490,870340,1456109740.0,3681.0,1,3680.0,7
rb1805,20171023,20171020,210200500,3681.0,39522,870348,1457287660.0,3682.0,223,3681.0,7
rb1805,20171023,20171020,210201000,3680.0,39546,870336,1458171000.0,3681.0,48,3680.0,39
rb1805,20171023,20171020,210201500,3681.0,39558,870338,1458612700.0,3681.0,42,3680.0,44
rb1805,20171023,20171020,210202000,3681.0,39560,870340,1458686320.0,3681.0,49,3680.0,45
rb1805,20171023,20171020,210202500,3680.0,39578,870348,1459348820.0,3681.0,74,3680.0,44
rb1805,20171023,20171020,210203000,3681.0,39652,870414,1462072700.0,3681.0,43,3680.0,42
rb1805,20171023,20171020,210203500,3681.0,39666,870426,1462587920.0,3681.0,43,3680.0,548
rb1805,20171023,20171020,210204000,3680.0,39808,870482,1467814480.0,3681.0,23,3680.0,530
rb1805,20171023,20171020,210204500,3681.0,40070,870546,1477456440.0,3681.0,14,3680.0,424
rb1805,20171023,20171020,210205000,3681.0,40258,870640,1484375160.0,3681.0,2,3680.0,349
rb1805,20171023,20171020,210205500,3680.0,40320,870688,1486656860.0,3682.0,206,3680.0,324
rb1805,20171023,20171020,210206000,3680.0,40418,870746,1490263420.0,3681.0,3,3680.0,292
rb1805,20171023,20171020,210206500,3680.0,40702,870768,1500714660.0,3681.0,65,3680.0,153
rb1805,20171023,20171020,210207000,3680.0,41002,871000,1511754680.0,3681.0,50,3680.0,23
rb1805,20171023,20171020,210207500,3680.0,41088,871030,1514919300.0,3680.0,134,3679.0,78
rb1805,20171023,20171020,210208000,3680.0,41138,871080,1516759280.0,3680.0,99,3679.0,77
rb1805,20171023,20171020,210208500,3680.0,41158,871098,1517495220.0,3680.0,85,3679.0,84
rb1805,20171023,20171020,210209000,3679.0,41244,871096,1520659420.0,3680.0,64,3679.0,54
rb1805,20171023,20171020,210209500,3679.0,41418,871068,1527060680.0,3680.0,55,3678.0,267
rb1805,20171023,20171020,210210000,3679.0,41476,871054,1529194500.0,3680.0,70,3678.0,267
rb1805,20171023,20171020,210210500,3678.0,41504,871040,1530224600.0,3679.0,52,3678.0,266
rb1805,20171023,20171020,210211000,3679.0,41540,871066,1531549020.0,3679.0,37,3678.0,267
rb1805,20171023,20171020,210211500,3678.0,41692,871018,1537139620.0,3679.0,40,3678.0,194
rb1805,20171023,20171020,210212000,3678.0,41872,870938,1543760060.0,3679.0,61,3678.0,108
rb1805,20171023,20171020,210212500,3678.0,41956,870898,1546849720.0,3679.0,61,3678.0,74
rb1805,20171023,20171020,210213000,3678.0,41996,870886,1548321000.0,3679.0,54,3678.0,58
rb1805,20171023,20171020,210213500,3678.0,42018,870900,1549130300.0,3679.0,50,3678.0,54
rb1805,20171023,20171020,210214000,3679.0,42038,870902,1549866060.0,3679.0,54,3678.0,55
rb1805,20171023,20171020,210214500,3678.0,42368,871036,1562000960.0,3678.0,9,3676.0,32
rb1805,20171023,20171020,210215000,3678.0,42398,871050,1563104360.0,3678.0,14,3677.0,30
rb1805,20171023,20171020,210215500,3676.0,42572,870944,1569501320.0,3676.0,1,3675.0,524
rb1805,20171023,20171020,210216000,3676.0,43004,870822,1585382260.0,3678.0,53,3676.0,25
rb1805,20171023,20171020,210216500,3676.0,43040,870818,1586705960.0,3678.0,19,3676.0,24
rb1805,20171023,20171020,210217000,3678.0,43072,870826,1587882520.0,3678.0,16,3676.0,40
rb1805,20171023,20171020,210217500,3676.0,43218,870914,1593249560.0,3676.0,31,3675.0,557
rb1805,20171023,20171020,210218000,3676.0,43338,870892,1597661560.0,3678.0,34,3676.0,156
rb1805,20171023,20171020,210218500,3678.0,43428,870848,1600970000.0,3678.0,9,3677.0,6
rb1805,20171023,20171020,210219000,3676.0,43484,870824,1603028900.0,3677.0,3,3676.0,125
rb1805,20171023,20171020,210219500,3678.0,43504,870838,1603764440.0,3678.0,15,3677.0,9
rb1805,20171023,20171020,210220000,3676.0,43612,870874,1607734960.0,3678.0,18,3677.0,53
rb1805,20171023,20171020,210220500,3678.0,43684,870928,1610383140.0,3679.0,36,3678.0,9
rb1805,20171023,20171020,210221000,3678.0,43710,870924,1611339420.0,3679.0,37,3678.0,1
rb1805,20171023,20171020,210221500,3679.0,43734,870930,1612222200.0,3679.0,54,3678.0,9
rb1805,20171023,20171020,210222000,3678.0,43740,870928,1612442880.0,3679.0,54,3678.0,12
rb1805,20171023,20171020,210222500,3679.0,43754,870936,1612957900.0,3679.0,49,3678.0,16
rb1805,20171023,20171020,210223000,3679.0,43758,870940,1613105060.0,3679.0,48,3678.0,16
rb1805,20171023,20171020,210223500,3679.0,43860,870958,1616857620.0,3680.0,90,3679.0,6
rb1805,20171023,20171020,210224000,3678.0,43920,870972,1619064860.0,3680.0,88,3679.0,6
rb1805,20171023,20171020,210224500,3680.0,44008,870956,1622302320.0,3680.0,73,3678.0,26
rb1805,20171023,20171020,210225000,3681.0,44232,870810,1630545500.0,3681.0,10,3679.0,39
rb1805,20171023,20171020,210225500,3680.0,44240,870808,1630839840.0,3681.0,28,3679.0,40
rb1805,20171023,20171020,210226000,3681.0,44248,870806,1631134200.0,3681.0,37,3680.0,5
rb1805,20171023,20171020,210226500,3680.0,44260,870806,1631575800.0,3680.0,11,3679.0,99
rb1805,20171023,20171020,210227000,3680.0,44336,870800,1634372240.0,3681.0,38,3679.0,90
rb1805,20171023,20171020,210227500,3681.0,44364,870816,1635402920.0,3681.0,25,3680.0,22
rb1805,20171023,20171020,210228000,3681.0,44366,870816,1635476540.0,3681.0,30,3680.0,22
rb1805,20171023,20171020,210228500,3680.0,44378,870810,1635918220.0,3681.0,29,3680.0,88
rb1805,20171023,20171020,210229000,3680.0,44400,870830,1636727820.0,3681.0,40,3680.0,79
rb1805,20171023,20171020,210229500,3681.0,44414,870828,1637243160.0,3681.0,153,3680.0,90
rb1805,20171023,20171020,210230000,3680.0,44476,870844,1639525000.0,3681.0,141,3680.0,122
rb1805,20171023,20171020,210230500,3681.0,44478,870844,1639598620.0,3681.0,140,3680.0,124
rb1805,20171023,20171020,210231000,3681.0,44530,870836,1641512720.0,3681.0,100,3680.0,127
rb1805,20171023,20171020,210231500,3680.0,44598,870864,1644015540.0,3681.0,91,3680.0,115
rb1805,20171023,20171020,210232000,3681.0,44604,870870,1644236400.0,3681.0,118,3680.0,122
rb1805,20171023,20171020,210232500,3681.0,44636,870878,1645414320.0,3681.0,103,3680.0,142
rb1805,20171023,20171020,210233000,3680.0,44676,870896,1646886700.0,3681.0,89,3680.0,141
rb1805,20171023,20171020,210233500,3681.0,44702,870900,1647843740.0,3681.0,77,3680.0,144
rb1805,20171023,20171020,210234000,3681.0,44862,870896,1653733360.0,3682.0,205,3681.0,224
rb1805,20171023,20171020,210234500,3682.0,44972,870868,1657782920.0,3682.0,183,3681.0,210
rb1805,20171023,20171020,210235000,3681.0,45120,870864,1663230820.0,3682.0,188,3681.0,145
rb1805,20171023,20171020,210235500,3681.0,45242,870842,1667721760.0,3682.0,179,3681.0,110
rb1805,20171023,20171020,210236000,3681.0,45290,870808,1669488680.0,3682.0,200,3681.0,104
rb1805,20171023,20171020,210236500,3682.0,45292,870808,1669562320.0,3682.0,199,3681.0,107
rb1805,20171023,20171020,210237000,3681.0,45312,870798,1670298600.0,3682.0,209,3681.0,104
rb1805,20171023,20171020,210237500,3682.0,45322,870800,1670666800.0,3682.0,206,3681.0,106
rb1805,20171023,20171020,210238000,3682.0,45342,870804,1671403200.0,3682.0,197,3681.0,112
rb1805,20171023,20171020,210238500,3681.0,45524,870832,1678103440.0,3682.0,163,3681.0,62
rb1805,20171023,20171020,210239000,3682.0,45534,870830,1678471620.0,3682.0,159,3681.0,61
rb1805,20171023,20171020,210239500,3682.0,45552,870822,1679134360.0,3682.0,151,3681.0,63
rb1805,20171023,20171020,210240000,3682.0,45568,870814,1679723460.0,3682.0,154,3681.0,85
rb1805,20171023,20171020,210240500,3681.0,45742,870858,1686128420.0,3681.0,24,3680.0,332
rb1805,20171023,20171020,210241000,3681.0,45764,870874,1686938240.0,3681.0,48,3680.0,332
rb1805,20171023,20171020,210241500,3681.0,45798,870858,1688189760.0,3681.0,33,3680.0,331
rb1805,20171023,20171020,210242000,3681.0,45856,870858,1690324740.0,3681.0,6,3680.0,323
rb1805,20171023,20171020,210242500,3681.0,45866,870858,1690692840.0,3681.0,6,3680.0,323
rb1805,20171023,20171020,210243000,3681.0,45892,870858,1691649900.0,3681.0,3,3680.0,327
rb1805,20171023,20171020,210243500,3681.0,45900,870852,1691944380.0,3682.0,130,3681.0,10
rb1805,20171023,20171020,210244000,3681.0,45962,870856,1694226600.0,3682.0,133,3681.0,7
rb1805,20171023,20171020,210244500,3681.0,46014,870834,1696140580.0,3681.0,173,3680.0,353
rb1805,20171023,20171020,210245000,3681.0,46200,870758,1702985820.0,3681.0,137,3680.0,281
rb1805,20171023,20171020,210245500,3681.0,46468,870758,1712848260.0,3681.0,135,3680.0,150
rb1805,20171023,20171020,210246000,3681.0,46600,870768,1717705960.0,3681.0,135,3680.0,87
rb1805,20171023,20171020,210246500,3681.0,46610,870778,1718074060.0,3681.0,130,3680.0,86
rb1805,20171023,20171020,210247000,3681.0,46856,870830,1727129080.0,3681.0,12,3680.0,76
rb1805,20171023,20171020,210247500,3681.0,46958,870798,1730882700.0,3681.0,22,3680.0,39
rb1805,20171023,20171020,210248000,3681.0,46980,870798,1731692340.0,3681.0,56,3680.0,34
rb1805,20171023,20171020,210248500,3680.0,46990,870798,1732060400.0,3681.0,55,3680.0,48
rb1805,20171023,20171020,210249000,3681.0,47028,870804,1733459120.0,3681.0,19,3680.0,46
rb1805,20171023,20171020,210249500,3680.0,47116,870856,1736697560.0,3681.0,27,3680.0,4
rb1805,20171023,20171020,210250000,3680.0,47118,870854,1736771160.0,3681.0,27,3680.0,28
rb1805,20171023,20171020,210250500,3681.0,47122,870854,1736918400.0,3681.0,27,3680.0,28
rb1805,20171023,20171020,210251000,3681.0,47136,870854,1737433740.0,3681.0,21,3680.0,31
rb1805,20171023,20171020,210251500,3681.0,47190,870862,1739421480.0,3682.0,189,3681.0,22
rb1805,20171023,20171020,210252000,3681.0,47194,870864,1739568720.0,3682.0,186,3681.0,2
rb1805,20171023,20171020,210252500,3681.0,47198,870860,1739715960.0,3681.0,6,3680.0,58
rb1805,20171023,20171020,210253000,3680.0,47216,870866,1740378500.0,3682.0,186,3680.0,58
rb1805,20171023,20171020,210253500,3680.0,47244,870870,1741409360.0,3682.0,187,3680.0,50
rb1805,20171023,20171020,210254000,3680.0,47372,870836,1746119980.0,3681.0,20,3679.0,132
rb1805,20171023,20171020,210254500,3680.0,47514,870836,1751344580.0,3681.0,52,3680.0,9
rb1805,20171023,20171020,210255000,3681.0,47518,870836,1751491820.0,3681.0,61,3680.0,10
rb1805,20171023,20171020,210255500,3680.0,47544,870858,1752448600.0,3680.0,135,3679.0,75
rb1805,20171023,20171020,210256000,3680.0,47554,870848,1752816600.0,3680.0,97,3679.0,75
rb1805,20171023,20171020,210256500,3680.0,47562,870844,1753111000.0,3680.0,94,3679.0,77
rb1805,20171023,20171020,210257000,3680.0,47562,870844,1753111000.0,3680.0,90,3679.0,82
rb1805,20171023,20171020,210257500,3680.0,47652,870836,1756423000.0,3680.0,45,3679.0,82
rb1805,20171023,20171020,210258000,3681.0,47770,870828,1760765680.0,3681.0,55,3680.0,80
rb1805,20171023,20171020,210258500,3681.0,47784,870836,1761280960.0,3681.0,43,3680.0,163
rb1805,20171023,20171020,210259000,3681.0,48044,870838,1770850480.0,3682.0,174,3681.0,4
rb1805,20171023,20171020,210259500,3680.0,48066,870820,1771660160.0,3681.0,49,3680.0,108
rb1805,20171023,20171020,210300000,3680.0,48106,870826,1773132460.0,3681.0,2,3680.0,103
rb1805,20171023,20171020,210300500,3680.0,48322,870756,1781081280.0,3680.0,263,3679.0,90
rb1805,20171023,20171020,210301000,3680.0,48362,870758,1782552900.0,3680.0,273,3679.0,68
rb1805,20171023,20171020,210301500,3680.0,48394,870778,1783730200.0,3680.0,272,3679.0,53
rb1805,20171023,20171020,210302000,3679.0,48508,870852,1787924260.0,3679.0,9,3678.0,60
rb1805,20171023,20171020,210302500,3678.0,48520,870858,1788365700.0,3679.0,79,3678.0,50
rb1805,20171023,20171020,210303000,3677.0,48712,870994,1795427440.0,3678.0,46,3677.0,45
rb1805,20171023,20171020,210303500,3678.0,48764,871020,1797339660.0,3678.0,120,3677.0,28
rb1805,20171023,20171020,210304000,3677.0,48820,871032,1799398780.0,3677.0,55,3676.0,204
rb1805,20171023,20171020,210304500,3677.0,48866,871040,1801089800.0,3677.0,121,3676.0,184
rb1805,20171023,20171020,210305000,3677.0,48914,871010,1802854320.0,3677.0,140,3676.0,168
rb1805,20171023,20171020,210305500,3676.0,48950,870980,1804177860.0,3677.0,159,3676.0,159
rb1805,20171023,20171020,210306000,3676.0,49004,870976,1806162900.0,3677.0,159,3676.0,132
rb1805,20171023,20171020,210306500,3676.0,49056,870960,1808074760.0,3677.0,143,3676.0,123
rb1805,20171023,20171020,210307000,3677.0,49158,870926,1811824480.0,3677.0,129,3676.0,81
rb1805,20171023,20171020,210307500,3676.0,49178,870926,1812559740.0,3677.0,126,3676.0,75
rb1805,20171023,20171020,210308000,3676.0,49184,870922,1812780340.0,3677.0,124,3676.0,88
rb1805,20171023,20171020,210308500,3676.0,49382,870820,1820059020.0,3676.0,1,3675.0,428
rb1805,20171023,20171020,210309000,3676.0,49574,870742,1827117660.0,3677.0,36,3676.0,11
rb1805,20171023,20171020,210309500,3677.0,49590,870748,1827705860.0,3677.0,36,3676.0,17
rb1805,20171023,20171020,210310000,3677.0,49610,870752,1828441220.0,3677.0,28,3676.0,42
rb1805,20171023,20171020,210310500,3676.0,49686,870742,1831235760.0,3678.0,33,3677.0,10
rb1805,20171023,20171020,210311000,3678.0,49702,870754,1831823980.0,3678.0,29,3677.0,177
rb1805,20171023,20171020,210311500,3677.0,49772,870756,1834397900.0,3678.0,34,3677.0,167
rb1805,20171023,20171020,210312000,3677.0,49808,870752,1835721660.0,3678.0,38,3677.0,156
rb1805,20171023,20171020,210312500,3677.0,49916,870750,1839693800.0,3679.0,71,3678.0,10
rb1805,20171023,20171020,210313000,3679.0,49928,870754,1840135260.0,3679.0,66,3678.0,21
rb1805,20171023,20171020,210313500,3677.0,50106,870796,1846680860.0,3678.0,37,3677.0,95
rb1805,20171023,20171020,210314000,3677.0,50386,870808,1856978420.0,3679.0,71,3677.0,66
rb1805,20171023,20171020,210314500,3677.0,50398,870808,1857419660.0,3678.0,8,3677.0,42
rb1805,20171023,20171020,210315000,3678.0,50406,870808,1857713920.0,3679.0,78,3678.0,39
rb1805,20171023,20171020,210315500,3678.0,50418,870800,1858155320.0,3679.0,66,3678.0,40
rb1805,20171023,20171020,210316000,3678.0,50618,870860,1865510220.0,3679.0,65,3677.0,18
rb1805,20171023,20171020,210316500,3678.0,50624,870860,1865730880.0,3678.0,1,3677.0,41
rb1805,20171023,20171020,210317000,3678.0,50696,870800,1868379060.0,3679.0,70,3677.0,57
rb1805,20171023,20171020,210317500,3677.0,50722,870800,1869335140.0,3679.0,70,3677.0,48
rb1805,20171023,20171020,210318000,3677.0,50776,870814,1871320780.0,3679.0,79,3677.0,26
rb1805,20171023,20171020,210318500,3678.0,50786,870822,1871688580.0,3678.0,10,3677.0,38
rb1805,20171023,20171020,210319000,3679.0,50828,870802,1873233560.0,3679.0,68,3678.0,34
rb1805,20171023,20171020,210319500,3677.0,51014,870654,1880073540.0,3677.0,10,3676.0,202
rb1805,20171023,20171020,210320000,3678.0,51062,870648,1881838760.0,3678.0,3,3677.0,91
rb1805,20171023,20171020,210320500,3679.0,51136,870624,1884560800.0,3679.0,47,3678.0,14
rb1805,20171023,20171020,210321000,3679.0,51272,870588,1889562680.0,3679.0,25,3678.0,17
rb1805,20171023,20171020,210321500,3679.0,51288,870588,1890151200.0,3679.0,23,3678.0,45
rb1805,20171023,20171020,210322000,3678.0,51290,870586,1890224760.0,3679.0,18,3678.0,59
rb1805,20171023,20171020,210322500,3679.0,51306,870576,1890813360.0,3679.0,22,3678.0,68
rb1805,20171023,20171020,210323000,3678.0,51376,870588,1893388000.0,3679.0,28,3678.0,75
rb1805,20171023,20171020,210323500,3678.0,51426,870596,1895227000.0,3679.0,28,3678.0,52
rb1805,20171023,20171020,210324000,3678.0,51498,870534,1897875220.0,3679.0,28,3678.0,20
rb1805,20171023,20171020,210324500,3678.0,51510,870534,1898316660.0,3679.0,16,3678.0,19
rb1805,20171023,20171020,210325000,3679.0,51556,870534,1900009000.0,3680.0,349,3679.0,19
rb1805,20171023,20171020,210325500,3679.0,51558,870536,1900082580.0,3680.0,449,3679.0,4
rb1805,20171023,20171020,210326000,3679.0,51604,870556,1901774680.0,3679.0,23,3678.0,42
rb1805,20171023,20171020,210326500,3679.0,51618,870554,1902289660.0,3679.0,16,3678.0,50
rb1805,20171023,20171020,210327000,3678.0,51708,870530,1905600960.0,3680.0,436,3678.0,51
rb1805,20171023,20171020,210327500,3678.0,51708,870530,1905600960.0,3679.0,2,3678.0,57
rb1805,20171023,20171020,210328000,3679.0,51712,870530,1905748120.0,3680.0,436,3678.0,57
rb1805,20171023,20171020,210328500,3678.0,51806,870490,1909205520.0,3679.0,3,3678.0,14
rb1805,20171023,20171020,210329000,3679.0,51862,870486,1911265880.0,3679.0,91,3678.0,36
rb1805,20171023,20171020,210329500,3679.0,52110,870458,1920389820.0,3679.0,10,3678.0,54
rb1805,20171023,20171020,210330000,3680.0,52138,870444,1921419980.0,3680.0,426,3679.0,35
rb1805,20171023,20171020,210330500,3680.0,52174,870434,1922744600.0,3680.0,419,3679.0,10
rb1805,20171023,20171020,210331000,3679.0,52200,870428,1923701180.0,3680.0,417,3678.0,70
rb1805,20171023,20171020,210331500,3678.0,52218,870436,1924363260.0,3679.0,10,3678.0,73
rb1805,20171023,20171020,210332000,3680.0,52280,870416,1926644600.0,3680.0,399,3679.0,15
rb1805,20171023,20171020,210332500,3679.0,52416,870294,1931649200.0,3680.0,341,3679.0,22
rb1805,20171023,20171020,210333000,3679.0,52440,870272,1932532380.0,3680.0,334,3679.0,25
rb1805,20171023,20171020,210333500,3680.0,52482,870246,1934077760.0,3680.0,324,3679.0,16
rb1805,20171023,20171020,210334000,3679.0,52514,870252,1935255020.0,3679.0,2,3678.0,79
rb1805,20171023,20171020,210334500,3680.0,52522,870252,1935549380.0,3680.0,325,3679.0,5
rb1805,20171023,20171020,210335000,3680.0,52578,870208,1937610100.0,3680.0,301,3679.0,22
rb1805,20171023,20171020,210335500,3679.0,52650,870142,1940259640.0,3680.0,268,3679.0,30
rb1805,20171023,20171020,210336000,3680.0,52656,870138,1940480440.0,3680.0,265,3679.0,36
rb1805,20171023,20171020,210336500,3680.0,52746,870122,1943792440.0,3680.0,220,3679.0,37
rb1805,20171023,20171020,210337000,3680.0,53166,870054,1959248240.0,3680.0,50,3679.0,34
rb1805,20171023,20171020,210337500,3680.0,53204,870056,1960646640.0,3680.0,37,3679.0,39
rb1805,20171023,20171020,210338000,3680.0,53238,870036,1961897640.0,3680.0,63,3679.0,30
rb1805,20171023,20171020,210338500,3679.0,53274,870018,1963222360.0,3680.0,109,3679.0,56
rb1805,20171023,20171020,210339000,3680.0,53682,869874,1978229900.0,3679.0,1,3678.0,8
rb1805,20171023,20171020,210339500,3680.0,53708,869872,1979186680.0,3680.0,80,3679.0,35
rb1805,20171023,20171020,210340000,3680.0,53768,869862,1981394680.0,3680.0,50,3679.0,33
rb1805,20171023,20171020,210340500,3680.0,53872,869886,1985221880.0,3681.0,77,3680.0,1
rb1805,20171023,20171020,210341000,3680.0,53884,869882,1985663480.0,3681.0,80,3680.0,3
rb1805,20171023,20171020,210341500,3680.0,53912,869884,1986694100.0,3681.0,74,3680.0,5
rb1805,20171023,20171020,210342000,3680.0,53924,869876,1987135700.0,3681.0,79,3680.0,19
rb1805,20171023,20171020,210342500,3680.0,53952,869878,1988166340.0,3681.0,63,3680.0,40
rb1805,20171023,20171020,210343000,3681.0,53998,869892,1989859580.0,3681.0,42,3680.0,41
rb1805,20171023,20171020,210343500,3681.0,53998,869892,1989859580.0,3681.0,55,3680.0,42
rb1805,20171023,20171020,210344000,3681.0,53998,869892,1989859580.0,3681.0,55,3680.0,28
rb1805,20171023,20171020,210344500,3681.0,54002,869894,1990006820.0,3681.0,59,3680.0,28
rb1805,20171023,20171020,210345000,3681.0,54032,869882,1991111040.0,3681.0,48,3680.0,99
rb1805,20171023,20171020,210345500,3681.0,54046,869882,1991626360.0,3681.0,34,3680.0,101
rb1805,20171023,20171020,210346000,3681.0,54066,869890,1992362560.0,3681.0,36,3680.0,109
rb1805,20171023,20171020,210346500,3682.0,54128,869892,1994644800.0,3682.0,188,3681.0,137
rb1805,20171023,20171020,210347000,3681.0,54150,869906,1995454620.0,3682.0,178,3681.0,153
rb1805,20171023,20171020,210347500,3682.0,54154,869902,1995601900.0,3682.0,175,3681.0,154
rb1805,20171023,20171020,210348000,3681.0,54168,869900,1996117260.0,3682.0,174,3681.0,165
rb1805,20171023,20171020,210348500,3681.0,54230,869900,1998400000.0,3682.0,152,3681.0,210
rb1805,20171023,20171020,210349000,3682.0,54498,869940,2008267360.0,3682.0,35,3681.0,193
rb1805,20171023,20171020,210349500,3682.0,54522,869928,2009151000.0,3682.0,26,3681.0,192
rb1805,20171023,20171020,210350000,3682.0,54544,869944,2009961040.0,3682.0,18,3681.0,192
rb1805,20171023,20171020,210350500,3682.0,54562,869946,2010623800.0,3682.0,9,3681.0,192
rb1805,20171023,20171020,210351000,3682.0,54584,869930,2011433840.0,3683.0,251,3682.0,30
rb1805,20171023,20171020,210351500,3682.0,54596,869930,2011875680.0,3683.0,264,3682.0,41
rb1805,20171023,20171020,210352000,3682.0,54692,869874,2015410680.0,3683.0,275,3682.0,26
rb1805,20171023,20171020,210352500,3683.0,54750,869858,2017546660.0,3683.0,274,3682.0,23
rb1805,20171023,20171020,210353000,3683.0,54762,869856,2017988600.0,3683.0,269,3682.0,23
rb1805,20171023,20171020,210353500,3683.0,55116,869828,2031026200.0,3683.0,109,3682.0,13
rb1805,20171023,20171020,210354000,3683.0,55206,869820,2034340820.0,3683.0,69,3682.0,10
rb1805,20171023,20171020,210354500,3682.0,55238,869798,2035519060.0,3682.0,39,3681.0,201
rb1805,20171023,20171020,210355000,3682.0,55364,869838,2040158120.0,3683.0,71,3682.0,3
rb1805,20171023,20171020,210355500,3681.0,55402,869816,2041557240.0,3682.0,49,3681.0,187
rb1805,20171023,20171020,210356000,3682.0,55406,869816,2041704520.0,3682.0,48,3681.0,187
rb1805,20171023,20171020,210356500,3682.0,55412,869810,2041925440.0,3682.0,51,3681.0,195
rb1805,20171023,20171020,210357000,3682.0,55424,869808,2042367280.0,3682.0,47,3681.0,176
rb1805,20171023,20171020,210357500,3682.0,55428,869808,2042514560.0,3682.0,50,3681.0,176
rb1805,20171023,20171020,210358000,3682.0,55432,869804,2042661840.0,3682.0,85,3681.0,176
rb1805,20171023,20171020,210358500,3682.0,55460,869800,2043692800.0,3682.0,81,3681.0,177
rb1805,20171023,20171020,210359000,3682.0,55516,869774,2045754720.0,3682.0,58,3681.0,177
rb1805,20171023,20171020,210359500,3682.0,55530,869766,2046270200.0,3682.0,42,3681.0,184
rb1805,20171023,20171020,210400000,3682.0,55596,869770,2048700320.0,3682.0,10,3681.0,185
rb1805,20171023,20171020,210400500,3683.0,55622,869782,2049657700.0,3683.0,65,3682.0,5
rb1805,20171023,20171020,210401000,3682.0,55666,869774,2051277780.0,3682.0,19,3681.0,186
rb1805,20171023,20171020,210401500,3682.0,55670,869770,2051425060.0,3682.0,19,3681.0,186
rb1805,20171023,20171020,210402000,3682.0,55706,869792,2052750580.0,3682.0,49,3681.0,190
rb1805,20171023,20171020,210402500,3681.0,55750,869794,2054370460.0,3682.0,44,3681.0,180
rb1805,20171023,20171020,210403000,3682.0,55756,869794,2054591380.0,3682.0,45,3681.0,179
rb1805,20171023,20171020,210403500,3681.0,55818,869810,2056873720.0,3682.0,39,3681.0,154
rb1805,20171023,20171020,210404000,3681.0,56170,870028,2069830820.0,3681.0,6,3680.0,116
rb1805,20171023,20171020,210404500,3681.0,56198,870028,2070861500.0,3681.0,36,3680.0,117
rb1805,20171023,20171020,210405000,3681.0,56202,870032,2071008740.0,3681.0,132,3680.0,118
rb1805,20171023,20171020,210405500,3681.0,56322,869970,2075424820.0,3681.0,121,3680.0,72
rb1805,20171023,20171020,210406000,3680.0,56482,869996,2081312820.0,3680.0,81,3679.0,44
rb1805,20171023,20171020,210406500,3679.0,56624,869992,2086536980.0,3679.0,17,3678.0,97
rb1805,20171023,20171020,210407000,3679.0,56662,869996,2087934800.0,3679.0,34,3678.0,47
rb1805,20171023,20171020,210407500,3678.0,56718,870046,2089994520.0,3679.0,28,3678.0,31
rb1805,20171023,20171020,210408000,3679.0,56740,870062,2090803880.0,3679.0,25,3678.0,49
rb1805,20171023,20171020,210408500,3678.0,56748,870058,2091098160.0,3679.0,40,3678.0,47
rb1805,20171023,20171020,210409000,3678.0,56770,870056,2091907500.0,3679.0,36,3678.0,85
rb1805,20171023,20171020,210409500,3679.0,56786,870052,2092496060.0,3679.0,30,3678.0,81
rb1805,20171023,20171020,210410000,3679.0,56806,870040,2093231680.0,3679.0,35,3678.0,83
rb1805,20171023,20171020,210410500,3678.0,56850,870040,2094850220.0,3679.0,18,3678.0,72
rb1805,20171023,20171020,210411000,3679.0,56882,870020,2096027440.0,3679.0,5,3678.0,69
rb1805,20171023,20171020,210411500,3678.0,56936,870016,2098013700.0,3679.0,1,3678.0,57
rb1805,20171023,20171020,210412000,3678.0,56952,870030,2098602200.0,3679.0,3,3678.0,61
rb1805,20171023,20171020,210412500,3678.0,56958,870032,2098822900.0,3679.0,5,3678.0,60
rb1805,20171023,20171020,210413000,3678.0,56974,870044,2099411400.0,3679.0,4,3678.0,53
rb1805,20171023,20171020,210413500,3678.0,57084,870068,2103457300.0,3679.0,2,3678.0,7
rb1805,20171023,20171020,210414000,3678.0,57110,870086,2104413820.0,3679.0,2,3678.0,29
rb1805,20171023,20171020,210414500,3680.0,57166,870094,2106473580.0,3680.0,162,3679.0,2
rb1805,20171023,20171020,210415000,3678.0,57184,870084,2107135700.0,3679.0,2,3678.0,27
rb1805,20171023,20171020,210415500,3679.0,57186,870084,2107209280.0,3679.0,2,3678.0,28
rb1805,20171023,20171020,210416000,3679.0,57208,870074,2108018640.0,3680.0,111,3679.0,6
rb1805,20171023,20171020,210416500,3678.0,57322,870148,2112211800.0,3678.0,45,3677.0,129
rb1805,20171023,20171020,210417000,3680.0,57424,870176,2115963540.0,3680.0,109,3678.0,71
rb1805,20171023,20171020,210417500,3680.0,57424,870176,2115963540.0,3679.0,6,3678.0,72
rb1805,20171023,20171020,210418000,3678.0,57522,870128,2119568940.0,3679.0,2,3678.0,27
rb1805,20171023,20171020,210418500,3679.0,57524,870126,2119642520.0,3679.0,21,3678.0,44
rb1805,20171023,20171020,210419000,3680.0,57558,870136,2120893400.0,3680.0,113,3678.0,97
rb1805,20171023,20171020,210419500,3679.0,57586,870138,2121923320.0,3679.0,38,3678.0,84
rb1805,20171023,20171020,210420000,3678.0,57588,870136,2121996880.0,3679.0,38,3678.0,87
rb1805,20171023,20171020,210420500,3678.0,57618,870140,2123100440.0,3679.0,29,3678.0,80
rb1805,20171023,20171020,210421000,3678.0,57624,870142,2123321160.0,3679.0,27,3678.0,112
rb1805,20171023,20171020,210421500,3679.0,57642,870160,2123983380.0,3679.0,29,3678.0,110
rb1805,20171023,20171020,210422000,3678.0,57708,870168,2126411440.0,3680.0,80,3678.0,108
rb1805,20171023,20171020,210422500,3678.0,57822,870166,2130604380.0,3679.0,2,3678.0,63
rb1805,20171023,20171020,210423000,3678.0,57834,870168,2131045820.0,3680.0,81,3678.0,61
rb1805,20171023,20171020,210423500,3678.0,57968,870200,2135974240.0,3678.0,41,3677.0,134
rb1805,20171023,20171020,210424000,3678.0,58018,870234,2137813140.0,3678.0,23,3677.0,132
rb1805,20171023,20171020,210424500,3678.0,58182,870252,2143843840.0,3678.0,8,3677.0,68
rb1805,20171023,20171020,210425000,3677.0,58316,870162,2148771660.0,3679.0,11,3678.0,2
rb1805,20171023,20171020,210425500,3677.0,58354,870162,2150169180.0,3678.0,10,3677.0,52
rb1805,20171023,20171020,210426000,3678.0,58356,870162,2150242740.0,3678.0,9,3677.0,57
rb1805,20171023,20171020,210426500,3678.0,58396,870128,2151713940.0,3679.0,62,3678.0,58
rb1805,20171023,20171020,210427000,3679.0,58458,870174,2153994360.0,3679.0,62,3678.0,2
rb1805,20171023,20171020,210427500,3678.0,58468,870184,2154362240.0,3679.0,59,3678.0,5
rb1805,20171023,20171020,210428000,3677.0,58488,870190,2155097840.0,3678.0,17,3677.0,184
rb1805,20171023,20171020,210428500,3678.0,58514,870188,2156054120.0,3678.0,16,3677.0,185
rb1805,20171023,20171020,210429000,3677.0,58520,870184,2156274780.0,3678.0,24,3677.0,184
rb1805,20171023,20171020,210429500,3679.0,58576,870160,2158334500.0,3679.0,59,3678.0,5
rb1805,20171023,20171020,210430000,3678.0,58662,870142,2161497380.0,3678.0,30,3677.0,174
rb1805,20171023,20171020,210430500,3677.0,58664,870144,2161570920.0,3678.0,30,3677.0,173
rb1805,20171023,20171020,210431000,3677.0,58674,870138,2161938680.0,3678.0,44,3677.0,166
rb1805,20171023,20171020,210431500,3678.0,58904,870134,2170395860.0,3678.0,49,3677.0,56
rb1805,20171023,20171020,210432000,3677.0,59038,870130,2175323040.0,3677.0,34,3676.0,257
rb1805,20171023,20171020,210432500,3677.0,59156,870040,2179662120.0,3678.0,46,3677.0,20
rb1805,20171023,20171020,210433000,3678.0,59190,870038,2180912420.0,3678.0,40,3677.0,9
rb1805,20171023,20171020,210433500,3678.0,59204,870032,2181427220.0,3678.0,50,3677.0,14
rb1805,20171023,20171020,210434000,3677.0,59218,870036,2181942020.0,3678.0,159,3677.0,8
rb1805,20171023,20171020,210434500,3677.0,59234,870026,2182530340.0,3677.0,14,3676.0,263
rb1805,20171023,20171020,210435000,3678.0,59270,870004,2183854120.0,3677.0,2,3676.0,274
rb1805,20171023,20171020,210435500,3678.0,59286,869998,2184442500.0,3678.0,149,3677.0,23
rb1805,20171023,20171020,210436000,3677.0,59338,870020,2186354580.0,3678.0,154,3676.0,260
rb1805,20171023,20171020,210436500,3678.0,59504,870056,2192459460.0,3678.0,104,3677.0,3
rb1805,20171023,20171020,210437000,3678.0,59506,870056,2192533020.0,3678.0,104,3677.0,37
rb1805,20171023,20171020,210437500,3678.0,59632,870056,2197167300.0,3678.0,27,3677.0,146
rb1805,20171023,20171020,210438000,3677.0,59992,869990,2210404680.0,3678.0,261,3677.0,11
rb1805,20171023,20171020,210438500,3675.0,60918,870106,2244441040.0,3677.0,249,3675.0,299
rb1805,20171023,20171020,210439000,3675.0,61858,870442,2278982800.0,3675.0,99,3674.0,69
rb1805,20171023,20171020,210439500,3674.0,62222,870462,2292354440.0,3674.0,557,3673.0,82
rb1805,20171023,20171020,210440000,3672.0,62612,870358,2306679460.0,3673.0,38,3672.0,270
rb1805,20171023,20171020,210440500,3672.0,63436,869936,2336938420.0,3672.0,180,3671.0,344
rb1805,20171023,20171020,210441000,3672.0,63930,869694,2355078680.0,3674.0,296,3672.0,4
rb1805,20171023,20171020,210441500,3672.0,64104,869632,2361467660.0,3674.0,288,3672.0,1
rb1805,20171023,20171020,210442000,3672.0,64596,869918,2379531540.0,3672.0,61,3671.0,162
rb1805,20171023,20171020,210442500,3671.0,65274,869656,2404427180.0,3674.0,207,3671.0,103
rb1805,20171023,20171020,210443000,3671.0,65612,869628,2416835980.0,3671.0,64,3670.0,567
rb1805,20171023,20171020,210443500,3672.0,65948,869598,2429170940.0,3673.0,19,3671.0,11
rb1805,20171023,20171020,210444000,3673.0,66026,869596,2432035280.0,3673.0,8,3672.0,33
rb1805,20171023,20171020,210444500,3673.0,66472,869786,2448408040.0,3673.0,2,3672.0,7
rb1805,20171023,20171020,210445000,3671.0,66542,869790,2450977960.0,3672.0,1,3671.0,8
rb1805,20171023,20171020,210445500,3673.0,66598,869800,2453034820.0,3674.0,66,3673.0,85
rb1805,20171023,20171020,210446000,3672.0,66868,869798,2462950780.0,3672.0,5,3671.0,141
rb1805,20171023,20171020,210446500,3673.0,66934,869746,2465374820.0,3673.0,17,3672.0,19
rb1805,20171023,20171020,210447000,3673.0,66992,869708,2467504640.0,3673.0,15,3672.0,119
rb1805,20171023,20171020,210447500,3673.0,67052,869668,2469708440.0,3673.0,17,3672.0,127
rb1805,20171023,20171020,210448000,3673.0,67096,869662,2471324580.0,3674.0,93,3673.0,14
rb1805,20171023,20171020,210448500,3673.0,67116,869670,2472059180.0,3674.0,92,3673.0,1
rb1805,20171023,20171020,210449000,3672.0,67166,869672,2473895520.0,3674.0,85,3672.0,126
rb1805,20171023,20171020,210449500,3673.0,67178,869678,2474336220.0,3673.0,1,3672.0,129
rb1805,20171023,20171020,210450000,3673.0,67226,869680,2476099080.0,3674.0,71,3673.0,4
rb1805,20171023,20171020,210450500,3674.0,67362,869646,2481095160.0,3674.0,22,3672.0,114
rb1805,20171023,20171020,210451000,3672.0,67654,869868,2491817900.0,3672.0,59,3671.0,238
rb1805,20171023,20171020,210451500,3673.0,67852,869932,2499089760.0,3674.0,28,3673.0,29
rb1805,20171023,20171020,210452000,3674.0,67860,869928,2499383640.0,3674.0,2,3673.0,15
rb1805,20171023,20171020,210452500,3673.0,67884,869908,2500265360.0,3674.0,3,3673.0,108
rb1805,20171023,20171020,210453000,3673.0,68152,869946,2510109520.0,3673.0,81,3672.0,186
rb1805,20171023,20171020,210453500,3673.0,68262,869946,2514149800.0,3673.0,41,3672.0,195
rb1805,20171023,20171020,210454000,3674.0,68400,869866,2519218280.0,3674.0,3,3672.0,177
rb1805,20171023,20171020,210454500,3674.0,68416,869866,2519806000.0,3674.0,3,3673.0,60
rb1805,20171023,20171020,210455000,3673.0,68486,869930,2522377100.0,3674.0,58,3673.0,37
rb1805,20171023,20171020,210455500,3674.0,68500,869938,2522891440.0,3674.0,52,3673.0,31
rb1805,20171023,20171020,210456000,3674.0,68504,869940,2523038380.0,3674.0,56,3673.0,31
rb1805,20171023,20171020,210456500,3674.0,68544,869950,2524507820.0,3674.0,46,3673.0,25
rb1805,20171023,20171020,210457000,3674.0,68568,869958,2525389480.0,3674.0,41,3673.0,26
rb1805,20171023,20171020,210457500,3673.0,68602,869956,2526638560.0,3674.0,178,3673.0,80
rb1805,20171023,20171020,210458000,3673.0,68624,869936,2527446780.0,3674.0,171,3673.0,79
rb1805,20171023,20171020,210458500,3674.0,68674,869910,2529283740.0,3674.0,148,3673.0,79
rb1805,20171023,20171020,210459000,3673.0,68688,869914,2529798040.0,3674.0,144,3673.0,83
rb1805,20171023,20171020,210459500,3674.0,68724,869912,2531120460.0,3674.0,137,3673.0,92
rb1805,20171023,20171020,210500000,3674.0,69000,869910,2541260700.0,3675.0,181,3674.0,141
rb1805,20171023,20171020,210500500,3673.0,69300,869664,2552282640.0,3674.0,2,3673.0,94
rb1805,20171023,20171020,210501000,3673.0,69384,869666,2555368560.0,3674.0,4,3673.0,84
rb1805,20171023,20171020,210501500,3674.0,69402,869668,2556029860.0,3674.0,36,3673.0,95
rb1805,20171023,20171020,210502000,3674.0,69468,869644,2558454380.0,3674.0,40,3673.0,92
rb1805,20171023,20171020,210502500,3673.0,69636,869712,2564625020.0,3674.0,64,3673.0,16
rb1805,20171023,20171020,210503000,3673.0,69674,869696,2566020760.0,3673.0,33,3672.0,237
rb1805,20171023,20171020,210503500,3673.0,69690,869694,2566608380.0,3673.0,41,3672.0,234
rb1805,20171023,20171020,210504000,3673.0,69748,869694,2568738720.0,3673.0,16,3672.0,235
rb1805,20171023,20171020,210504500,3673.0,69822,869676,2571456840.0,3674.0,94,3673.0,2
rb1805,20171023,20171020,210505000,3673.0,69906,869698,2574542160.0,3673.0,17,3672.0,227
rb1805,20171023,20171020,210505500,3673.0,69940,869732,2575790980.0,3674.0,99,3673.0,5
rb1805,20171023,20171020,210506000,3672.0,70098,869668,2581593340.0,3674.0,96,3672.0,167
rb1805,20171023,20171020,210506500,3674.0,70100,869668,2581666820.0,3674.0,95,3673.0,18
rb1805,20171023,20171020,210507000,3673.0,70138,869664,2583062560.0,3673.0,29,3672.0,162
rb1805,20171023,20171020,210507500,3673.0,70206,869644,2585559960.0,3673.0,10,3672.0,161
rb1805,20171023,20171020,210508000,3674.0,70310,869658,2589380080.0,3674.0,74,3673.0,1
rb1805,20171023,20171020,210508500,3673.0,70326,869654,2589967660.0,3673.0,10,3672.0,137
rb1805,20171023,20171020,210509000,3673.0,70414,869626,2593200160.0,3674.0,62,3673.0,105
rb1805,20171023,20171020,210509500,3674.0,70420,869628,2593420560.0,3674.0,61,3673.0,113
rb1805,20171023,20171020,210510000,3674.0,70428,869626,2593714480.0,3674.0,82,3673.0,117
rb1805,20171023,20171020,210510500,3673.0,70440,869626,2594155280.0,3674.0,85,3673.0,120
rb1805,20171023,20171020,210511000,3674.0,70458,869626,2594816460.0,3674.0,84,3673.0,127
rb1805,20171023,20171020,210511500,3674.0,70644,869680,2601650000.0,3675.0,269,3674.0,25
rb1805,20171023,20171020,210512000,3674.0,70714,869734,2604221700.0,3674.0,21,3673.0,119
rb1805,20171023,20171020,210512500,3674.0,70736,869752,2605029960.0,3674.0,11,3673.0,125
rb1805,20171023,20171020,210513000,3674.0,70802,869776,2607454800.0,3675.0,273,3674.0,14
rb1805,20171023,20171020,210513500,3674.0,70844,869800,2608997840.0,3675.0,273,3674.0,10
rb1805,20171023,20171020,210514000,3674.0,70862,869792,2609659280.0,3675.0,267,3674.0,12
rb1805,20171023,20171020,210514500,3674.0,70866,869796,2609806240.0,3675.0,267,3674.0,36
rb1805,20171023,20171020,210515000,3675.0,70942,869808,2612598580.0,3675.0,262,3674.0,21
rb1805,20171023,20171020,210515500,3674.0,70972,869808,2613701060.0,3675.0,250,3674.0,77
rb1805,20171023,20171020,210516000,3675.0,71248,869912,2623841860.0,3675.0,225,3673.0,259
rb1805,20171023,20171020,210516500,3674.0,71658,869768,2638908820.0,3675.0,44,3674.0,35
rb1805,20171023,20171020,210517000,3675.0,71686,869796,2639937820.0,3675.0,31,3674.0,67
rb1805,20171023,20171020,210517500,3674.0,71724,869800,2641334260.0,3675.0,15,3674.0,71
rb1805,20171023,20171020,210518000,3675.0,71748,869798,2642216260.0,3675.0,4,3674.0,92
rb1805,20171023,20171020,210518500,3675.0,71778,869816,2643318760.0,3676.0,34,3675.0,11
rb1805,20171023,20171020,210519000,3675.0,71806,869818,2644347780.0,3675.0,3,3674.0,97
rb1805,20171023,20171020,210519500,3675.0,71888,869784,2647360680.0,3675.0,1,3674.0,71
rb1805,20171023,20171020,210520000,3675.0,71996,869748,2651328720.0,3676.0,78,3675.0,6
rb1805,20171023,20171020,210520500,3675.0,72038,869742,2652872180.0,3675.0,29,3674.0,21
rb1805,20171023,20171020,210521000,3675.0,72054,869734,2653460140.0,3675.0,21,3674.0,23
rb1805,20171023,20171020,210521500,3676.0,72098,869728,2655077380.0,3676.0,70,3675.0,1
rb1805,20171023,20171020,210522000,3675.0,72116,869734,2655738960.0,3676.0,69,3675.0,11
rb1805,20171023,20171020,210522500,3675.0,72212,869770,2659267100.0,3675.0,18,3674.0,32
rb1805,20171023,20171020,210523000,3675.0,72248,869768,2660590100.0,3676.0,42,3675.0,17
rb1805,20171023,20171020,210523500,3675.0,72338,869792,2663897600.0,3675.0,9,3674.0,34
rb1805,20171023,20171020,210524000,3676.0,72402,869774,2666250020.0,3675.0,10,3674.0,38
rb1805,20171023,20171020,210524500,3675.0,72456,869780,2668234520.0,3675.0,16,3674.0,31
rb1805,20171023,20171020,210525000,3674.0,72498,869794,2669777620.0,3675.0,53,3674.0,15
rb1805,20171023,20171020,210525500,3675.0,72666,869774,2675951620.0,3676.0,32,3675.0,30
rb1805,20171023,20171020,210526000,3675.0,72714,869800,2677715620.0,3676.0,39,3675.0,15
rb1805,20171023,20171020,210526500,3675.0,72846,869784,2682566620.0,3675.0,16,3674.0,37
rb1805,20171023,20171020,210527000,3674.0,72998,869850,2688151100.0,3674.0,48,3673.0,299
rb1805,20171023,20171020,210527500,3674.0,73008,869854,2688518500.0,3674.0,22,3673.0,300
rb1805,20171023,20171020,210528000,3674.0,73042,869856,2689767720.0,3674.0,5,3673.0,298
rb1805,20171023,20171020,210528500,3674.0,73090,869846,2691531440.0,3675.0,57,3674.0,10
rb1805,20171023,20171020,210529000,3674.0,73132,869840,2693074520.0,3674.0,8,3673.0,307
rb1805,20171023,20171020,210529500,3673.0,73154,869852,2693882620.0,3674.0,10,3673.0,303
rb1805,20171023,20171020,210530000,3675.0,73252,869894,2697482800.0,3675.0,91,3674.0,1
rb1805,20171023,20171020,210530500,3674.0,73276,869912,2698364540.0,3674.0,18,3673.0,289
rb1805,20171023,20171020,210531000,3674.0,73492,869852,2706298300.0,3674.0,19,3673.0,186
rb1805,20171023,20171020,210531500,3673.0,73502,869850,2706665680.0,3674.0,42,3673.0,190
rb1805,20171023,20171020,210532000,3674.0,73518,869842,2707253460.0,3674.0,67,3673.0,187
rb1805,20171023,20171020,210532500,3673.0,73658,869838,2712396860.0,3674.0,43,3673.0,178
rb1805,20171023,20171020,210533000,3674.0,73686,869834,2713425360.0,3674.0,63,3673.0,168
rb1805,20171023,20171020,210533500,3673.0,73704,869844,2714086600.0,3674.0,57,3673.0,164
rb1805,20171023,20171020,210534000,3673.0,73738,869840,2715335560.0,3674.0,54,3673.0,154
rb1805,20171023,20171020,210534500,3673.0,73946,869734,2722975480.0,3674.0,60,3673.0,55
rb1805,20171023,20171020,210535000,3672.0,74070,869782,2727530060.0,3673.0,21,3672.0,267
rb1805,20171023,20171020,210535500,3673.0,74146,869816,2730321540.0,3673.0,38,3672.0,288
rb1805,20171023,20171020,210536000,3673.0,74150,869820,2730468460.0,3673.0,64,3672.0,289
rb1805,20171023,20171020,210536500,3673.0,74154,869820,2730615380.0,3673.0,65,3672.0,289
rb1805,20171023,20171020,210537000,3672.0,74160,869820,2730835740.0,3673.0,77,3672.0,287
rb1805,20171023,20171020,210537500,3672.0,74228,869878,2733333320.0,3673.0,56,3672.0,285
rb1805,20171023,20171020,210538000,3673.0,74370,869776,2738548980.0,3673.0,4,3672.0,285
rb1805,20171023,20171020,210538500,3672.0,74384,869770,2739063180.0,3674.0,66,3672.0,284
rb1805,20171023,20171020,210539000,3672.0,74590,869666,2746627540.0,3673.0,4,3672.0,189
rb1805,20171023,20171020,210539500,3672.0,74798,869638,2754265360.0,3673.0,2,3672.0,89
rb1805,20171023,20171020,210540000,3673.0,74830,869638,2755440520.0,3674.0,71,3672.0,79
rb1805,20171023,20171020,210540500,3673.0,74844,869646,2755954740.0,3674.0,72,3673.0,28
rb1805,20171023,20171020,210541000,3673.0,74886,869670,2757497420.0,3674.0,68,3673.0,18
rb1805,20171023,20171020,210541500,3672.0,74940,869684,2759480920.0,3674.0,51,3673.0,1
rb1805,20171023,20171020,210542000,3674.0,74942,869684,2759554400.0,3674.0,56,3673.0,14
rb1805,20171023,20171020,210542500,3674.0,74992,869690,2761390960.0,3674.0,51,3673.0,17
rb1805,20171023,20171020,210543000,3673.0,74994,869688,2761464420.0,3674.0,52,3673.0,27
rb1805,20171023,20171020,210543500,3673.0,75014,869688,2762199040.0,3674.0,42,3673.0,43
rb1805,20171023,20171020,210544000,3674.0,75098,869614,2765285200.0,3675.0,51,3674.0,1
rb1805,20171023,20171020,210544500,3674.0,75122,869614,2766166960.0,3675.0,47,3674.0,28
rb1805,20171023,20171020,210545000,3674.0,75180,869606,2768297900.0,3674.0,78,3673.0,73
rb1805,20171023,20171020,210545500,3673.0,75188,869606,2768591780.0,3674.0,78,3673.0,76
rb1805,20171023,20171020,210546000,3674.0,75248,869606,2770796180.0,3674.0,48,3673.0,78
rb1805,20171023,20171020,210546500,3673.0,75262,869594,2771310500.0,3674.0,46,3673.0,66
rb1805,20171023,20171020,210547000,3673.0,75278,869586,2771898200.0,3674.0,46,3673.0,69
rb1805,20171023,20171020,210547500,3673.0,75290,869588,2772338960.0,3674.0,46,3673.0,64
rb1805,20171023,20171020,210548000,3674.0,75298,869586,2772632880.0,3674.0,44,3673.0,66
rb1805,20171023,20171020,210548500,3673.0,75316,869590,2773294120.0,3674.0,42,3673.0,63
rb1805,20171023,20171020,210549000,3674.0,75334,869580,2773955380.0,3674.0,36,3673.0,66
rb1805,20171023,20171020,210549500,3674.0,75338,869578,2774102320.0,3674.0,35,3673.0,77
rb1805,20171023,20171020,210550000,3674.0,75412,869526,2776821080.0,3675.0,56,3673.0,88
rb1805,20171023,20171020,210550500,3675.0,75418,869522,2777041500.0,3675.0,55,3673.0,88
rb1805,20171023,20171020,210551000,3675.0,75438,869514,2777776340.0,3675.0,65,3674.0,11
rb1805,20171023,20171020,210551500,3674.0,75448,869520,2778143800.0,3675.0,61,3674.0,22
rb1805,20171023,20171020,210552000,3674.0,75448,869520,2778143800.0,3675.0,61,3674.0,25
rb1805,20171023,20171020,210552500,3675.0,75582,869520,2783068300.0,3676.0,286,3675.0,140
rb1805,20171023,20171020,210553000,3675.0,75748,869682,2789168800.0,3676.0,288,3675.0,43
rb1805,20171023,20171020,210553500,3676.0,75908,869792,2795048260.0,3676.0,280,3674.0,26
rb1805,20171023,20171020,210554000,3674.0,75972,869826,2797399800.0,3676.0,275,3674.0,19
rb1805,20171023,20171020,210554500,3674.0,76000,869818,2798428640.0,3676.0,280,3674.0,27
rb1805,20171023,20171020,210555000,3676.0,76142,869798,2803647160.0,3676.0,278,3674.0,5
rb1805,20171023,20171020,210555500,3675.0,76156,869802,2804161680.0,3676.0,278,3674.0,5
rb1805,20171023,20171020,210556000,3674.0,76172,869814,2804749560.0,3676.0,302,3674.0,6
rb1805,20171023,20171020,210556500,3675.0,76198,869816,2805705260.0,3676.0,319,3675.0,7
rb1805,20171023,20171020,210557000,3676.0,76210,869820,2806146280.0,3676.0,320,3675.0,12
rb1805,20171023,20171020,210557500,3676.0,76250,869826,2807616280.0,3676.0,336,3675.0,20
rb1805,20171023,20171020,210558000,3675.0,76252,869828,2807689780.0,3676.0,340,3675.0,40
rb1805,20171023,20171020,210558500,3676.0,76256,869824,2807836820.0,3676.0,346,3675.0,40
rb1805,20171023,20171020,210559000,3675.0,76262,869826,2808057320.0,3676.0,314,3675.0,37
rb1805,20171023,20171020,210559500,3676.0,76354,869828,2811438580.0,3676.0,345,3675.0,15
rb1805,20171023,20171020,210600000,3674.0,76474,869874,2815848180.0,3676.0,313,3674.0,96
rb1805,20171023,20171020,210600500,3675.0,76490,869874,2816436160.0,3675.0,3,3674.0,106
rb1805,20171023,20171020,210601000,3675.0,76522,869864,2817612160.0,3675.0,31,3674.0,104
rb1805,20171023,20171020,210601500,3674.0,76576,869838,2819596160.0,3675.0,121,3674.0,81
rb1805,20171023,20171020,210602000,3674.0,76764,869788,2826503260.0,3674.0,88,3673.0,138
rb1805,20171023,20171020,210602500,3673.0,76790,869790,2827458340.0,3674.0,143,3673.0,130
rb1805,20171023,20171020,210603000,3674.0,76876,869806,2830617180.0,3674.0,185,3673.0,90
rb1805,20171023,20171020,210603500,3673.0,76968,869800,2833996520.0,3674.0,167,3673.0,59
rb1805,20171023,20171020,210604000,3674.0,77008,869784,2835465940.0,3674.0,156,3673.0,51
rb1805,20171023,20171020,210604500,3674.0,77054,869772,2837155960.0,3674.0,58,3673.0,53
rb1805,20171023,20171020,210605000,3673.0,77168,869686,2841343180.0,3674.0,58,3673.0,13
rb1805,20171023,20171020,210605500,3673.0,77192,869704,2842224720.0,3674.0,57,3673.0,9
rb1805,20171023,20171020,210606000,3674.0,77230,869668,2843620660.0,3674.0,47,3673.0,2
rb1805,20171023,20171020,210606500,3673.0,77256,869682,2844575740.0,3674.0,42,3673.0,2
rb1805,20171023,20171020,210607000,3674.0,77302,869666,2846265480.0,3674.0,18,3673.0,61
rb1805,20171023,20171020,210607500,3674.0,77312,869668,2846632860.0,3674.0,23,3673.0,69
rb1805,20171023,20171020,210608000,3674.0,77416,869700,2850454060.0,3675.0,144,3674.0,23
rb1805,20171023,20171020,210608500,3674.0,77418,869698,2850527540.0,3675.0,144,3674.0,16
rb1805,20171023,20171020,210609000,3674.0,77444,869722,2851482780.0,3675.0,75,3674.0,6
rb1805,20171023,20171020,210609500,3674.0,77454,869732,2851850200.0,3675.0,72,3674.0,4
rb1805,20171023,20171020,210610000,3674.0,77466,869740,2852291080.0,3675.0,72,3674.0,2
rb1805,20171023,20171020,210610500,3675.0,77484,869742,2852952560.0,3675.0,64,3674.0,38
rb1805,20171023,20171020,210611000,3674.0,77506,869760,2853761040.0,3675.0,64,3674.0,38
rb1805,20171023,20171020,210611500,3674.0,77568,869760,2856038920.0,3675.0,64,3674.0,7
rb1805,20171023,20171020,210612000,3675.0,77582,869764,2856553380.0,3675.0,59,3674.0,16
rb1805,20171023,20171020,210612500,3675.0,77610,869756,2857582200.0,3675.0,55,3674.0,20
rb1805,20171023,20171020,210613000,3675.0,77628,869754,2858243600.0,3675.0,51,3674.0,36
rb1805,20171023,20171020,210613500,3674.0,77672,869748,2859860400.0,3675.0,41,3674.0,36
rb1805,20171023,20171020,210614000,3675.0,77690,869754,2860521820.0,3675.0,38,3674.0,36
rb1805,20171023,20171020,210614500,3675.0,77694,869758,2860668820.0,3675.0,30,3674.0,41
rb1805,20171023,20171020,210615000,3674.0,77726,869770,2861844600.0,3675.0,25,3674.0,31
rb1805,20171023,20171020,210615500,3675.0,77728,869770,2861918100.0,3675.0,28,3674.0,33
rb1805,20171023,20171020,210616000,3675.0,77750,869774,2862726600.0,3675.0,7,3674.0,37
rb1805,20171023,20171020,210616500,3674.0,77756,869770,2862947060.0,3675.0,20,3674.0,60
rb1805,20171023,20171020,210617000,3675.0,77798,869736,2864490560.0,3675.0,4,3674.0,70
rb1805,20171023,20171020,210617500,3675.0,77800,869736,2864564060.0,3675.0,11,3674.0,70
rb1805,20171023,20171020,210618000,3674.0,77858,869776,2866695500.0,3676.0,256,3675.0,8
rb1805,20171023,20171020,210618500,3674.0,77886,869782,2867724400.0,3676.0,246,3674.0,64
rb1805,20171023,20171020,210619000,3674.0,78012,869858,2872353780.0,3674.0,9,3673.0,295
rb1805,20171023,20171020,210619500,3676.0,78040,869860,2873382620.0,3676.0,265,3675.0,2
rb1805,20171023,20171020,210620000,3675.0,78048,869860,2873676600.0,3676.0,254,3675.0,17
rb1805,20171023,20171020,210620500,3675.0,78086,869860,2875073080.0,3675.0,3,3674.0,78
rb1805,20171023,20171020,210621000,3674.0,78096,869850,2875440480.0,3675.0,22,3674.0,72
rb1805,20171023,20171020,210621500,3674.0,78096,869850,2875440480.0,3675.0,23,3674.0,92
rb1805,20171023,20171020,210622000,3675.0,78104,869854,2875734460.0,3675.0,40,3674.0,123
rb1805,20171023,20171020,210622500,3674.0,78370,870036,2885507280.0,3674.0,8,3673.0,302
rb1805,20171023,20171020,210623000,3675.0,78506,869944,2890505000.0,3676.0,252,3675.0,86
rb1805,20171023,20171020,210623500,3674.0,78692,869860,2897340360.0,3674.0,2,3673.0,299
rb1805,20171023,20171020,210624000,3674.0,78736,869860,2898956940.0,3675.0,72,3674.0,17
rb1805,20171023,20171020,210624500,3675.0,78756,869862,2899691760.0,3675.0,93,3674.0,12
rb1805,20171023,20171020,210625000,3675.0,78810,869822,2901675740.0,3675.0,92,3674.0,61
rb1805,20171023,20171020,210625500,3675.0,78820,869824,2902043160.0,3675.0,90,3674.0,62
rb1805,20171023,20171020,210626000,3674.0,78840,869826,2902777960.0,3675.0,85,3674.0,62
rb1805,20171023,20171020,210626500,3675.0,78852,869838,2903218960.0,3675.0,69,3674.0,63
rb1805,20171023,20171020,210627000,3674.0,78968,869936,2907481940.0,3675.0,21,3674.0,66
rb1805,20171023,20171020,210627500,3675.0,79050,869956,2910494920.0,3675.0,61,3674.0,41
rb1805,20171023,20171020,210628000,3675.0,79052,869956,2910568420.0,3675.0,76,3674.0,43
rb1805,20171023,20171020,210628500,3675.0,79118,869998,2912993520.0,3675.0,44,3674.0,23
rb1805,20171023,20171020,210629000,3674.0,79176,870006,2915124440.0,3674.0,3,3673.0,315
rb1805,20171023,20171020,210629500,3674.0,79236,870050,2917328600.0,3674.0,117,3673.0,300
rb1805,20171023,20171020,210630000,3674.0,79264,870058,2918357320.0,3674.0,110,3673.0,300
rb1805,20171023,20171020,210630500,3674.0,79302,870066,2919753080.0,3674.0,118,3673.0,282
rb1805,20171023,20171020,210631000,3674.0,79304,870068,2919826560.0,3674.0,117,3673.0,283
rb1805,20171023,20171020,210631500,3674.0,79396,870022,2923206640.0,3674.0,23,3673.0,304
rb1805,20171023,20171020,210632000,3674.0,79774,869958,2937094400.0,3674.0,26,3673.0,294
rb1805,20171023,20171020,210632500,3674.0,79834,869966,2939298800.0,3675.0,62,3674.0,22
rb1805,20171023,20171020,210633000,3674.0,79848,869972,2939813160.0,3675.0,62,3674.0,24
rb1805,20171023,20171020,210633500,3675.0,79870,869964,2940621460.0,3675.0,97,3674.0,3
rb1805,20171023,20171020,210634000,3674.0,79912,869956,2942164500.0,3674.0,6,3673.0,292
rb1805,20171023,20171020,210634500,3674.0,79920,869960,2942458420.0,3674.0,122,3673.0,283
rb1805,20171023,20171020,210635000,3674.0,79946,869980,2943413660.0,3674.0,79,3673.0,294
rb1805,20171023,20171020,210635500,3674.0,80102,869930,2949143580.0,3674.0,81,3673.0,219
rb1805,20171023,20171020,210636000,3674.0,80110,869938,2949437500.0,3674.0,113,3673.0,185
rb1805,20171023,20171020,210636500,3674.0,80130,869938,2950172280.0,3674.0,107,3673.0,184
rb1805,20171023,20171020,210637000,3673.0,80156,869936,2951127360.0,3674.0,115,3673.0,177
rb1805,20171023,20171020,210637500,3673.0,80190,869916,2952376380.0,3674.0,114,3673.0,171
rb1805,20171023,20171020,210638000,3674.0,80244,869870,2954360300.0,3674.0,56,3673.0,179
rb1805,20171023,20171020,210638500,3674.0,80498,869860,2963692240.0,3674.0,26,3673.0,180
rb1805,20171023,20171020,210639000,3675.0,80562,869830,2966043620.0,3675.0,154,3673.0,179
rb1805,20171023,20171020,210639500,3674.0,80570,869832,2966337540.0,3675.0,150,3674.0,230
rb1805,20171023,20171020,210640000,3674.0,80570,869832,2966337540.0,3675.0,150,3674.0,231
rb1805,20171023,20171020,210640500,3675.0,80586,869848,2966925540.0,3675.0,177,3674.0,231
rb1805,20171023,20171020,210641000,3675.0,80590,869852,2967072540.0,3675.0,119,3674.0,256
rb1805,20171023,20171020,210641500,3674.0,80598,869854,2967366480.0,3675.0,157,3674.0,255
rb1805,20171023,20171020,210642000,3674.0,80618,869854,2968101280.0,3675.0,122,3674.0,247
rb1805,20171023,20171020,210642500,3674.0,80712,869890,2971555680.0,3675.0,115,3674.0,242
rb1805,20171023,20171020,210643000,3674.0,80958,869922,2980595760.0,3675.0,14,3674.0,252
rb1805,20171023,20171020,210643500,3675.0,81002,869932,2982212400.0,3676.0,82,3675.0,1
rb1805,20171023,20171020,210644000,3675.0,81040,869936,2983608860.0,3675.0,37,3674.0,234
rb1805,20171023,20171020,210644500,3675.0,81068,869928,2984637820.0,3675.0,30,3674.0,238
rb1805,20171023,20171020,210645000,3675.0,81214,869968,2990002780.0,3676.0,97,3675.0,54
rb1805,20171023,20171020,210645500,3676.0,81224,869968,2990370340.0,3676.0,94,3675.0,54
rb1805,20171023,20171020,210646000,3675.0,81230,869974,2990590880.0,3676.0,93,3675.0,59
rb1805,20171023,20171020,210646500,3675.0,81240,869974,2990958380.0,3676.0,93,3675.0,54
rb1805,20171023,20171020,210647000,3675.0,81242,869974,2991031880.0,3676.0,93,3675.0,176
rb1805,20171023,20171020,210647500,3675.0,81256,869988,2991546480.0,3676.0,80,3675.0,202
rb1805,20171023,20171020,210648000,3675.0,81390,870080,2996472100.0,3676.0,24,3675.0,191
rb1805,20171023,20171020,210648500,3676.0,81410,870082,2997207200.0,3676.0,28,3675.0,174
rb1805,20171023,20171020,210649000,3676.0,81460,870058,2999045200.0,3676.0,3,3675.0,174
rb1805,20171023,20171020,210649500,3676.0,81468,870064,2999339280.0,3677.0,152,3676.0,6
rb1805,20171023,20171020,210650000,3676.0,81498,870044,3000442080.0,3676.0,23,3675.0,184
rb1805,20171023,20171020,210650500,3676.0,81520,870056,3001250800.0,3676.0,8,3675.0,191
rb1805,20171023,20171020,210651000,3677.0,81552,870062,3002427180.0,3677.0,165,3675.0,191
rb1805,20171023,20171020,210651500,3677.0,81584,870070,3003603820.0,3677.0,138,3676.0,9
rb1805,20171023,20171020,210652000,3677.0,81592,870070,3003897980.0,3677.0,134,3676.0,45
rb1805,20171023,20171020,210652500,3677.0,81622,870070,3005000880.0,3677.0,129,3676.0,38
rb1805,20171023,20171020,210653000,3677.0,81658,870056,3006324560.0,3677.0,113,3676.0,42
rb1805,20171023,20171020,210653500,3677.0,81678,870046,3007059960.0,3677.0,103,3676.0,79
rb1805,20171023,20171020,210654000,3677.0,81712,870044,3008310120.0,3677.0,87,3676.0,91
rb1805,20171023,20171020,210654500,3677.0,81720,870038,3008604280.0,3677.0,79,3676.0,92
rb1805,20171023,20171020,210655000,3677.0,81790,870050,3011177760.0,3677.0,76,3676.0,76
rb1805,20171023,20171020,210655500,3677.0,81812,870038,3011986700.0,3677.0,55,3676.0,66
rb1805,20171023,20171020,210656000,3677.0,81826,870042,3012501480.0,3677.0,48,3676.0,73
rb1805,20171023,20171020,210656500,3677.0,81928,870048,3016252020.0,3678.0,186,3677.0,8
rb1805,20171023,20171020,210657000,3677.0,81950,870036,3017060960.0,3677.0,50,3676.0,95
rb1805,20171023,20171020,210657500,3676.0,81960,870038,3017428600.0,3677.0,42,3676.0,92
rb1805,20171023,20171020,210658000,3677.0,81964,870034,3017575680.0,3677.0,65,3676.0,92
rb1805,20171023,20171020,210658500,3677.0,81970,870032,3017796300.0,3677.0,62,3676.0,92
rb1805,20171023,20171020,210659000,3677.0,82006,870024,3019119820.0,3677.0,87,3676.0,82
rb1805,20171023,20171020,210659500,3677.0,82074,870060,3021619740.0,3677.0,84,3676.0,46
rb1805,20171023,20171020,210700000,3677.0,82112,870060,3023016840.0,3677.0,86,3676.0,38
rb1805,20171023,20171020,210700500,3677.0,82124,870062,3023458080.0,3677.0,83,3676.0,62
rb1805,20171023,20171020,210701000,3677.0,82128,870066,3023605160.0,3677.0,101,3676.0,64
rb1805,20171023,20171020,210701500,3677.0,82128,870066,3023605160.0,3677.0,112,3676.0,64
rb1805,20171023,20171020,210702000,3677.0,82132,870070,3023752240.0,3677.0,111,3676.0,73
rb1805,20171023,20171020,210702500,3677.0,82136,870074,3023899320.0,3677.0,109,3676.0,75
rb1805,20171023,20171020,210703000,3677.0,82150,870084,3024414060.0,3677.0,104,3676.0,73
rb1805,20171023,20171020,210703500,3677.0,82150,870084,3024414060.0,3677.0,104,3676.0,74
rb1805,20171023,20171020,210704000,3676.0,82170,870080,3025149260.0,3677.0,98,3676.0,64
rb1805,20171023,20171020,210704500,3677.0,82196,870082,3026105260.0,3677.0,86,3676.0,73
rb1805,20171023,20171020,210705000,3677.0,82336,870094,3031252660.0,3677.0,37,3676.0,65
rb1805,20171023,20171020,210705500,3677.0,82424,870098,3034488420.0,3678.0,206,3677.0,32
rb1805,20171023,20171020,210706000,3677.0,82472,870144,3036253380.0,3678.0,206,3677.0,8
rb1805,20171023,20171020,210706500,3677.0,82474,870144,3036326920.0,3678.0,202,3677.0,9
rb1805,20171023,20171020,210707000,3677.0,82500,870128,3037283140.0,3678.0,192,3677.0,20
rb1805,20171023,20171020,210707500,3678.0,82530,870108,3038386520.0,3678.0,172,3677.0,25
rb1805,20171023,20171020,210708000,3678.0,82590,870060,3040593300.0,3678.0,143,3677.0,56
rb1805,20171023,20171020,210708500,3678.0,82896,870122,3051847980.0,3679.0,468,3678.0,46
rb1805,20171023,20171020,210709000,3678.0,82952,870078,3053908120.0,3679.0,445,3678.0,63
rb1805,20171023,20171020,210709500,3678.0,82990,870040,3055306100.0,3679.0,428,3678.0,66
rb1805,20171023,20171020,210710000,3678.0,83080,869978,3058616740.0,3679.0,405,3678.0,44
rb1805,20171023,20171020,210710500,3678.0,83152,869916,3061265200.0,3679.0,396,3678.0,23
rb1805,20171023,20171020,210711000,3679.0,83196,869888,3062883920.0,3679.0,376,3678.0,32
rb1805,20171023,20171020,210711500,3678.0,83664,869442,3080101420.0,3679.0,153,3678.0,27
rb1805,20171023,20171020,210712000,3678.0,83824,869442,3085986920.0,3678.0,5,3677.0,69
rb1805,20171023,20171020,210712500,3679.0,83856,869430,3087164100.0,3679.0,110,3678.0,22
rb1805,20171023,20171020,210713000,3678.0,83944,869388,3090401360.0,3679.0,82,3678.0,15
rb1805,20171023,20171020,210713500,3679.0,83972,869366,3091431480.0,3679.0,69,3678.0,20
rb1805,20171023,20171020,210714000,3679.0,84026,869332,3093418100.0,3679.0,51,3678.0,13
rb1805,20171023,20171020,210714500,3678.0,84058,869332,3094595320.0,3679.0,59,3678.0,37
rb1805,20171023,20171020,210715000,3679.0,84110,869322,3096508300.0,3679.0,39,3678.0,33
rb1805,20171023,20171020,210715500,3678.0,84176,869342,3098936120.0,3679.0,39,3678.0,35
rb1805,20171023,20171020,210716000,3679.0,84204,869346,3099966240.0,3679.0,52,3678.0,36
rb1805,20171023,20171020,210716500,3678.0,84278,869352,3102688500.0,3679.0,25,3678.0,37
rb1805,20171023,20171020,210717000,3679.0,84352,869302,3105410940.0,3679.0,5,3678.0,47
rb1805,20171023,20171020,210717500,3679.0,84366,869300,3105926000.0,3680.0,242,3679.0,25
rb1805,20171023,20171020,210718000,3679.0,84426,869246,3108133880.0,3680.0,214,3679.0,27
rb1805,20171023,20171020,210718500,3680.0,84498,869208,3110782840.0,3680.0,211,3679.0,19
rb1805,20171023,20171020,210719000,3679.0,84566,869220,3113285200.0,3680.0,180,3679.0,97
rb1805,20171023,20171020,210719500,3681.0,84930,869140,3126680440.0,3681.0,89,3680.0,32
rb1805,20171023,20171020,210720000,3681.0,85038,869166,3130655840.0,3681.0,47,3680.0,19
rb1805,20171023,20171020,210720500,3681.0,85142,869088,3134484080.0,3682.0,281,3681.0,11
rb1805,20171023,20171020,210721000,3681.0,85262,869084,3138900920.0,3681.0,85,3680.0,19
rb1805,20171023,20171020,210721500,3680.0,85392,869096,3143684880.0,3680.0,5,3679.0,122
rb1805,20171023,20171020,210722000,3681.0,85426,869088,3144936320.0,3681.0,76,3680.0,22
rb1805,20171023,20171020,210722500,3681.0,85458,869072,3146114240.0,3681.0,62,3680.0,31
rb1805,20171023,20171020,210723000,3681.0,85512,869038,3148101920.0,3681.0,52,3680.0,26
rb1805,20171023,20171020,210723500,3680.0,85610,869048,3151708740.0,3681.0,52,3680.0,13
rb1805,20171023,20171020,210724000,3681.0,85682,869044,3154358860.0,3681.0,27,3680.0,37
rb1805,20171023,20171020,210724500,3681.0,85730,869048,3156125680.0,3681.0,11,3680.0,37
rb1805,20171023,20171020,210725000,3680.0,85738,869044,3156420140.0,3681.0,14,3680.0,58
rb1805,20171023,20171020,210725500,3681.0,85784,869030,3158113300.0,3682.0,290,3681.0,4
rb1805,20171023,20171020,210726000,3681.0,85826,869030,3159659300.0,3681.0,35,3680.0,49
rb1805,20171023,20171020,210726500,3681.0,85860,869012,3160910840.0,3681.0,22,3680.0,56
rb1805,20171023,20171020,210727000,3681.0,85996,868972,3165917140.0,3681.0,12,3680.0,36
rb1805,20171023,20171020,210727500,3681.0,86028,868952,3167095000.0,3681.0,78,3680.0,34
rb1805,20171023,20171020,210728000,3681.0,86058,868950,3168199240.0,3681.0,75,3680.0,33
rb1805,20171023,20171020,210728500,3681.0,86100,868930,3169745240.0,3681.0,60,3680.0,38
rb1805,20171023,20171020,210729000,3681.0,86166,868896,3172174280.0,3681.0,56,3680.0,17
rb1805,20171023,20171020,210729500,3681.0,86282,868904,3176444240.0,3682.0,278,3681.0,6
rb1805,20171023,20171020,210730000,3681.0,86300,868908,3177106940.0,3682.0,276,3681.0,19
rb1805,20171023,20171020,210730500,3681.0,86732,869268,3193013060.0,3682.0,70,3681.0,20
rb1805,20171023,20171020,210731000,3681.0,86822,869276,3196326640.0,3682.0,37,3681.0,13
rb1805,20171023,20171020,210731500,3681.0,86850,869274,3197357560.0,3682.0,27,3681.0,20
rb1805,20171023,20171020,210732000,3682.0,86938,869282,3200597640.0,3683.0,129,3682.0,63
rb1805,20171023,20171020,210732500,3682.0,87008,869262,3203175380.0,3683.0,119,3682.0,98
rb1805,20171023,20171020,210733000,3683.0,87034,869244,3204132940.0,3683.0,107,3682.0,100
rb1805,20171023,20171020,210733500,3682.0,87344,869408,3215546600.0,3682.0,65,3681.0,1
rb1805,20171023,20171020,210734000,3681.0,87378,869382,3216798140.0,3681.0,4,3680.0,95
rb1805,20171023,20171020,210734500,3681.0,87396,869374,3217460760.0,3682.0,31,3681.0,61
rb1805,20171023,20171020,210735000,3682.0,87416,869374,3218197160.0,3682.0,25,3681.0,72
rb1805,20171023,20171020,210735500,3681.0,87418,869374,3218270780.0,3682.0,27,3681.0,71
rb1805,20171023,20171020,210736000,3682.0,87430,869376,3218712620.0,3682.0,29,3681.0,72
rb1805,20171023,20171020,210736500,3681.0,87482,869384,3220627220.0,3682.0,6,3681.0,65
rb1805,20171023,20171020,210737000,3682.0,87528,869356,3222320940.0,3683.0,157,3682.0,27
rb1805,20171023,20171020,210737500,3683.0,87598,869314,3224898820.0,3683.0,138,3682.0,27
rb1805,20171023,20171020,210738000,3683.0,87880,869084,3235284880.0,3684.0,213,3683.0,14
rb1805,20171023,20171020,210738500,3683.0,87896,869070,3235874200.0,3684.0,218,3683.0,8
rb1805,20171023,20171020,210739000,3684.0,87914,869066,3236537280.0,3684.0,210,3683.0,18
rb1805,20171023,20171020,210739500,3684.0,87992,869054,3239410420.0,3684.0,191,3683.0,9
rb1805,20171023,20171020,210740000,3683.0,88044,869040,3241326020.0,3684.0,164,3683.0,6
rb1805,20171023,20171020,210740500,3683.0,88090,869042,3243020420.0,3684.0,160,3683.0,4
rb1805,20171023,20171020,210741000,3683.0,88124,869032,3244272900.0,3684.0,165,3682.0,47
rb1805,20171023,20171020,210741500,3684.0,88184,869012,3246483300.0,3683.0,3,3682.0,57
rb1805,20171023,20171020,210742000,3683.0,88306,869094,3250975400.0,3683.0,102,3682.0,6
rb1805,20171023,20171020,210742500,3682.0,88362,869068,3253037320.0,3682.0,1,3681.0,79
rb1805,20171023,20171020,210743000,3683.0,88408,869070,3254731100.0,3683.0,124,3682.0,3
rb1805,20171023,20171020,210743500,3681.0,88442,869050,3255982960.0,3683.0,125,3681.0,87
rb1805,20171023,20171020,210744000,3682.0,88462,869044,3256719480.0,3683.0,126,3682.0,8
rb1805,20171023,20171020,210744500,3682.0,88522,869002,3258928540.0,3682.0,10,3681.0,82
rb1805,20171023,20171020,210745000,3682.0,88530,868994,3259223100.0,3682.0,6,3681.0,87
rb1805,20171023,20171020,210745500,3682.0,88562,868980,3260401340.0,3683.0,147,3682.0,34
rb1805,20171023,20171020,210746000,3683.0,88604,868970,3261948040.0,3683.0,86,3682.0,9
rb1805,20171023,20171020,210746500,3683.0,88630,868956,3262905580.0,3683.0,103,3682.0,7
rb1805,20171023,20171020,210747000,3683.0,88678,868948,3264673380.0,3683.0,81,3682.0,7
rb1805,20171023,20171020,210747500,3682.0,88722,868932,3266293680.0,3682.0,10,3681.0,98
rb1805,20171023,20171020,210748000,3682.0,88878,868926,3272038620.0,3682.0,7,3681.0,139
rb1805,20171023,20171020,210748500,3682.0,88900,868906,3272848660.0,3682.0,6,3681.0,189
rb1805,20171023,20171020,210749000,3682.0,88926,868892,3273805980.0,3683.0,100,3682.0,48
rb1805,20171023,20171020,210749500,3682.0,88970,868880,3275426100.0,3683.0,41,3682.0,28
rb1805,20171023,20171020,210750000,3682.0,88988,868890,3276089000.0,3683.0,36,3682.0,30
rb1805,20171023,20171020,210750500,3683.0,88990,868892,3276162660.0,3683.0,116,3682.0,31
rb1805,20171023,20171020,210751000,3683.0,89020,868896,3277267500.0,3683.0,104,3682.0,34
rb1805,20171023,20171020,210751500,3682.0,89024,868892,3277414780.0,3683.0,112,3682.0,34
rb1805,20171023,20171020,210752000,3683.0,89028,868894,3277562100.0,3683.0,112,3682.0,35
rb1805,20171023,20171020,210752500,3683.0,89052,868876,3278446020.0,3683.0,101,3682.0,25
rb1805,20171023,20171020,210753000,3682.0,89104,868846,3280360860.0,3683.0,94,3682.0,10
rb1805,20171023,20171020,210753500,3683.0,89106,868848,3280434520.0,3683.0,94,3682.0,29
rb1805,20171023,20171020,210754000,3682.0,89154,868842,3282202080.0,3683.0,88,3682.0,17
rb1805,20171023,20171020,210754500,3682.0,89194,868860,3283675240.0,3683.0,118,3682.0,19
rb1805,20171023,20171020,210755000,3682.0,89220,868860,3284632760.0,3683.0,109,3682.0,32
rb1805,20171023,20171020,210755500,3682.0,89258,868872,3286032280.0,3683.0,101,3682.0,32
rb1805,20171023,20171020,210756000,3683.0,89322,868882,3288389180.0,3683.0,80,3682.0,36
rb1805,20171023,20171020,210756500,3683.0,89522,868922,3295755120.0,3684.0,159,3683.0,14
rb1805,20171023,20171020,210757000,3684.0,89542,868902,3296491920.0,3684.0,149,3683.0,25
rb1805,20171023,20171020,210757500,3683.0,89568,868884,3297449700.0,3684.0,138,3683.0,30
rb1805,20171023,20171020,210758000,3683.0,89594,868866,3298407480.0,3684.0,129,3683.0,43
rb1805,20171023,20171020,210758500,3684.0,89624,868858,3299512680.0,3684.0,119,3683.0,44
rb1805,20171023,20171020,210759000,3683.0,89650,868862,3300470480.0,3684.0,113,3683.0,44
rb1805,20171023,20171020,210759500,3684.0,89664,868858,3300986220.0,3684.0,108,3683.0,43
rb1805,20171023,20171020,210800000,3684.0,89776,868852,3305112300.0,3684.0,52,3683.0,45
rb1805,20171023,20171020,210800500,3684.0,89884,868852,3309090920.0,3685.0,297,3684.0,1
rb1805,20171023,20171020,210801000,3684.0,90062,868776,3315649140.0,3684.0,52,3683.0,51
rb1805,20171023,20171020,210801500,3683.0,90114,868748,3317564800.0,3684.0,39,3683.0,52
rb1805,20171023,20171020,210802000,3683.0,90182,868720,3320069640.0,3684.0,23,3683.0,38
rb1805,20171023,20171020,210802500,3684.0,90234,868746,3321985340.0,3685.0,257,3684.0,18
rb1805,20171023,20171020,210803000,3684.0,90296,868772,3324269420.0,3684.0,11,3683.0,40
rb1805,20171023,20171020,210803500,3684.0,90328,868746,3325448340.0,3685.0,258,3684.0,19
rb1805,20171023,20171020,210804000,3683.0,90364,868726,3326774460.0,3684.0,16,3683.0,33
rb1805,20171023,20171020,210804500,3683.0,90374,868718,3327142820.0,3684.0,2,3683.0,34
rb1805,20171023,20171020,210805000,3685.0,90394,868708,3327879660.0,3684.0,2,3683.0,35
rb1805,20171023,20171020,210805500,3684.0,90412,868704,3328542800.0,3685.0,305,3683.0,21
rb1805,20171023,20171020,210806000,3684.0,90436,868724,3329426940.0,3684.0,19,3683.0,24
rb1805,20171023,20171020,210806500,3684.0,90478,868760,3330974200.0,3685.0,310,3684.0,2
rb1805,20171023,20171020,210807000,3684.0,90540,868766,3333257940.0,3684.0,22,3683.0,13
rb1805,20171023,20171020,210807500,3683.0,90542,868768,3333331600.0,3684.0,21,3683.0,22
rb1805,20171023,20171020,210808000,3684.0,90546,868770,3333478960.0,3684.0,123,3683.0,23
rb1805,20171023,20171020,210808500,3684.0,90574,868778,3334510440.0,3684.0,170,3683.0,20
rb1805,20171023,20171020,210809000,3683.0,90618,868760,3336130960.0,3684.0,180,3683.0,18
rb1805,20171023,20171020,210809500,3683.0,90664,868722,3337825180.0,3683.0,12,3682.0,159
rb1805,20171023,20171020,210810000,3683.0,90702,868730,3339224740.0,3684.0,180,3682.0,162
rb1805,20171023,20171020,210810500,3684.0,90736,868732,3340477140.0,3684.0,182,3682.0,157
rb1805,20171023,20171020,210811000,3684.0,90746,868732,3340845540.0,3684.0,178,3682.0,158
rb1805,20171023,20171020,210811500,3684.0,90848,868754,3344603220.0,3684.0,137,3682.0,161
rb1805,20171023,20171020,210812000,3683.0,90882,868744,3345855180.0,3683.0,3,3682.0,140
rb1805,20171023,20171020,210812500,3684.0,90928,868700,3347549820.0,3684.0,124,3682.0,140
rb1805,20171023,20171020,210813000,3683.0,90938,868704,3347918140.0,3683.0,4,3682.0,139
rb1805,20171023,20171020,210813500,3684.0,90960,868704,3348728560.0,3684.0,108,3682.0,139
rb1805,20171023,20171020,210814000,3683.0,90976,868706,3349317880.0,3684.0,110,3683.0,10
rb1805,20171023,20171020,210814500,3683.0,90996,868704,3350054480.0,3683.0,47,3682.0,172
rb1805,20171023,20171020,210815000,3682.0,90998,868704,3350128120.0,3683.0,43,3682.0,171
rb1805,20171023,20171020,210815500,3683.0,91102,868704,3353958260.0,3684.0,118,3683.0,28
rb1805,20171023,20171020,210816000,3682.0,91286,868704,3360733720.0,3683.0,133,3682.0,134
rb1805,20171023,20171020,210816500,3682.0,91558,868730,3370748760.0,3682.0,9,3681.0,327
rb1805,20171023,20171020,210817000,3682.0,91712,868684,3376417520.0,3682.0,77,3681.0,253
rb1805,20171023,20171020,210817500,3682.0,91788,868714,3379215440.0,3682.0,60,3681.0,233
rb1805,20171023,20171020,210818000,3681.0,91994,868830,3386800500.0,3683.0,96,3681.0,218
rb1805,20171023,20171020,210818500,3681.0,92010,868830,3387389460.0,3682.0,4,3681.0,210
rb1805,20171023,20171020,210819000,3681.0,92018,868836,3387683980.0,3682.0,13,3681.0,208
rb1805,20171023,20171020,210819500,3681.0,92044,868840,3388641080.0,3682.0,13,3681.0,198
rb1805,20171023,20171020,210820000,3681.0,92056,868850,3389082800.0,3682.0,17,3681.0,199
rb1805,20171023,20171020,210820500,3681.0,92304,868942,3398211700.0,3682.0,16,3681.0,76
rb1805,20171023,20171020,210821000,3681.0,92306,868942,3398285320.0,3682.0,19,3681.0,76
rb1805,20171023,20171020,210821500,3681.0,92310,868940,3398432560.0,3682.0,19,3681.0,83
rb1805,20171023,20171020,210822000,3682.0,92388,868932,3401304520.0,3683.0,120,3682.0,47
rb1805,20171023,20171020,210822500,3682.0,92416,868930,3402335480.0,3683.0,121,3682.0,49
rb1805,20171023,20171020,210823000,3682.0,92420,868932,3402482760.0,3683.0,103,3682.0,84
rb1805,20171023,20171020,210823500,3682.0,92432,868936,3402924600.0,3683.0,105,3682.0,80
rb1805,20171023,20171020,210824000,3682.0,92516,868914,3406017480.0,3683.0,47,3682.0,40
rb1805,20171023,20171020,210824500,3682.0,92518,868914,3406091120.0,3683.0,47,3682.0,41
rb1805,20171023,20171020,210825000,3682.0,92530,868902,3406532960.0,3683.0,47,3682.0,36
rb1805,20171023,20171020,210825500,3683.0,92554,868880,3407416660.0,3683.0,46,3682.0,31
rb1805,20171023,20171020,210826000,3682.0,92602,868884,3409184020.0,3683.0,46,3682.0,1
rb1805,20171023,20171020,210826500,3682.0,92606,868882,3409331300.0,3682.0,1,3681.0,293
rb1805,20171023,20171020,210827000,3682.0,92608,868882,3409404940.0,3682.0,1,3681.0,294
rb1805,20171023,20171020,210827500,3683.0,92618,868882,3409773200.0,3683.0,46,3682.0,39
rb1805,20171023,20171020,210828000,3682.0,92666,868886,3411540580.0,3683.0,63,3682.0,20
rb1805,20171023,20171020,210828500,3682.0,92740,868924,3414265260.0,3682.0,68,3681.0,292
rb1805,20171023,20171020,210829000,3682.0,92746,868924,3414486180.0,3682.0,66,3681.0,292
rb1805,20171023,20171020,210829500,3681.0,92752,868918,3414707040.0,3682.0,66,3681.0,289
rb1805,20171023,20171020,210830000,3681.0,92766,868914,3415222460.0,3682.0,162,3681.0,286
rb1805,20171023,20171020,210830500,3681.0,92778,868906,3415664280.0,3682.0,153,3681.0,286
rb1805,20171023,20171020,210831000,3681.0,92804,868922,3416621540.0,3682.0,159,3681.0,283
rb1805,20171023,20171020,210831500,3681.0,92832,868922,3417652280.0,3682.0,156,3681.0,273
rb1805,20171023,20171020,210832000,3682.0,92838,868928,3417873200.0,3682.0,157,3681.0,273
rb1805,20171023,20171020,210832500,3681.0,92842,868928,3418020440.0,3682.0,157,3681.0,271
rb1805,20171023,20171020,210833000,3682.0,92878,868928,3419345960.0,3682.0,166,3681.0,272
rb1805,20171023,20171020,210833500,3682.0,92880,868930,3419419600.0,3682.0,166,3681.0,274
rb1805,20171023,20171020,210834000,3681.0,93064,868916,3426192640.0,3682.0,166,3681.0,183
rb1805,20171023,20171020,210834500,3681.0,93340,868916,3436352200.0,3682.0,172,3681.0,46
rb1805,20171023,20171020,210835000,3682.0,93438,868968,3439959620.0,3682.0,170,3681.0,2
rb1805,20171023,20171020,210835500,3681.0,93492,868970,3441947360.0,3681.0,7,3680.0,154
rb1805,20171023,20171020,210836000,3681.0,93506,868968,3442462700.0,3681.0,26,3680.0,145
rb1805,20171023,20171020,210836500,3681.0,93506,868968,3442462700.0,3681.0,50,3680.0,147
rb1805,20171023,20171020,210837000,3681.0,93508,868970,3442536320.0,3681.0,52,3680.0,148
rb1805,20171023,20171020,210837500,3681.0,93510,868972,3442609940.0,3681.0,53,3680.0,150
rb1805,20171023,20171020,210838000,3680.0,93630,868934,3447025940.0,3681.0,53,3680.0,90
rb1805,20171023,20171020,210838500,3681.0,93658,868936,3448056360.0,3681.0,53,3680.0,78
rb1805,20171023,20171020,210839000,3680.0,93668,868938,3448424360.0,3681.0,54,3680.0,74
rb1805,20171023,20171020,210839500,3680.0,93672,868940,3448571580.0,3681.0,56,3680.0,74
rb1805,20171023,20171020,210840000,3681.0,93698,868962,3449528580.0,3681.0,55,3680.0,73
rb1805,20171023,20171020,210840500,3681.0,93778,869000,3452473380.0,3681.0,7,3680.0,90
rb1805,20171023,20171020,210841000,3681.0,93820,868992,3454019400.0,3682.0,141,3681.0,27
rb1805,20171023,20171020,210841500,3682.0,93874,868970,3456007180.0,3682.0,149,3681.0,101
rb1805,20171023,20171020,210842000,3681.0,93888,868962,3456522520.0,3682.0,149,3681.0,95
rb1805,20171023,20171020,210842500,3681.0,93952,868906,3458878380.0,3682.0,132,3681.0,64
rb1805,20171023,20171020,210843000,3681.0,94086,868826,3463810920.0,3681.0,21,3680.0,81
rb1805,20171023,20171020,210843500,3681.0,94086,868826,3463810920.0,3681.0,27,3680.0,82
rb1805,20171023,20171020,210844000,3681.0,94086,868826,3463810920.0,3681.0,20,3680.0,83
rb1805,20171023,20171020,210844500,3680.0,94090,868826,3463958140.0,3681.0,19,3680.0,82
rb1805,20171023,20171020,210845000,3680.0,94092,868828,3464031740.0,3681.0,20,3680.0,81
rb1805,20171023,20171020,210845500,3681.0,94168,868834,3466828780.0,3681.0,12,3680.0,60
rb1805,20171023,20171020,210846000,3680.0,94186,868844,3467491180.0,3681.0,14,3680.0,51
rb1805,20171023,20171020,210846500,3680.0,94206,868858,3468227300.0,3681.0,8,3680.0,47
rb1805,20171023,20171020,210847000,3680.0,94232,868854,3469184300.0,3681.0,1,3680.0,49
rb1805,20171023,20171020,210847500,3681.0,94236,868856,3469331540.0,3682.0,130,3681.0,2
rb1805,20171023,20171020,210848000,3681.0,94254,868858,3469994040.0,3682.0,140,3681.0,99
rb1805,20171023,20171020,210848500,3681.0,94276,868840,3470803860.0,3682.0,141,3681.0,141
rb1805,20171023,20171020,210849000,3681.0,94302,868824,3471760940.0,3682.0,140,3681.0,131
rb1805,20171023,20171020,210849500,3681.0,94318,868810,3472349900.0,3682.0,142,3681.0,123
rb1805,20171023,20171020,210850000,3681.0,94358,868782,3473822320.0,3682.0,140,3681.0,104
rb1805,20171023,20171020,210850500,3681.0,94376,868764,3474484900.0,3682.0,148,3681.0,95
rb1805,20171023,20171020,210851000,3681.0,94396,868748,3475221100.0,3682.0,152,3681.0,87
rb1805,20171023,20171020,210851500,3682.0,94406,868746,3475589220.0,3682.0,164,3681.0,83
rb1805,20171023,20171020,210852000,3682.0,94406,868746,3475589220.0,3682.0,193,3681.0,85
rb1805,20171023,20171020,210852500,3681.0,94430,868738,3476472720.0,3682.0,188,3681.0,76
rb1805,20171023,20171020,210853000,3681.0,94432,868736,3476546340.0,3682.0,197,3681.0,80
rb1805,20171023,20171020,210853500,3681.0,94454,868736,3477356160.0,3682.0,198,3681.0,75
rb1805,20171023,20171020,210854000,3681.0,94454,868736,3477356160.0,3682.0,198,3681.0,77
rb1805,20171023,20171020,210854500,3681.0,94520,868740,3479785620.0,3682.0,218,3681.0,52
rb1805,20171023,20171020,210855000,3681.0,94524,868740,3479932860.0,3682.0,218,3681.0,59
rb1805,20171023,20171020,210855500,3681.0,94538,868740,3480448220.0,3682.0,212,3681.0,53
rb1805,20171023,20171020,210856000,3681.0,94542,868742,3480595460.0,3682.0,212,3681.0,57
rb1805,20171023,20171020,210856500,3681.0,94542,868742,3480595460.0,3682.0,212,3681.0,57
rb1805,20171023,20171020,210857000,3681.0,94572,868746,3481700000.0,3682.0,199,3681.0,54
rb1805,20171023,20171020,210857500,3682.0,94582,868748,3482068120.0,3682.0,197,3681.0,52
rb1805,20171023,20171020,210858000,3682.0,94584,868750,3482141760.0,3682.0,196,3681.0,52
rb1805,20171023,20171020,210858500,3682.0,94594,868750,3482509960.0,3682.0,191,3681.0,62
rb1805,20171023,20171020,210859000,3682.0,94796,868742,3489947600.0,3682.0,77,3681.0,64
rb1805,20171023,20171020,210859500,3682.0,94856,868760,3492156760.0,3682.0,49,3681.0,62
rb1805,20171023,20171020,210900000,3682.0,94984,868798,3496869360.0,3682.0,14,3681.0,45
rb1805,20171023,20171020,210900500,3682.0,95020,868832,3498194880.0,3683.0,168,3682.0,7
rb1805,20171023,20171020,210901000,3682.0,95022,868832,3498268520.0,3683.0,170,3682.0,61
rb1805,20171023,20171020,210901500,3682.0,95046,868844,3499152220.0,3683.0,186,3682.0,60
rb1805,20171023,20171020,210902000,3682.0,95048,868842,3499225860.0,3683.0,185,3682.0,60
rb1805,20171023,20171020,210902500,3683.0,95132,868848,3502318860.0,3683.0,181,3682.0,19
rb1805,20171023,20171020,210903000,3683.0,95136,868848,3502466160.0,3683.0,192,3682.0,8
rb1805,20171023,20171020,210903500,3683.0,95164,868870,3503497080.0,3683.0,193,3681.0,60
rb1805,20171023,20171020,210904000,3683.0,95166,868868,3503570740.0,3683.0,182,3682.0,10
rb1805,20171023,20171020,210904500,3683.0,95166,868868,3503570740.0,3683.0,180,3682.0,22
rb1805,20171023,20171020,210905000,3683.0,95166,868868,3503570740.0,3683.0,181,3682.0,24
rb1805,20171023,20171020,210905500,3682.0,95236,868888,3506148760.0,3683.0,150,3682.0,24
rb1805,20171023,20171020,210906000,3683.0,95552,868820,3517787040.0,3684.0,67,3683.0,67
rb1805,20171023,20171020,210906500,3685.0,95708,868850,3523534120.0,3685.0,313,3684.0,24
rb1805,20171023,20171020,210907000,3684.0,95882,868734,3529945720.0,3685.0,252,3684.0,24
rb1805,20171023,20171020,210907500,3684.0,96000,868702,3534294000.0,3685.0,183,3684.0,57
rb1805,20171023,20171020,210908000,3684.0,96098,868632,3537905280.0,3685.0,135,3684.0,54
rb1805,20171023,20171020,210908500,3685.0,96196,868662,3541516580.0,3685.0,85,3684.0,76
rb1805,20171023,20171020,210909000,3686.0,96382,868684,3548370780.0,3686.0,51,3685.0,22
rb1805,20171023,20171020,210909500,3685.0,96442,868724,3550581900.0,3686.0,45,3685.0,9
rb1805,20171023,20171020,210910000,3686.0,96522,868714,3553530080.0,3686.0,36,3684.0,78
rb1805,20171023,20171020,210910500,3686.0,96568,868728,3555225640.0,3686.0,13,3685.0,38
rb1805,20171023,20171020,210911000,3686.0,96612,868720,3556847180.0,3686.0,6,3685.0,26
rb1805,20171023,20171020,210911500,3686.0,96630,868732,3557510660.0,3687.0,82,3686.0,62
rb1805,20171023,20171020,210912000,3687.0,96644,868744,3558026720.0,3687.0,83,3686.0,57
rb1805,20171023,20171020,210912500,3687.0,96672,868732,3559058960.0,3687.0,87,3686.0,66
rb1805,20171023,20171020,210913000,3687.0,96776,868724,3562892640.0,3687.0,100,3686.0,29
rb1805,20171023,20171020,210913500,3686.0,96828,868698,3564809420.0,3687.0,97,3686.0,13
rb1805,20171023,20171020,210914000,3686.0,96898,868724,3567389600.0,3686.0,15,3685.0,24
rb1805,20171023,20171020,210914500,3686.0,96932,868738,3568642760.0,3686.0,65,3685.0,19
rb1805,20171023,20171020,210915000,3686.0,97012,868722,3571591560.0,3686.0,131,3685.0,24
rb1805,20171023,20171020,210915500,3685.0,97020,868718,3571886400.0,3686.0,134,3685.0,17
rb1805,20171023,20171020,210916000,3685.0,97036,868704,3572476100.0,3686.0,224,3685.0,16
rb1805,20171023,20171020,210916500,3685.0,97044,868704,3572770960.0,3686.0,268,3685.0,16
rb1805,20171023,20171020,210917000,3686.0,97050,868700,3572992100.0,3686.0,268,3685.0,25
rb1805,20171023,20171020,210917500,3685.0,97140,868704,3576308600.0,3685.0,35,3684.0,96
rb1805,20171023,20171020,210918000,3685.0,97144,868708,3576456000.0,3685.0,35,3684.0,90
rb1805,20171023,20171020,210918500,3685.0,97154,868708,3576824460.0,3685.0,52,3684.0,89
rb1805,20171023,20171020,210919000,3685.0,97558,868782,3591714840.0,3685.0,63,3684.0,88
rb1805,20171023,20171020,210919500,3685.0,97578,868780,3592451820.0,3685.0,59,3684.0,91
rb1805,20171023,20171020,210920000,3685.0,97586,868778,3592746600.0,3685.0,58,3684.0,90
rb1805,20171023,20171020,210920500,3685.0,97598,868768,3593188780.0,3685.0,53,3684.0,78
rb1805,20171023,20171020,210921000,3685.0,97616,868758,3593852080.0,3685.0,44,3684.0,84
rb1805,20171023,20171020,210921500,3685.0,97788,868766,3600189500.0,3686.0,158,3685.0,17
rb1805,20171023,20171020,210922000,3684.0,97826,868766,3601589780.0,3685.0,10,3684.0,44
rb1805,20171023,20171020,210922500,3685.0,97886,868754,3603800780.0,3685.0,1,3684.0,44
rb1805,20171023,20171020,210923000,3685.0,97898,868752,3604242980.0,3686.0,190,3685.0,2
rb1805,20171023,20171020,210923500,3685.0,97904,868754,3604464080.0,3685.0,33,3684.0,56
rb1805,20171023,20171020,210924000,3685.0,97904,868754,3604464080.0,3685.0,38,3684.0,56
rb1805,20171023,20171020,210924500,3685.0,97960,868788,3606527660.0,3685.0,12,3684.0,56
rb1805,20171023,20171020,210925000,3684.0,97970,868784,3606896060.0,3685.0,16,3684.0,52
rb1805,20171023,20171020,210925500,3685.0,97972,868784,3606969760.0,3685.0,33,3684.0,47
