instrument,tradingday,calendarday,time,lastp,volume,openinterest,turnover,ask1,asksz1,bid1,bidsz1
rb1805,20170801,20170731,205900500,3446.0,154,108880,5306840.0,3460.0,1,3445.0,1
rb1805,20170801,20170731,210000500,3446.0,154,108880,5306840.0,3447.0,2,3446.0,13
rb1805,20170801,20170731,210001000,3448.0,164,108882,5651680.0,3456.0,7,3447.0,1
rb1805,20170801,20170731,210001500,3447.0,184,108896,6341000.0,3447.0,1,3446.0,7
rb1805,20170801,20170731,210002000,3446.0,196,108906,6754520.0,3447.0,5,3446.0,2
rb1805,20170801,20170731,210002500,3446.0,196,108906,6754520.0,3447.0,2,3446.0,2
rb1805,20170801,20170731,210003000,3446.0,196,108906,6754520.0,3447.0,4,3446.0,2
rb1805,20170801,20170731,210003500,3447.0,198,108906,6823460.0,3447.0,3,3446.0,7
rb1805,20170801,20170731,210004000,3447.0,204,108908,7030280.0,3452.0,1,3447.0,2
rb1805,20170801,20170731,210004500,3447.0,204,108908,7030280.0,3452.0,4,3448.0,5
rb1805,20170801,20170731,210005000,3447.0,204,108908,7030280.0,3452.0,4,3449.0,5
rb1805,20170801,20170731,210005500,3447.0,204,108908,7030280.0,3452.0,4,3449.0,5
rb1805,20170801,20170731,210006500,3447.0,204,108908,7030280.0,3451.0,2,3449.0,5
rb1805,20170801,20170731,210007000,3447.0,204,108908,7030280.0,3450.0,2,3449.0,5
rb1805,20170801,20170731,210007500,3450.0,206,108908,7099280.0,3450.0,1,3449.0,5
rb1805,20170801,20170731,210008000,3452.0,210,108908,7237320.0,3457.0,28,3449.0,5
rb1805,20170801,20170731,210008500,3455.0,220,108910,7582640.0,3455.0,7,3449.0,5
rb1805,20170801,20170731,210009000,3455.0,220,108910,7582640.0,3454.0,5,3449.0,5
rb1805,20170801,20170731,210009500,3455.0,220,108910,7582640.0,3450.0,2,3449.0,7
rb1805,20170801,20170731,210010000,3450.0,224,108910,7720640.0,3455.0,1,3450.0,3
rb1805,20170801,20170731,210010500,3450.0,224,108910,7720640.0,3455.0,4,3449.0,10
rb1805,20170801,20170731,210011000,3450.0,224,108910,7720640.0,3455.0,4,3450.0,2
rb1805,20170801,20170731,210012000,3455.0,226,108910,7789740.0,3455.0,3,3450.0,2
rb1805,20170801,20170731,210013500,3455.0,226,108910,7789740.0,3455.0,3,3450.0,7
rb1805,20170801,20170731,210014000,3455.0,226,108910,7789740.0,3455.0,3,3450.0,8
rb1805,20170801,20170731,210014500,3455.0,226,108910,7789740.0,3455.0,3,3450.0,3
rb1805,20170801,20170731,210015000,3450.0,230,108910,7927760.0,3454.0,1,3450.0,7
rb1805,20170801,20170731,210015500,3450.0,234,108910,8065760.0,3454.0,5,3450.0,3
rb1805,20170801,20170731,210016000,3450.0,234,108910,8065760.0,3454.0,5,3451.0,1
rb1805,20170801,20170731,210016500,3450.0,234,108910,8065760.0,3453.0,9,3451.0,6
rb1805,20170801,20170731,210017000,3453.0,240,108910,8272940.0,3453.0,6,3451.0,6
rb1805,20170801,20170731,210017500,3453.0,240,108910,8272940.0,3453.0,6,3451.0,6
rb1805,20170801,20170731,210018000,3453.0,240,108910,8272940.0,3453.0,6,3451.0,6
rb1805,20170801,20170731,210018500,3453.0,240,108910,8272940.0,3453.0,6,3451.0,6
rb1805,20170801,20170731,210019000,3453.0,240,108910,8272940.0,3453.0,6,3451.0,6
rb1805,20170801,20170731,210019500,3453.0,242,108910,8342000.0,3452.0,6,3451.0,6
rb1805,20170801,20170731,210020000,3453.0,242,108910,8342000.0,3452.0,6,3451.0,6
rb1805,20170801,20170731,210020500,3451.0,250,108918,8618080.0,3452.0,6,3451.0,2
rb1805,20170801,20170731,210021000,3451.0,254,108918,8756120.0,3451.0,6,3450.0,2
rb1805,20170801,20170731,210021500,3450.0,258,108918,8894120.0,3450.0,8,3449.0,1
rb1805,20170801,20170731,210022000,3450.0,270,108918,9308120.0,3451.0,6,3450.0,5
rb1805,20170801,20170731,210022500,3450.0,280,108928,9653120.0,3450.0,4,3449.0,1
rb1805,20170801,20170731,210023000,3450.0,280,108928,9653120.0,3451.0,6,3449.0,1
rb1805,20170801,20170731,210023500,3450.0,284,108928,9791120.0,3451.0,12,3449.0,1
rb1805,20170801,20170731,210024000,3450.0,284,108928,9791120.0,3450.0,1,3449.0,1
rb1805,20170801,20170731,210024500,3450.0,284,108928,9791120.0,3450.0,1,3448.0,1
rb1805,20170801,20170731,210025000,3450.0,284,108928,9791120.0,3450.0,1,3448.0,1
rb1805,20170801,20170731,210025500,3450.0,286,108928,9860120.0,3451.0,6,3448.0,4
rb1805,20170801,20170731,210026000,3450.0,286,108928,9860120.0,3450.0,2,3448.0,1
rb1805,20170801,20170731,210026500,3449.0,290,108932,9998100.0,3450.0,1,3448.0,1
rb1805,20170801,20170731,210027000,3450.0,292,108934,10067100.0,3451.0,6,3448.0,1
rb1805,20170801,20170731,210027500,3450.0,304,108934,10481100.0,3451.0,10,3449.0,1
rb1805,20170801,20170731,210028000,3451.0,306,108934,10550120.0,3451.0,5,3450.0,3
rb1805,20170801,20170731,210028500,3450.0,316,108934,10895120.0,3451.0,5,3449.0,1
rb1805,20170801,20170731,210029000,3450.0,318,108932,10964120.0,3451.0,5,3449.0,1
rb1805,20170801,20170731,210029500,3450.0,320,108932,11033120.0,3450.0,2,3449.0,1
rb1805,20170801,20170731,210030000,3450.0,324,108928,11171120.0,3451.0,5,3450.0,3
rb1805,20170801,20170731,210031000,3451.0,328,108924,11309160.0,3451.0,3,3450.0,23
rb1805,20170801,20170731,210031500,3451.0,334,108918,11516220.0,3452.0,6,3451.0,5
rb1805,20170801,20170731,210032000,3451.0,348,108908,11999400.0,3451.0,4,3450.0,23
rb1805,20170801,20170731,210032500,3450.0,368,108902,12689540.0,3452.0,4,3450.0,20
rb1805,20170801,20170731,210033000,3450.0,368,108902,12689540.0,3452.0,4,3451.0,2
rb1805,20170801,20170731,210034500,3452.0,370,108900,12758580.0,3452.0,3,3451.0,2
rb1805,20170801,20170731,210035000,3451.0,374,108898,12896620.0,3452.0,3,3450.0,20
rb1805,20170801,20170731,210035500,3451.0,374,108898,12896620.0,3452.0,4,3450.0,20
rb1805,20170801,20170731,210036500,3452.0,376,108896,12965660.0,3452.0,2,3450.0,20
rb1805,20170801,20170731,210037000,3452.0,376,108896,12965660.0,3451.0,1,3450.0,20
rb1805,20170801,20170731,210037500,3452.0,380,108898,13103720.0,3452.0,1,3450.0,21
rb1805,20170801,20170731,210038000,3452.0,380,108898,13103720.0,3452.0,2,3450.0,21
rb1805,20170801,20170731,210038500,3452.0,380,108898,13103720.0,3452.0,2,3450.0,29
rb1805,20170801,20170731,210039000,3450.0,384,108894,13241720.0,3452.0,8,3450.0,27
rb1805,20170801,20170731,210039500,3450.0,384,108894,13241720.0,3452.0,2,3450.0,28
rb1805,20170801,20170731,210040000,3452.0,386,108896,13310760.0,3453.0,8,3452.0,1
rb1805,20170801,20170731,210040500,3452.0,386,108896,13310760.0,3453.0,8,3451.0,16
rb1805,20170801,20170731,210041000,3453.0,394,108896,13587000.0,3453.0,4,3451.0,3
rb1805,20170801,20170731,210041500,3453.0,394,108896,13587000.0,3453.0,2,3451.0,3
rb1805,20170801,20170731,210042000,3453.0,394,108896,13587000.0,3453.0,2,3451.0,2
rb1805,20170801,20170731,210044000,3453.0,394,108896,13587000.0,3453.0,2,3451.0,5
rb1805,20170801,20170731,210045000,3451.0,396,108896,13656020.0,3453.0,2,3451.0,4
rb1805,20170801,20170731,210045500,3451.0,396,108896,13656020.0,3453.0,2,3451.0,3
rb1805,20170801,20170731,210046000,3451.0,396,108896,13656020.0,3453.0,2,3451.0,4
rb1805,20170801,20170731,210046500,3451.0,396,108896,13656020.0,3453.0,2,3452.0,1
rb1805,20170801,20170731,210047000,3452.0,398,108896,13725060.0,3453.0,2,3451.0,6
rb1805,20170801,20170731,210047500,3451.0,400,108894,13794080.0,3453.0,2,3451.0,8
rb1805,20170801,20170731,210048000,3451.0,400,108894,13794080.0,3453.0,2,3451.0,8
rb1805,20170801,20170731,210049000,3451.0,400,108894,13794080.0,3453.0,2,3451.0,9
rb1805,20170801,20170731,210049500,3451.0,400,108894,13794080.0,3453.0,2,3451.0,8
rb1805,20170801,20170731,210050000,3451.0,400,108894,13794080.0,3453.0,2,3451.0,14
rb1805,20170801,20170731,210050500,3453.0,404,108892,13932200.0,3454.0,8,3452.0,17
rb1805,20170801,20170731,210051000,3453.0,404,108892,13932200.0,3454.0,6,3453.0,1
rb1805,20170801,20170731,210051500,3453.0,406,108890,14001260.0,3454.0,3,3452.0,17
rb1805,20170801,20170731,210052000,3453.0,406,108890,14001260.0,3454.0,3,3452.0,18
rb1805,20170801,20170731,210052500,3453.0,406,108890,14001260.0,3454.0,3,3453.0,17
rb1805,20170801,20170731,210053000,3454.0,410,108886,14139420.0,3454.0,1,3453.0,17
rb1805,20170801,20170731,210053500,3454.0,412,108888,14208500.0,3455.0,5,3454.0,17
rb1805,20170801,20170731,210054000,3454.0,412,108888,14208500.0,3455.0,2,3454.0,17
rb1805,20170801,20170731,210054500,3455.0,416,108886,14346700.0,3456.0,6,3454.0,17
rb1805,20170801,20170731,210055000,3456.0,420,108882,14484940.0,3456.0,4,3454.0,17
rb1805,20170801,20170731,210056500,3456.0,422,108880,14554060.0,3456.0,3,3455.0,1
rb1805,20170801,20170731,210057000,3456.0,422,108880,14554060.0,3456.0,3,3455.0,4
rb1805,20170801,20170731,210057500,3456.0,424,108880,14623180.0,3456.0,2,3455.0,4
rb1805,20170801,20170731,210058000,3456.0,424,108880,14623180.0,3456.0,2,3455.0,4
rb1805,20170801,20170731,210058500,3456.0,424,108880,14623180.0,3456.0,2,3455.0,4
rb1805,20170801,20170731,210059000,3456.0,426,108880,14692300.0,3460.0,2,3455.0,4
rb1805,20170801,20170731,210059500,3456.0,426,108880,14692300.0,3457.0,3,3455.0,1
rb1805,20170801,20170731,210100000,3457.0,428,108880,14761440.0,3457.0,2,3456.0,1
rb1805,20170801,20170731,210100500,3457.0,428,108880,14761440.0,3459.0,1,3456.0,5
rb1805,20170801,20170731,210101000,3457.0,428,108880,14761440.0,3457.0,3,3456.0,2
rb1805,20170801,20170731,210101500,3457.0,428,108880,14761440.0,3457.0,3,3456.0,2
rb1805,20170801,20170731,210102000,3457.0,428,108880,14761440.0,3457.0,3,3456.0,2
rb1805,20170801,20170731,210102500,3457.0,428,108880,14761440.0,3458.0,2,3457.0,1
rb1805,20170801,20170731,210103000,3457.0,430,108880,14830580.0,3458.0,5,3456.0,2
rb1805,20170801,20170731,210103500,3457.0,430,108880,14830580.0,3458.0,5,3456.0,2
rb1805,20170801,20170731,210104500,3457.0,430,108880,14830580.0,3458.0,5,3456.0,2
rb1805,20170801,20170731,210105000,3458.0,434,108882,14968900.0,3458.0,3,3456.0,7
rb1805,20170801,20170731,210105500,3458.0,434,108882,14968900.0,3458.0,3,3456.0,10
rb1805,20170801,20170731,210106000,3458.0,434,108882,14968900.0,3458.0,3,3456.0,11
rb1805,20170801,20170731,210106500,3458.0,434,108882,14968900.0,3458.0,3,3456.0,11
rb1805,20170801,20170731,210107000,3458.0,434,108882,14968900.0,3458.0,3,3456.0,11
rb1805,20170801,20170731,210107500,3458.0,434,108882,14968900.0,3458.0,3,3456.0,11
rb1805,20170801,20170731,210108000,3458.0,434,108882,14968900.0,3460.0,3,3456.0,11
rb1805,20170801,20170731,210108500,3458.0,434,108882,14968900.0,3459.0,4,3456.0,11
rb1805,20170801,20170731,210109000,3458.0,434,108882,14968900.0,3459.0,9,3456.0,11
rb1805,20170801,20170731,210109500,3458.0,434,108882,14968900.0,3459.0,12,3456.0,11
rb1805,20170801,20170731,210110000,3458.0,434,108882,14968900.0,3459.0,12,3456.0,11
rb1805,20170801,20170731,210110500,3458.0,434,108882,14968900.0,3459.0,9,3457.0,2
rb1805,20170801,20170731,210111000,3458.0,434,108882,14968900.0,3459.0,9,3458.0,1
rb1805,20170801,20170731,210111500,3458.0,436,108880,15038060.0,3458.0,2,3457.0,2
rb1805,20170801,20170731,210112000,3458.0,436,108880,15038060.0,3459.0,5,3458.0,1
rb1805,20170801,20170731,210112500,3458.0,442,108876,15245540.0,3459.0,4,3458.0,1
rb1805,20170801,20170731,210113000,3458.0,444,108874,15314700.0,3458.0,2,3457.0,5
rb1805,20170801,20170731,210113500,3458.0,450,108870,15522180.0,3459.0,1,3458.0,14
rb1805,20170801,20170731,210114000,3459.0,458,108870,15798900.0,3460.0,9,3459.0,10
rb1805,20170801,20170731,210114500,3459.0,462,108866,15937260.0,3460.0,7,3459.0,8
rb1805,20170801,20170731,210115000,3459.0,478,108850,16490700.0,3459.0,1,3458.0,14
rb1805,20170801,20170731,210115500,3459.0,480,108848,16559880.0,3460.0,6,3458.0,14
rb1805,20170801,20170731,210116000,3459.0,480,108848,16559880.0,3460.0,6,3459.0,1
rb1805,20170801,20170731,210116500,3459.0,480,108848,16559880.0,3460.0,6,3459.0,1
rb1805,20170801,20170731,210117000,3459.0,482,108850,16629060.0,3459.0,2,3458.0,14
rb1805,20170801,20170731,210117500,3459.0,486,108854,16767420.0,3460.0,6,3459.0,1
rb1805,20170801,20170731,210118000,3459.0,488,108852,16836600.0,3459.0,5,3458.0,15
rb1805,20170801,20170731,210118500,3459.0,498,108844,17182500.0,3460.0,11,3458.0,14
rb1805,20170801,20170731,210119000,3459.0,498,108844,17182500.0,3460.0,11,3459.0,1
rb1805,20170801,20170731,210120500,3459.0,498,108844,17182500.0,3460.0,6,3459.0,1
rb1805,20170801,20170731,210121000,3460.0,514,108836,17736080.0,3461.0,1,3459.0,1
rb1805,20170801,20170731,210121500,3460.0,514,108836,17736080.0,3461.0,1,3460.0,2
rb1805,20170801,20170731,210122000,3460.0,518,108840,17874480.0,3460.0,2,3458.0,14
rb1805,20170801,20170731,210122500,3460.0,518,108840,17874480.0,3461.0,1,3458.0,15
rb1805,20170801,20170731,210123000,3460.0,518,108840,17874480.0,3461.0,1,3459.0,2
rb1805,20170801,20170731,210123500,3460.0,518,108840,17874480.0,3461.0,1,3459.0,2
rb1805,20170801,20170731,210124000,3460.0,518,108840,17874480.0,3461.0,1,3459.0,2
rb1805,20170801,20170731,210124500,3460.0,518,108840,17874480.0,3461.0,1,3459.0,2
rb1805,20170801,20170731,210125000,3460.0,518,108840,17874480.0,3461.0,1,3460.0,1
rb1805,20170801,20170731,210125500,3460.0,520,108842,17943680.0,3461.0,1,3459.0,2
rb1805,20170801,20170731,210126500,3460.0,520,108842,17943680.0,3461.0,1,3459.0,7
rb1805,20170801,20170731,210127000,3460.0,520,108842,17943680.0,3461.0,1,3459.0,7
rb1805,20170801,20170731,210128000,3460.0,520,108842,17943680.0,3461.0,1,3459.0,7
rb1805,20170801,20170731,210128500,3460.0,520,108842,17943680.0,3461.0,1,3459.0,7
rb1805,20170801,20170731,210129000,3461.0,524,108846,18082120.0,3463.0,2,3461.0,28
rb1805,20170801,20170731,210129500,3461.0,580,108902,20020280.0,3461.0,2,3459.0,9
rb1805,20170801,20170731,210130000,3461.0,582,108902,20089500.0,3461.0,1,3459.0,7
rb1805,20170801,20170731,210130500,3461.0,582,108902,20089500.0,3461.0,1,3459.0,7
rb1805,20170801,20170731,210131000,3459.0,586,108902,20227860.0,3461.0,1,3459.0,5
rb1805,20170801,20170731,210131500,3461.0,590,108906,20366300.0,3461.0,5,3459.0,5
rb1805,20170801,20170731,210132000,3458.0,626,108882,21611280.0,3459.0,3,3458.0,6
rb1805,20170801,20170731,210132500,3458.0,626,108882,21611280.0,3460.0,2,3457.0,3
rb1805,20170801,20170731,210133000,3460.0,628,108882,21680480.0,3460.0,1,3457.0,6
rb1805,20170801,20170731,210133500,3460.0,628,108882,21680480.0,3460.0,6,3457.0,5
rb1805,20170801,20170731,210135000,3457.0,632,108882,21818760.0,3460.0,6,3457.0,3
rb1805,20170801,20170731,210135500,3457.0,632,108882,21818760.0,3460.0,10,3457.0,3
rb1805,20170801,20170731,210136000,3457.0,632,108882,21818760.0,3460.0,9,3459.0,1
rb1805,20170801,20170731,210136500,3459.0,634,108884,21887940.0,3459.0,21,3457.0,5
rb1805,20170801,20170731,210137000,3459.0,634,108884,21887940.0,3459.0,21,3457.0,4
rb1805,20170801,20170731,210137500,3457.0,642,108884,22164500.0,3459.0,21,3456.0,11
rb1805,20170801,20170731,210138000,3457.0,642,108884,22164500.0,3458.0,1,3456.0,8
rb1805,20170801,20170731,210139000,3457.0,642,108884,22164500.0,3458.0,1,3457.0,1
rb1805,20170801,20170731,210139500,3457.0,642,108884,22164500.0,3458.0,1,3457.0,1
rb1805,20170801,20170731,210140000,3457.0,642,108884,22164500.0,3458.0,6,3457.0,1
rb1805,20170801,20170731,210140500,3456.0,648,108888,22371880.0,3458.0,6,3456.0,6
rb1805,20170801,20170731,210141000,3456.0,648,108888,22371880.0,3458.0,3,3456.0,7
rb1805,20170801,20170731,210141500,3456.0,648,108888,22371880.0,3458.0,3,3456.0,6
rb1805,20170801,20170731,210142000,3458.0,650,108888,22441040.0,3458.0,2,3456.0,8
rb1805,20170801,20170731,210142500,3458.0,658,108880,22717680.0,3459.0,24,3458.0,2
rb1805,20170801,20170731,210143000,3458.0,658,108880,22717680.0,3459.0,24,3456.0,9
rb1805,20170801,20170731,210143500,3459.0,660,108880,22786860.0,3459.0,18,3457.0,4
rb1805,20170801,20170731,210144000,3459.0,660,108880,22786860.0,3459.0,18,3457.0,4
rb1805,20170801,20170731,210144500,3459.0,664,108876,22925220.0,3458.0,1,3457.0,3
rb1805,20170801,20170731,210145000,3459.0,664,108876,22925220.0,3458.0,1,3457.0,2
rb1805,20170801,20170731,210145500,3459.0,664,108876,22925220.0,3458.0,1,3457.0,4
rb1805,20170801,20170731,210146000,3458.0,666,108878,22994380.0,3459.0,16,3457.0,5
rb1805,20170801,20170731,210146500,3457.0,668,108876,23063520.0,3459.0,16,3457.0,4
rb1805,20170801,20170731,210147000,3457.0,668,108876,23063520.0,3459.0,16,3457.0,4
rb1805,20170801,20170731,210149000,3457.0,668,108876,23063520.0,3459.0,16,3457.0,4
rb1805,20170801,20170731,210149500,3457.0,668,108876,23063520.0,3459.0,16,3457.0,4
rb1805,20170801,20170731,210150000,3457.0,668,108876,23063520.0,3459.0,16,3457.0,7
rb1805,20170801,20170731,210150500,3457.0,668,108876,23063520.0,3460.0,10,3457.0,4
rb1805,20170801,20170731,210151500,3460.0,670,108876,23132720.0,3460.0,9,3457.0,4
rb1805,20170801,20170731,210154000,3460.0,670,108876,23132720.0,3460.0,9,3457.0,4
rb1805,20170801,20170731,210154500,3460.0,670,108876,23132720.0,3460.0,9,3457.0,8
rb1805,20170801,20170731,210155000,3460.0,670,108876,23132720.0,3460.0,6,3457.0,11
rb1805,20170801,20170731,210155500,3460.0,670,108876,23132720.0,3460.0,6,3457.0,8
rb1805,20170801,20170731,210156000,3460.0,670,108876,23132720.0,3460.0,7,3457.0,11
rb1805,20170801,20170731,210158000,3460.0,670,108876,23132720.0,3459.0,1,3457.0,8
rb1805,20170801,20170731,210159500,3460.0,670,108876,23132720.0,3459.0,1,3457.0,8
rb1805,20170801,20170731,210200500,3460.0,670,108876,23132720.0,3459.0,1,3457.0,8
rb1805,20170801,20170731,210201000,3457.0,676,108870,23340180.0,3460.0,8,3457.0,6
rb1805,20170801,20170731,210201500,3457.0,676,108870,23340180.0,3460.0,11,3457.0,6
rb1805,20170801,20170731,210202000,3457.0,676,108870,23340180.0,3459.0,18,3457.0,6
rb1805,20170801,20170731,210202500,3457.0,676,108870,23340180.0,3459.0,23,3457.0,5
rb1805,20170801,20170731,210203000,3457.0,676,108870,23340180.0,3458.0,16,3457.0,5
rb1805,20170801,20170731,210203500,3457.0,686,108878,23685880.0,3457.0,16,3456.0,7
rb1805,20170801,20170731,210204000,3457.0,688,108876,23755020.0,3457.0,15,3456.0,8
rb1805,20170801,20170731,210204500,3457.0,688,108876,23755020.0,3457.0,15,3456.0,7
rb1805,20170801,20170731,210205000,3456.0,702,108868,24238860.0,3456.0,15,3455.0,11
rb1805,20170801,20170731,210205500,3456.0,702,108868,24238860.0,3456.0,15,3455.0,8
rb1805,20170801,20170731,210206000,3455.0,718,108868,24791660.0,3455.0,8,3454.0,17
rb1805,20170801,20170731,210206500,3454.0,728,108858,25137100.0,3454.0,3,3453.0,17
rb1805,20170801,20170731,210207000,3454.0,734,108858,25344340.0,3455.0,8,3453.0,1
rb1805,20170801,20170731,210207500,3454.0,734,108858,25344340.0,3455.0,13,3453.0,5
rb1805,20170801,20170731,210208000,3454.0,734,108858,25344340.0,3455.0,13,3453.0,5
rb1805,20170801,20170731,210209000,3454.0,734,108858,25344340.0,3455.0,13,3453.0,5
rb1805,20170801,20170731,210209500,3454.0,734,108858,25344340.0,3455.0,13,3453.0,5
rb1805,20170801,20170731,210210000,3454.0,734,108858,25344340.0,3455.0,13,3453.0,5
rb1805,20170801,20170731,210210500,3454.0,734,108858,25344340.0,3455.0,13,3453.0,5
rb1805,20170801,20170731,210211000,3455.0,736,108858,25413440.0,3455.0,12,3453.0,5
rb1805,20170801,20170731,210211500,3455.0,736,108858,25413440.0,3455.0,12,3453.0,5
rb1805,20170801,20170731,210212000,3456.0,776,108828,26795600.0,3456.0,7,3455.0,3
rb1805,20170801,20170731,210212500,3456.0,776,108828,26795600.0,3456.0,3,3453.0,8
rb1805,20170801,20170731,210213000,3456.0,776,108828,26795600.0,3456.0,8,3453.0,6
rb1805,20170801,20170731,210213500,3456.0,776,108828,26795600.0,3456.0,8,3454.0,1
rb1805,20170801,20170731,210214000,3456.0,776,108828,26795600.0,3455.0,2,3454.0,1
rb1805,20170801,20170731,210214500,3456.0,776,108828,26795600.0,3455.0,2,3454.0,1
rb1805,20170801,20170731,210215000,3456.0,776,108828,26795600.0,3455.0,2,3454.0,4
rb1805,20170801,20170731,210215500,3456.0,776,108828,26795600.0,3455.0,2,3454.0,5
rb1805,20170801,20170731,210216000,3456.0,776,108828,26795600.0,3455.0,2,3454.0,5
rb1805,20170801,20170731,210217000,3455.0,780,108832,26933800.0,3456.0,5,3454.0,5
rb1805,20170801,20170731,210217500,3456.0,782,108830,27002920.0,3456.0,4,3455.0,1
rb1805,20170801,20170731,210218000,3456.0,782,108830,27002920.0,3457.0,16,3454.0,5
rb1805,20170801,20170731,210218500,3456.0,782,108830,27002920.0,3455.0,1,3454.0,3
rb1805,20170801,20170731,210219000,3456.0,782,108830,27002920.0,3455.0,1,3454.0,5
rb1805,20170801,20170731,210219500,3456.0,782,108830,27002920.0,3455.0,1,3454.0,1
rb1805,20170801,20170731,210220000,3456.0,784,108828,27072040.0,3457.0,9,3454.0,3
rb1805,20170801,20170731,210220500,3456.0,784,108828,27072040.0,3457.0,9,3454.0,4
rb1805,20170801,20170731,210221000,3456.0,784,108828,27072040.0,3457.0,9,3454.0,4
rb1805,20170801,20170731,210221500,3454.0,792,108824,27348360.0,3454.0,96,3453.0,6
rb1805,20170801,20170731,210222000,3454.0,844,108772,29144440.0,3454.0,70,3453.0,7
rb1805,20170801,20170731,210222500,3454.0,844,108772,29144440.0,3454.0,70,3453.0,6
rb1805,20170801,20170731,210223000,3454.0,844,108772,29144440.0,3454.0,70,3453.0,6
rb1805,20170801,20170731,210223500,3454.0,844,108772,29144440.0,3454.0,70,3453.0,6
rb1805,20170801,20170731,210224000,3454.0,844,108772,29144440.0,3454.0,75,3453.0,6
rb1805,20170801,20170731,210224500,3453.0,854,108772,29489740.0,3454.0,75,3453.0,1
rb1805,20170801,20170731,210225000,3453.0,856,108772,29558800.0,3453.0,1,3452.0,18
rb1805,20170801,20170731,210225500,3454.0,874,108772,30180520.0,3453.0,5,3452.0,18
rb1805,20170801,20170731,210226000,3454.0,874,108772,30180520.0,3453.0,5,3452.0,1
rb1805,20170801,20170731,210226500,3452.0,876,108774,30249560.0,3453.0,5,3451.0,8
rb1805,20170801,20170731,210227000,3452.0,876,108774,30249560.0,3454.0,66,3451.0,9
rb1805,20170801,20170731,210227500,3452.0,876,108774,30249560.0,3454.0,66,3452.0,2
rb1805,20170801,20170731,210228000,3452.0,878,108772,30318600.0,3454.0,66,3452.0,1
rb1805,20170801,20170731,210228500,3452.0,880,108770,30387640.0,3454.0,66,3451.0,6
rb1805,20170801,20170731,210229000,3452.0,880,108770,30387640.0,3454.0,66,3451.0,8
rb1805,20170801,20170731,210229500,3452.0,880,108770,30387640.0,3453.0,1,3451.0,8
rb1805,20170801,20170731,210230000,3452.0,880,108770,30387640.0,3453.0,1,3451.0,61
rb1805,20170801,20170731,210230500,3452.0,880,108770,30387640.0,3453.0,1,3452.0,22
rb1805,20170801,20170731,210231000,3452.0,880,108770,30387640.0,3453.0,1,3452.0,22
rb1805,20170801,20170731,210231500,3452.0,880,108770,30387640.0,3453.0,1,3452.0,25
rb1805,20170801,20170731,210233500,3452.0,880,108770,30387640.0,3453.0,1,3452.0,25
rb1805,20170801,20170731,210234000,3452.0,880,108770,30387640.0,3453.0,1,3452.0,25
rb1805,20170801,20170731,210234500,3452.0,880,108770,30387640.0,3453.0,1,3452.0,25
rb1805,20170801,20170731,210235000,3453.0,882,108770,30456700.0,3454.0,66,3452.0,25
rb1805,20170801,20170731,210235500,3453.0,882,108770,30456700.0,3453.0,2,3451.0,57
rb1805,20170801,20170731,210236000,3453.0,882,108770,30456700.0,3453.0,2,3451.0,10
rb1805,20170801,20170731,210236500,3453.0,882,108770,30456700.0,3452.0,1,3451.0,10
rb1805,20170801,20170731,210237000,3453.0,882,108770,30456700.0,3452.0,1,3451.0,10
rb1805,20170801,20170731,210237500,3452.0,884,108770,30525740.0,3453.0,4,3451.0,10
rb1805,20170801,20170731,210239000,3452.0,884,108770,30525740.0,3453.0,6,3451.0,10
rb1805,20170801,20170731,210239500,3452.0,884,108770,30525740.0,3453.0,6,3451.0,21
rb1805,20170801,20170731,210240000,3452.0,884,108770,30525740.0,3453.0,6,3452.0,5
rb1805,20170801,20170731,210240500,3452.0,884,108770,30525740.0,3453.0,6,3452.0,5
rb1805,20170801,20170731,210241000,3452.0,884,108770,30525740.0,3453.0,6,3452.0,3
rb1805,20170801,20170731,210242000,3452.0,884,108770,30525740.0,3453.0,6,3452.0,3
rb1805,20170801,20170731,210243500,3453.0,892,108778,30801980.0,3453.0,2,3452.0,4
rb1805,20170801,20170731,210244000,3453.0,892,108778,30801980.0,3453.0,2,3452.0,3
rb1805,20170801,20170731,210244500,3453.0,896,108778,30940100.0,3454.0,5,3453.0,1
rb1805,20170801,20170731,210245000,3453.0,898,108778,31009160.0,3453.0,1,3452.0,4
rb1805,20170801,20170731,210245500,3453.0,898,108778,31009160.0,3454.0,5,3452.0,4
rb1805,20170801,20170731,210246500,3452.0,906,108786,31285320.0,3452.0,46,3451.0,11
rb1805,20170801,20170731,210247000,3452.0,908,108786,31354360.0,3452.0,45,3451.0,11
rb1805,20170801,20170731,210247500,3452.0,908,108786,31354360.0,3452.0,45,3451.0,11
rb1805,20170801,20170731,210248000,3452.0,908,108786,31354360.0,3452.0,45,3451.0,11
rb1805,20170801,20170731,210248500,3452.0,908,108786,31354360.0,3452.0,45,3451.0,17
rb1805,20170801,20170731,210249000,3452.0,908,108786,31354360.0,3452.0,45,3451.0,11
rb1805,20170801,20170731,210249500,3452.0,992,108860,34254040.0,3452.0,3,3451.0,14
rb1805,20170801,20170731,210250000,3452.0,998,108866,34461160.0,3454.0,5,3453.0,1
rb1805,20170801,20170731,210250500,3453.0,1000,108868,34530220.0,3454.0,5,3452.0,27
rb1805,20170801,20170731,210251000,3453.0,1000,108868,34530220.0,3453.0,1,3452.0,24
rb1805,20170801,20170731,210251500,3453.0,1000,108868,34530220.0,3454.0,5,3452.0,27
rb1805,20170801,20170731,210252500,3453.0,1000,108868,34530220.0,3454.0,5,3452.0,27
rb1805,20170801,20170731,210253500,3453.0,1000,108868,34530220.0,3454.0,5,3452.0,27
rb1805,20170801,20170731,210254500,3453.0,1000,108868,34530220.0,3454.0,5,3452.0,27
rb1805,20170801,20170731,210255000,3453.0,1000,108868,34530220.0,3454.0,5,3452.0,24
rb1805,20170801,20170731,210256000,3453.0,1000,108868,34530220.0,3454.0,5,3453.0,9
rb1805,20170801,20170731,210256500,3453.0,1000,108868,34530220.0,3454.0,5,3453.0,12
rb1805,20170801,20170731,210257000,3453.0,1000,108868,34530220.0,3454.0,5,3453.0,12
rb1805,20170801,20170731,210257500,3453.0,1000,108868,34530220.0,3454.0,5,3453.0,62
rb1805,20170801,20170731,210258000,3453.0,1000,108868,34530220.0,3454.0,5,3453.0,62
rb1805,20170801,20170731,210258500,3453.0,1000,108868,34530220.0,3456.0,2,3453.0,62
rb1805,20170801,20170731,210259000,3453.0,1000,108868,34530220.0,3455.0,1,3453.0,12
rb1805,20170801,20170731,210259500,3453.0,1002,108870,34599280.0,3455.0,1,3453.0,11
rb1805,20170801,20170731,210301000,3453.0,1002,108870,34599280.0,3455.0,1,3453.0,11
rb1805,20170801,20170731,210301500,3453.0,1002,108870,34599280.0,3455.0,1,3454.0,22
rb1805,20170801,20170731,210302000,3453.0,1002,108870,34599280.0,3456.0,7,3454.0,22
rb1805,20170801,20170731,210302500,3453.0,1002,108870,34599280.0,3456.0,8,3454.0,22
rb1805,20170801,20170731,210303000,3453.0,1002,108870,34599280.0,3456.0,8,3455.0,1
rb1805,20170801,20170731,210303500,3456.0,1006,108872,34737500.0,3456.0,6,3453.0,11
rb1805,20170801,20170731,210304000,3456.0,1006,108872,34737500.0,3456.0,7,3453.0,16
rb1805,20170801,20170731,210304500,3456.0,1006,108872,34737500.0,3456.0,7,3453.0,11
rb1805,20170801,20170731,210305000,3454.0,1008,108874,34806580.0,3456.0,10,3454.0,49
rb1805,20170801,20170731,210305500,3454.0,1008,108874,34806580.0,3456.0,10,3454.0,49
rb1805,20170801,20170731,210306000,3454.0,1008,108874,34806580.0,3456.0,10,3453.0,11
rb1805,20170801,20170731,210306500,3454.0,1008,108874,34806580.0,3456.0,10,3453.0,11
rb1805,20170801,20170731,210307000,3454.0,1008,108874,34806580.0,3456.0,10,3453.0,11
rb1805,20170801,20170731,210307500,3456.0,1010,108876,34875700.0,3456.0,9,3453.0,11
rb1805,20170801,20170731,210308000,3456.0,1010,108876,34875700.0,3456.0,9,3453.0,11
rb1805,20170801,20170731,210309500,3456.0,1010,108876,34875700.0,3455.0,1,3453.0,11
rb1805,20170801,20170731,210310000,3456.0,1010,108876,34875700.0,3455.0,1,3453.0,14
rb1805,20170801,20170731,210312000,3456.0,1010,108876,34875700.0,3455.0,1,3454.0,1
rb1805,20170801,20170731,210312500,3456.0,1010,108876,34875700.0,3455.0,1,3454.0,1
rb1805,20170801,20170731,210313000,3456.0,1010,108876,34875700.0,3455.0,1,3454.0,4
rb1805,20170801,20170731,210315000,3456.0,1010,108876,34875700.0,3455.0,1,3454.0,4
rb1805,20170801,20170731,210315500,3455.0,1012,108874,34944800.0,3456.0,9,3455.0,23
rb1805,20170801,20170731,210316000,3455.0,1012,108874,34944800.0,3456.0,9,3455.0,24
rb1805,20170801,20170731,210316500,3455.0,1012,108874,34944800.0,3456.0,13,3455.0,25
rb1805,20170801,20170731,210317000,3455.0,1012,108874,34944800.0,3456.0,13,3455.0,25
rb1805,20170801,20170731,210317500,3455.0,1012,108874,34944800.0,3456.0,8,3455.0,26
rb1805,20170801,20170731,210318000,3455.0,1012,108874,34944800.0,3456.0,8,3455.0,29
rb1805,20170801,20170731,210318500,3456.0,1030,108872,35566880.0,3457.0,5,3456.0,1
rb1805,20170801,20170731,210319000,3456.0,1032,108870,35636000.0,3456.0,3,3455.0,29
rb1805,20170801,20170731,210319500,3456.0,1048,108864,36188960.0,3457.0,5,3456.0,8
rb1805,20170801,20170731,210320000,3456.0,1080,108852,37295020.0,3458.0,20,3456.0,2
rb1805,20170801,20170731,210320500,3456.0,1080,108852,37295020.0,3457.0,2,3455.0,29
rb1805,20170801,20170731,210321000,3457.0,1084,108852,37433300.0,3458.0,4,3457.0,25
rb1805,20170801,20170731,210321500,3457.0,1084,108852,37433300.0,3458.0,4,3457.0,26
rb1805,20170801,20170731,210322000,3457.0,1086,108850,37502440.0,3458.0,4,3457.0,22
rb1805,20170801,20170731,210322500,3457.0,1114,108822,38470400.0,3458.0,4,3457.0,8
rb1805,20170801,20170731,210323500,3457.0,1114,108822,38470400.0,3458.0,4,3457.0,8
rb1805,20170801,20170731,210325000,3457.0,1120,108818,38677820.0,3458.0,9,3457.0,5
rb1805,20170801,20170731,210325500,3457.0,1126,108812,38885240.0,3458.0,9,3457.0,2
rb1805,20170801,20170731,210326000,3457.0,1130,108808,39023520.0,3457.0,2,3456.0,23
rb1805,20170801,20170731,210326500,3457.0,1130,108808,39023520.0,3458.0,9,3456.0,2
rb1805,20170801,20170731,210329000,3457.0,1130,108808,39023520.0,3458.0,9,3456.0,2
rb1805,20170801,20170731,210329500,3456.0,1134,108804,39161760.0,3458.0,9,3455.0,5
rb1805,20170801,20170731,210330000,3456.0,1134,108804,39161760.0,3458.0,9,3455.0,2
rb1805,20170801,20170731,210330500,3456.0,1134,108804,39161760.0,3457.0,2,3456.0,1
rb1805,20170801,20170731,210332000,3456.0,1134,108804,39161760.0,3457.0,2,3456.0,1
rb1805,20170801,20170731,210332500,3456.0,1136,108802,39230880.0,3456.0,60,3455.0,2
rb1805,20170801,20170731,210333500,3456.0,1136,108802,39230880.0,3456.0,60,3455.0,2
rb1805,20170801,20170731,210334000,3456.0,1136,108802,39230880.0,3456.0,60,3455.0,2
rb1805,20170801,20170731,210334500,3455.0,1142,108806,39438180.0,3455.0,3,3454.0,8
rb1805,20170801,20170731,210335000,3456.0,1162,108806,40129360.0,3456.0,51,3454.0,15
rb1805,20170801,20170731,210336000,3456.0,1162,108806,40129360.0,3456.0,51,3454.0,15
rb1805,20170801,20170731,210336500,3456.0,1162,108806,40129360.0,3455.0,1,3454.0,12
rb1805,20170801,20170731,210337000,3455.0,1164,108808,40198460.0,3456.0,51,3455.0,1
rb1805,20170801,20170731,210337500,3455.0,1164,108808,40198460.0,3456.0,51,3454.0,12
rb1805,20170801,20170731,210338000,3455.0,1164,108808,40198460.0,3456.0,51,3455.0,1
rb1805,20170801,20170731,210338500,3455.0,1164,108808,40198460.0,3456.0,51,3455.0,1
rb1805,20170801,20170731,210339500,3455.0,1164,108808,40198460.0,3456.0,51,3455.0,1
rb1805,20170801,20170731,210340000,3455.0,1164,108808,40198460.0,3456.0,51,3455.0,3
rb1805,20170801,20170731,210340500,3455.0,1164,108808,40198460.0,3456.0,51,3455.0,4
rb1805,20170801,20170731,210341500,3455.0,1164,108808,40198460.0,3456.0,51,3455.0,4
rb1805,20170801,20170731,210342500,3455.0,1164,108808,40198460.0,3456.0,51,3455.0,8
rb1805,20170801,20170731,210344000,3455.0,1164,108808,40198460.0,3456.0,52,3455.0,8
rb1805,20170801,20170731,210345500,3455.0,1164,108808,40198460.0,3456.0,53,3455.0,8
rb1805,20170801,20170731,210346000,3455.0,1164,108808,40198460.0,3456.0,53,3455.0,8
rb1805,20170801,20170731,210347000,3455.0,1164,108808,40198460.0,3456.0,53,3455.0,8
rb1805,20170801,20170731,210347500,3455.0,1180,108796,40751260.0,3456.0,53,3454.0,8
rb1805,20170801,20170731,210348000,3455.0,1180,108796,40751260.0,3456.0,53,3454.0,5
rb1805,20170801,20170731,210349000,3455.0,1180,108796,40751260.0,3456.0,53,3454.0,8
rb1805,20170801,20170731,210349500,3455.0,1180,108796,40751260.0,3456.0,53,3454.0,9
rb1805,20170801,20170731,210350000,3455.0,1180,108796,40751260.0,3456.0,53,3454.0,5
rb1805,20170801,20170731,210351500,3455.0,1180,108796,40751260.0,3456.0,53,3454.0,4
rb1805,20170801,20170731,210352500,3455.0,1180,108796,40751260.0,3456.0,53,3454.0,4
rb1805,20170801,20170731,210353500,3455.0,1180,108796,40751260.0,3456.0,53,3454.0,8
rb1805,20170801,20170731,210354000,3455.0,1180,108796,40751260.0,3456.0,58,3454.0,4
rb1805,20170801,20170731,210355000,3455.0,1180,108796,40751260.0,3456.0,58,3454.0,4
rb1805,20170801,20170731,210355500,3456.0,1182,108796,40820380.0,3456.0,58,3454.0,4
rb1805,20170801,20170731,210356000,3456.0,1182,108796,40820380.0,3456.0,58,3454.0,4
rb1805,20170801,20170731,210357000,3456.0,1182,108796,40820380.0,3456.0,58,3455.0,1
rb1805,20170801,20170731,210357500,3455.0,1184,108798,40889480.0,3455.0,2,3454.0,3
rb1805,20170801,20170731,210358000,3455.0,1184,108798,40889480.0,3456.0,53,3454.0,5
rb1805,20170801,20170731,210359000,3455.0,1184,108798,40889480.0,3455.0,5,3454.0,5
rb1805,20170801,20170731,210359500,3455.0,1184,108798,40889480.0,3455.0,5,3454.0,5
rb1805,20170801,20170731,210402000,3455.0,1184,108798,40889480.0,3455.0,5,3454.0,5
rb1805,20170801,20170731,210402500,3455.0,1184,108798,40889480.0,3455.0,5,3454.0,5
rb1805,20170801,20170731,210403000,3455.0,1184,108798,40889480.0,3455.0,5,3454.0,5
rb1805,20170801,20170731,210403500,3455.0,1184,108798,40889480.0,3455.0,5,3454.0,5
rb1805,20170801,20170731,210408500,3455.0,1184,108798,40889480.0,3455.0,5,3454.0,5
rb1805,20170801,20170731,210409500,3455.0,1184,108798,40889480.0,3455.0,7,3454.0,5
rb1805,20170801,20170731,210410000,3455.0,1184,108798,40889480.0,3455.0,7,3454.0,5
rb1805,20170801,20170731,210411000,3456.0,1224,108772,42271740.0,3456.0,40,3454.0,5
rb1805,20170801,20170731,210412000,3456.0,1224,108772,42271740.0,3456.0,40,3455.0,1
rb1805,20170801,20170731,210412500,3456.0,1224,108772,42271740.0,3456.0,40,3455.0,1
rb1805,20170801,20170731,210414500,3456.0,1224,108772,42271740.0,3456.0,40,3455.0,1
rb1805,20170801,20170731,210415000,3455.0,1226,108774,42340840.0,3455.0,2,3454.0,13
rb1805,20170801,20170731,210415500,3455.0,1226,108774,42340840.0,3456.0,40,3455.0,2
rb1805,20170801,20170731,210416000,3455.0,1230,108774,42479040.0,3455.0,2,3454.0,13
rb1805,20170801,20170731,210416500,3455.0,1230,108774,42479040.0,3456.0,40,3454.0,14
rb1805,20170801,20170731,210417500,3455.0,1230,108774,42479040.0,3456.0,45,3454.0,13
rb1805,20170801,20170731,210418000,3455.0,1230,108774,42479040.0,3455.0,2,3454.0,13
rb1805,20170801,20170731,210419500,3455.0,1230,108774,42479040.0,3455.0,2,3454.0,11
rb1805,20170801,20170731,210420000,3455.0,1230,108774,42479040.0,3455.0,2,3454.0,11
rb1805,20170801,20170731,210422000,3455.0,1230,108774,42479040.0,3455.0,3,3454.0,11
rb1805,20170801,20170731,210422500,3455.0,1230,108774,42479040.0,3455.0,4,3454.0,11
rb1805,20170801,20170731,210423500,3455.0,1230,108774,42479040.0,3455.0,4,3454.0,11
rb1805,20170801,20170731,210424000,3455.0,1230,108774,42479040.0,3455.0,4,3454.0,11
rb1805,20170801,20170731,210425500,3455.0,1230,108774,42479040.0,3455.0,4,3454.0,11
rb1805,20170801,20170731,210426500,3455.0,1236,108772,42686340.0,3455.0,1,3454.0,11
rb1805,20170801,20170731,210427000,3455.0,1236,108772,42686340.0,3455.0,1,3454.0,12
rb1805,20170801,20170731,210427500,3455.0,1238,108772,42755440.0,3456.0,46,3455.0,2
rb1805,20170801,20170731,210428000,3455.0,1238,108772,42755440.0,3456.0,46,3455.0,2
rb1805,20170801,20170731,210428500,3455.0,1242,108776,42893640.0,3455.0,3,3454.0,11
rb1805,20170801,20170731,210429000,3455.0,1242,108776,42893640.0,3456.0,46,3454.0,12
rb1805,20170801,20170731,210430000,3455.0,1242,108776,42893640.0,3456.0,46,3454.0,12
rb1805,20170801,20170731,210430500,3455.0,1242,108776,42893640.0,3455.0,1,3454.0,12
rb1805,20170801,20170731,210432000,3455.0,1242,108776,42893640.0,3455.0,2,3454.0,12
rb1805,20170801,20170731,210432500,3455.0,1242,108776,42893640.0,3455.0,2,3454.0,12
rb1805,20170801,20170731,210433000,3455.0,1246,108778,43031840.0,3456.0,46,3454.0,15
rb1805,20170801,20170731,210433500,3455.0,1246,108778,43031840.0,3456.0,46,3454.0,12
rb1805,20170801,20170731,210434000,3455.0,1246,108778,43031840.0,3456.0,46,3454.0,12
rb1805,20170801,20170731,210434500,3455.0,1246,108778,43031840.0,3456.0,41,3454.0,12
rb1805,20170801,20170731,210437000,3456.0,1258,108778,43446360.0,3456.0,40,3454.0,7
rb1805,20170801,20170731,210438000,3456.0,1258,108778,43446360.0,3456.0,40,3455.0,1
rb1805,20170801,20170731,210438500,3455.0,1262,108782,43584560.0,3456.0,40,3454.0,6
rb1805,20170801,20170731,210439000,3456.0,1274,108782,43999080.0,3456.0,39,3454.0,6
rb1805,20170801,20170731,210440000,3454.0,1284,108782,44344480.0,3456.0,39,3454.0,4
rb1805,20170801,20170731,210440500,3454.0,1284,108782,44344480.0,3456.0,39,3454.0,1
rb1805,20170801,20170731,210441000,3456.0,1334,108742,46072200.0,3456.0,19,3453.0,7
rb1805,20170801,20170731,210441500,3456.0,1334,108742,46072200.0,3456.0,24,3453.0,14
rb1805,20170801,20170731,210442500,3456.0,1334,108742,46072200.0,3456.0,24,3453.0,14
rb1805,20170801,20170731,210443500,3456.0,1334,108742,46072200.0,3456.0,24,3453.0,14
rb1805,20170801,20170731,210444000,3456.0,1334,108742,46072200.0,3456.0,24,3454.0,2
rb1805,20170801,20170731,210444500,3456.0,1334,108742,46072200.0,3456.0,24,3454.0,2
rb1805,20170801,20170731,210445000,3456.0,1334,108742,46072200.0,3456.0,24,3454.0,2
rb1805,20170801,20170731,210447500,3456.0,1334,108742,46072200.0,3456.0,24,3454.0,2
rb1805,20170801,20170731,210448500,3456.0,1336,108740,46141320.0,3456.0,23,3454.0,2
rb1805,20170801,20170731,210449500,3456.0,1336,108740,46141320.0,3456.0,23,3454.0,2
rb1805,20170801,20170731,210451000,3456.0,1336,108740,46141320.0,3456.0,23,3454.0,2
rb1805,20170801,20170731,210452000,3456.0,1336,108740,46141320.0,3456.0,23,3454.0,5
rb1805,20170801,20170731,210452500,3456.0,1336,108740,46141320.0,3456.0,23,3454.0,5
rb1805,20170801,20170731,210453500,3456.0,1336,108740,46141320.0,3456.0,23,3454.0,2
rb1805,20170801,20170731,210454000,3456.0,1336,108740,46141320.0,3456.0,23,3454.0,2
rb1805,20170801,20170731,210455000,3454.0,1340,108736,46279480.0,3454.0,18,3453.0,11
rb1805,20170801,20170731,210455500,3454.0,1340,108736,46279480.0,3454.0,19,3453.0,14
rb1805,20170801,20170731,210456000,3454.0,1340,108736,46279480.0,3454.0,19,3453.0,14
rb1805,20170801,20170731,210458500,3453.0,1342,108736,46348540.0,3454.0,19,3453.0,13
rb1805,20170801,20170731,210459000,3453.0,1342,108736,46348540.0,3454.0,19,3453.0,10
rb1805,20170801,20170731,210459500,3453.0,1342,108736,46348540.0,3454.0,19,3453.0,10
rb1805,20170801,20170731,210500500,3454.0,1344,108736,46417620.0,3454.0,18,3453.0,10
rb1805,20170801,20170731,210501000,3454.0,1344,108736,46417620.0,3454.0,18,3453.0,7
rb1805,20170801,20170731,210501500,3454.0,1344,108736,46417620.0,3454.0,18,3453.0,7
rb1805,20170801,20170731,210502000,3454.0,1344,108736,46417620.0,3454.0,17,3453.0,7
rb1805,20170801,20170731,210503000,3453.0,1348,108736,46555740.0,3454.0,17,3453.0,5
rb1805,20170801,20170731,210503500,3453.0,1352,108734,46693860.0,3454.0,17,3453.0,3
rb1805,20170801,20170731,210504000,3453.0,1358,108734,46901040.0,3454.0,17,3452.0,30
rb1805,20170801,20170731,210504500,3453.0,1362,108734,47039160.0,3454.0,17,3453.0,1
rb1805,20170801,20170731,210505000,3453.0,1362,108734,47039160.0,3454.0,17,3453.0,1
rb1805,20170801,20170731,210506000,3453.0,1364,108734,47108220.0,3453.0,1,3452.0,30
rb1805,20170801,20170731,210506500,3453.0,1366,108732,47177280.0,3454.0,17,3453.0,1
rb1805,20170801,20170731,210507000,3454.0,1368,108730,47246360.0,3454.0,17,3453.0,1
rb1805,20170801,20170731,210508000,3452.0,1394,108704,48143900.0,3453.0,1,3452.0,22
rb1805,20170801,20170731,210508500,3453.0,1396,108702,48212960.0,3454.0,17,3453.0,2
rb1805,20170801,20170731,210509500,3453.0,1396,108702,48212960.0,3453.0,2,3452.0,22
rb1805,20170801,20170731,210510000,3453.0,1396,108702,48212960.0,3453.0,3,3452.0,25
rb1805,20170801,20170731,210512000,3453.0,1396,108702,48212960.0,3453.0,3,3452.0,25
rb1805,20170801,20170731,210512500,3453.0,1398,108702,48282020.0,3453.0,2,3452.0,25
rb1805,20170801,20170731,210514000,3453.0,1398,108702,48282020.0,3453.0,2,3452.0,25
rb1805,20170801,20170731,210515000,3453.0,1398,108702,48282020.0,3453.0,2,3452.0,25
rb1805,20170801,20170731,210515500,3453.0,1440,108676,49731880.0,3453.0,1,3452.0,5
rb1805,20170801,20170731,210516000,3452.0,1442,108676,49800920.0,3453.0,1,3452.0,4
rb1805,20170801,20170731,210516500,3452.0,1442,108676,49800920.0,3453.0,2,3452.0,4
rb1805,20170801,20170731,210517000,3452.0,1442,108676,49800920.0,3453.0,2,3452.0,5
rb1805,20170801,20170731,210518500,3452.0,1442,108676,49800920.0,3453.0,2,3452.0,5
rb1805,20170801,20170731,210519000,3452.0,1442,108676,49800920.0,3453.0,2,3452.0,5
rb1805,20170801,20170731,210519500,3453.0,1446,108680,49939040.0,3454.0,18,3452.0,5
rb1805,20170801,20170731,210520500,3453.0,1446,108680,49939040.0,3453.0,1,3452.0,5
rb1805,20170801,20170731,210521000,3453.0,1448,108680,50008100.0,3454.0,18,3452.0,6
rb1805,20170801,20170731,210521500,3453.0,1448,108680,50008100.0,3454.0,18,3452.0,6
rb1805,20170801,20170731,210523000,3453.0,1448,108680,50008100.0,3454.0,18,3452.0,6
rb1805,20170801,20170731,210525000,3454.0,1484,108646,51251540.0,3455.0,1,3452.0,10
rb1805,20170801,20170731,210525500,3454.0,1484,108646,51251540.0,3455.0,1,3452.0,10
rb1805,20170801,20170731,210526000,3454.0,1484,108646,51251540.0,3455.0,1,3453.0,1
rb1805,20170801,20170731,210526500,3456.0,1490,108648,51458880.0,3456.0,23,3453.0,2
rb1805,20170801,20170731,210527000,3456.0,1490,108648,51458880.0,3456.0,23,3453.0,3
rb1805,20170801,20170731,210528000,3456.0,1492,108646,51528000.0,3456.0,22,3453.0,3
rb1805,20170801,20170731,210528500,3456.0,1492,108646,51528000.0,3456.0,22,3454.0,1
rb1805,20170801,20170731,210529000,3456.0,1492,108646,51528000.0,3456.0,25,3454.0,1
rb1805,20170801,20170731,210529500,3454.0,1494,108646,51597080.0,3456.0,25,3453.0,3
rb1805,20170801,20170731,210530000,3454.0,1494,108646,51597080.0,3455.0,2,3453.0,3
rb1805,20170801,20170731,210530500,3454.0,1494,108646,51597080.0,3455.0,2,3453.0,4
rb1805,20170801,20170731,210531000,3454.0,1494,108646,51597080.0,3455.0,7,3453.0,4
rb1805,20170801,20170731,210532000,3454.0,1494,108646,51597080.0,3455.0,7,3453.0,5
rb1805,20170801,20170731,210533500,3454.0,1494,108646,51597080.0,3455.0,7,3453.0,5
rb1805,20170801,20170731,210534000,3454.0,1494,108646,51597080.0,3455.0,7,3453.0,5
rb1805,20170801,20170731,210534500,3454.0,1494,108646,51597080.0,3455.0,7,3453.0,5
rb1805,20170801,20170731,210535000,3454.0,1494,108646,51597080.0,3455.0,7,3453.0,5
rb1805,20170801,20170731,210535500,3454.0,1494,108646,51597080.0,3455.0,7,3453.0,5
rb1805,20170801,20170731,210536000,3454.0,1494,108646,51597080.0,3455.0,7,3453.0,5
rb1805,20170801,20170731,210537500,3455.0,1496,108648,51666180.0,3455.0,6,3453.0,5
rb1805,20170801,20170731,210539000,3455.0,1496,108648,51666180.0,3455.0,6,3453.0,5
rb1805,20170801,20170731,210539500,3455.0,1516,108668,52357180.0,3455.0,1,3453.0,5
rb1805,20170801,20170731,210540000,3455.0,1518,108670,52426280.0,3456.0,24,3453.0,5
rb1805,20170801,20170731,210540500,3455.0,1518,108670,52426280.0,3456.0,30,3453.0,10
rb1805,20170801,20170731,210541500,3455.0,1518,108670,52426280.0,3456.0,29,3453.0,10
rb1805,20170801,20170731,210542000,3455.0,1518,108670,52426280.0,3456.0,29,3454.0,1
rb1805,20170801,20170731,210542500,3455.0,1518,108670,52426280.0,3456.0,29,3454.0,1
rb1805,20170801,20170731,210543000,3455.0,1518,108670,52426280.0,3456.0,29,3454.0,1
rb1805,20170801,20170731,210543500,3455.0,1518,108670,52426280.0,3456.0,29,3454.0,1
rb1805,20170801,20170731,210544000,3456.0,1520,108670,52495400.0,3456.0,28,3454.0,1
rb1805,20170801,20170731,210545000,3456.0,1520,108670,52495400.0,3456.0,28,3454.0,1
rb1805,20170801,20170731,210545500,3456.0,1520,108670,52495400.0,3456.0,27,3454.0,1
rb1805,20170801,20170731,210546000,3456.0,1520,108670,52495400.0,3456.0,27,3454.0,1
rb1805,20170801,20170731,210547500,3456.0,1520,108670,52495400.0,3456.0,21,3454.0,1
rb1805,20170801,20170731,210548500,3456.0,1520,108670,52495400.0,3456.0,24,3454.0,1
rb1805,20170801,20170731,210549000,3456.0,1526,108664,52702760.0,3456.0,15,3454.0,6
rb1805,20170801,20170731,210550000,3456.0,1526,108664,52702760.0,3456.0,10,3454.0,6
rb1805,20170801,20170731,210551500,3456.0,1526,108664,52702760.0,3456.0,13,3454.0,6
rb1805,20170801,20170731,210553000,3456.0,1526,108664,52702760.0,3456.0,13,3454.0,7
rb1805,20170801,20170731,210553500,3456.0,1526,108664,52702760.0,3456.0,10,3455.0,1
rb1805,20170801,20170731,210555000,3456.0,1526,108664,52702760.0,3456.0,10,3455.0,1
rb1805,20170801,20170731,210558000,3456.0,1526,108664,52702760.0,3456.0,11,3455.0,1
rb1805,20170801,20170731,210558500,3456.0,1526,108664,52702760.0,3456.0,14,3455.0,1
rb1805,20170801,20170731,210559000,3456.0,1526,108664,52702760.0,3456.0,14,3455.0,3
rb1805,20170801,20170731,210600000,3456.0,1526,108664,52702760.0,3456.0,17,3455.0,3
rb1805,20170801,20170731,210600500,3456.0,1526,108664,52702760.0,3456.0,17,3455.0,3
rb1805,20170801,20170731,210601000,3455.0,1532,108660,52910060.0,3455.0,17,3454.0,8
rb1805,20170801,20170731,210601500,3455.0,1532,108660,52910060.0,3455.0,17,3454.0,3
rb1805,20170801,20170731,210603000,3455.0,1532,108660,52910060.0,3455.0,17,3454.0,3
rb1805,20170801,20170731,210604000,3455.0,1532,108660,52910060.0,3455.0,17,3454.0,3
rb1805,20170801,20170731,210605000,3455.0,1532,108660,52910060.0,3455.0,17,3454.0,8
rb1805,20170801,20170731,210607000,3455.0,1532,108660,52910060.0,3455.0,17,3454.0,8
rb1805,20170801,20170731,210607500,3455.0,1566,108660,54084760.0,3456.0,14,3454.0,8
rb1805,20170801,20170731,210608000,3455.0,1566,108660,54084760.0,3456.0,11,3454.0,8
rb1805,20170801,20170731,210608500,3455.0,1566,108660,54084760.0,3456.0,11,3454.0,9
rb1805,20170801,20170731,210609000,3455.0,1566,108660,54084760.0,3456.0,11,3454.0,9
rb1805,20170801,20170731,210609500,3455.0,1566,108660,54084760.0,3456.0,10,3454.0,9
rb1805,20170801,20170731,210610000,3455.0,1566,108660,54084760.0,3456.0,10,3454.0,8
rb1805,20170801,20170731,210610500,3454.0,1568,108660,54153840.0,3456.0,10,3454.0,7
rb1805,20170801,20170731,210611000,3454.0,1568,108660,54153840.0,3456.0,10,3454.0,7
rb1805,20170801,20170731,210611500,3454.0,1568,108660,54153840.0,3456.0,10,3454.0,6
rb1805,20170801,20170731,210612500,3454.0,1568,108660,54153840.0,3456.0,10,3455.0,1
rb1805,20170801,20170731,210613000,3454.0,1570,108660,54222920.0,3456.0,10,3454.0,6
rb1805,20170801,20170731,210614000,3454.0,1572,108658,54292000.0,3456.0,10,3454.0,5
rb1805,20170801,20170731,210614500,3454.0,1572,108658,54292000.0,3455.0,1,3454.0,5
rb1805,20170801,20170731,210615000,3455.0,1574,108658,54361100.0,3456.0,10,3454.0,6
rb1805,20170801,20170731,210615500,3456.0,1576,108658,54430220.0,3456.0,9,3454.0,5
rb1805,20170801,20170731,210616000,3456.0,1576,108658,54430220.0,3456.0,9,3455.0,3
rb1805,20170801,20170731,210616500,3456.0,1576,108658,54430220.0,3456.0,9,3454.0,5
rb1805,20170801,20170731,210617000,3456.0,1576,108658,54430220.0,3455.0,3,3454.0,5
rb1805,20170801,20170731,210617500,3456.0,1576,108658,54430220.0,3456.0,12,3453.0,9
rb1805,20170801,20170731,210618000,3456.0,1576,108658,54430220.0,3456.0,9,3454.0,2
rb1805,20170801,20170731,210618500,3456.0,1576,108658,54430220.0,3455.0,3,3454.0,7
rb1805,20170801,20170731,210619000,3456.0,1576,108658,54430220.0,3456.0,12,3454.0,2
rb1805,20170801,20170731,210619500,3456.0,1576,108658,54430220.0,3456.0,12,3454.0,2
rb1805,20170801,20170731,210620000,3456.0,1576,108658,54430220.0,3456.0,9,3454.0,2
rb1805,20170801,20170731,210620500,3456.0,1576,108658,54430220.0,3456.0,9,3454.0,7
rb1805,20170801,20170731,210621000,3456.0,1576,108658,54430220.0,3456.0,9,3454.0,7
rb1805,20170801,20170731,210621500,3456.0,1576,108658,54430220.0,3456.0,9,3454.0,7
rb1805,20170801,20170731,210622000,3456.0,1576,108658,54430220.0,3456.0,9,3455.0,150
rb1805,20170801,20170731,210622500,3456.0,1594,108642,55052300.0,3457.0,10,3456.0,2
rb1805,20170801,20170731,210623000,3456.0,1594,108642,55052300.0,3457.0,13,3456.0,2
rb1805,20170801,20170731,210623500,3456.0,1594,108642,55052300.0,3457.0,13,3456.0,3
rb1805,20170801,20170731,210624000,3456.0,1594,108642,55052300.0,3457.0,10,3456.0,3
rb1805,20170801,20170731,210625500,3456.0,1594,108642,55052300.0,3457.0,10,3456.0,3
rb1805,20170801,20170731,210626000,3456.0,1594,108642,55052300.0,3457.0,11,3456.0,3
rb1805,20170801,20170731,210626500,3457.0,1596,108640,55121440.0,3457.0,11,3456.0,3
rb1805,20170801,20170731,210627000,3457.0,1596,108640,55121440.0,3457.0,11,3456.0,4
rb1805,20170801,20170731,210627500,3457.0,1596,108640,55121440.0,3457.0,11,3456.0,4
rb1805,20170801,20170731,210628000,3457.0,1596,108640,55121440.0,3457.0,11,3456.0,4
rb1805,20170801,20170731,210629500,3457.0,1618,108620,55881980.0,3458.0,9,3456.0,4
rb1805,20170801,20170731,210630000,3457.0,1618,108620,55881980.0,3458.0,12,3456.0,4
rb1805,20170801,20170731,210630500,3457.0,1618,108620,55881980.0,3458.0,9,3457.0,2
rb1805,20170801,20170731,210631000,3457.0,1622,108620,56020260.0,3457.0,1,3456.0,9
rb1805,20170801,20170731,210631500,3457.0,1624,108618,56089400.0,3458.0,9,3457.0,3
rb1805,20170801,20170731,210632000,3457.0,1624,108618,56089400.0,3458.0,4,3457.0,1
rb1805,20170801,20170731,210632500,3457.0,1624,108618,56089400.0,3458.0,4,3457.0,1
rb1805,20170801,20170731,210633500,3457.0,1626,108618,56158540.0,3457.0,1,3456.0,9
rb1805,20170801,20170731,210634000,3457.0,1628,108618,56227680.0,3458.0,3,3456.0,9
rb1805,20170801,20170731,210634500,3457.0,1648,108618,56919080.0,3457.0,10,3456.0,9
rb1805,20170801,20170731,210635000,3457.0,1648,108618,56919080.0,3457.0,10,3456.0,4
rb1805,20170801,20170731,210635500,3458.0,1674,108618,57817960.0,3459.0,17,3458.0,5
rb1805,20170801,20170731,210636000,3458.0,1682,108618,58094600.0,3459.0,20,3458.0,1
rb1805,20170801,20170731,210636500,3458.0,1684,108620,58163760.0,3459.0,20,3457.0,1
rb1805,20170801,20170731,210637000,3459.0,1686,108620,58232940.0,3459.0,19,3457.0,6
rb1805,20170801,20170731,210637500,3459.0,1686,108620,58232940.0,3458.0,2,3457.0,6
rb1805,20170801,20170731,210638000,3458.0,1690,108616,58371260.0,3459.0,19,3458.0,5
rb1805,20170801,20170731,210638500,3458.0,1690,108616,58371260.0,3459.0,4,3458.0,1
rb1805,20170801,20170731,210640000,3458.0,1690,108616,58371260.0,3459.0,4,3458.0,1
rb1805,20170801,20170731,210640500,3459.0,1700,108614,58717160.0,3460.0,33,3459.0,4
rb1805,20170801,20170731,210641000,3459.0,1700,108614,58717160.0,3459.0,1,3458.0,6
rb1805,20170801,20170731,210641500,3459.0,1706,108612,58924700.0,3460.0,36,3458.0,6
rb1805,20170801,20170731,210642000,3459.0,1708,108612,58993880.0,3460.0,30,3458.0,6
rb1805,20170801,20170731,210642500,3459.0,1708,108612,58993880.0,3460.0,30,3458.0,6
rb1805,20170801,20170731,210643000,3459.0,1708,108612,58993880.0,3459.0,2,3458.0,6
rb1805,20170801,20170731,210643500,3459.0,1712,108612,59132240.0,3460.0,31,3459.0,1
rb1805,20170801,20170731,210644500,3459.0,1712,108612,59132240.0,3460.0,31,3459.0,1
rb1805,20170801,20170731,210645000,3459.0,1712,108612,59132240.0,3460.0,31,3459.0,1
rb1805,20170801,20170731,210645500,3459.0,1712,108612,59132240.0,3460.0,31,3459.0,1
rb1805,20170801,20170731,210646000,3459.0,1712,108612,59132240.0,3460.0,31,3459.0,1
rb1805,20170801,20170731,210646500,3459.0,1712,108612,59132240.0,3460.0,31,3459.0,1
rb1805,20170801,20170731,210647000,3459.0,1712,108612,59132240.0,3460.0,34,3459.0,1
rb1805,20170801,20170731,210647500,3459.0,1712,108612,59132240.0,3460.0,34,3459.0,1
rb1805,20170801,20170731,210648000,3459.0,1712,108612,59132240.0,3460.0,31,3459.0,6
rb1805,20170801,20170731,210648500,3459.0,1714,108610,59201420.0,3460.0,31,3459.0,6
rb1805,20170801,20170731,210649000,3459.0,1714,108610,59201420.0,3460.0,31,3459.0,6
rb1805,20170801,20170731,210650000,3459.0,1714,108610,59201420.0,3460.0,31,3459.0,6
rb1805,20170801,20170731,210651000,3459.0,1716,108610,59270600.0,3460.0,31,3459.0,8
rb1805,20170801,20170731,210651500,3459.0,1716,108610,59270600.0,3460.0,31,3459.0,8
rb1805,20170801,20170731,210652000,3460.0,1778,108550,61415800.0,3461.0,4,3459.0,8
rb1805,20170801,20170731,210652500,3460.0,1778,108550,61415800.0,3461.0,1,3459.0,8
rb1805,20170801,20170731,210653000,3460.0,1778,108550,61415800.0,3461.0,1,3459.0,8
rb1805,20170801,20170731,210653500,3459.0,1780,108550,61484980.0,3461.0,1,3459.0,4
rb1805,20170801,20170731,210654500,3461.0,1782,108548,61554200.0,3462.0,10,3461.0,2
rb1805,20170801,20170731,210655000,3461.0,1786,108548,61692640.0,3461.0,2,3459.0,11
rb1805,20170801,20170731,210655500,3462.0,1792,108546,61900320.0,3462.0,15,3461.0,1
rb1805,20170801,20170731,210656000,3462.0,1794,108544,61969560.0,3462.0,9,3460.0,1
rb1805,20170801,20170731,210656500,3462.0,1794,108544,61969560.0,3462.0,8,3460.0,1
rb1805,20170801,20170731,210657500,3462.0,1794,108544,61969560.0,3462.0,8,3460.0,6
rb1805,20170801,20170731,210658000,3462.0,1794,108544,61969560.0,3462.0,9,3460.0,6
rb1805,20170801,20170731,210658500,3462.0,1794,108544,61969560.0,3462.0,11,3460.0,1
rb1805,20170801,20170731,210659000,3460.0,1796,108546,62038760.0,3462.0,16,3459.0,10
rb1805,20170801,20170731,210659500,3460.0,1796,108546,62038760.0,3462.0,13,3459.0,8
rb1805,20170801,20170731,210700000,3460.0,1796,108546,62038760.0,3462.0,11,3460.0,1
rb1805,20170801,20170731,210700500,3460.0,1796,108546,62038760.0,3462.0,11,3460.0,6
rb1805,20170801,20170731,210701000,3460.0,1796,108546,62038760.0,3462.0,7,3460.0,6
rb1805,20170801,20170731,210701500,3460.0,1796,108546,62038760.0,3462.0,5,3460.0,6
rb1805,20170801,20170731,210702000,3460.0,1796,108546,62038760.0,3462.0,5,3460.0,6
rb1805,20170801,20170731,210703000,3460.0,1796,108546,62038760.0,3462.0,5,3460.0,6
rb1805,20170801,20170731,210703500,3460.0,1798,108546,62107960.0,3462.0,7,3459.0,13
rb1805,20170801,20170731,210704000,3460.0,1798,108546,62107960.0,3461.0,2,3459.0,13
rb1805,20170801,20170731,210704500,3460.0,1798,108546,62107960.0,3461.0,2,3459.0,5
rb1805,20170801,20170731,210705000,3461.0,1802,108546,62246400.0,3462.0,14,3460.0,1
rb1805,20170801,20170731,210705500,3461.0,1802,108546,62246400.0,3461.0,7,3460.0,1
rb1805,20170801,20170731,210706000,3460.0,1804,108548,62315600.0,3461.0,8,3460.0,1
rb1805,20170801,20170731,210706500,3460.0,1806,108548,62384800.0,3461.0,10,3459.0,5
rb1805,20170801,20170731,210707000,3459.0,1808,108550,62453980.0,3461.0,10,3460.0,150
rb1805,20170801,20170731,210708000,3459.0,1848,108550,63837580.0,3461.0,10,3460.0,131
rb1805,20170801,20170731,210708500,3460.0,1868,108570,64529580.0,3461.0,10,3460.0,121
rb1805,20170801,20170731,210709000,3460.0,1888,108590,65221580.0,3461.0,10,3460.0,111
rb1805,20170801,20170731,210709500,3460.0,1892,108592,65359980.0,3461.0,10,3460.0,109
rb1805,20170801,20170731,210710500,3460.0,1904,108592,65775180.0,3461.0,11,3460.0,103
rb1805,20170801,20170731,210711000,3460.0,1906,108594,65844380.0,3461.0,11,3460.0,102
rb1805,20170801,20170731,210711500,3460.0,1906,108594,65844380.0,3461.0,8,3460.0,102
rb1805,20170801,20170731,210712000,3460.0,1906,108594,65844380.0,3461.0,10,3460.0,102
rb1805,20170801,20170731,210712500,3460.0,1906,108594,65844380.0,3461.0,8,3460.0,102
rb1805,20170801,20170731,210713000,3460.0,1906,108594,65844380.0,3461.0,11,3460.0,102
rb1805,20170801,20170731,210714000,3460.0,1908,108596,65913580.0,3461.0,10,3460.0,101
rb1805,20170801,20170731,210714500,3460.0,1908,108596,65913580.0,3461.0,11,3460.0,101
rb1805,20170801,20170731,210715500,3460.0,1908,108596,65913580.0,3461.0,11,3460.0,101
rb1805,20170801,20170731,210717000,3460.0,1938,108596,66951580.0,3461.0,11,3460.0,86
rb1805,20170801,20170731,210717500,3460.0,1938,108596,66951580.0,3461.0,11,3460.0,86
rb1805,20170801,20170731,210718000,3460.0,1940,108596,67020780.0,3461.0,11,3460.0,85
rb1805,20170801,20170731,210718500,3460.0,1942,108598,67089980.0,3461.0,11,3460.0,89
rb1805,20170801,20170731,210719000,3460.0,1944,108598,67159180.0,3461.0,2,3460.0,88
rb1805,20170801,20170731,210719500,3460.0,1944,108598,67159180.0,3461.0,5,3460.0,88
rb1805,20170801,20170731,210720000,3460.0,1944,108598,67159180.0,3461.0,7,3460.0,88
rb1805,20170801,20170731,210721000,3460.0,1984,108598,68543180.0,3461.0,7,3460.0,70
rb1805,20170801,20170731,210721500,3460.0,1984,108598,68543180.0,3461.0,14,3460.0,70
rb1805,20170801,20170731,210722000,3460.0,1984,108598,68543180.0,3461.0,16,3460.0,70
rb1805,20170801,20170731,210722500,3461.0,1986,108596,68612400.0,3461.0,15,3460.0,70
rb1805,20170801,20170731,210723000,3461.0,1986,108596,68612400.0,3461.0,15,3460.0,70
rb1805,20170801,20170731,210723500,3460.0,1990,108596,68750800.0,3461.0,12,3460.0,68
rb1805,20170801,20170731,210724000,3460.0,1998,108598,69027620.0,3461.0,10,3460.0,65
rb1805,20170801,20170731,210724500,3460.0,2002,108598,69166020.0,3461.0,8,3460.0,63
rb1805,20170801,20170731,210725000,3460.0,2006,108598,69304420.0,3461.0,8,3460.0,61
rb1805,20170801,20170731,210725500,3460.0,2006,108598,69304420.0,3461.0,8,3460.0,61
rb1805,20170801,20170731,210726000,3460.0,2010,108598,69442820.0,3461.0,10,3460.0,59
rb1805,20170801,20170731,210726500,3460.0,2010,108598,69442820.0,3461.0,10,3460.0,64
rb1805,20170801,20170731,210728000,3460.0,2110,108598,72902820.0,3461.0,10,3460.0,14
rb1805,20170801,20170731,210728500,3460.0,2112,108598,72972020.0,3461.0,13,3460.0,13
rb1805,20170801,20170731,210729000,3460.0,2114,108596,73041220.0,3461.0,13,3460.0,12
rb1805,20170801,20170731,210730000,3460.0,2114,108596,73041220.0,3461.0,11,3460.0,12
rb1805,20170801,20170731,210730500,3460.0,2116,108598,73110420.0,3461.0,13,3460.0,6
rb1805,20170801,20170731,210731000,3460.0,2116,108598,73110420.0,3461.0,13,3460.0,6
rb1805,20170801,20170731,210731500,3460.0,2118,108600,73179620.0,3461.0,11,3460.0,5
rb1805,20170801,20170731,210732000,3460.0,2128,108606,73525620.0,3460.0,6,3459.0,1
rb1805,20170801,20170731,210732500,3460.0,2128,108606,73525620.0,3460.0,7,3459.0,1
rb1805,20170801,20170731,210734000,3460.0,2128,108606,73525620.0,3460.0,7,3459.0,1
rb1805,20170801,20170731,210735500,3460.0,2144,108608,74079220.0,3461.0,15,3460.0,7
rb1805,20170801,20170731,210736000,3460.0,2144,108608,74079220.0,3461.0,14,3460.0,7
rb1805,20170801,20170731,210736500,3459.0,2166,108602,74840340.0,3459.0,9,3458.0,15
rb1805,20170801,20170731,210737000,3459.0,2166,108602,74840340.0,3459.0,9,3458.0,11
rb1805,20170801,20170731,210737500,3459.0,2166,108602,74840340.0,3459.0,9,3458.0,12
rb1805,20170801,20170731,210738000,3459.0,2184,108602,75462960.0,3461.0,19,3459.0,1
rb1805,20170801,20170731,210738500,3459.0,2184,108602,75462960.0,3461.0,14,3459.0,1
rb1805,20170801,20170731,210739500,3459.0,2184,108602,75462960.0,3460.0,1,3459.0,6
rb1805,20170801,20170731,210740000,3460.0,2186,108600,75532160.0,3461.0,12,3460.0,3
rb1805,20170801,20170731,210741500,3460.0,2186,108600,75532160.0,3461.0,12,3460.0,3
rb1805,20170801,20170731,210742000,3460.0,2186,108600,75532160.0,3461.0,9,3460.0,3
rb1805,20170801,20170731,210742500,3460.0,2186,108600,75532160.0,3461.0,9,3460.0,3
rb1805,20170801,20170731,210743500,3460.0,2186,108600,75532160.0,3461.0,9,3460.0,3
rb1805,20170801,20170731,210744500,3460.0,2192,108600,75739760.0,3460.0,2,3459.0,11
rb1805,20170801,20170731,210745000,3460.0,2196,108602,75878160.0,3461.0,12,3459.0,6
rb1805,20170801,20170731,210745500,3460.0,2196,108602,75878160.0,3460.0,5,3459.0,9
rb1805,20170801,20170731,210746000,3460.0,2196,108602,75878160.0,3460.0,5,3459.0,9
rb1805,20170801,20170731,210746500,3460.0,2196,108602,75878160.0,3460.0,5,3459.0,10
rb1805,20170801,20170731,210747000,3460.0,2196,108602,75878160.0,3460.0,5,3459.0,2
rb1805,20170801,20170731,210747500,3460.0,2196,108602,75878160.0,3460.0,6,3459.0,2
rb1805,20170801,20170731,210748500,3460.0,2196,108602,75878160.0,3460.0,6,3459.0,5
rb1805,20170801,20170731,210749500,3460.0,2196,108602,75878160.0,3460.0,6,3459.0,5
rb1805,20170801,20170731,210750000,3460.0,2196,108602,75878160.0,3460.0,6,3459.0,5
rb1805,20170801,20170731,210750500,3460.0,2196,108602,75878160.0,3460.0,7,3459.0,5
rb1805,20170801,20170731,210751500,3460.0,2196,108602,75878160.0,3460.0,7,3459.0,2
rb1805,20170801,20170731,210752000,3460.0,2196,108602,75878160.0,3460.0,10,3459.0,2
rb1805,20170801,20170731,210752500,3460.0,2202,108602,76085760.0,3460.0,7,3459.0,2
rb1805,20170801,20170731,210753500,3460.0,2202,108602,76085760.0,3460.0,7,3459.0,2
rb1805,20170801,20170731,210754000,3460.0,2204,108604,76154960.0,3460.0,6,3459.0,2
rb1805,20170801,20170731,210754500,3460.0,2204,108604,76154960.0,3460.0,6,3459.0,2
rb1805,20170801,20170731,210755000,3460.0,2204,108604,76154960.0,3460.0,3,3459.0,2
rb1805,20170801,20170731,210756500,3460.0,2204,108604,76154960.0,3460.0,3,3459.0,2
rb1805,20170801,20170731,210758500,3460.0,2204,108604,76154960.0,3460.0,3,3459.0,2
rb1805,20170801,20170731,210759000,3460.0,2204,108604,76154960.0,3460.0,6,3459.0,2
rb1805,20170801,20170731,210800000,3459.0,2208,108604,76293320.0,3459.0,18,3458.0,11
rb1805,20170801,20170731,210801000,3459.0,2208,108604,76293320.0,3459.0,18,3458.0,11
rb1805,20170801,20170731,210801500,3459.0,2210,108604,76362500.0,3459.0,17,3458.0,11
rb1805,20170801,20170731,210802000,3459.0,2214,108604,76500860.0,3459.0,15,3458.0,8
rb1805,20170801,20170731,210802500,3458.0,2230,108596,77054140.0,3458.0,12,3457.0,11
rb1805,20170801,20170731,210803000,3458.0,2244,108596,77538260.0,3458.0,5,3457.0,12
rb1805,20170801,20170731,210803500,3458.0,2252,108596,77814900.0,3458.0,1,3457.0,15
rb1805,20170801,20170731,210804000,3458.0,2254,108596,77884060.0,3459.0,18,3457.0,15
rb1805,20170801,20170731,210804500,3458.0,2254,108596,77884060.0,3459.0,15,3457.0,15
rb1805,20170801,20170731,210805000,3458.0,2254,108596,77884060.0,3459.0,15,3457.0,15
rb1805,20170801,20170731,210805500,3458.0,2254,108596,77884060.0,3459.0,15,3457.0,20
rb1805,20170801,20170731,210806500,3458.0,2254,108596,77884060.0,3459.0,15,3458.0,1
rb1805,20170801,20170731,210807000,3458.0,2254,108596,77884060.0,3459.0,18,3458.0,1
rb1805,20170801,20170731,210809000,3458.0,2254,108596,77884060.0,3459.0,18,3458.0,1
rb1805,20170801,20170731,210810000,3458.0,2254,108596,77884060.0,3459.0,18,3458.0,1
rb1805,20170801,20170731,210810500,3458.0,2254,108596,77884060.0,3459.0,18,3458.0,1
rb1805,20170801,20170731,210811500,3458.0,2254,108596,77884060.0,3459.0,18,3458.0,1
rb1805,20170801,20170731,210812500,3458.0,2254,108596,77884060.0,3459.0,18,3458.0,6
rb1805,20170801,20170731,210813000,3458.0,2254,108596,77884060.0,3459.0,15,3458.0,6
rb1805,20170801,20170731,210813500,3458.0,2254,108596,77884060.0,3459.0,15,3458.0,6
rb1805,20170801,20170731,210814000,3458.0,2254,108596,77884060.0,3459.0,15,3458.0,6
rb1805,20170801,20170731,210814500,3459.0,2284,108588,78921760.0,3460.0,7,3458.0,7
rb1805,20170801,20170731,210815000,3459.0,2284,108588,78921760.0,3460.0,4,3458.0,7
rb1805,20170801,20170731,210815500,3459.0,2284,108588,78921760.0,3460.0,3,3458.0,7
rb1805,20170801,20170731,210818000,3459.0,2284,108588,78921760.0,3460.0,5,3458.0,2
rb1805,20170801,20170731,210818500,3459.0,2284,108588,78921760.0,3460.0,5,3458.0,1
rb1805,20170801,20170731,210819000,3459.0,2284,108588,78921760.0,3460.0,5,3458.0,2
rb1805,20170801,20170731,210819500,3459.0,2284,108588,78921760.0,3460.0,5,3458.0,1
rb1805,20170801,20170731,210820000,3459.0,2284,108588,78921760.0,3460.0,8,3458.0,1
rb1805,20170801,20170731,210820500,3459.0,2284,108588,78921760.0,3459.0,2,3458.0,1
rb1805,20170801,20170731,210821000,3459.0,2284,108588,78921760.0,3459.0,2,3458.0,1
rb1805,20170801,20170731,210821500,3459.0,2284,108588,78921760.0,3459.0,2,3458.0,2
rb1805,20170801,20170731,210822000,3459.0,2284,108588,78921760.0,3459.0,6,3458.0,3
rb1805,20170801,20170731,210823500,3459.0,2286,108590,78990940.0,3459.0,5,3458.0,4
rb1805,20170801,20170731,210824500,3459.0,2286,108590,78990940.0,3459.0,5,3458.0,4
rb1805,20170801,20170731,210825000,3459.0,2286,108590,78990940.0,3459.0,5,3458.0,4
rb1805,20170801,20170731,210825500,3459.0,2288,108592,79060120.0,3459.0,4,3458.0,3
rb1805,20170801,20170731,210826000,3459.0,2288,108592,79060120.0,3459.0,4,3458.0,4
rb1805,20170801,20170731,210827000,3459.0,2288,108592,79060120.0,3459.0,4,3458.0,4
rb1805,20170801,20170731,210829000,3459.0,2288,108592,79060120.0,3459.0,5,3458.0,5
rb1805,20170801,20170731,210829500,3459.0,2288,108592,79060120.0,3459.0,5,3458.0,4
rb1805,20170801,20170731,210830000,3459.0,2288,108592,79060120.0,3459.0,5,3458.0,5
rb1805,20170801,20170731,210831000,3459.0,2288,108592,79060120.0,3459.0,5,3458.0,10
rb1805,20170801,20170731,210831500,3459.0,2298,108590,79406020.0,3460.0,11,3458.0,10
rb1805,20170801,20170731,210832000,3459.0,2298,108590,79406020.0,3460.0,8,3458.0,10
rb1805,20170801,20170731,210832500,3459.0,2298,108590,79406020.0,3460.0,8,3459.0,1
rb1805,20170801,20170731,210833000,3459.0,2298,108590,79406020.0,3460.0,6,3459.0,1
rb1805,20170801,20170731,210834500,3459.0,2298,108590,79406020.0,3460.0,6,3459.0,1
rb1805,20170801,20170731,210835000,3459.0,2298,108590,79406020.0,3460.0,7,3459.0,1
rb1805,20170801,20170731,210835500,3459.0,2298,108590,79406020.0,3460.0,10,3459.0,1
rb1805,20170801,20170731,210836500,3459.0,2300,108590,79475200.0,3459.0,19,3458.0,8
rb1805,20170801,20170731,210838000,3459.0,2302,108590,79544380.0,3459.0,18,3458.0,8
rb1805,20170801,20170731,210838500,3459.0,2302,108590,79544380.0,3459.0,18,3458.0,8
rb1805,20170801,20170731,210839000,3459.0,2302,108590,79544380.0,3459.0,18,3458.0,9
rb1805,20170801,20170731,210839500,3459.0,2302,108590,79544380.0,3459.0,18,3458.0,8
rb1805,20170801,20170731,210840500,3459.0,2302,108590,79544380.0,3459.0,18,3458.0,9
rb1805,20170801,20170731,210842500,3459.0,2302,108590,79544380.0,3459.0,18,3458.0,9
rb1805,20170801,20170731,210843000,3459.0,2302,108590,79544380.0,3459.0,20,3458.0,8
rb1805,20170801,20170731,210843500,3459.0,2302,108590,79544380.0,3459.0,20,3458.0,9
rb1805,20170801,20170731,210845000,3459.0,2302,108590,79544380.0,3459.0,20,3458.0,8
rb1805,20170801,20170731,210845500,3459.0,2302,108590,79544380.0,3459.0,20,3458.0,8
rb1805,20170801,20170731,210846000,3459.0,2302,108590,79544380.0,3459.0,20,3458.0,9
rb1805,20170801,20170731,210847500,3459.0,2314,108578,79959460.0,3459.0,14,3458.0,9
rb1805,20170801,20170731,210848000,3459.0,2342,108554,80927980.0,3460.0,10,3459.0,3
rb1805,20170801,20170731,210848500,3459.0,2342,108554,80927980.0,3460.0,10,3458.0,8
rb1805,20170801,20170731,210849000,3459.0,2342,108554,80927980.0,3460.0,7,3458.0,8
rb1805,20170801,20170731,210851500,3460.0,2354,108560,81343180.0,3460.0,1,3458.0,8
rb1805,20170801,20170731,210852000,3460.0,2354,108560,81343180.0,3460.0,1,3458.0,10
rb1805,20170801,20170731,210853000,3460.0,2356,108560,81412380.0,3460.0,3,3458.0,10
rb1805,20170801,20170731,210853500,3460.0,2356,108560,81412380.0,3460.0,3,3458.0,9
rb1805,20170801,20170731,210854000,3460.0,2356,108560,81412380.0,3460.0,3,3458.0,10
rb1805,20170801,20170731,210854500,3460.0,2356,108560,81412380.0,3460.0,3,3458.0,9
rb1805,20170801,20170731,210856000,3460.0,2356,108560,81412380.0,3461.0,7,3458.0,10
rb1805,20170801,20170731,210856500,3460.0,2356,108560,81412380.0,3461.0,11,3458.0,10
rb1805,20170801,20170731,210857000,3460.0,2356,108560,81412380.0,3461.0,11,3459.0,2
rb1805,20170801,20170731,210857500,3460.0,2356,108560,81412380.0,3461.0,6,3459.0,8
rb1805,20170801,20170731,210858000,3460.0,2356,108560,81412380.0,3461.0,5,3459.0,8
rb1805,20170801,20170731,210859500,3460.0,2356,108560,81412380.0,3461.0,5,3459.0,8
rb1805,20170801,20170731,210900000,3460.0,2356,108560,81412380.0,3461.0,5,3459.0,8
rb1805,20170801,20170731,210901500,3461.0,2360,108558,81550820.0,3461.0,3,3459.0,9
rb1805,20170801,20170731,210902500,3461.0,2364,108558,81689260.0,3461.0,1,3459.0,9
rb1805,20170801,20170731,210904000,3461.0,2364,108558,81689260.0,3461.0,1,3459.0,9
rb1805,20170801,20170731,210907500,3461.0,2364,108558,81689260.0,3461.0,1,3460.0,1
rb1805,20170801,20170731,210908000,3461.0,2364,108558,81689260.0,3461.0,4,3460.0,1
rb1805,20170801,20170731,210912500,3461.0,2364,108558,81689260.0,3461.0,4,3460.0,1
rb1805,20170801,20170731,210913500,3460.0,2366,108558,81758460.0,3460.0,4,3459.0,6
rb1805,20170801,20170731,210914000,3460.0,2366,108558,81758460.0,3460.0,4,3459.0,1
rb1805,20170801,20170731,210914500,3460.0,2366,108558,81758460.0,3460.0,7,3459.0,1
rb1805,20170801,20170731,210915000,3459.0,2368,108558,81827640.0,3459.0,5,3458.0,14
rb1805,20170801,20170731,210915500,3459.0,2368,108558,81827640.0,3459.0,5,3458.0,5
rb1805,20170801,20170731,210916000,3459.0,2368,108558,81827640.0,3459.0,5,3458.0,4
rb1805,20170801,20170731,210916500,3458.0,2376,108564,82104280.0,3458.0,5,3457.0,16
rb1805,20170801,20170731,210917000,3458.0,2376,108564,82104280.0,3458.0,5,3457.0,11
rb1805,20170801,20170731,210919000,3457.0,2384,108564,82380840.0,3458.0,5,3457.0,8
rb1805,20170801,20170731,210919500,3457.0,2386,108564,82449980.0,3459.0,5,3457.0,7
rb1805,20170801,20170731,210920000,3457.0,2386,108564,82449980.0,3459.0,5,3457.0,6
rb1805,20170801,20170731,210923000,3459.0,2388,108564,82519160.0,3459.0,4,3457.0,6
rb1805,20170801,20170731,210923500,3459.0,2390,108564,82588340.0,3459.0,3,3458.0,1
rb1805,20170801,20170731,210924000,3459.0,2390,108564,82588340.0,3459.0,4,3458.0,1
rb1805,20170801,20170731,210924500,3459.0,2390,108564,82588340.0,3459.0,1,3458.0,1
rb1805,20170801,20170731,210926000,3459.0,2390,108564,82588340.0,3459.0,1,3458.0,1
rb1805,20170801,20170731,210926500,3459.0,2390,108564,82588340.0,3459.0,4,3458.0,1
rb1805,20170801,20170731,210927000,3459.0,2390,108564,82588340.0,3459.0,4,3458.0,1
rb1805,20170801,20170731,210928000,3459.0,2390,108564,82588340.0,3459.0,4,3458.0,1
rb1805,20170801,20170731,210928500,3459.0,2390,108564,82588340.0,3459.0,3,3458.0,6
rb1805,20170801,20170731,210929000,3459.0,2390,108564,82588340.0,3460.0,6,3458.0,10
rb1805,20170801,20170731,210929500,3459.0,2390,108564,82588340.0,3460.0,9,3458.0,10
rb1805,20170801,20170731,210930000,3459.0,2390,108564,82588340.0,3460.0,9,3458.0,7
rb1805,20170801,20170731,210930500,3459.0,2390,108564,82588340.0,3460.0,9,3458.0,2
rb1805,20170801,20170731,210931000,3459.0,2390,108564,82588340.0,3460.0,9,3458.0,2
rb1805,20170801,20170731,210934000,3459.0,2390,108564,82588340.0,3460.0,9,3458.0,2
rb1805,20170801,20170731,210935000,3459.0,2390,108564,82588340.0,3460.0,9,3458.0,3
rb1805,20170801,20170731,210936000,3459.0,2390,108564,82588340.0,3460.0,9,3458.0,3
rb1805,20170801,20170731,210937000,3459.0,2390,108564,82588340.0,3460.0,9,3458.0,8
rb1805,20170801,20170731,210937500,3459.0,2390,108564,82588340.0,3460.0,6,3458.0,11
rb1805,20170801,20170731,210938000,3459.0,2390,108564,82588340.0,3460.0,6,3459.0,2
rb1805,20170801,20170731,210938500,3459.0,2390,108564,82588340.0,3460.0,9,3459.0,2
rb1805,20170801,20170731,210939500,3459.0,2390,108564,82588340.0,3460.0,9,3459.0,2
rb1805,20170801,20170731,210941000,3459.0,2390,108564,82588340.0,3460.0,9,3459.0,2
rb1805,20170801,20170731,210941500,3459.0,2402,108564,83003420.0,3460.0,8,3459.0,1
rb1805,20170801,20170731,210942000,3459.0,2402,108564,83003420.0,3460.0,2,3459.0,1
rb1805,20170801,20170731,210943000,3460.0,2404,108566,83072620.0,3460.0,1,3459.0,1
rb1805,20170801,20170731,210943500,3460.0,2404,108566,83072620.0,3460.0,6,3458.0,13
rb1805,20170801,20170731,210945000,3460.0,2406,108566,83141820.0,3460.0,5,3458.0,13
rb1805,20170801,20170731,210946000,3460.0,2406,108566,83141820.0,3460.0,5,3458.0,13
rb1805,20170801,20170731,210946500,3460.0,2406,108566,83141820.0,3460.0,5,3458.0,13
rb1805,20170801,20170731,210947500,3460.0,2406,108566,83141820.0,3460.0,5,3458.0,9
rb1805,20170801,20170731,210948000,3460.0,2406,108566,83141820.0,3460.0,6,3458.0,10
rb1805,20170801,20170731,210948500,3460.0,2406,108566,83141820.0,3460.0,6,3458.0,9
rb1805,20170801,20170731,210952000,3460.0,2406,108566,83141820.0,3460.0,9,3458.0,9
rb1805,20170801,20170731,210952500,3460.0,2406,108566,83141820.0,3460.0,12,3458.0,6
rb1805,20170801,20170731,210953000,3460.0,2406,108566,83141820.0,3459.0,8,3458.0,6
rb1805,20170801,20170731,210953500,3458.0,2418,108560,83556780.0,3458.0,3,3457.0,11
rb1805,20170801,20170731,210954000,3458.0,2418,108560,83556780.0,3458.0,3,3457.0,8
rb1805,20170801,20170731,210955000,3458.0,2418,108560,83556780.0,3458.0,3,3457.0,8
rb1805,20170801,20170731,210955500,3458.0,2418,108560,83556780.0,3458.0,3,3457.0,8
rb1805,20170801,20170731,210956500,3458.0,2418,108560,83556780.0,3458.0,3,3457.0,8
rb1805,20170801,20170731,210957000,3458.0,2418,108560,83556780.0,3458.0,3,3457.0,8
rb1805,20170801,20170731,210957500,3457.0,2420,108560,83625920.0,3458.0,3,3457.0,7
rb1805,20170801,20170731,210959000,3457.0,2420,108560,83625920.0,3458.0,3,3457.0,7
rb1805,20170801,20170731,210959500,3457.0,2420,108560,83625920.0,3459.0,5,3457.0,7
rb1805,20170801,20170731,211000500,3457.0,2420,108560,83625920.0,3459.0,8,3457.0,7
rb1805,20170801,20170731,211002000,3457.0,2420,108560,83625920.0,3459.0,8,3458.0,1
rb1805,20170801,20170731,211003000,3457.0,2420,108560,83625920.0,3459.0,8,3458.0,1
rb1805,20170801,20170731,211003500,3458.0,2424,108560,83764240.0,3458.0,3,3457.0,12
rb1805,20170801,20170731,211004000,3458.0,2424,108560,83764240.0,3458.0,3,3457.0,7
rb1805,20170801,20170731,211005000,3458.0,2424,108560,83764240.0,3458.0,3,3457.0,5
rb1805,20170801,20170731,211005500,3457.0,2436,108556,84179080.0,3457.0,5,3456.0,18
rb1805,20170801,20170731,211006000,3456.0,2462,108578,85077640.0,3456.0,3,3455.0,7
rb1805,20170801,20170731,211006500,3456.0,2462,108578,85077640.0,3456.0,3,3455.0,9
rb1805,20170801,20170731,211007500,3456.0,2462,108578,85077640.0,3456.0,3,3455.0,4
rb1805,20170801,20170731,211008000,3455.0,2464,108580,85146740.0,3456.0,3,3455.0,3
rb1805,20170801,20170731,211008500,3455.0,2466,108580,85215840.0,3456.0,3,3455.0,2
rb1805,20170801,20170731,211009000,3455.0,2466,108580,85215840.0,3456.0,3,3455.0,2
rb1805,20170801,20170731,211010500,3455.0,2466,108580,85215840.0,3456.0,3,3455.0,2
rb1805,20170801,20170731,211012000,3455.0,2470,108584,85354040.0,3455.0,4,3454.0,9
rb1805,20170801,20170731,211012500,3455.0,2478,108592,85630440.0,3456.0,3,3455.0,1
rb1805,20170801,20170731,211013000,3455.0,2480,108592,85699540.0,3456.0,3,3454.0,9
rb1805,20170801,20170731,211014500,3456.0,2486,108592,85906900.0,3457.0,10,3456.0,2
rb1805,20170801,20170731,211015000,3456.0,2490,108592,86045140.0,3457.0,8,3455.0,8
rb1805,20170801,20170731,211015500,3456.0,2490,108592,86045140.0,3457.0,8,3455.0,5
rb1805,20170801,20170731,211016000,3456.0,2490,108592,86045140.0,3456.0,1,3455.0,5
rb1805,20170801,20170731,211019000,3456.0,2490,108592,86045140.0,3456.0,1,3455.0,5
rb1805,20170801,20170731,211019500,3455.0,2500,108592,86390640.0,3456.0,1,3454.0,9
rb1805,20170801,20170731,211020500,3455.0,2500,108592,86390640.0,3457.0,8,3454.0,9
rb1805,20170801,20170731,211021000,3455.0,2500,108592,86390640.0,3456.0,2,3454.0,14
rb1805,20170801,20170731,211021500,3455.0,2500,108592,86390640.0,3456.0,2,3454.0,15
rb1805,20170801,20170731,211022000,3455.0,2500,108592,86390640.0,3456.0,2,3454.0,15
rb1805,20170801,20170731,211023000,3455.0,2500,108592,86390640.0,3456.0,5,3454.0,15
rb1805,20170801,20170731,211023500,3455.0,2500,108592,86390640.0,3456.0,5,3454.0,15
rb1805,20170801,20170731,211024500,3455.0,2500,108592,86390640.0,3456.0,5,3454.0,10
rb1805,20170801,20170731,211025000,3456.0,2502,108594,86459760.0,3456.0,1,3454.0,10
rb1805,20170801,20170731,211025500,3456.0,2504,108596,86528880.0,3457.0,16,3454.0,10
rb1805,20170801,20170731,211026000,3456.0,2504,108596,86528880.0,3456.0,5,3454.0,10
rb1805,20170801,20170731,211026500,3456.0,2504,108596,86528880.0,3456.0,5,3454.0,10
rb1805,20170801,20170731,211027500,3456.0,2504,108596,86528880.0,3456.0,8,3454.0,10
rb1805,20170801,20170731,211029000,3456.0,2504,108596,86528880.0,3456.0,5,3454.0,10
rb1805,20170801,20170731,211029500,3456.0,2504,108596,86528880.0,3456.0,8,3454.0,10
rb1805,20170801,20170731,211031000,3456.0,2504,108596,86528880.0,3456.0,8,3454.0,10
rb1805,20170801,20170731,211032500,3456.0,2504,108596,86528880.0,3455.0,3,3454.0,10
rb1805,20170801,20170731,211033000,3456.0,2504,108596,86528880.0,3456.0,8,3454.0,5
rb1805,20170801,20170731,211033500,3456.0,2504,108596,86528880.0,3455.0,3,3454.0,5
rb1805,20170801,20170731,211034000,3456.0,2504,108596,86528880.0,3456.0,8,3454.0,5
rb1805,20170801,20170731,211034500,3456.0,2504,108596,86528880.0,3456.0,8,3454.0,5
rb1805,20170801,20170731,211035000,3456.0,2504,108596,86528880.0,3456.0,8,3454.0,5
rb1805,20170801,20170731,211035500,3456.0,2504,108596,86528880.0,3455.0,3,3454.0,5
rb1805,20170801,20170731,211036000,3456.0,2504,108596,86528880.0,3455.0,3,3454.0,5
rb1805,20170801,20170731,211036500,3455.0,2506,108596,86597980.0,3455.0,2,3454.0,6
rb1805,20170801,20170731,211037000,3455.0,2508,108596,86667080.0,3455.0,1,3454.0,6
rb1805,20170801,20170731,211037500,3455.0,2510,108596,86736180.0,3456.0,8,3454.0,6
rb1805,20170801,20170731,211038000,3455.0,2510,108596,86736180.0,3455.0,3,3454.0,6
rb1805,20170801,20170731,211039000,3455.0,2510,108596,86736180.0,3455.0,3,3454.0,6
rb1805,20170801,20170731,211040000,3455.0,2510,108596,86736180.0,3455.0,3,3454.0,4
rb1805,20170801,20170731,211040500,3455.0,2510,108596,86736180.0,3455.0,3,3454.0,4
rb1805,20170801,20170731,211041000,3454.0,2522,108594,87150660.0,3454.0,19,3453.0,16
rb1805,20170801,20170731,211041500,3454.0,2532,108594,87496060.0,3454.0,14,3453.0,14
rb1805,20170801,20170731,211042000,3454.0,2532,108594,87496060.0,3454.0,14,3453.0,17
rb1805,20170801,20170731,211043000,3454.0,2532,108594,87496060.0,3454.0,14,3453.0,17
rb1805,20170801,20170731,211043500,3454.0,2542,108584,87841460.0,3454.0,9,3453.0,17
rb1805,20170801,20170731,211044000,3454.0,2560,108584,88463180.0,3456.0,13,3453.0,16
rb1805,20170801,20170731,211044500,3454.0,2560,108584,88463180.0,3456.0,8,3454.0,5
rb1805,20170801,20170731,211045000,3454.0,2560,108584,88463180.0,3456.0,8,3454.0,8
rb1805,20170801,20170731,211045500,3454.0,2560,108584,88463180.0,3455.0,1,3454.0,8
rb1805,20170801,20170731,211046000,3455.0,2562,108584,88532280.0,3456.0,5,3455.0,5
rb1805,20170801,20170731,211046500,3455.0,2562,108584,88532280.0,3457.0,13,3455.0,5
rb1805,20170801,20170731,211047000,3455.0,2562,108584,88532280.0,3457.0,11,3454.0,13
rb1805,20170801,20170731,211047500,3455.0,2562,108584,88532280.0,3457.0,8,3455.0,3
rb1805,20170801,20170731,211048000,3455.0,2562,108584,88532280.0,3457.0,9,3455.0,3
rb1805,20170801,20170731,211050500,3455.0,2562,108584,88532280.0,3457.0,9,3454.0,18
rb1805,20170801,20170731,211051000,3455.0,2562,108584,88532280.0,3457.0,8,3454.0,18
rb1805,20170801,20170731,211051500,3455.0,2562,108584,88532280.0,3456.0,3,3454.0,15
rb1805,20170801,20170731,211052000,3455.0,2562,108584,88532280.0,3457.0,9,3454.0,18
rb1805,20170801,20170731,211052500,3455.0,2562,108584,88532280.0,3457.0,9,3454.0,15
rb1805,20170801,20170731,211054000,3455.0,2562,108584,88532280.0,3457.0,9,3454.0,15
rb1805,20170801,20170731,211054500,3455.0,2562,108584,88532280.0,3457.0,10,3454.0,15
rb1805,20170801,20170731,211055000,3455.0,2562,108584,88532280.0,3457.0,10,3454.0,15
rb1805,20170801,20170731,211055500,3454.0,2602,108580,89913880.0,3456.0,1,3453.0,20
rb1805,20170801,20170731,211056000,3454.0,2602,108580,89913880.0,3456.0,6,3453.0,21
rb1805,20170801,20170731,211057500,3454.0,2602,108580,89913880.0,3456.0,6,3455.0,35
rb1805,20170801,20170731,211058000,3454.0,2602,108580,89913880.0,3456.0,7,3455.0,35
rb1805,20170801,20170731,211058500,3454.0,2602,108580,89913880.0,3456.0,7,3455.0,35
rb1805,20170801,20170731,211059000,3456.0,2604,108582,89983000.0,3456.0,6,3455.0,35
rb1805,20170801,20170731,211059500,3456.0,2604,108582,89983000.0,3456.0,6,3455.0,35
rb1805,20170801,20170731,211100000,3456.0,2604,108582,89983000.0,3456.0,9,3455.0,35
rb1805,20170801,20170731,211100500,3455.0,2626,108562,90743100.0,3456.0,9,3455.0,24
rb1805,20170801,20170731,211101000,3455.0,2626,108562,90743100.0,3456.0,6,3455.0,24
rb1805,20170801,20170731,211101500,3455.0,2626,108562,90743100.0,3456.0,6,3455.0,24
rb1805,20170801,20170731,211103000,3456.0,2628,108562,90812220.0,3456.0,5,3455.0,24
rb1805,20170801,20170731,211104000,3456.0,2628,108562,90812220.0,3456.0,7,3455.0,24
rb1805,20170801,20170731,211104500,3456.0,2628,108562,90812220.0,3456.0,6,3455.0,24
rb1805,20170801,20170731,211105000,3456.0,2628,108562,90812220.0,3456.0,2,3455.0,27
rb1805,20170801,20170731,211106500,3456.0,2628,108562,90812220.0,3456.0,2,3455.0,27
rb1805,20170801,20170731,211107000,3456.0,2630,108562,90881340.0,3456.0,1,3455.0,35
rb1805,20170801,20170731,211108000,3455.0,2670,108522,92263340.0,3456.0,1,3455.0,17
rb1805,20170801,20170731,211108500,3455.0,2670,108522,92263340.0,3456.0,1,3455.0,17
rb1805,20170801,20170731,211110000,3455.0,2670,108522,92263340.0,3456.0,1,3455.0,17
rb1805,20170801,20170731,211110500,3456.0,2672,108522,92332460.0,3457.0,10,3455.0,17
rb1805,20170801,20170731,211111000,3457.0,2674,108522,92401600.0,3457.0,9,3455.0,17
rb1805,20170801,20170731,211111500,3457.0,2674,108522,92401600.0,3457.0,9,3455.0,17
rb1805,20170801,20170731,211112000,3457.0,2674,108522,92401600.0,3457.0,8,3455.0,17
rb1805,20170801,20170731,211113500,3457.0,2674,108522,92401600.0,3456.0,1,3455.0,17
rb1805,20170801,20170731,211114000,3457.0,2674,108522,92401600.0,3456.0,6,3455.0,17
rb1805,20170801,20170731,211114500,3457.0,2674,108522,92401600.0,3456.0,6,3455.0,17
rb1805,20170801,20170731,211115500,3457.0,2674,108522,92401600.0,3456.0,6,3455.0,17
rb1805,20170801,20170731,211117000,3457.0,2674,108522,92401600.0,3456.0,6,3455.0,18
rb1805,20170801,20170731,211117500,3457.0,2674,108522,92401600.0,3456.0,6,3455.0,18
rb1805,20170801,20170731,211118000,3457.0,2674,108522,92401600.0,3456.0,6,3455.0,15
rb1805,20170801,20170731,211119000,3457.0,2674,108522,92401600.0,3456.0,6,3455.0,17
rb1805,20170801,20170731,211120500,3457.0,2674,108522,92401600.0,3456.0,6,3455.0,17
rb1805,20170801,20170731,211121000,3457.0,2674,108522,92401600.0,3456.0,6,3455.0,20
rb1805,20170801,20170731,211123500,3457.0,2674,108522,92401600.0,3456.0,6,3455.0,20
rb1805,20170801,20170731,211124000,3457.0,2674,108522,92401600.0,3456.0,6,3455.0,22
rb1805,20170801,20170731,211125000,3456.0,2676,108524,92470720.0,3456.0,5,3455.0,22
rb1805,20170801,20170731,211125500,3456.0,2686,108534,92816320.0,3457.0,6,3455.0,22
rb1805,20170801,20170731,211126000,3456.0,2686,108534,92816320.0,3457.0,2,3456.0,5
rb1805,20170801,20170731,211126500,3457.0,2690,108534,92954600.0,3458.0,11,3457.0,5
rb1805,20170801,20170731,211127000,3457.0,2690,108534,92954600.0,3458.0,3,3457.0,6
rb1805,20170801,20170731,211127500,3458.0,2692,108534,93023760.0,3458.0,2,3457.0,5
rb1805,20170801,20170731,211128000,3458.0,2692,108534,93023760.0,3458.0,2,3457.0,6
rb1805,20170801,20170731,211128500,3458.0,2692,108534,93023760.0,3458.0,2,3457.0,5
rb1805,20170801,20170731,211129500,3458.0,2692,108534,93023760.0,3458.0,2,3457.0,5
rb1805,20170801,20170731,211130500,3458.0,2694,108536,93092920.0,3458.0,1,3457.0,5
rb1805,20170801,20170731,211131500,3458.0,2694,108536,93092920.0,3458.0,6,3457.0,5
rb1805,20170801,20170731,211132000,3458.0,2694,108536,93092920.0,3458.0,10,3456.0,8
rb1805,20170801,20170731,211132500,3458.0,2694,108536,93092920.0,3458.0,6,3456.0,8
rb1805,20170801,20170731,211133000,3458.0,2694,108536,93092920.0,3458.0,6,3456.0,9
rb1805,20170801,20170731,211133500,3458.0,2694,108536,93092920.0,3458.0,6,3456.0,10
rb1805,20170801,20170731,211135000,3458.0,2694,108536,93092920.0,3458.0,6,3456.0,8
rb1805,20170801,20170731,211138000,3458.0,2694,108536,93092920.0,3458.0,6,3456.0,8
rb1805,20170801,20170731,211138500,3458.0,2694,108536,93092920.0,3458.0,6,3456.0,7
rb1805,20170801,20170731,211139000,3458.0,2696,108538,93162080.0,3458.0,5,3456.0,8
rb1805,20170801,20170731,211139500,3458.0,2696,108538,93162080.0,3458.0,5,3456.0,7
rb1805,20170801,20170731,211143000,3458.0,2696,108538,93162080.0,3458.0,5,3456.0,9
rb1805,20170801,20170731,211143500,3458.0,2696,108538,93162080.0,3459.0,9,3457.0,6
rb1805,20170801,20170731,211144000,3458.0,2696,108538,93162080.0,3459.0,1,3457.0,6
rb1805,20170801,20170731,211144500,3458.0,2696,108538,93162080.0,3459.0,1,3457.0,8
rb1805,20170801,20170731,211145000,3458.0,2696,108538,93162080.0,3459.0,1,3458.0,6
rb1805,20170801,20170731,211145500,3458.0,2706,108528,93507880.0,3459.0,1,3458.0,1
rb1805,20170801,20170731,211147000,3458.0,2706,108528,93507880.0,3459.0,2,3458.0,1
rb1805,20170801,20170731,211148000,3458.0,2706,108528,93507880.0,3459.0,2,3458.0,1
rb1805,20170801,20170731,211150000,3458.0,2706,108528,93507880.0,3459.0,2,3458.0,1
rb1805,20170801,20170731,211152000,3459.0,2708,108528,93577060.0,3459.0,1,3458.0,1
rb1805,20170801,20170731,211154000,3459.0,2708,108528,93577060.0,3459.0,1,3458.0,1
rb1805,20170801,20170731,211155500,3459.0,2708,108528,93577060.0,3459.0,1,3458.0,1
rb1805,20170801,20170731,211156000,3459.0,2710,108528,93646240.0,3460.0,7,3459.0,39
rb1805,20170801,20170731,211156500,3459.0,2710,108528,93646240.0,3460.0,7,3459.0,39
rb1805,20170801,20170731,211157000,3459.0,2710,108528,93646240.0,3460.0,4,3459.0,39
rb1805,20170801,20170731,211159500,3459.0,2710,108528,93646240.0,3460.0,4,3459.0,39
rb1805,20170801,20170731,211200500,3459.0,2710,108528,93646240.0,3460.0,7,3459.0,39
rb1805,20170801,20170731,211202000,3459.0,2750,108528,95029840.0,3460.0,8,3459.0,19
rb1805,20170801,20170731,211202500,3459.0,2750,108528,95029840.0,3460.0,8,3459.0,19
rb1805,20170801,20170731,211204000,3459.0,2750,108528,95029840.0,3460.0,8,3459.0,19
rb1805,20170801,20170731,211204500,3459.0,2750,108528,95029840.0,3460.0,8,3459.0,19
rb1805,20170801,20170731,211206000,3460.0,2752,108530,95099040.0,3460.0,7,3459.0,19
rb1805,20170801,20170731,211206500,3460.0,2758,108524,95306640.0,3460.0,4,3459.0,19
rb1805,20170801,20170731,211208000,3460.0,2758,108524,95306640.0,3460.0,1,3459.0,19
rb1805,20170801,20170731,211208500,3460.0,2758,108524,95306640.0,3460.0,1,3459.0,19
rb1805,20170801,20170731,211209000,3460.0,2758,108524,95306640.0,3460.0,1,3459.0,19
rb1805,20170801,20170731,211211000,3460.0,2758,108524,95306640.0,3460.0,1,3459.0,19
rb1805,20170801,20170731,211212000,3460.0,2758,108524,95306640.0,3460.0,1,3459.0,19
rb1805,20170801,20170731,211213000,3460.0,2758,108524,95306640.0,3460.0,1,3459.0,19
rb1805,20170801,20170731,211213500,3460.0,2760,108526,95375840.0,3461.0,4,3460.0,2
rb1805,20170801,20170731,211214000,3460.0,2760,108526,95375840.0,3461.0,7,3460.0,2
rb1805,20170801,20170731,211215500,3460.0,2760,108526,95375840.0,3461.0,7,3460.0,2
rb1805,20170801,20170731,211218500,3460.0,2760,108526,95375840.0,3461.0,7,3460.0,2
rb1805,20170801,20170731,211220500,3460.0,2760,108526,95375840.0,3461.0,8,3460.0,2
rb1805,20170801,20170731,211223000,3460.0,2762,108528,95445040.0,3461.0,8,3460.0,1
rb1805,20170801,20170731,211223500,3460.0,2762,108528,95445040.0,3461.0,5,3460.0,3
rb1805,20170801,20170731,211224000,3460.0,2762,108528,95445040.0,3461.0,2,3460.0,3
rb1805,20170801,20170731,211224500,3461.0,2766,108526,95583480.0,3462.0,9,3460.0,3
rb1805,20170801,20170731,211225000,3461.0,2766,108526,95583480.0,3462.0,17,3460.0,3
rb1805,20170801,20170731,211226000,3461.0,2766,108526,95583480.0,3462.0,17,3460.0,3
rb1805,20170801,20170731,211227500,3461.0,2766,108526,95583480.0,3462.0,12,3460.0,3
rb1805,20170801,20170731,211228000,3461.0,2766,108526,95583480.0,3462.0,9,3460.0,3
rb1805,20170801,20170731,211229000,3461.0,2766,108526,95583480.0,3462.0,14,3460.0,1
rb1805,20170801,20170731,211230500,3461.0,2766,108526,95583480.0,3462.0,14,3460.0,2
rb1805,20170801,20170731,211232000,3461.0,2766,108526,95583480.0,3461.0,1,3460.0,2
rb1805,20170801,20170731,211232500,3461.0,2768,108526,95652700.0,3462.0,14,3460.0,3
rb1805,20170801,20170731,211235500,3461.0,2768,108526,95652700.0,3462.0,14,3460.0,3
rb1805,20170801,20170731,211236500,3461.0,2768,108526,95652700.0,3462.0,14,3460.0,4
rb1805,20170801,20170731,211237000,3461.0,2768,108526,95652700.0,3462.0,14,3460.0,2
rb1805,20170801,20170731,211237500,3461.0,2768,108526,95652700.0,3462.0,17,3460.0,3
rb1805,20170801,20170731,211238000,3461.0,2768,108526,95652700.0,3462.0,17,3460.0,2
rb1805,20170801,20170731,211238500,3461.0,2768,108526,95652700.0,3462.0,14,3460.0,2
rb1805,20170801,20170731,211240500,3461.0,2768,108526,95652700.0,3462.0,17,3460.0,2
rb1805,20170801,20170731,211241000,3461.0,2768,108526,95652700.0,3462.0,14,3460.0,2
rb1805,20170801,20170731,211241500,3461.0,2768,108526,95652700.0,3462.0,14,3460.0,2
rb1805,20170801,20170731,211242000,3461.0,2768,108526,95652700.0,3462.0,20,3460.0,2
rb1805,20170801,20170731,211242500,3461.0,2768,108526,95652700.0,3462.0,17,3461.0,2
rb1805,20170801,20170731,211243000,3461.0,2770,108526,95721920.0,3462.0,17,3461.0,1
rb1805,20170801,20170731,211243500,3461.0,2770,108526,95721920.0,3462.0,12,3460.0,2
rb1805,20170801,20170731,211244000,3461.0,2770,108526,95721920.0,3462.0,9,3461.0,1
rb1805,20170801,20170731,211244500,3461.0,2770,108526,95721920.0,3462.0,9,3461.0,1
rb1805,20170801,20170731,211245000,3461.0,2770,108526,95721920.0,3462.0,9,3461.0,1
rb1805,20170801,20170731,211245500,3461.0,2770,108526,95721920.0,3462.0,9,3461.0,1
rb1805,20170801,20170731,211246500,3461.0,2770,108526,95721920.0,3462.0,9,3460.0,4
rb1805,20170801,20170731,211247000,3461.0,2770,108526,95721920.0,3462.0,14,3460.0,2
rb1805,20170801,20170731,211248000,3462.0,2772,108528,95791160.0,3462.0,13,3461.0,1
rb1805,20170801,20170731,211248500,3462.0,2772,108528,95791160.0,3462.0,14,3460.0,2
rb1805,20170801,20170731,211249000,3462.0,2772,108528,95791160.0,3462.0,14,3460.0,3
rb1805,20170801,20170731,211249500,3462.0,2772,108528,95791160.0,3462.0,14,3461.0,1
rb1805,20170801,20170731,211250000,3462.0,2772,108528,95791160.0,3462.0,14,3461.0,1
rb1805,20170801,20170731,211251000,3462.0,2772,108528,95791160.0,3462.0,14,3461.0,1
rb1805,20170801,20170731,211251500,3462.0,2772,108528,95791160.0,3462.0,9,3461.0,1
rb1805,20170801,20170731,211252000,3462.0,2772,108528,95791160.0,3462.0,9,3460.0,3
rb1805,20170801,20170731,211252500,3462.0,2772,108528,95791160.0,3462.0,9,3461.0,1
rb1805,20170801,20170731,211253000,3462.0,2772,108528,95791160.0,3462.0,9,3461.0,2
rb1805,20170801,20170731,211253500,3462.0,2772,108528,95791160.0,3462.0,9,3461.0,1
rb1805,20170801,20170731,211254000,3462.0,2772,108528,95791160.0,3462.0,9,3461.0,1
rb1805,20170801,20170731,211255000,3462.0,2774,108528,95860400.0,3462.0,8,3461.0,1
rb1805,20170801,20170731,211255500,3462.0,2774,108528,95860400.0,3462.0,8,3461.0,1
rb1805,20170801,20170731,211256000,3462.0,2774,108528,95860400.0,3462.0,8,3461.0,1
rb1805,20170801,20170731,211256500,3462.0,2774,108528,95860400.0,3462.0,8,3461.0,3
rb1805,20170801,20170731,211257000,3462.0,2774,108528,95860400.0,3462.0,8,3461.0,3
rb1805,20170801,20170731,211300000,3462.0,2774,108528,95860400.0,3462.0,8,3461.0,8
rb1805,20170801,20170731,211300500,3462.0,2774,108528,95860400.0,3462.0,8,3461.0,8
rb1805,20170801,20170731,211301000,3462.0,2774,108528,95860400.0,3462.0,8,3461.0,8
rb1805,20170801,20170731,211302000,3461.0,2790,108514,96414160.0,3461.0,12,3460.0,5
rb1805,20170801,20170731,211302500,3461.0,2812,108512,97175580.0,3461.0,1,3460.0,15
rb1805,20170801,20170731,211303000,3461.0,2814,108510,97244800.0,3462.0,8,3460.0,19
rb1805,20170801,20170731,211304500,3461.0,2814,108510,97244800.0,3462.0,8,3460.0,19
rb1805,20170801,20170731,211305000,3461.0,2814,108510,97244800.0,3462.0,13,3460.0,19
rb1805,20170801,20170731,211305500,3461.0,2814,108510,97244800.0,3462.0,13,3460.0,19
rb1805,20170801,20170731,211306000,3461.0,2814,108510,97244800.0,3462.0,14,3460.0,19
rb1805,20170801,20170731,211307500,3461.0,2814,108510,97244800.0,3462.0,14,3460.0,22
rb1805,20170801,20170731,211308500,3461.0,2814,108510,97244800.0,3461.0,1,3460.0,22
rb1805,20170801,20170731,211309000,3461.0,2814,108510,97244800.0,3461.0,6,3460.0,5
rb1805,20170801,20170731,211309500,3461.0,2814,108510,97244800.0,3461.0,9,3460.0,5
rb1805,20170801,20170731,211310000,3460.0,2826,108520,97660000.0,3460.0,6,3459.0,19
rb1805,20170801,20170731,211310500,3460.0,2826,108520,97660000.0,3460.0,6,3459.0,19
rb1805,20170801,20170731,211311500,3460.0,2826,108520,97660000.0,3460.0,9,3459.0,19
rb1805,20170801,20170731,211312000,3460.0,2826,108520,97660000.0,3460.0,6,3459.0,19
rb1805,20170801,20170731,211312500,3460.0,2826,108520,97660000.0,3461.0,9,3459.0,19
rb1805,20170801,20170731,211313000,3460.0,2826,108520,97660000.0,3461.0,12,3459.0,19
rb1805,20170801,20170731,211314000,3460.0,2826,108520,97660000.0,3461.0,12,3460.0,5
rb1805,20170801,20170731,211314500,3460.0,2826,108520,97660000.0,3461.0,9,3460.0,5
rb1805,20170801,20170731,211315000,3460.0,2826,108520,97660000.0,3461.0,4,3460.0,5
rb1805,20170801,20170731,211317000,3460.0,2826,108520,97660000.0,3461.0,7,3460.0,5
rb1805,20170801,20170731,211317500,3460.0,2830,108518,97798400.0,3461.0,7,3460.0,3
rb1805,20170801,20170731,211318000,3460.0,2830,108518,97798400.0,3461.0,7,3460.0,3
rb1805,20170801,20170731,211318500,3460.0,2830,108518,97798400.0,3461.0,32,3460.0,3
rb1805,20170801,20170731,211319000,3460.0,2838,108514,98075200.0,3460.0,17,3459.0,19
rb1805,20170801,20170731,211319500,3460.0,2838,108514,98075200.0,3460.0,23,3459.0,20
rb1805,20170801,20170731,211320000,3460.0,2838,108514,98075200.0,3460.0,23,3459.0,20
rb1805,20170801,20170731,211321500,3460.0,2838,108514,98075200.0,3460.0,23,3459.0,20
rb1805,20170801,20170731,211324000,3460.0,2844,108514,98282800.0,3460.0,20,3459.0,20
rb1805,20170801,20170731,211324500,3460.0,2844,108514,98282800.0,3460.0,17,3459.0,23
rb1805,20170801,20170731,211325000,3460.0,2844,108514,98282800.0,3460.0,14,3459.0,23
rb1805,20170801,20170731,211325500,3460.0,2844,108514,98282800.0,3460.0,14,3459.0,23
rb1805,20170801,20170731,211326500,3459.0,2884,108514,99666400.0,3460.0,14,3459.0,3
rb1805,20170801,20170731,211327000,3460.0,2886,108512,99735600.0,3460.0,13,3459.0,3
rb1805,20170801,20170731,211327500,3460.0,2888,108512,99804800.0,3460.0,12,3459.0,3
rb1805,20170801,20170731,211328000,3460.0,2888,108512,99804800.0,3460.0,12,3459.0,6
rb1805,20170801,20170731,211328500,3459.0,2890,108510,99873980.0,3460.0,12,3459.0,5
rb1805,20170801,20170731,211329000,3459.0,2890,108510,99873980.0,3460.0,12,3459.0,5
rb1805,20170801,20170731,211329500,3460.0,2914,108510,100704380.0,3461.0,29,3460.0,5
rb1805,20170801,20170731,211330000,3460.0,2914,108510,100704380.0,3461.0,29,3459.0,5
rb1805,20170801,20170731,211330500,3460.0,2914,108510,100704380.0,3461.0,32,3459.0,5
rb1805,20170801,20170731,211331000,3460.0,2914,108510,100704380.0,3461.0,32,3459.0,5
rb1805,20170801,20170731,211331500,3460.0,2914,108510,100704380.0,3461.0,29,3459.0,5
rb1805,20170801,20170731,211332000,3460.0,2914,108510,100704380.0,3461.0,26,3459.0,5
rb1805,20170801,20170731,211332500,3460.0,2914,108510,100704380.0,3461.0,26,3459.0,5
rb1805,20170801,20170731,211333000,3460.0,2914,108510,100704380.0,3461.0,29,3459.0,5
rb1805,20170801,20170731,211333500,3460.0,2914,108510,100704380.0,3461.0,26,3459.0,5
rb1805,20170801,20170731,211334000,3460.0,2914,108510,100704380.0,3460.0,1,3459.0,5
rb1805,20170801,20170731,211334500,3460.0,2916,108510,100773580.0,3461.0,29,3460.0,2
rb1805,20170801,20170731,211335000,3460.0,2916,108510,100773580.0,3461.0,32,3460.0,1
rb1805,20170801,20170731,211335500,3460.0,2916,108510,100773580.0,3461.0,29,3460.0,3
rb1805,20170801,20170731,211336000,3460.0,2916,108510,100773580.0,3461.0,30,3460.0,3
rb1805,20170801,20170731,211336500,3460.0,2916,108510,100773580.0,3461.0,27,3460.0,9
rb1805,20170801,20170731,211337000,3460.0,2916,108510,100773580.0,3461.0,28,3460.0,3
rb1805,20170801,20170731,211337500,3461.0,2918,108510,100842800.0,3461.0,27,3460.0,3
rb1805,20170801,20170731,211338000,3461.0,2918,108510,100842800.0,3461.0,27,3460.0,7
rb1805,20170801,20170731,211338500,3461.0,2918,108510,100842800.0,3461.0,27,3460.0,3
rb1805,20170801,20170731,211339000,3461.0,2918,108510,100842800.0,3461.0,27,3460.0,1
rb1805,20170801,20170731,211339500,3461.0,2918,108510,100842800.0,3461.0,30,3460.0,1
rb1805,20170801,20170731,211340500,3460.0,2920,108508,100912000.0,3460.0,49,3459.0,3
rb1805,20170801,20170731,211341000,3459.0,2926,108502,101119540.0,3459.0,3,3458.0,3
rb1805,20170801,20170731,211341500,3459.0,2926,108502,101119540.0,3460.0,52,3458.0,7
rb1805,20170801,20170731,211342000,3458.0,2940,108500,101603660.0,3458.0,3,3457.0,7
rb1805,20170801,20170731,211342500,3458.0,2940,108500,101603660.0,3460.0,59,3457.0,5
rb1805,20170801,20170731,211343000,3458.0,2940,108500,101603660.0,3460.0,60,3456.0,8
rb1805,20170801,20170731,211343500,3458.0,2940,108500,101603660.0,3460.0,60,3456.0,11
rb1805,20170801,20170731,211344500,3458.0,2940,108500,101603660.0,3460.0,60,3457.0,5
rb1805,20170801,20170731,211345000,3458.0,2940,108500,101603660.0,3460.0,60,3457.0,7
rb1805,20170801,20170731,211345500,3458.0,2940,108500,101603660.0,3460.0,54,3457.0,7
rb1805,20170801,20170731,211346000,3458.0,2940,108500,101603660.0,3460.0,54,3457.0,6
rb1805,20170801,20170731,211346500,3458.0,2940,108500,101603660.0,3460.0,54,3457.0,7
rb1805,20170801,20170731,211347000,3458.0,2940,108500,101603660.0,3460.0,60,3457.0,8
rb1805,20170801,20170731,211347500,3458.0,2940,108500,101603660.0,3460.0,60,3458.0,1
rb1805,20170801,20170731,211348000,3458.0,2940,108500,101603660.0,3459.0,6,3458.0,1
rb1805,20170801,20170731,211348500,3458.0,2940,108500,101603660.0,3459.0,6,3458.0,1
rb1805,20170801,20170731,211349000,3459.0,2942,108500,101672840.0,3459.0,5,3458.0,1
rb1805,20170801,20170731,211350500,3459.0,2942,108500,101672840.0,3459.0,5,3458.0,3
rb1805,20170801,20170731,211353500,3459.0,2942,108500,101672840.0,3459.0,5,3458.0,3
rb1805,20170801,20170731,211354500,3459.0,2946,108500,101811200.0,3459.0,3,3458.0,3
rb1805,20170801,20170731,211355000,3459.0,2946,108500,101811200.0,3459.0,3,3458.0,3
rb1805,20170801,20170731,211356000,3459.0,2946,108500,101811200.0,3459.0,3,3458.0,3
rb1805,20170801,20170731,211357500,3459.0,2946,108500,101811200.0,3459.0,3,3458.0,5
rb1805,20170801,20170731,211358000,3459.0,2946,108500,101811200.0,3460.0,60,3458.0,8
rb1805,20170801,20170731,211358500,3459.0,2946,108500,101811200.0,3460.0,57,3458.0,5
rb1805,20170801,20170731,211359000,3459.0,2946,108500,101811200.0,3460.0,57,3458.0,3
rb1805,20170801,20170731,211359500,3459.0,2948,108500,101880380.0,3459.0,3,3458.0,3
rb1805,20170801,20170731,211400000,3459.0,2948,108500,101880380.0,3459.0,3,3458.0,3
rb1805,20170801,20170731,211401000,3459.0,2948,108500,101880380.0,3459.0,3,3458.0,3
rb1805,20170801,20170731,211401500,3459.0,2948,108500,101880380.0,3460.0,57,3458.0,6
rb1805,20170801,20170731,211402000,3459.0,2948,108500,101880380.0,3460.0,60,3458.0,3
rb1805,20170801,20170731,211403000,3459.0,2948,108500,101880380.0,3460.0,60,3458.0,3
rb1805,20170801,20170731,211405000,3459.0,2948,108500,101880380.0,3460.0,57,3458.0,3
rb1805,20170801,20170731,211406500,3459.0,2948,108500,101880380.0,3460.0,57,3458.0,3
rb1805,20170801,20170731,211407000,3459.0,2948,108500,101880380.0,3460.0,60,3458.0,3
rb1805,20170801,20170731,211408000,3459.0,2948,108500,101880380.0,3460.0,60,3458.0,3
rb1805,20170801,20170731,211408500,3459.0,2948,108500,101880380.0,3460.0,60,3458.0,3
rb1805,20170801,20170731,211410500,3458.0,2954,108496,102087860.0,3458.0,27,3457.0,3
rb1805,20170801,20170731,211411000,3458.0,2954,108496,102087860.0,3458.0,27,3457.0,6
rb1805,20170801,20170731,211411500,3458.0,2954,108496,102087860.0,3458.0,27,3457.0,9
rb1805,20170801,20170731,211412000,3458.0,2954,108496,102087860.0,3458.0,27,3457.0,9
rb1805,20170801,20170731,211412500,3458.0,2954,108496,102087860.0,3458.0,27,3457.0,9
rb1805,20170801,20170731,211414500,3458.0,2954,108496,102087860.0,3458.0,27,3457.0,9
rb1805,20170801,20170731,211415500,3458.0,2956,108494,102157020.0,3458.0,26,3457.0,9
rb1805,20170801,20170731,211417000,3458.0,2956,108494,102157020.0,3458.0,26,3457.0,12
rb1805,20170801,20170731,211417500,3458.0,2956,108494,102157020.0,3458.0,26,3457.0,12
rb1805,20170801,20170731,211418500,3458.0,2976,108494,102848620.0,3458.0,16,3457.0,12
rb1805,20170801,20170731,211419500,3458.0,2996,108494,103540220.0,3458.0,6,3457.0,12
rb1805,20170801,20170731,211420000,3458.0,3008,108488,103955180.0,3459.0,3,3457.0,12
rb1805,20170801,20170731,211420500,3458.0,3008,108488,103955180.0,3460.0,16,3457.0,12
rb1805,20170801,20170731,211421000,3458.0,3008,108488,103955180.0,3460.0,13,3457.0,14
rb1805,20170801,20170731,211422000,3458.0,3008,108488,103955180.0,3460.0,10,3457.0,15
rb1805,20170801,20170731,211422500,3458.0,3008,108488,103955180.0,3460.0,5,3458.0,9
rb1805,20170801,20170731,211424000,3458.0,3008,108488,103955180.0,3460.0,5,3458.0,9
rb1805,20170801,20170731,211424500,3458.0,3008,108488,103955180.0,3460.0,5,3458.0,9
rb1805,20170801,20170731,211425000,3458.0,3008,108488,103955180.0,3460.0,5,3458.0,9
rb1805,20170801,20170731,211426500,3458.0,3008,108488,103955180.0,3460.0,5,3458.0,9
rb1805,20170801,20170731,211428500,3458.0,3008,108488,103955180.0,3460.0,5,3458.0,9
rb1805,20170801,20170731,211429000,3458.0,3008,108488,103955180.0,3460.0,5,3458.0,9
rb1805,20170801,20170731,211429500,3458.0,3008,108488,103955180.0,3460.0,5,3458.0,9
