instrument,tradingday,calendarday,time,lastp,volume,openinterest,turnover,ask1,asksz1,bid1,bidsz1
rb1805,20170810,20170809,183647500,3837.0,0,174000,0.0,0.0,0,0.0,0
rb1805,20170810,20170809,205900500,3831.0,86,174034,3294660.0,3835.0,5,3830.0,6
rb1805,20170810,20170809,210000500,3828.0,158,174090,6051060.0,3828.0,38,3826.0,7
rb1805,20170810,20170809,210001000,3825.0,324,174130,12391500.0,3825.0,2,3818.0,1
rb1805,20170810,20170809,210001500,3819.0,334,174134,12773800.0,3824.0,7,3819.0,2
rb1805,20170810,20170809,210002000,3828.0,354,174148,13538640.0,3828.0,18,3822.0,5
rb1805,20170810,20170809,210002500,3822.0,358,174148,13691520.0,3827.0,3,3822.0,4
rb1805,20170810,20170809,210003000,3822.0,366,174154,13997400.0,3827.0,6,3822.0,2
rb1805,20170810,20170809,210003500,3822.0,366,174154,13997400.0,3827.0,3,3822.0,2
rb1805,20170810,20170809,210004000,3827.0,370,174156,14150480.0,3827.0,1,3822.0,2
rb1805,20170810,20170809,210004500,3818.0,386,174146,14761620.0,3818.0,42,3817.0,1
rb1805,20170810,20170809,210005000,3828.0,478,174090,18274960.0,3828.0,22,3827.0,1
rb1805,20170810,20170809,210005500,3827.0,484,174088,18504420.0,3827.0,5,3817.0,1
rb1805,20170810,20170809,210006000,3827.0,488,174092,18657500.0,3825.0,5,3818.0,5
rb1805,20170810,20170809,210006500,3827.0,488,174092,18657500.0,3826.0,7,3824.0,1
rb1805,20170810,20170809,210007000,3824.0,490,174092,18733980.0,3828.0,22,3817.0,1
rb1805,20170810,20170809,210007500,3824.0,490,174092,18733980.0,3827.0,10,3820.0,5
rb1805,20170810,20170809,210008000,3824.0,490,174092,18733980.0,3827.0,18,3817.0,1
rb1805,20170810,20170809,210008500,3824.0,490,174092,18733980.0,3825.0,5,3819.0,3
rb1805,20170810,20170809,210009000,3824.0,490,174092,18733980.0,3824.0,3,3820.0,3
rb1805,20170810,20170809,210009500,3824.0,490,174092,18733980.0,3824.0,3,3820.0,8
rb1805,20170810,20170809,210010000,3823.0,492,174090,18810440.0,3823.0,2,3821.0,6
rb1805,20170810,20170809,210010500,3822.0,498,174090,19039760.0,3823.0,2,3822.0,6
rb1805,20170810,20170809,210011000,3823.0,578,174078,22097440.0,3827.0,2,3821.0,4
rb1805,20170810,20170809,210011500,3821.0,586,174078,22403120.0,3822.0,7,3820.0,2
rb1805,20170810,20170809,210012000,3823.0,644,174058,24619620.0,3826.0,6,3823.0,16
rb1805,20170810,20170809,210012500,3822.0,682,174032,26072220.0,3821.0,10,3820.0,1
rb1805,20170810,20170809,210013000,3821.0,702,174012,26836420.0,3825.0,12,3818.0,1
rb1805,20170810,20170809,210013500,3821.0,702,174012,26836420.0,3824.0,13,3819.0,3
rb1805,20170810,20170809,210014000,3821.0,702,174012,26836420.0,3824.0,5,3823.0,2
rb1805,20170810,20170809,210014500,3823.0,714,174018,27295180.0,3822.0,1,3820.0,15
rb1805,20170810,20170809,210015000,3823.0,716,174020,27371640.0,3823.0,10,3820.0,15
rb1805,20170810,20170809,210015500,3820.0,718,174020,27448040.0,3821.0,2,3820.0,14
rb1805,20170810,20170809,210016000,3822.0,748,173990,28594080.0,3823.0,3,3819.0,2
rb1805,20170810,20170809,210016500,3819.0,758,173990,28976080.0,3820.0,2,3818.0,1
rb1805,20170810,20170809,210017000,3822.0,774,174006,29587500.0,3822.0,2,3818.0,1
rb1805,20170810,20170809,210017500,3822.0,774,174006,29587500.0,3823.0,4,3822.0,1
rb1805,20170810,20170809,210018000,3822.0,778,174002,29740380.0,3822.0,1,3818.0,4
rb1805,20170810,20170809,210018500,3822.0,778,174002,29740380.0,3822.0,2,3819.0,6
rb1805,20170810,20170809,210019000,3821.0,782,174002,29893180.0,3820.0,1,3819.0,5
rb1805,20170810,20170809,210019500,3820.0,784,174004,29969580.0,3822.0,3,3820.0,3
rb1805,20170810,20170809,210020000,3822.0,786,174002,30046020.0,3823.0,10,3820.0,2
rb1805,20170810,20170809,210020500,3820.0,790,174000,30198820.0,3820.0,1,3819.0,6
rb1805,20170810,20170809,210021000,3823.0,824,174006,31497920.0,3822.0,4,3821.0,1
rb1805,20170810,20170809,210021500,3822.0,826,174008,31574360.0,3822.0,4,3821.0,1
rb1805,20170810,20170809,210022000,3820.0,830,174012,31727180.0,3820.0,8,3819.0,6
rb1805,20170810,20170809,210022500,3820.0,866,174024,33102380.0,3822.0,6,3820.0,22
rb1805,20170810,20170809,210023000,3823.0,884,174036,33790440.0,3824.0,7,3823.0,1
rb1805,20170810,20170809,210023500,3823.0,892,174040,34096200.0,3823.0,13,3822.0,9
rb1805,20170810,20170809,210024000,3822.0,894,174040,34172640.0,3823.0,3,3822.0,8
rb1805,20170810,20170809,210024500,3823.0,896,174040,34249100.0,3824.0,7,3822.0,8
rb1805,20170810,20170809,210025000,3822.0,906,174050,34631300.0,3824.0,8,3822.0,203
rb1805,20170810,20170809,210025500,3822.0,916,174056,35013500.0,3824.0,8,3822.0,198
rb1805,20170810,20170809,210026000,3822.0,944,174028,36083660.0,3824.0,8,3822.0,184
rb1805,20170810,20170809,210026500,3822.0,944,174028,36083660.0,3824.0,8,3822.0,185
rb1805,20170810,20170809,210027000,3822.0,946,174028,36160100.0,3824.0,8,3822.0,184
rb1805,20170810,20170809,210027500,3822.0,946,174028,36160100.0,3823.0,1,3822.0,185
rb1805,20170810,20170809,210028000,3823.0,948,174028,36236560.0,3824.0,8,3822.0,185
rb1805,20170810,20170809,210028500,3823.0,952,174028,36389500.0,3824.0,9,3822.0,185
rb1805,20170810,20170809,210029000,3823.0,952,174028,36389500.0,3824.0,9,3822.0,185
rb1805,20170810,20170809,210029500,3822.0,966,174024,36924720.0,3824.0,8,3822.0,184
rb1805,20170810,20170809,210030000,3822.0,966,174024,36924720.0,3824.0,8,3823.0,1
rb1805,20170810,20170809,210030500,3822.0,966,174024,36924720.0,3824.0,10,3823.0,14
rb1805,20170810,20170809,210031000,3822.0,990,174002,37842000.0,3824.0,8,3823.0,2
rb1805,20170810,20170809,210031500,3822.0,990,174002,37842000.0,3824.0,8,3823.0,2
rb1805,20170810,20170809,210032000,3823.0,994,174002,37994920.0,3823.0,8,3822.0,183
rb1805,20170810,20170809,210032500,3823.0,1010,174018,38606600.0,3824.0,8,3823.0,8
rb1805,20170810,20170809,210033000,3823.0,1016,174024,38835980.0,3824.0,10,3822.0,183
rb1805,20170810,20170809,210033500,3823.0,1016,174024,38835980.0,3824.0,10,3822.0,183
rb1805,20170810,20170809,210034000,3823.0,1016,174024,38835980.0,3823.0,3,3822.0,183
rb1805,20170810,20170809,210034500,3823.0,1024,174024,39141820.0,3824.0,5,3823.0,2
rb1805,20170810,20170809,210035000,3825.0,1044,174038,39906680.0,3826.0,3,3822.0,186
rb1805,20170810,20170809,210035500,3825.0,1044,174038,39906680.0,3826.0,5,3822.0,186
rb1805,20170810,20170809,210036000,3825.0,1044,174038,39906680.0,3826.0,5,3822.0,186
rb1805,20170810,20170809,210036500,3825.0,1044,174038,39906680.0,3825.0,11,3823.0,1
rb1805,20170810,20170809,210037000,3825.0,1044,174038,39906680.0,3826.0,4,3823.0,2
rb1805,20170810,20170809,210037500,3825.0,1044,174038,39906680.0,3826.0,5,3824.0,1
rb1805,20170810,20170809,210038000,3825.0,1044,174038,39906680.0,3825.0,17,3824.0,1
rb1805,20170810,20170809,210038500,3824.0,1046,174040,39983160.0,3825.0,6,3823.0,10
rb1805,20170810,20170809,210039000,3825.0,1048,174040,40059660.0,3825.0,5,3823.0,10
rb1805,20170810,20170809,210039500,3825.0,1048,174040,40059660.0,3825.0,16,3823.0,11
rb1805,20170810,20170809,210040000,3825.0,1048,174040,40059660.0,3825.0,16,3823.0,12
rb1805,20170810,20170809,210040500,3825.0,1048,174040,40059660.0,3825.0,17,3823.0,12
rb1805,20170810,20170809,210041000,3825.0,1050,174040,40136160.0,3825.0,17,3823.0,12
rb1805,20170810,20170809,210041500,3825.0,1050,174040,40136160.0,3825.0,17,3823.0,12
rb1805,20170810,20170809,210042000,3825.0,1050,174040,40136160.0,3825.0,17,3823.0,12
rb1805,20170810,20170809,210042500,3825.0,1050,174040,40136160.0,3825.0,17,3823.0,12
rb1805,20170810,20170809,210043000,3825.0,1050,174040,40136160.0,3825.0,18,3823.0,12
rb1805,20170810,20170809,210043500,3825.0,1052,174040,40212660.0,3825.0,17,3824.0,8
rb1805,20170810,20170809,210044000,3825.0,1052,174040,40212660.0,3825.0,16,3824.0,8
rb1805,20170810,20170809,210044500,3824.0,1080,174042,41283380.0,3825.0,16,3823.0,13
rb1805,20170810,20170809,210045000,3825.0,1100,174042,42048380.0,3825.0,6,3823.0,13
rb1805,20170810,20170809,210045500,3825.0,1108,174042,42354380.0,3825.0,3,3823.0,13
rb1805,20170810,20170809,210046000,3825.0,1108,174042,42354380.0,3825.0,3,3823.0,13
rb1805,20170810,20170809,210046500,3825.0,1110,174042,42430880.0,3825.0,1,3823.0,18
rb1805,20170810,20170809,210047000,3825.0,1112,174042,42507380.0,3827.0,2,3823.0,18
rb1805,20170810,20170809,210047500,3825.0,1112,174042,42507380.0,3826.0,1,3824.0,6
rb1805,20170810,20170809,210048000,3825.0,1114,174044,42583880.0,3826.0,1,3825.0,4
rb1805,20170810,20170809,210048500,3825.0,1114,174044,42583880.0,3826.0,1,3825.0,4
rb1805,20170810,20170809,210049000,3825.0,1114,174044,42583880.0,3826.0,1,3825.0,4
rb1805,20170810,20170809,210049500,3825.0,1116,174044,42660380.0,3826.0,2,3825.0,3
rb1805,20170810,20170809,210050000,3825.0,1120,174044,42813380.0,3826.0,2,3825.0,1
rb1805,20170810,20170809,210051000,3825.0,1122,174046,42889880.0,3825.0,1,3824.0,6
rb1805,20170810,20170809,210051500,3825.0,1124,174046,42966380.0,3826.0,2,3825.0,7
rb1805,20170810,20170809,210052000,3826.0,1132,174050,43272460.0,3827.0,2,3826.0,6
rb1805,20170810,20170809,210052500,3826.0,1132,174050,43272460.0,3827.0,2,3826.0,6
rb1805,20170810,20170809,210053000,3827.0,1136,174052,43425520.0,3827.0,1,3826.0,6
rb1805,20170810,20170809,210053500,3826.0,1150,174052,43961160.0,3826.0,1,3825.0,7
rb1805,20170810,20170809,210054000,3826.0,1150,174052,43961160.0,3826.0,4,3825.0,7
rb1805,20170810,20170809,210054500,3826.0,1152,174052,44037680.0,3827.0,2,3825.0,7
rb1805,20170810,20170809,210055000,3826.0,1152,174052,44037680.0,3827.0,1,3825.0,1
rb1805,20170810,20170809,210055500,3826.0,1152,174052,44037680.0,3827.0,1,3825.0,5
rb1805,20170810,20170809,210056000,3826.0,1152,174052,44037680.0,3827.0,1,3825.0,2
rb1805,20170810,20170809,210056500,3825.0,1178,174042,45032300.0,3825.0,7,3823.0,18
rb1805,20170810,20170809,210057000,3825.0,1192,174042,45567800.0,3827.0,8,3826.0,10
rb1805,20170810,20170809,210057500,3825.0,1202,174042,45950300.0,3827.0,9,3826.0,5
rb1805,20170810,20170809,210058000,3825.0,1202,174042,45950300.0,3827.0,10,3826.0,5
rb1805,20170810,20170809,210058500,3825.0,1202,174042,45950300.0,3827.0,10,3826.0,5
rb1805,20170810,20170809,210059000,3826.0,1212,174042,46332900.0,3826.0,7,3825.0,6
rb1805,20170810,20170809,210059500,3826.0,1234,174044,47174820.0,3828.0,6,3826.0,2
rb1805,20170810,20170809,210100000,3826.0,1238,174040,47327860.0,3827.0,2,3825.0,6
rb1805,20170810,20170809,210100500,3826.0,1238,174040,47327860.0,3826.0,5,3825.0,6
rb1805,20170810,20170809,210101000,3826.0,1238,174040,47327860.0,3826.0,6,3825.0,7
rb1805,20170810,20170809,210101500,3825.0,1252,174038,47863360.0,3825.0,6,3824.0,3
rb1805,20170810,20170809,210102000,3825.0,1254,174038,47939860.0,3825.0,5,3824.0,3
rb1805,20170810,20170809,210102500,3825.0,1254,174038,47939860.0,3825.0,5,3824.0,3
rb1805,20170810,20170809,210103000,3826.0,1284,174012,49087560.0,3827.0,4,3826.0,185
rb1805,20170810,20170809,210103500,3825.0,1670,173726,63855640.0,3825.0,2,3823.0,18
rb1805,20170810,20170809,210104000,3825.0,1670,173726,63855640.0,3826.0,12,3825.0,1
rb1805,20170810,20170809,210104500,3825.0,1672,173728,63932140.0,3825.0,7,3823.0,18
rb1805,20170810,20170809,210105000,3825.0,1672,173728,63932140.0,3826.0,3,3823.0,18
rb1805,20170810,20170809,210105500,3825.0,1672,173728,63932140.0,3826.0,3,3825.0,5
rb1805,20170810,20170809,210106000,3825.0,1682,173728,64314640.0,3826.0,7,3823.0,23
rb1805,20170810,20170809,210106500,3825.0,1682,173728,64314640.0,3826.0,6,3823.0,20
rb1805,20170810,20170809,210107000,3825.0,1682,173728,64314640.0,3826.0,7,3823.0,21
rb1805,20170810,20170809,210107500,3827.0,1704,173736,65156420.0,3827.0,3,3823.0,22
rb1805,20170810,20170809,210108000,3827.0,1704,173736,65156420.0,3827.0,2,3824.0,9
rb1805,20170810,20170809,210108500,3824.0,1722,173730,65844740.0,3826.0,1,3823.0,25
rb1805,20170810,20170809,210109000,3824.0,1722,173730,65844740.0,3825.0,1,3823.0,22
rb1805,20170810,20170809,210109500,3824.0,1722,173730,65844740.0,3825.0,1,3823.0,22
rb1805,20170810,20170809,210110000,3824.0,1722,173730,65844740.0,3825.0,1,3823.0,27
rb1805,20170810,20170809,210111000,3823.0,1726,173732,65997660.0,3825.0,1,3823.0,25
rb1805,20170810,20170809,210111500,3823.0,1726,173732,65997660.0,3825.0,4,3823.0,23
rb1805,20170810,20170809,210112000,3823.0,1746,173716,66762300.0,3825.0,3,3823.0,14
rb1805,20170810,20170809,210112500,3823.0,1746,173716,66762300.0,3825.0,3,3824.0,1
rb1805,20170810,20170809,210113000,3824.0,1752,173720,66991720.0,3824.0,1,3823.0,16
rb1805,20170810,20170809,210113500,3824.0,1756,173720,67144680.0,3825.0,4,3823.0,8
rb1805,20170810,20170809,210114000,3824.0,1756,173720,67144680.0,3825.0,4,3823.0,8
rb1805,20170810,20170809,210114500,3823.0,1768,173716,67603440.0,3825.0,11,3823.0,2
rb1805,20170810,20170809,210115000,3824.0,1770,173716,67679920.0,3825.0,11,3823.0,2
rb1805,20170810,20170809,210115500,3823.0,1774,173716,67832840.0,3825.0,11,3822.0,190
rb1805,20170810,20170809,210116000,3823.0,1780,173722,68062220.0,3825.0,2,3823.0,1
rb1805,20170810,20170809,210116500,3823.0,1780,173722,68062220.0,3824.0,6,3823.0,1
rb1805,20170810,20170809,210117000,3823.0,1780,173722,68062220.0,3824.0,6,3823.0,1
rb1805,20170810,20170809,210117500,3823.0,1780,173722,68062220.0,3824.0,6,3823.0,1
rb1805,20170810,20170809,210118000,3823.0,1790,173722,68444520.0,3824.0,6,3822.0,195
rb1805,20170810,20170809,210118500,3823.0,1790,173722,68444520.0,3823.0,2,3822.0,190
rb1805,20170810,20170809,210119000,3823.0,1790,173722,68444520.0,3823.0,7,3822.0,193
rb1805,20170810,20170809,210119500,3823.0,1792,173722,68520980.0,3823.0,1,3822.0,193
rb1805,20170810,20170809,210120000,3823.0,1792,173722,68520980.0,3823.0,2,3822.0,190
rb1805,20170810,20170809,210120500,3823.0,1792,173722,68520980.0,3823.0,2,3822.0,190
rb1805,20170810,20170809,210121000,3823.0,1792,173722,68520980.0,3823.0,2,3822.0,190
rb1805,20170810,20170809,210121500,3821.0,2192,173420,83808880.0,3822.0,8,3821.0,2
rb1805,20170810,20170809,210122000,3820.0,2216,173424,84725780.0,3822.0,18,3820.0,8
rb1805,20170810,20170809,210122500,3821.0,2242,173450,85719180.0,3821.0,11,3820.0,5
rb1805,20170810,20170809,210123000,3820.0,2252,173452,86101180.0,3820.0,6,3819.0,3
rb1805,20170810,20170809,210123500,3823.0,2294,173440,87706080.0,3824.0,3,3823.0,192
rb1805,20170810,20170809,210124000,3818.0,2688,173160,102768240.0,3820.0,6,3818.0,5
rb1805,20170810,20170809,210124500,3819.0,2718,173150,103914420.0,3821.0,1,3819.0,2
rb1805,20170810,20170809,210125000,3818.0,2724,173150,104143520.0,3819.0,3,3818.0,6
rb1805,20170810,20170809,210125500,3818.0,2736,173154,104601680.0,3818.0,1,3817.0,1
rb1805,20170810,20170809,210126000,3816.0,2790,173194,106662420.0,3816.0,6,3815.0,8
rb1805,20170810,20170809,210126500,3815.0,2810,173198,107425400.0,3815.0,1,3814.0,2
rb1805,20170810,20170809,210127000,3814.0,2814,173198,107577960.0,3814.0,8,3813.0,1
rb1805,20170810,20170809,210127500,3813.0,2852,173228,109026860.0,3813.0,5,3811.0,3
rb1805,20170810,20170809,210128000,3814.0,2912,173234,111314780.0,3814.0,2,3813.0,3
rb1805,20170810,20170809,210128500,3815.0,2928,173232,111925000.0,3816.0,3,3815.0,1
rb1805,20170810,20170809,210129000,3817.0,2938,173230,112306640.0,3818.0,3,3816.0,2
rb1805,20170810,20170809,210129500,3816.0,2952,173230,112840880.0,3818.0,3,3816.0,5
rb1805,20170810,20170809,210130000,3822.0,3008,173252,114979420.0,3819.0,5,3815.0,8
rb1805,20170810,20170809,210130500,3815.0,3020,173244,115437300.0,3816.0,1,3815.0,7
rb1805,20170810,20170809,210131000,3805.0,3196,173178,122146000.0,3807.0,12,3805.0,5
rb1805,20170810,20170809,210131500,3807.0,3366,173148,128616700.0,3810.0,11,3805.0,1
rb1805,20170810,20170809,210132000,3806.0,3446,173150,131663540.0,3804.0,5,3803.0,26
rb1805,20170810,20170809,210132500,3803.0,3526,173130,134706300.0,3803.0,2,3802.0,18
rb1805,20170810,20170809,210133000,3802.0,3558,173140,135923200.0,3804.0,7,3802.0,15
rb1805,20170810,20170809,210133500,3801.0,3590,173142,137139820.0,3803.0,33,3800.0,117
rb1805,20170810,20170809,210134000,3799.0,3834,173128,146411700.0,3799.0,11,3797.0,2
rb1805,20170810,20170809,210134500,3766.0,4130,173178,157611480.0,3796.0,1,3766.0,30
rb1805,20170810,20170809,210135000,3769.0,4234,173198,161544320.0,3792.0,71,3767.0,21
rb1805,20170810,20170809,210135500,3767.0,4462,173104,170160160.0,3776.0,10,3767.0,50
rb1805,20170810,20170809,210136000,3776.0,4578,173004,174536520.0,3776.0,3,3767.0,29
rb1805,20170810,20170809,210136500,3791.0,4648,173032,177184740.0,3791.0,10,3776.0,5
rb1805,20170810,20170809,210137000,3783.0,4706,173016,179376020.0,3785.0,3,3776.0,3
rb1805,20170810,20170809,210137500,3783.0,4720,173006,179905200.0,3783.0,7,3777.0,1
rb1805,20170810,20170809,210138000,3783.0,4764,173042,181569720.0,3783.0,20,3778.0,9
rb1805,20170810,20170809,210138500,3778.0,4796,173050,182780840.0,3788.0,1,3778.0,21
rb1805,20170810,20170809,210139000,3787.0,4798,173048,182856580.0,3787.0,24,3780.0,5
rb1805,20170810,20170809,210139500,3789.0,4844,173058,184598760.0,3789.0,2,3783.0,1
rb1805,20170810,20170809,210140000,3780.0,4936,173024,188075860.0,3780.0,1,3777.0,12
rb1805,20170810,20170809,210140500,3784.0,4992,173036,190195380.0,3788.0,7,3783.0,1
rb1805,20170810,20170809,210141000,3787.0,5008,173042,190801120.0,3788.0,7,3784.0,3
rb1805,20170810,20170809,210141500,3788.0,5052,173038,192467760.0,3788.0,12,3785.0,1
rb1805,20170810,20170809,210142000,3785.0,5054,173040,192543460.0,3788.0,12,3784.0,7
rb1805,20170810,20170809,210142500,3787.0,5058,173040,192694880.0,3787.0,2,3784.0,1
rb1805,20170810,20170809,210143000,3787.0,5062,173042,192846360.0,3787.0,2,3784.0,1
rb1805,20170810,20170809,210143500,3787.0,5070,173040,193149200.0,3787.0,39,3784.0,4
rb1805,20170810,20170809,210144000,3787.0,5120,173040,195042500.0,3787.0,22,3785.0,1
rb1805,20170810,20170809,210144500,3786.0,5164,173016,196708660.0,3787.0,6,3785.0,12
rb1805,20170810,20170809,210145000,3785.0,5184,173008,197465780.0,3787.0,7,3785.0,2
rb1805,20170810,20170809,210145500,3785.0,5184,173008,197465780.0,3787.0,6,3785.0,7
rb1805,20170810,20170809,210146000,3787.0,5196,172998,197920220.0,3789.0,4,3787.0,16
rb1805,20170810,20170809,210146500,3787.0,5244,172970,199737980.0,3789.0,5,3787.0,2
rb1805,20170810,20170809,210147000,3787.0,5244,172970,199737980.0,3789.0,3,3787.0,7
rb1805,20170810,20170809,210148000,3787.0,5244,172970,199737980.0,3789.0,3,3787.0,7
rb1805,20170810,20170809,210148500,3787.0,5248,172972,199889500.0,3789.0,2,3787.0,8
rb1805,20170810,20170809,210149000,3789.0,5250,172972,199965280.0,3789.0,1,3787.0,8
rb1805,20170810,20170809,210149500,3789.0,5254,172974,200116840.0,3791.0,13,3787.0,8
rb1805,20170810,20170809,210150000,3789.0,5254,172974,200116840.0,3791.0,12,3788.0,7
rb1805,20170810,20170809,210150500,3788.0,5258,172974,200268380.0,3791.0,13,3788.0,8
rb1805,20170810,20170809,210151000,3791.0,5260,172974,200344200.0,3791.0,12,3788.0,13
rb1805,20170810,20170809,210151500,3791.0,5312,172948,202313780.0,3791.0,10,3789.0,2
rb1805,20170810,20170809,210152000,3789.0,5316,172948,202465340.0,3791.0,14,3789.0,1
rb1805,20170810,20170809,210152500,3789.0,5320,172948,202616900.0,3790.0,9,3787.0,1
rb1805,20170810,20170809,210153000,3791.0,5438,172864,207089200.0,3794.0,40,3791.0,143
rb1805,20170810,20170809,210153500,3793.0,5580,172726,212472460.0,3793.0,3,3791.0,78
rb1805,20170810,20170809,210154000,3793.0,5584,172722,212624180.0,3793.0,4,3792.0,6
rb1805,20170810,20170809,210154500,3791.0,5636,172712,214595620.0,3792.0,10,3791.0,53
rb1805,20170810,20170809,210155000,3791.0,5674,172684,216036200.0,3792.0,13,3791.0,36
rb1805,20170810,20170809,210155500,3793.0,5824,172666,221724980.0,3794.0,6,3793.0,37
rb1805,20170810,20170809,210156000,3790.0,5964,172706,227034000.0,3793.0,4,3790.0,1
rb1805,20170810,20170809,210156500,3790.0,5966,172704,227109800.0,3792.0,3,3790.0,10
rb1805,20170810,20170809,210157000,3792.0,5974,172708,227413040.0,3792.0,52,3790.0,7
rb1805,20170810,20170809,210157500,3790.0,5992,172710,228095220.0,3790.0,1,3789.0,5
rb1805,20170810,20170809,210158000,3792.0,6016,172718,229005160.0,3793.0,6,3792.0,90
rb1805,20170810,20170809,210158500,3792.0,6194,172812,235754920.0,3793.0,6,3792.0,1
rb1805,20170810,20170809,210159000,3790.0,6204,172818,236134080.0,3793.0,6,3790.0,4
rb1805,20170810,20170809,210159500,3790.0,6206,172818,236209880.0,3794.0,7,3792.0,1
rb1805,20170810,20170809,210200000,3790.0,6208,172818,236285680.0,3794.0,7,3793.0,4
rb1805,20170810,20170809,210200500,3791.0,6222,172828,236816520.0,3792.0,12,3791.0,3
rb1805,20170810,20170809,210201000,3792.0,6236,172828,237347220.0,3792.0,11,3790.0,7
rb1805,20170810,20170809,210201500,3792.0,6276,172830,238863700.0,3793.0,1,3792.0,88
rb1805,20170810,20170809,210202000,3792.0,6284,172830,239167060.0,3793.0,8,3792.0,84
rb1805,20170810,20170809,210202500,3792.0,6344,172830,241442260.0,3793.0,18,3792.0,54
rb1805,20170810,20170809,210203000,3792.0,6452,172830,245537620.0,3792.0,50,3791.0,1
rb1805,20170810,20170809,210203500,3792.0,6478,172828,246523480.0,3791.0,1,3790.0,8
rb1805,20170810,20170809,210204000,3792.0,6538,172770,248798080.0,3792.0,39,3790.0,16
rb1805,20170810,20170809,210204500,3792.0,6544,172768,249025560.0,3792.0,37,3790.0,16
rb1805,20170810,20170809,210205000,3792.0,6550,172768,249253040.0,3792.0,35,3790.0,15
rb1805,20170810,20170809,210205500,3792.0,6554,172770,249404680.0,3792.0,34,3790.0,14
rb1805,20170810,20170809,210206000,3792.0,6560,172768,249632120.0,3792.0,35,3791.0,1
rb1805,20170810,20170809,210206500,3792.0,6586,172746,250617560.0,3792.0,34,3791.0,1
rb1805,20170810,20170809,210207000,3791.0,6588,172744,250693380.0,3792.0,44,3790.0,1
rb1805,20170810,20170809,210207500,3790.0,6596,172736,250996580.0,3792.0,44,3789.0,9
rb1805,20170810,20170809,210208000,3792.0,6600,172734,251148200.0,3792.0,58,3789.0,8
rb1805,20170810,20170809,210208500,3792.0,6602,172734,251224040.0,3792.0,46,3790.0,1
rb1805,20170810,20170809,210209000,3791.0,6606,172732,251375700.0,3791.0,8,3790.0,3
rb1805,20170810,20170809,210209500,3792.0,6628,172710,252209780.0,3792.0,42,3791.0,3
rb1805,20170810,20170809,210210000,3792.0,6716,172660,255546720.0,3792.0,6,3791.0,11
rb1805,20170810,20170809,210210500,3790.0,6740,172656,256456660.0,3792.0,11,3790.0,8
rb1805,20170810,20170809,210211000,3790.0,6744,172652,256608260.0,3791.0,1,3790.0,7
rb1805,20170810,20170809,210211500,3791.0,6748,172650,256759900.0,3793.0,13,3791.0,4
rb1805,20170810,20170809,210212000,3791.0,6748,172650,256759900.0,3793.0,16,3792.0,11
rb1805,20170810,20170809,210212500,3791.0,6750,172650,256835720.0,3793.0,8,3792.0,12
rb1805,20170810,20170809,210213000,3793.0,6762,172652,257290880.0,3793.0,2,3792.0,15
rb1805,20170810,20170809,210213500,3793.0,6768,172652,257518460.0,3794.0,3,3793.0,21
rb1805,20170810,20170809,210214000,3793.0,6782,172650,258049580.0,3795.0,1,3793.0,14
rb1805,20170810,20170809,210214500,3793.0,6804,172666,258884040.0,3795.0,4,3793.0,3
rb1805,20170810,20170809,210215000,3795.0,6806,172666,258959940.0,3795.0,12,3793.0,3
rb1805,20170810,20170809,210215500,3795.0,6806,172666,258959940.0,3795.0,12,3793.0,14
rb1805,20170810,20170809,210216000,3793.0,6810,172668,259111660.0,3795.0,18,3793.0,12
rb1805,20170810,20170809,210216500,3795.0,6818,172666,259415260.0,3794.0,30,3793.0,12
rb1805,20170810,20170809,210217000,3795.0,6880,172664,261767560.0,3795.0,7,3794.0,10
rb1805,20170810,20170809,210217500,3793.0,6900,172680,262526280.0,3795.0,10,3793.0,9
rb1805,20170810,20170809,210218000,3793.0,6902,172680,262602140.0,3795.0,7,3794.0,1
rb1805,20170810,20170809,210218500,3795.0,6906,172680,262753900.0,3795.0,6,3794.0,2
rb1805,20170810,20170809,210219000,3795.0,6910,172680,262905700.0,3795.0,4,3794.0,2
rb1805,20170810,20170809,210219500,3795.0,6918,172672,263209300.0,3796.0,8,3795.0,4
rb1805,20170810,20170809,210220000,3796.0,6934,172680,263816660.0,3797.0,7,3794.0,7
rb1805,20170810,20170809,210220500,3796.0,6934,172680,263816660.0,3795.0,1,3794.0,8
rb1805,20170810,20170809,210221000,3796.0,6936,172682,263892580.0,3797.0,12,3795.0,204
rb1805,20170810,20170809,210221500,3797.0,6938,172682,263968520.0,3797.0,11,3796.0,2
rb1805,20170810,20170809,210222000,3796.0,6942,172680,264120360.0,3797.0,6,3795.0,200
rb1805,20170810,20170809,210222500,3797.0,6956,172668,264651940.0,3798.0,2,3797.0,8
rb1805,20170810,20170809,210223000,3797.0,6982,172646,265638900.0,3798.0,6,3797.0,8
rb1805,20170810,20170809,210223500,3797.0,6984,172646,265714840.0,3798.0,6,3797.0,7
rb1805,20170810,20170809,210224000,3797.0,6988,172648,265866720.0,3798.0,3,3797.0,5
rb1805,20170810,20170809,210224500,3798.0,6992,172650,266018640.0,3801.0,2,3797.0,5
rb1805,20170810,20170809,210225000,3799.0,7000,172642,266322560.0,3799.0,2,3798.0,16
rb1805,20170810,20170809,210225500,3798.0,7014,172636,266854300.0,3799.0,4,3798.0,10
rb1805,20170810,20170809,210226000,3797.0,7038,172658,267765780.0,3798.0,40,3797.0,6
rb1805,20170810,20170809,210226500,3798.0,7042,172658,267917680.0,3798.0,52,3797.0,4
rb1805,20170810,20170809,210227000,3797.0,7050,172666,268221440.0,3797.0,2,3795.0,201
rb1805,20170810,20170809,210227500,3797.0,7054,172670,268373320.0,3798.0,48,3797.0,1
rb1805,20170810,20170809,210228000,3795.0,7072,172656,269056460.0,3797.0,8,3795.0,195
rb1805,20170810,20170809,210228500,3797.0,7074,172654,269132400.0,3798.0,48,3797.0,1
rb1805,20170810,20170809,210229000,3797.0,7078,172652,269284280.0,3797.0,11,3795.0,194
rb1805,20170810,20170809,210229500,3797.0,7080,172652,269360220.0,3797.0,12,3795.0,194
rb1805,20170810,20170809,210230000,3796.0,7094,172642,269891700.0,3797.0,15,3796.0,1
rb1805,20170810,20170809,210230500,3796.0,7094,172642,269891700.0,3797.0,28,3796.0,5
rb1805,20170810,20170809,210231000,3796.0,7094,172642,269891700.0,3797.0,28,3796.0,1
rb1805,20170810,20170809,210231500,3796.0,7094,172642,269891700.0,3797.0,25,3796.0,5
rb1805,20170810,20170809,210232000,3797.0,7098,172638,270043580.0,3797.0,23,3796.0,1
rb1805,20170810,20170809,210232500,3797.0,7098,172638,270043580.0,3797.0,23,3796.0,5
rb1805,20170810,20170809,210233000,3796.0,7100,172636,270119500.0,3797.0,24,3795.0,194
rb1805,20170810,20170809,210233500,3797.0,7102,172634,270195440.0,3797.0,23,3795.0,195
rb1805,20170810,20170809,210234000,3797.0,7102,172634,270195440.0,3797.0,23,3796.0,1
rb1805,20170810,20170809,210234500,3796.0,7108,172638,270423200.0,3796.0,3,3795.0,196
rb1805,20170810,20170809,210235000,3796.0,7112,172638,270575060.0,3796.0,9,3795.0,198
rb1805,20170810,20170809,210235500,3797.0,7178,172652,273080500.0,3797.0,18,3795.0,198
rb1805,20170810,20170809,210236000,3795.0,7268,172562,276496000.0,3796.0,6,3795.0,154
rb1805,20170810,20170809,210236500,3795.0,7268,172562,276496000.0,3796.0,7,3795.0,154
rb1805,20170810,20170809,210237000,3796.0,7270,172562,276571920.0,3796.0,6,3795.0,154
rb1805,20170810,20170809,210237500,3796.0,7284,172550,277103360.0,3797.0,24,3796.0,7
rb1805,20170810,20170809,210238000,3796.0,7312,172526,278166100.0,3797.0,28,3795.0,147
rb1805,20170810,20170809,210238500,3796.0,7312,172526,278166100.0,3797.0,19,3795.0,148
rb1805,20170810,20170809,210239500,3796.0,7312,172526,278166100.0,3797.0,25,3796.0,1
rb1805,20170810,20170809,210240000,3795.0,7322,172516,278545620.0,3796.0,11,3795.0,143
rb1805,20170810,20170809,210240500,3796.0,7324,172516,278621540.0,3796.0,4,3795.0,144
rb1805,20170810,20170809,210241000,3796.0,7332,172510,278925220.0,3797.0,24,3796.0,1
rb1805,20170810,20170809,210241500,3796.0,7334,172512,279001140.0,3796.0,6,3795.0,145
rb1805,20170810,20170809,210242000,3797.0,7374,172552,280519820.0,3796.0,1,3795.0,145
rb1805,20170810,20170809,210242500,3796.0,7378,172550,280671660.0,3797.0,20,3796.0,3
rb1805,20170810,20170809,210243000,3795.0,7390,172544,281127120.0,3797.0,20,3795.0,142
rb1805,20170810,20170809,210243500,3795.0,7392,172544,281203020.0,3797.0,15,3796.0,15
rb1805,20170810,20170809,210244000,3797.0,7394,172546,281278960.0,3797.0,14,3796.0,15
rb1805,20170810,20170809,210244500,3796.0,7418,172532,282190000.0,3797.0,17,3796.0,3
rb1805,20170810,20170809,210245000,3796.0,7430,172532,282645600.0,3797.0,9,3796.0,2
rb1805,20170810,20170809,210245500,3796.0,7430,172532,282645600.0,3797.0,9,3796.0,12
rb1805,20170810,20170809,210246000,3796.0,7430,172532,282645600.0,3797.0,10,3796.0,11
rb1805,20170810,20170809,210246500,3797.0,7438,172528,282949360.0,3797.0,5,3796.0,11
rb1805,20170810,20170809,210247000,3797.0,7448,172528,283329060.0,3798.0,40,3797.0,6
rb1805,20170810,20170809,210247500,3798.0,7450,172528,283405020.0,3797.0,1,3796.0,13
rb1805,20170810,20170809,210248000,3797.0,7452,172528,283480960.0,3798.0,6,3797.0,5
rb1805,20170810,20170809,210248500,3797.0,7454,172526,283556900.0,3798.0,7,3797.0,51
rb1805,20170810,20170809,210249000,3797.0,7454,172526,283556900.0,3798.0,4,3797.0,51
rb1805,20170810,20170809,210249500,3798.0,7464,172534,283936700.0,3799.0,22,3798.0,8
rb1805,20170810,20170809,210250000,3798.0,7464,172534,283936700.0,3799.0,17,3798.0,5
rb1805,20170810,20170809,210250500,3798.0,7464,172534,283936700.0,3799.0,18,3798.0,4
rb1805,20170810,20170809,210251000,3798.0,7464,172534,283936700.0,3799.0,14,3798.0,4
rb1805,20170810,20170809,210251500,3799.0,7496,172536,285152360.0,3800.0,108,3799.0,5
rb1805,20170810,20170809,210252000,3799.0,7498,172536,285228340.0,3800.0,108,3799.0,4
rb1805,20170810,20170809,210252500,3799.0,7498,172536,285228340.0,3800.0,105,3799.0,5
rb1805,20170810,20170809,210253000,3799.0,7506,172540,285532260.0,3799.0,8,3798.0,3
rb1805,20170810,20170809,210253500,3798.0,7510,172538,285684180.0,3799.0,53,3797.0,5
rb1805,20170810,20170809,210254000,3799.0,7526,172538,286292020.0,3799.0,45,3797.0,5
rb1805,20170810,20170809,210254500,3799.0,7622,172524,289939060.0,3800.0,105,3799.0,12
rb1805,20170810,20170809,210255000,3797.0,7664,172518,291534360.0,3797.0,1,3796.0,22
rb1805,20170810,20170809,210255500,3797.0,7666,172516,291610300.0,3798.0,3,3797.0,3
rb1805,20170810,20170809,210256000,3799.0,7672,172512,291838160.0,3799.0,23,3796.0,26
rb1805,20170810,20170809,210256500,3799.0,7674,172512,291914140.0,3799.0,27,3796.0,27
rb1805,20170810,20170809,210257000,3799.0,7674,172512,291914140.0,3799.0,34,3796.0,27
rb1805,20170810,20170809,210257500,3799.0,7674,172512,291914140.0,3799.0,30,3797.0,2
rb1805,20170810,20170809,210258000,3796.0,7690,172508,292521540.0,3799.0,30,3798.0,1
rb1805,20170810,20170809,210258500,3798.0,7700,172498,292901340.0,3799.0,28,3796.0,21
rb1805,20170810,20170809,210259000,3798.0,7700,172498,292901340.0,3798.0,13,3796.0,25
rb1805,20170810,20170809,210259500,3799.0,7730,172502,294040760.0,3799.0,22,3798.0,6
rb1805,20170810,20170809,210300000,3798.0,7744,172500,294572480.0,3799.0,20,3796.0,25
rb1805,20170810,20170809,210300500,3798.0,7744,172500,294572480.0,3798.0,3,3797.0,6
rb1805,20170810,20170809,210301000,3799.0,7760,172510,295180200.0,3799.0,21,3798.0,1
rb1805,20170810,20170809,210301500,3799.0,7778,172524,295863900.0,3799.0,21,3797.0,9
rb1805,20170810,20170809,210302000,3799.0,7832,172560,297915360.0,3800.0,112,3799.0,23
rb1805,20170810,20170809,210302500,3797.0,7886,172590,299966720.0,3799.0,38,3798.0,2
rb1805,20170810,20170809,210303000,3798.0,7890,172590,300118640.0,3799.0,40,3797.0,5
rb1805,20170810,20170809,210303500,3798.0,7890,172590,300118640.0,3798.0,10,3797.0,25
rb1805,20170810,20170809,210304000,3798.0,7890,172590,300118640.0,3798.0,16,3797.0,25
rb1805,20170810,20170809,210304500,3796.0,7942,172636,302093060.0,3797.0,16,3796.0,17
rb1805,20170810,20170809,210305000,3796.0,7978,172658,303459620.0,3796.0,104,3795.0,147
rb1805,20170810,20170809,210305500,3796.0,7996,172658,304142820.0,3796.0,99,3795.0,139
rb1805,20170810,20170809,210306000,3796.0,8012,172644,304750040.0,3796.0,101,3795.0,132
rb1805,20170810,20170809,210306500,3795.0,8034,172624,305584960.0,3796.0,109,3795.0,122
rb1805,20170810,20170809,210307000,3796.0,8036,172626,305660880.0,3796.0,105,3795.0,122
rb1805,20170810,20170809,210307500,3796.0,8038,172626,305736800.0,3796.0,101,3795.0,122
rb1805,20170810,20170809,210308000,3796.0,8038,172626,305736800.0,3796.0,107,3795.0,122
rb1805,20170810,20170809,210308500,3796.0,8060,172616,306571740.0,3796.0,105,3795.0,113
rb1805,20170810,20170809,210309000,3795.0,8330,172656,316818700.0,3796.0,82,3795.0,1
rb1805,20170810,20170809,210309500,3795.0,8334,172654,316970500.0,3795.0,19,3794.0,3
rb1805,20170810,20170809,210310000,3795.0,8342,172658,317274040.0,3794.0,1,3793.0,14
rb1805,20170810,20170809,210310500,3793.0,8344,172658,317349900.0,3794.0,8,3793.0,13
rb1805,20170810,20170809,210311000,3795.0,8384,172686,318867760.0,3795.0,13,3793.0,13
rb1805,20170810,20170809,210311500,3795.0,8398,172686,319398980.0,3795.0,11,3793.0,11
rb1805,20170810,20170809,210312000,3793.0,8420,172682,320233440.0,3794.0,11,3792.0,13
rb1805,20170810,20170809,210312500,3792.0,8424,172682,320385120.0,3794.0,14,3792.0,8
rb1805,20170810,20170809,210313000,3792.0,8428,172684,320536800.0,3794.0,16,3792.0,6
rb1805,20170810,20170809,210313500,3793.0,8430,172684,320612660.0,3793.0,1,3792.0,6
rb1805,20170810,20170809,210314000,3792.0,8434,172686,320764340.0,3793.0,7,3792.0,4
rb1805,20170810,20170809,210314500,3792.0,8434,172686,320764340.0,3793.0,18,3792.0,4
rb1805,20170810,20170809,210315000,3792.0,8442,172686,321067700.0,3792.0,4,3791.0,2
rb1805,20170810,20170809,210315500,3791.0,8448,172690,321295160.0,3791.0,7,3790.0,87
rb1805,20170810,20170809,210316000,3791.0,8468,172684,322053360.0,3792.0,4,3791.0,35
rb1805,20170810,20170809,210316500,3791.0,8474,172678,322280820.0,3792.0,4,3791.0,28
rb1805,20170810,20170809,210317000,3791.0,8480,172678,322508280.0,3792.0,4,3791.0,25
rb1805,20170810,20170809,210317500,3791.0,8482,172678,322584100.0,3792.0,4,3791.0,18
rb1805,20170810,20170809,210318000,3792.0,8490,172674,322887460.0,3793.0,9,3792.0,10
rb1805,20170810,20170809,210318500,3792.0,8496,172672,323114980.0,3793.0,9,3791.0,22
rb1805,20170810,20170809,210319000,3791.0,8500,172674,323266620.0,3792.0,2,3791.0,16
rb1805,20170810,20170809,210320000,3791.0,8522,172652,324100640.0,3792.0,8,3791.0,5
rb1805,20170810,20170809,210320500,3791.0,8526,172648,324252280.0,3792.0,8,3791.0,3
rb1805,20170810,20170809,210321000,3791.0,8534,172640,324555560.0,3792.0,2,3791.0,4
rb1805,20170810,20170809,210321500,3792.0,8536,172638,324631400.0,3792.0,1,3791.0,9
rb1805,20170810,20170809,210322000,3792.0,8542,172632,324858920.0,3793.0,9,3791.0,8
rb1805,20170810,20170809,210322500,3791.0,8544,172632,324934740.0,3793.0,9,3792.0,2
rb1805,20170810,20170809,210323000,3791.0,8552,172628,325238060.0,3793.0,8,3792.0,5
rb1805,20170810,20170809,210323500,3791.0,8554,172626,325313880.0,3793.0,8,3792.0,13
rb1805,20170810,20170809,210324000,3792.0,8556,172624,325389720.0,3793.0,8,3792.0,12
rb1805,20170810,20170809,210324500,3792.0,8558,172622,325465560.0,3793.0,8,3792.0,8
rb1805,20170810,20170809,210325000,3793.0,8560,172622,325541420.0,3793.0,7,3792.0,12
rb1805,20170810,20170809,210325500,3792.0,8562,172620,325617260.0,3793.0,7,3792.0,11
rb1805,20170810,20170809,210326000,3794.0,8590,172630,326679440.0,3795.0,5,3794.0,9
rb1805,20170810,20170809,210326500,3791.0,8642,172636,328651640.0,3794.0,4,3791.0,5
rb1805,20170810,20170809,210327000,3791.0,8642,172636,328651640.0,3794.0,7,3792.0,5
rb1805,20170810,20170809,210327500,3791.0,8642,172636,328651640.0,3793.0,1,3792.0,7
rb1805,20170810,20170809,210328000,3793.0,8644,172636,328727500.0,3794.0,7,3793.0,1
rb1805,20170810,20170809,210328500,3792.0,8652,172632,329030900.0,3794.0,2,3792.0,4
rb1805,20170810,20170809,210329000,3792.0,8652,172632,329030900.0,3794.0,7,3793.0,2
rb1805,20170810,20170809,210329500,3794.0,8656,172628,329182660.0,3795.0,4,3794.0,1
rb1805,20170810,20170809,210330000,3793.0,8662,172628,329410260.0,3795.0,4,3792.0,9
rb1805,20170810,20170809,210330500,3793.0,8666,172626,329561980.0,3795.0,4,3793.0,8
rb1805,20170810,20170809,210331000,3793.0,8672,172622,329789560.0,3795.0,9,3793.0,7
rb1805,20170810,20170809,210331500,3793.0,8674,172622,329865420.0,3795.0,9,3793.0,9
rb1805,20170810,20170809,210332000,3793.0,8674,172622,329865420.0,3795.0,9,3793.0,6
rb1805,20170810,20170809,210332500,3793.0,8678,172622,330017180.0,3795.0,8,3793.0,5
rb1805,20170810,20170809,210333000,3795.0,8680,172620,330093080.0,3795.0,7,3793.0,5
rb1805,20170810,20170809,210333500,3795.0,8680,172620,330093080.0,3795.0,7,3794.0,1
rb1805,20170810,20170809,210334000,3795.0,8682,172620,330168980.0,3795.0,1,3794.0,1
rb1805,20170810,20170809,210334500,3795.0,8696,172622,330700100.0,3796.0,72,3795.0,1
rb1805,20170810,20170809,210335000,3794.0,8702,172622,330927800.0,3795.0,4,3793.0,2
rb1805,20170810,20170809,210335500,3794.0,8704,172624,331003680.0,3794.0,2,3793.0,1
rb1805,20170810,20170809,210336000,3794.0,8708,172628,331155440.0,3794.0,5,3793.0,2
rb1805,20170810,20170809,210336500,3792.0,8714,172624,331383000.0,3794.0,8,3792.0,15
rb1805,20170810,20170809,210337000,3792.0,8714,172624,331383000.0,3794.0,8,3792.0,15
rb1805,20170810,20170809,210337500,3792.0,8714,172624,331383000.0,3793.0,10,3792.0,15
rb1805,20170810,20170809,210338000,3793.0,8734,172624,332141600.0,3794.0,5,3793.0,6
rb1805,20170810,20170809,210338500,3794.0,8750,172622,332748640.0,3795.0,23,3794.0,94
rb1805,20170810,20170809,210339000,3794.0,8830,172622,335783840.0,3795.0,21,3794.0,54
rb1805,20170810,20170809,210339500,3794.0,8888,172606,337984360.0,3795.0,21,3794.0,25
rb1805,20170810,20170809,210340000,3794.0,8938,172594,339881360.0,3793.0,4,3792.0,12
rb1805,20170810,20170809,210340500,3794.0,8938,172594,339881360.0,3793.0,5,3792.0,12
rb1805,20170810,20170809,210341000,3794.0,8950,172604,340336640.0,3795.0,31,3794.0,4
rb1805,20170810,20170809,210341500,3795.0,8972,172602,341171100.0,3795.0,25,3792.0,8
rb1805,20170810,20170809,210342000,3794.0,8974,172604,341246980.0,3794.0,4,3792.0,6
rb1805,20170810,20170809,210342500,3794.0,8974,172604,341246980.0,3794.0,4,3792.0,18
rb1805,20170810,20170809,210343000,3794.0,8976,172606,341322860.0,3794.0,13,3793.0,1
rb1805,20170810,20170809,210343500,3792.0,8980,172606,341474560.0,3794.0,13,3792.0,17
rb1805,20170810,20170809,210344000,3792.0,8980,172606,341474560.0,3794.0,19,3792.0,17
rb1805,20170810,20170809,210344500,3792.0,8980,172606,341474560.0,3794.0,13,3792.0,17
rb1805,20170810,20170809,210345000,3792.0,8980,172606,341474560.0,3794.0,13,3793.0,2
rb1805,20170810,20170809,210345500,3792.0,8988,172606,341777960.0,3794.0,13,3792.0,19
rb1805,20170810,20170809,210346000,3793.0,8990,172606,341853820.0,3793.0,6,3792.0,20
rb1805,20170810,20170809,210346500,3793.0,9002,172594,342308980.0,3794.0,11,3793.0,29
rb1805,20170810,20170809,210347000,3793.0,9002,172594,342308980.0,3794.0,12,3793.0,29
rb1805,20170810,20170809,210347500,3794.0,9014,172594,342764260.0,3794.0,6,3793.0,26
rb1805,20170810,20170809,210348000,3794.0,9014,172594,342764260.0,3794.0,6,3793.0,26
rb1805,20170810,20170809,210348500,3793.0,9022,172586,343067700.0,3794.0,6,3793.0,22
rb1805,20170810,20170809,210349000,3793.0,9024,172586,343143560.0,3794.0,6,3793.0,21
rb1805,20170810,20170809,210349500,3793.0,9028,172582,343295280.0,3794.0,6,3793.0,139
rb1805,20170810,20170809,210350000,3794.0,9082,172530,345344040.0,3795.0,131,3793.0,139
rb1805,20170810,20170809,210350500,3794.0,9082,172530,345344040.0,3794.0,2,3793.0,139
rb1805,20170810,20170809,210351000,3794.0,9086,172526,345495800.0,3795.0,128,3793.0,139
rb1805,20170810,20170809,210351500,3793.0,9088,172524,345571660.0,3795.0,128,3793.0,138
rb1805,20170810,20170809,210352000,3793.0,9088,172524,345571660.0,3795.0,128,3793.0,138
rb1805,20170810,20170809,210352500,3793.0,9096,172516,345875100.0,3795.0,128,3793.0,134
rb1805,20170810,20170809,210353000,3793.0,9096,172516,345875100.0,3795.0,128,3793.0,134
rb1805,20170810,20170809,210353500,3793.0,9096,172516,345875100.0,3795.0,128,3793.0,134
rb1805,20170810,20170809,210354000,3793.0,9096,172516,345875100.0,3794.0,10,3793.0,141
rb1805,20170810,20170809,210354500,3794.0,9116,172496,346633900.0,3795.0,123,3794.0,37
rb1805,20170810,20170809,210355000,3795.0,9118,172498,346709800.0,3795.0,122,3794.0,25
rb1805,20170810,20170809,210355500,3795.0,9118,172498,346709800.0,3795.0,121,3794.0,15
rb1805,20170810,20170809,210356000,3794.0,9138,172478,347468600.0,3795.0,124,3794.0,5
rb1805,20170810,20170809,210356500,3795.0,9144,172476,347696260.0,3795.0,123,3794.0,3
rb1805,20170810,20170809,210357000,3794.0,9166,172490,348531140.0,3795.0,113,3794.0,8
rb1805,20170810,20170809,210357500,3795.0,9172,172484,348758840.0,3795.0,107,3794.0,13
rb1805,20170810,20170809,210358000,3794.0,9184,172480,349214220.0,3795.0,102,3794.0,15
rb1805,20170810,20170809,210358500,3795.0,9192,172480,349517820.0,3795.0,98,3794.0,17
rb1805,20170810,20170809,210359000,3794.0,9266,172466,352325700.0,3794.0,80,3793.0,141
rb1805,20170810,20170809,210359500,3794.0,9468,172402,359989700.0,3795.0,76,3794.0,7
rb1805,20170810,20170809,210400000,3794.0,9468,172402,359989700.0,3795.0,79,3794.0,58
rb1805,20170810,20170809,210400500,3794.0,9468,172402,359989700.0,3795.0,79,3794.0,53
rb1805,20170810,20170809,210401000,3794.0,9478,172410,360369100.0,3795.0,80,3794.0,48
rb1805,20170810,20170809,210401500,3794.0,9478,172410,360369100.0,3795.0,81,3794.0,48
rb1805,20170810,20170809,210402000,3795.0,9580,172408,364240000.0,3795.0,30,3794.0,50
rb1805,20170810,20170809,210402500,3795.0,9580,172408,364240000.0,3795.0,30,3794.0,50
rb1805,20170810,20170809,210403000,3795.0,9580,172408,364240000.0,3795.0,35,3794.0,50
rb1805,20170810,20170809,210403500,3794.0,9594,172408,364771200.0,3795.0,33,3794.0,45
rb1805,20170810,20170809,210404000,3794.0,9594,172408,364771200.0,3795.0,43,3794.0,46
rb1805,20170810,20170809,210404500,3794.0,9594,172408,364771200.0,3795.0,43,3794.0,46
rb1805,20170810,20170809,210405000,3794.0,9786,172474,372056680.0,3794.0,5,3793.0,191
rb1805,20170810,20170809,210405500,3795.0,9798,172476,372511980.0,3795.0,2,3793.0,186
rb1805,20170810,20170809,210406000,3795.0,9806,172476,372815520.0,3795.0,10,3794.0,7
rb1805,20170810,20170809,210406500,3794.0,9820,172476,373346680.0,3795.0,10,3794.0,3
rb1805,20170810,20170809,210407000,3795.0,9822,172478,373422580.0,3795.0,9,3794.0,3
rb1805,20170810,20170809,210408000,3795.0,9822,172478,373422580.0,3795.0,9,3794.0,3
rb1805,20170810,20170809,210408500,3795.0,9822,172478,373422580.0,3795.0,9,3794.0,3
rb1805,20170810,20170809,210409000,3794.0,9824,172478,373498460.0,3795.0,13,3794.0,1
rb1805,20170810,20170809,210409500,3795.0,9840,172486,374105580.0,3796.0,76,3795.0,9
rb1805,20170810,20170809,210410000,3795.0,9840,172486,374105580.0,3796.0,76,3795.0,9
rb1805,20170810,20170809,210410500,3795.0,9872,172486,375319860.0,3795.0,2,3794.0,2
rb1805,20170810,20170809,210411000,3795.0,9872,172486,375319860.0,3795.0,2,3794.0,5
rb1805,20170810,20170809,210411500,3795.0,9876,172484,375471660.0,3795.0,1,3794.0,5
rb1805,20170810,20170809,210412000,3795.0,9878,172482,375547560.0,3796.0,81,3795.0,2
rb1805,20170810,20170809,210412500,3795.0,9878,172482,375547560.0,3796.0,81,3794.0,5
rb1805,20170810,20170809,210413000,3795.0,9878,172482,375547560.0,3796.0,78,3794.0,5
rb1805,20170810,20170809,210413500,3796.0,9978,172582,379343560.0,3796.0,28,3794.0,6
rb1805,20170810,20170809,210414000,3796.0,9980,172584,379419480.0,3796.0,27,3794.0,6
rb1805,20170810,20170809,210414500,3796.0,9998,172594,380102600.0,3796.0,22,3794.0,2
rb1805,20170810,20170809,210415000,3796.0,9998,172594,380102600.0,3796.0,19,3795.0,50
rb1805,20170810,20170809,210415500,3796.0,9998,172594,380102600.0,3796.0,28,3795.0,52
rb1805,20170810,20170809,210416000,3795.0,10024,172594,381089300.0,3796.0,28,3795.0,39
rb1805,20170810,20170809,210416500,3795.0,10024,172594,381089300.0,3796.0,28,3795.0,39
rb1805,20170810,20170809,210417000,3795.0,10098,172646,383897600.0,3796.0,36,3795.0,2
rb1805,20170810,20170809,210417500,3794.0,10104,172652,384125280.0,3796.0,39,3793.0,56
rb1805,20170810,20170809,210418000,3794.0,10104,172652,384125280.0,3795.0,6,3793.0,56
rb1805,20170810,20170809,210418500,3795.0,10106,172652,384201180.0,3795.0,10,3793.0,56
rb1805,20170810,20170809,210419000,3795.0,10106,172652,384201180.0,3794.0,2,3793.0,56
rb1805,20170810,20170809,210419500,3793.0,10130,172628,385111700.0,3794.0,5,3793.0,54
rb1805,20170810,20170809,210420000,3793.0,10130,172628,385111700.0,3794.0,2,3793.0,54
rb1805,20170810,20170809,210420500,3793.0,10130,172628,385111700.0,3794.0,10,3793.0,54
rb1805,20170810,20170809,210421000,3795.0,10174,172598,386781260.0,3796.0,31,3795.0,99
rb1805,20170810,20170809,210421500,3795.0,10340,172490,393080960.0,3796.0,34,3795.0,16
rb1805,20170810,20170809,210422000,3793.0,10386,172490,394826380.0,3795.0,12,3793.0,46
rb1805,20170810,20170809,210422500,3793.0,10388,172490,394902240.0,3794.0,2,3793.0,45
rb1805,20170810,20170809,210423000,3793.0,10392,172490,395053960.0,3794.0,8,3793.0,43
rb1805,20170810,20170809,210423500,3794.0,10416,172482,395964520.0,3795.0,10,3794.0,10
rb1805,20170810,20170809,210424000,3794.0,10422,172476,396192160.0,3795.0,10,3794.0,7
rb1805,20170810,20170809,210424500,3794.0,10436,172462,396723320.0,3795.0,11,3793.0,49
rb1805,20170810,20170809,210425000,3794.0,10444,172462,397026840.0,3795.0,11,3794.0,25
rb1805,20170810,20170809,210425500,3794.0,10494,172512,398923840.0,3795.0,12,3793.0,69
rb1805,20170810,20170809,210426000,3795.0,10500,172514,399151500.0,3795.0,11,3793.0,72
rb1805,20170810,20170809,210426500,3795.0,10500,172514,399151500.0,3794.0,22,3793.0,72
rb1805,20170810,20170809,210427000,3794.0,10532,172514,400365280.0,3794.0,22,3793.0,57
rb1805,20170810,20170809,210427500,3793.0,10538,172514,400592880.0,3794.0,21,3793.0,55
rb1805,20170810,20170809,210428500,3794.0,10580,172520,402186360.0,3795.0,31,3794.0,339
rb1805,20170810,20170809,210429000,3794.0,10814,172582,411064320.0,3795.0,31,3794.0,250
rb1805,20170810,20170809,210429500,3794.0,10822,172582,411367840.0,3795.0,31,3794.0,246
rb1805,20170810,20170809,210430000,3794.0,10832,172584,411747240.0,3795.0,31,3794.0,241
rb1805,20170810,20170809,210430500,3794.0,10834,172586,411823120.0,3795.0,31,3794.0,240
rb1805,20170810,20170809,210431000,3794.0,10842,172594,412126640.0,3795.0,32,3794.0,236
rb1805,20170810,20170809,210431500,3794.0,10848,172598,412354280.0,3795.0,32,3794.0,235
rb1805,20170810,20170809,210432000,3794.0,10868,172598,413113080.0,3795.0,32,3794.0,225
rb1805,20170810,20170809,210432500,3794.0,11012,172700,418576840.0,3795.0,11,3794.0,173
rb1805,20170810,20170809,210433000,3794.0,11020,172700,418880360.0,3795.0,11,3794.0,169
rb1805,20170810,20170809,210433500,3794.0,11032,172700,419335640.0,3795.0,17,3794.0,163
rb1805,20170810,20170809,210434000,3794.0,11266,172700,428213600.0,3795.0,17,3794.0,46
rb1805,20170810,20170809,210434500,3794.0,11292,172700,429200180.0,3795.0,10,3794.0,45
rb1805,20170810,20170809,210435000,3794.0,11306,172700,429731340.0,3795.0,10,3794.0,39
rb1805,20170810,20170809,210435500,3794.0,11320,172696,430262600.0,3795.0,5,3794.0,37
rb1805,20170810,20170809,210436000,3794.0,11338,172694,430945620.0,3796.0,30,3794.0,33
rb1805,20170810,20170809,210436500,3794.0,11342,172694,431097380.0,3795.0,1,3794.0,31
rb1805,20170810,20170809,210437000,3796.0,11356,172702,431628800.0,3796.0,24,3794.0,37
rb1805,20170810,20170809,210437500,3796.0,11380,172696,432539840.0,3796.0,5,3795.0,21
rb1805,20170810,20170809,210438000,3795.0,11418,172714,433982220.0,3797.0,7,3795.0,24
rb1805,20170810,20170809,210438500,3795.0,11418,172714,433982220.0,3797.0,7,3795.0,24
rb1805,20170810,20170809,210439000,3795.0,11418,172714,433982220.0,3797.0,7,3795.0,24
rb1805,20170810,20170809,210439500,3795.0,11440,172710,434817400.0,3797.0,3,3796.0,1
rb1805,20170810,20170809,210440000,3797.0,11450,172702,435197100.0,3798.0,10,3797.0,1
rb1805,20170810,20170809,210440500,3797.0,11452,172702,435273040.0,3797.0,1,3796.0,2
rb1805,20170810,20170809,210441000,3797.0,11454,172702,435348980.0,3798.0,10,3797.0,1
rb1805,20170810,20170809,210441500,3797.0,11456,172702,435424920.0,3797.0,1,3796.0,5
rb1805,20170810,20170809,210442000,3797.0,11456,172702,435424920.0,3798.0,10,3796.0,5
rb1805,20170810,20170809,210442500,3797.0,11456,172702,435424920.0,3798.0,10,3797.0,2
rb1805,20170810,20170809,210443000,3797.0,11458,172702,435500860.0,3798.0,10,3797.0,1
rb1805,20170810,20170809,210443500,3797.0,11460,172704,435576800.0,3797.0,13,3796.0,2
rb1805,20170810,20170809,210444000,3797.0,11460,172704,435576800.0,3797.0,12,3796.0,2
rb1805,20170810,20170809,210444500,3796.0,11462,172704,435652720.0,3797.0,12,3796.0,1
rb1805,20170810,20170809,210445000,3796.0,11462,172704,435652720.0,3797.0,13,3796.0,1
rb1805,20170810,20170809,210445500,3796.0,11464,172704,435728640.0,3796.0,1,3795.0,22
rb1805,20170810,20170809,210446000,3796.0,11464,172704,435728640.0,3797.0,13,3796.0,1
rb1805,20170810,20170809,210446500,3797.0,11466,172706,435804580.0,3797.0,12,3795.0,17
rb1805,20170810,20170809,210447000,3797.0,11466,172706,435804580.0,3797.0,12,3796.0,1
rb1805,20170810,20170809,210447500,3796.0,11478,172716,436260200.0,3797.0,7,3795.0,17
rb1805,20170810,20170809,210448000,3797.0,11480,172718,436336140.0,3797.0,11,3795.0,17
rb1805,20170810,20170809,210448500,3797.0,11480,172718,436336140.0,3796.0,6,3795.0,14
rb1805,20170810,20170809,210449000,3796.0,11482,172716,436412060.0,3796.0,5,3795.0,19
rb1805,20170810,20170809,210449500,3795.0,11520,172684,437854160.0,3795.0,1,3794.0,62
rb1805,20170810,20170809,210450000,3794.0,11534,172684,438385320.0,3795.0,2,3794.0,50
rb1805,20170810,20170809,210450500,3794.0,11542,172686,438688840.0,3795.0,2,3794.0,46
rb1805,20170810,20170809,210451000,3794.0,11572,172686,439827040.0,3795.0,1,3794.0,31
rb1805,20170810,20170809,210451500,3794.0,11584,172678,440282380.0,3796.0,9,3794.0,27
rb1805,20170810,20170809,210452000,3794.0,11584,172678,440282380.0,3797.0,14,3795.0,3
rb1805,20170810,20170809,210452500,3794.0,11584,172678,440282380.0,3796.0,4,3795.0,7
rb1805,20170810,20170809,210453000,3794.0,11584,172678,440282380.0,3796.0,4,3795.0,8
rb1805,20170810,20170809,210454000,3794.0,11584,172678,440282380.0,3796.0,4,3795.0,13
rb1805,20170810,20170809,210454500,3796.0,11592,172686,440586060.0,3797.0,14,3796.0,47
rb1805,20170810,20170809,210455000,3796.0,11592,172686,440586060.0,3797.0,14,3796.0,47
rb1805,20170810,20170809,210455500,3796.0,11594,172688,440661980.0,3797.0,14,3796.0,46
rb1805,20170810,20170809,210456000,3796.0,11594,172688,440661980.0,3797.0,9,3796.0,46
rb1805,20170810,20170809,210456500,3796.0,11596,172688,440737900.0,3797.0,13,3796.0,45
rb1805,20170810,20170809,210457000,3796.0,11598,172690,440813820.0,3797.0,13,3796.0,46
rb1805,20170810,20170809,210457500,3796.0,11604,172690,441041580.0,3797.0,13,3796.0,43
rb1805,20170810,20170809,210458000,3796.0,11604,172690,441041580.0,3797.0,13,3796.0,43
rb1805,20170810,20170809,210458500,3796.0,11606,172690,441117500.0,3797.0,13,3796.0,42
rb1805,20170810,20170809,210459000,3796.0,11614,172692,441421200.0,3797.0,22,3796.0,53
rb1805,20170810,20170809,210459500,3796.0,11616,172692,441497120.0,3797.0,22,3796.0,52
rb1805,20170810,20170809,210500500,3796.0,11616,172692,441497120.0,3797.0,27,3796.0,53
rb1805,20170810,20170809,210501000,3797.0,11672,172704,443623240.0,3798.0,19,3797.0,2
rb1805,20170810,20170809,210501500,3797.0,11676,172708,443775120.0,3797.0,2,3796.0,29
rb1805,20170810,20170809,210502000,3796.0,11678,172708,443851040.0,3797.0,12,3796.0,31
rb1805,20170810,20170809,210502500,3796.0,11678,172708,443851040.0,3797.0,1,3796.0,31
rb1805,20170810,20170809,210503000,3797.0,11680,172708,443926980.0,3798.0,13,3796.0,57
rb1805,20170810,20170809,210503500,3797.0,11680,172708,443926980.0,3797.0,16,3796.0,54
rb1805,20170810,20170809,210504000,3797.0,11680,172708,443926980.0,3797.0,5,3796.0,54
rb1805,20170810,20170809,210504500,3796.0,11686,172708,444154740.0,3798.0,18,3796.0,54
rb1805,20170810,20170809,210505000,3797.0,11688,172708,444230680.0,3797.0,1,3796.0,40
rb1805,20170810,20170809,210505500,3797.0,11688,172708,444230680.0,3797.0,1,3796.0,43
rb1805,20170810,20170809,210506000,3797.0,11688,172708,444230680.0,3797.0,1,3796.0,43
rb1805,20170810,20170809,210506500,3797.0,11698,172706,444610380.0,3798.0,18,3797.0,28
rb1805,20170810,20170809,210507000,3797.0,11718,172706,445369780.0,3798.0,16,3797.0,21
rb1805,20170810,20170809,210507500,3797.0,11718,172706,445369780.0,3798.0,16,3797.0,24
rb1805,20170810,20170809,210508000,3797.0,11718,172706,445369780.0,3798.0,16,3797.0,24
rb1805,20170810,20170809,210508500,3797.0,11718,172706,445369780.0,3798.0,16,3797.0,24
rb1805,20170810,20170809,210509000,3797.0,11720,172708,445445720.0,3798.0,16,3797.0,23
rb1805,20170810,20170809,210509500,3798.0,11746,172708,446432980.0,3798.0,14,3797.0,12
rb1805,20170810,20170809,210510000,3798.0,11748,172708,446508940.0,3798.0,17,3797.0,12
rb1805,20170810,20170809,210510500,3798.0,11748,172708,446508940.0,3798.0,17,3797.0,12
rb1805,20170810,20170809,210511000,3798.0,11792,172738,448180040.0,3799.0,15,3798.0,29
rb1805,20170810,20170809,210511500,3797.0,11874,172726,451294180.0,3799.0,16,3797.0,11
rb1805,20170810,20170809,210512000,3797.0,11874,172726,451294180.0,3798.0,1,3797.0,11
rb1805,20170810,20170809,210512500,3797.0,11876,172724,451370120.0,3798.0,11,3797.0,11
rb1805,20170810,20170809,210513000,3798.0,11880,172722,451522020.0,3798.0,18,3797.0,4
rb1805,20170810,20170809,210513500,3798.0,11882,172722,451597980.0,3798.0,16,3797.0,4
rb1805,20170810,20170809,210514000,3798.0,11882,172722,451597980.0,3798.0,26,3797.0,4
rb1805,20170810,20170809,210514500,3797.0,11900,172716,452281360.0,3798.0,33,3797.0,2
rb1805,20170810,20170809,210515000,3797.0,11910,172708,452661060.0,3798.0,26,3797.0,8
rb1805,20170810,20170809,210515500,3796.0,11950,172676,454179800.0,3798.0,26,3797.0,9
rb1805,20170810,20170809,210516000,3797.0,11998,172672,456002320.0,3798.0,44,3797.0,2
rb1805,20170810,20170809,210516500,3797.0,12042,172670,457672760.0,3797.0,24,3796.0,26
rb1805,20170810,20170809,210517000,3797.0,12112,172710,460330080.0,3797.0,17,3795.0,39
rb1805,20170810,20170809,210517500,3795.0,12140,172710,461392680.0,3796.0,10,3795.0,22
rb1805,20170810,20170809,210518000,3795.0,12140,172710,461392680.0,3796.0,18,3795.0,22
rb1805,20170810,20170809,210518500,3795.0,12140,172710,461392680.0,3797.0,10,3795.0,25
rb1805,20170810,20170809,210519000,3795.0,12162,172710,462227580.0,3796.0,13,3795.0,11
rb1805,20170810,20170809,210519500,3795.0,12162,172710,462227580.0,3797.0,10,3795.0,11
rb1805,20170810,20170809,210520000,3795.0,12162,172710,462227580.0,3796.0,1,3795.0,11
rb1805,20170810,20170809,210520500,3795.0,12164,172712,462303480.0,3796.0,7,3795.0,10
rb1805,20170810,20170809,210521000,3795.0,12164,172712,462303480.0,3796.0,28,3795.0,10
rb1805,20170810,20170809,210521500,3795.0,12194,172708,463441980.0,3795.0,24,3794.0,42
rb1805,20170810,20170809,210522000,3794.0,12198,172708,463593740.0,3795.0,21,3794.0,32
rb1805,20170810,20170809,210522500,3794.0,12264,172716,466097800.0,3794.0,2,3793.0,73
rb1805,20170810,20170809,210523000,3793.0,12324,172716,468373600.0,3794.0,12,3793.0,35
rb1805,20170810,20170809,210523500,3793.0,12374,172704,470270100.0,3794.0,12,3793.0,10
rb1805,20170810,20170809,210524000,3793.0,12394,172702,471028700.0,3793.0,2,3792.0,115
rb1805,20170810,20170809,210524500,3793.0,12410,172686,471635580.0,3795.0,19,3793.0,8
rb1805,20170810,20170809,210525000,3793.0,12416,172688,471863160.0,3794.0,2,3793.0,22
rb1805,20170810,20170809,210525500,3793.0,12434,172674,472545900.0,3794.0,13,3793.0,13
rb1805,20170810,20170809,210526000,3793.0,12438,172670,472697620.0,3794.0,9,3793.0,11
rb1805,20170810,20170809,210526500,3793.0,12442,172666,472849340.0,3794.0,26,3793.0,9
rb1805,20170810,20170809,210527000,3793.0,12460,172648,473532080.0,3793.0,2,3792.0,115
rb1805,20170810,20170809,210527500,3792.0,12464,172648,473683760.0,3793.0,1,3792.0,108
rb1805,20170810,20170809,210528000,3792.0,12482,172640,474366340.0,3794.0,16,3792.0,99
rb1805,20170810,20170809,210528500,3792.0,12496,172640,474897320.0,3793.0,9,3792.0,97
rb1805,20170810,20170809,210529000,3792.0,12510,172640,475428200.0,3793.0,11,3792.0,91
rb1805,20170810,20170809,210529500,3792.0,12528,172646,476110780.0,3793.0,112,3792.0,84
rb1805,20170810,20170809,210530000,3792.0,12538,172652,476489980.0,3793.0,110,3792.0,79
rb1805,20170810,20170809,210530500,3792.0,12540,172652,476565820.0,3793.0,110,3792.0,78
rb1805,20170810,20170809,210531000,3792.0,12696,172734,482481340.0,3792.0,3,3791.0,12
rb1805,20170810,20170809,210531500,3792.0,12698,172734,482557180.0,3792.0,8,3791.0,12
rb1805,20170810,20170809,210532000,3792.0,12698,172734,482557180.0,3792.0,12,3791.0,9
rb1805,20170810,20170809,210532500,3792.0,12700,172732,482633020.0,3792.0,12,3791.0,9
rb1805,20170810,20170809,210533000,3792.0,12710,172736,483012220.0,3792.0,9,3791.0,9
rb1805,20170810,20170809,210533500,3791.0,12728,172734,483694600.0,3791.0,2,3790.0,42
rb1805,20170810,20170809,210534000,3791.0,12728,172734,483694600.0,3791.0,15,3790.0,45
rb1805,20170810,20170809,210534500,3791.0,12738,172744,484073700.0,3791.0,113,3790.0,45
rb1805,20170810,20170809,210535000,3791.0,12842,172740,488015460.0,3790.0,1,3789.0,17
rb1805,20170810,20170809,210535500,3791.0,12842,172740,488015460.0,3790.0,1,3789.0,20
rb1805,20170810,20170809,210536000,3790.0,12850,172732,488318660.0,3791.0,120,3790.0,7
rb1805,20170810,20170809,210536500,3790.0,12852,172730,488394460.0,3791.0,116,3790.0,33
rb1805,20170810,20170809,210537000,3790.0,12860,172722,488697660.0,3791.0,108,3790.0,31
rb1805,20170810,20170809,210537500,3790.0,12868,172716,489000860.0,3791.0,114,3790.0,27
rb1805,20170810,20170809,210538000,3790.0,12904,172714,490365540.0,3791.0,100,3790.0,23
rb1805,20170810,20170809,210538500,3791.0,12944,172754,491881940.0,3791.0,80,3790.0,23
rb1805,20170810,20170809,210539000,3790.0,12952,172754,492185200.0,3791.0,77,3790.0,22
rb1805,20170810,20170809,210539500,3790.0,12964,172764,492640100.0,3791.0,66,3790.0,21
rb1805,20170810,20170809,210540000,3791.0,12998,172794,493929040.0,3791.0,49,3790.0,21
rb1805,20170810,20170809,210540500,3790.0,13024,172768,494914440.0,3791.0,57,3790.0,8
rb1805,20170810,20170809,210541000,3790.0,13028,172764,495066040.0,3791.0,57,3790.0,6
rb1805,20170810,20170809,210541500,3790.0,13082,172798,497112640.0,3791.0,66,3790.0,29
rb1805,20170810,20170809,210542000,3790.0,13082,172798,497112640.0,3791.0,66,3790.0,30
rb1805,20170810,20170809,210542500,3791.0,13086,172800,497264260.0,3791.0,56,3790.0,29
rb1805,20170810,20170809,210543000,3791.0,13086,172800,497264260.0,3791.0,56,3790.0,29
rb1805,20170810,20170809,210543500,3790.0,13100,172804,497794860.0,3791.0,56,3790.0,23
rb1805,20170810,20170809,210544000,3790.0,13100,172804,497794860.0,3791.0,56,3790.0,23
rb1805,20170810,20170809,210544500,3791.0,13120,172824,498553060.0,3791.0,46,3790.0,23
rb1805,20170810,20170809,210545000,3791.0,13120,172824,498553060.0,3791.0,46,3790.0,24
rb1805,20170810,20170809,210545500,3790.0,13126,172824,498780460.0,3791.0,45,3790.0,21
rb1805,20170810,20170809,210546000,3790.0,13126,172824,498780460.0,3791.0,42,3790.0,21
rb1805,20170810,20170809,210546500,3790.0,13126,172824,498780460.0,3791.0,42,3790.0,21
rb1805,20170810,20170809,210547000,3790.0,13166,172824,500296460.0,3791.0,42,3790.0,22
rb1805,20170810,20170809,210547500,3791.0,13212,172824,502040320.0,3791.0,11,3790.0,29
rb1805,20170810,20170809,210548000,3791.0,13244,172832,503253440.0,3792.0,8,3791.0,18
rb1805,20170810,20170809,210548500,3791.0,13256,172832,503708360.0,3792.0,6,3790.0,28
rb1805,20170810,20170809,210549000,3791.0,13256,172832,503708360.0,3792.0,3,3791.0,7
rb1805,20170810,20170809,210549500,3791.0,13258,172834,503784180.0,3792.0,3,3791.0,6
rb1805,20170810,20170809,210550000,3791.0,13258,172834,503784180.0,3792.0,3,3791.0,6
rb1805,20170810,20170809,210550500,3791.0,13258,172834,503784180.0,3792.0,8,3791.0,6
rb1805,20170810,20170809,210551000,3791.0,13260,172834,503860000.0,3792.0,8,3791.0,5
rb1805,20170810,20170809,210551500,3791.0,13260,172834,503860000.0,3792.0,11,3791.0,5
rb1805,20170810,20170809,210552000,3792.0,13282,172846,504694240.0,3793.0,110,3792.0,51
rb1805,20170810,20170809,210552500,3792.0,13284,172846,504770080.0,3793.0,111,3792.0,49
rb1805,20170810,20170809,210553000,3792.0,13306,172866,505604320.0,3793.0,111,3792.0,38
rb1805,20170810,20170809,210553500,3792.0,13306,172866,505604320.0,3793.0,106,3792.0,39
rb1805,20170810,20170809,210554000,3792.0,13306,172866,505604320.0,3793.0,106,3792.0,39
rb1805,20170810,20170809,210554500,3793.0,13308,172864,505680180.0,3793.0,105,3792.0,45
rb1805,20170810,20170809,210555000,3793.0,13332,172842,506590500.0,3793.0,93,3792.0,42
rb1805,20170810,20170809,210555500,3793.0,13332,172842,506590500.0,3793.0,93,3792.0,42
rb1805,20170810,20170809,210556000,3793.0,13336,172838,506742220.0,3793.0,91,3792.0,42
rb1805,20170810,20170809,210556500,3793.0,13336,172838,506742220.0,3793.0,91,3792.0,39
rb1805,20170810,20170809,210557000,3793.0,13336,172838,506742220.0,3793.0,90,3792.0,40
rb1805,20170810,20170809,210557500,3792.0,13356,172838,507500620.0,3793.0,90,3792.0,33
rb1805,20170810,20170809,210558000,3792.0,13458,172840,511369460.0,3793.0,40,3792.0,34
rb1805,20170810,20170809,210558500,3793.0,13538,172822,514403860.0,3794.0,12,3793.0,32
rb1805,20170810,20170809,210559000,3793.0,13538,172822,514403860.0,3794.0,44,3793.0,35
rb1805,20170810,20170809,210600000,3793.0,13538,172822,514403860.0,3794.0,44,3793.0,40
rb1805,20170810,20170809,210600500,3793.0,13538,172822,514403860.0,3794.0,44,3793.0,35
rb1805,20170810,20170809,210601000,3793.0,13572,172854,515693480.0,3794.0,57,3793.0,15
rb1805,20170810,20170809,210601500,3792.0,13604,172866,516907220.0,3793.0,27,3792.0,33
rb1805,20170810,20170809,210602000,3792.0,13604,172866,516907220.0,3793.0,26,3792.0,35
rb1805,20170810,20170809,210602500,3792.0,13632,172870,517968980.0,3793.0,38,3792.0,21
rb1805,20170810,20170809,210603000,3792.0,13678,172906,519713300.0,3793.0,37,3791.0,13
rb1805,20170810,20170809,210603500,3792.0,13678,172906,519713300.0,3793.0,37,3791.0,14
rb1805,20170810,20170809,210604000,3792.0,13678,172906,519713300.0,3793.0,31,3791.0,14
rb1805,20170810,20170809,210604500,3792.0,13678,172906,519713300.0,3792.0,1,3791.0,14
rb1805,20170810,20170809,210605000,3792.0,13682,172904,519864980.0,3793.0,26,3792.0,6
rb1805,20170810,20170809,210605500,3792.0,13694,172892,520320020.0,3793.0,28,3791.0,15
rb1805,20170810,20170809,210606000,3792.0,13694,172892,520320020.0,3793.0,28,3792.0,1
rb1805,20170810,20170809,210606500,3792.0,13710,172900,520926740.0,3792.0,2,3791.0,15
rb1805,20170810,20170809,210607000,3792.0,13710,172900,520926740.0,3793.0,43,3791.0,10
rb1805,20170810,20170809,210607500,3792.0,13710,172900,520926740.0,3792.0,2,3791.0,10
rb1805,20170810,20170809,210608000,3791.0,13736,172880,521912400.0,3791.0,87,3790.0,32
rb1805,20170810,20170809,210608500,3791.0,13796,172880,524187000.0,3791.0,57,3790.0,35
rb1805,20170810,20170809,210609000,3791.0,13796,172880,524187000.0,3791.0,57,3790.0,35
rb1805,20170810,20170809,210609500,3791.0,13802,172880,524414460.0,3791.0,62,3790.0,35
rb1805,20170810,20170809,210610000,3791.0,13832,172878,525551560.0,3791.0,57,3790.0,25
rb1805,20170810,20170809,210610500,3790.0,13932,172798,529342360.0,3791.0,67,3790.0,15
rb1805,20170810,20170809,210611000,3791.0,13936,172798,529494000.0,3791.0,60,3790.0,15
rb1805,20170810,20170809,210611500,3791.0,13940,172796,529645620.0,3791.0,59,3790.0,14
rb1805,20170810,20170809,210612000,3790.0,13950,172792,530024620.0,3791.0,59,3790.0,9
rb1805,20170810,20170809,210612500,3790.0,13950,172792,530024620.0,3791.0,66,3790.0,9
rb1805,20170810,20170809,210613000,3790.0,13952,172792,530100420.0,3791.0,66,3790.0,8
rb1805,20170810,20170809,210613500,3791.0,13966,172790,530631140.0,3791.0,63,3790.0,4
rb1805,20170810,20170809,210614000,3791.0,14028,172790,532981520.0,3791.0,34,3790.0,10
rb1805,20170810,20170809,210614500,3790.0,14030,172790,533057320.0,3791.0,44,3790.0,9
rb1805,20170810,20170809,210615000,3791.0,14042,172792,533512140.0,3791.0,43,3790.0,4
rb1805,20170810,20170809,210615500,3790.0,14050,172800,533815340.0,3790.0,2,3789.0,96
rb1805,20170810,20170809,210616000,3790.0,14052,172800,533891140.0,3791.0,50,3790.0,13
rb1805,20170810,20170809,210616500,3790.0,14052,172800,533891140.0,3791.0,50,3790.0,10
rb1805,20170810,20170809,210617000,3791.0,14054,172800,533966960.0,3791.0,47,3790.0,10
rb1805,20170810,20170809,210617500,3790.0,14058,172804,534118560.0,3791.0,47,3790.0,8
rb1805,20170810,20170809,210618000,3789.0,14134,172856,536998360.0,3790.0,4,3789.0,66
rb1805,20170810,20170809,210618500,3789.0,14136,172856,537074140.0,3790.0,15,3789.0,65
rb1805,20170810,20170809,210619000,3789.0,14136,172856,537074140.0,3790.0,21,3789.0,65
rb1805,20170810,20170809,210619500,3790.0,14138,172856,537149940.0,3790.0,21,3789.0,65
rb1805,20170810,20170809,210620500,3790.0,14138,172856,537149940.0,3790.0,15,3789.0,65
rb1805,20170810,20170809,210621000,3789.0,14188,172816,539044860.0,3790.0,1,3789.0,61
rb1805,20170810,20170809,210621500,3790.0,14190,172816,539120660.0,3791.0,48,3790.0,11
rb1805,20170810,20170809,210622000,3790.0,14196,172816,539348060.0,3791.0,37,3790.0,6
rb1805,20170810,20170809,210622500,3790.0,14196,172816,539348060.0,3791.0,37,3790.0,6
rb1805,20170810,20170809,210623000,3790.0,14210,172810,539878660.0,3791.0,37,3790.0,1
rb1805,20170810,20170809,210623500,3789.0,14214,172812,540030240.0,3790.0,6,3789.0,69
rb1805,20170810,20170809,210624000,3790.0,14226,172800,540485040.0,3791.0,37,3790.0,3
rb1805,20170810,20170809,210624500,3790.0,14226,172800,540485040.0,3791.0,37,3790.0,3
rb1805,20170810,20170809,210625000,3790.0,14226,172800,540485040.0,3791.0,37,3789.0,64
rb1805,20170810,20170809,210625500,3791.0,14234,172792,540788320.0,3791.0,33,3790.0,4
rb1805,20170810,20170809,210626000,3790.0,14242,172784,541091520.0,3790.0,4,3789.0,70
rb1805,20170810,20170809,210626500,3790.0,14250,172784,541394720.0,3791.0,33,3790.0,20
rb1805,20170810,20170809,210627000,3791.0,14266,172784,542001280.0,3791.0,25,3790.0,18
rb1805,20170810,20170809,210627500,3790.0,14304,172766,543441660.0,3790.0,191,3789.0,75
rb1805,20170810,20170809,210628000,3790.0,14414,172686,547610660.0,3790.0,137,3789.0,76
rb1805,20170810,20170809,210628500,3790.0,14502,172686,550945860.0,3790.0,93,3789.0,76
rb1805,20170810,20170809,210629000,3790.0,14502,172686,550945860.0,3790.0,113,3789.0,76
rb1805,20170810,20170809,210629500,3790.0,14504,172686,551021660.0,3790.0,112,3789.0,76
rb1805,20170810,20170809,210630000,3790.0,14722,172610,559283860.0,3790.0,3,3789.0,76
rb1805,20170810,20170809,210630500,3790.0,14728,172612,559511260.0,3791.0,16,3789.0,75
rb1805,20170810,20170809,210631000,3790.0,14728,172612,559511260.0,3791.0,16,3789.0,75
rb1805,20170810,20170809,210631500,3790.0,14728,172612,559511260.0,3791.0,16,3790.0,5
rb1805,20170810,20170809,210632000,3790.0,14728,172612,559511260.0,3791.0,16,3790.0,5
rb1805,20170810,20170809,210632500,3790.0,14728,172612,559511260.0,3791.0,16,3790.0,5
rb1805,20170810,20170809,210633000,3790.0,14732,172616,559662860.0,3791.0,16,3790.0,3
rb1805,20170810,20170809,210633500,3790.0,14732,172616,559662860.0,3791.0,19,3790.0,3
rb1805,20170810,20170809,210634000,3790.0,14732,172616,559662860.0,3791.0,19,3790.0,3
rb1805,20170810,20170809,210634500,3790.0,14732,172616,559662860.0,3791.0,19,3790.0,3
rb1805,20170810,20170809,210635000,3790.0,14734,172616,559738660.0,3791.0,19,3790.0,2
rb1805,20170810,20170809,210635500,3790.0,14734,172616,559738660.0,3791.0,19,3790.0,3
rb1805,20170810,20170809,210636000,3790.0,14736,172616,559814460.0,3791.0,19,3790.0,2
rb1805,20170810,20170809,210636500,3790.0,14736,172616,559814460.0,3791.0,19,3790.0,2
rb1805,20170810,20170809,210637000,3791.0,14738,172616,559890280.0,3791.0,18,3790.0,4
rb1805,20170810,20170809,210637500,3790.0,14740,172618,559966080.0,3791.0,15,3790.0,8
rb1805,20170810,20170809,210638000,3790.0,14740,172618,559966080.0,3791.0,15,3790.0,9
rb1805,20170810,20170809,210638500,3791.0,14742,172616,560041900.0,3791.0,14,3790.0,10
rb1805,20170810,20170809,210639000,3791.0,14746,172616,560193540.0,3791.0,13,3790.0,10
rb1805,20170810,20170809,210639500,3790.0,14750,172618,560345140.0,3791.0,13,3790.0,8
rb1805,20170810,20170809,210640000,3791.0,14752,172618,560420960.0,3791.0,12,3790.0,13
rb1805,20170810,20170809,210640500,3791.0,14776,172608,561330800.0,3793.0,12,3790.0,13
rb1805,20170810,20170809,210641000,3791.0,14776,172608,561330800.0,3793.0,9,3790.0,13
rb1805,20170810,20170809,210641500,3791.0,14776,172608,561330800.0,3793.0,9,3791.0,2
rb1805,20170810,20170809,210642000,3791.0,14778,172608,561406620.0,3793.0,9,3791.0,1
rb1805,20170810,20170809,210642500,3791.0,14778,172608,561406620.0,3793.0,12,3791.0,1
rb1805,20170810,20170809,210643000,3791.0,14778,172608,561406620.0,3793.0,12,3791.0,2
rb1805,20170810,20170809,210644000,3791.0,14778,172608,561406620.0,3793.0,12,3791.0,2
rb1805,20170810,20170809,210644500,3791.0,14778,172608,561406620.0,3793.0,12,3791.0,3
rb1805,20170810,20170809,210645000,3793.0,14780,172608,561482480.0,3793.0,11,3791.0,3
rb1805,20170810,20170809,210645500,3793.0,14780,172608,561482480.0,3793.0,8,3791.0,3
rb1805,20170810,20170809,210646500,3793.0,14780,172608,561482480.0,3793.0,8,3791.0,2
rb1805,20170810,20170809,210647000,3793.0,14780,172608,561482480.0,3792.0,14,3791.0,2
rb1805,20170810,20170809,210647500,3791.0,14782,172608,561558300.0,3792.0,17,3791.0,1
rb1805,20170810,20170809,210648000,3791.0,14784,172606,561634120.0,3791.0,28,3790.0,16
rb1805,20170810,20170809,210648500,3791.0,14786,172604,561709940.0,3791.0,27,3790.0,11
rb1805,20170810,20170809,210649500,3791.0,14786,172604,561709940.0,3791.0,27,3790.0,11
rb1805,20170810,20170809,210650000,3790.0,14808,172620,562543740.0,3791.0,34,3789.0,74
rb1805,20170810,20170809,210650500,3791.0,14814,172620,562771200.0,3791.0,31,3789.0,71
rb1805,20170810,20170809,210651000,3791.0,14814,172620,562771200.0,3791.0,31,3789.0,71
rb1805,20170810,20170809,210652000,3791.0,14828,172608,563301940.0,3791.0,28,3790.0,1
rb1805,20170810,20170809,210652500,3790.0,14830,172608,563377740.0,3790.0,1,3789.0,62
rb1805,20170810,20170809,210653000,3790.0,14830,172608,563377740.0,3790.0,1,3789.0,62
rb1805,20170810,20170809,210653500,3790.0,14830,172608,563377740.0,3791.0,20,3789.0,66
rb1805,20170810,20170809,210654000,3790.0,14830,172608,563377740.0,3791.0,23,3789.0,71
rb1805,20170810,20170809,210654500,3790.0,14830,172608,563377740.0,3791.0,20,3790.0,1
rb1805,20170810,20170809,210655000,3790.0,14830,172608,563377740.0,3791.0,20,3790.0,1
rb1805,20170810,20170809,210655500,3790.0,14830,172608,563377740.0,3791.0,20,3790.0,1
rb1805,20170810,20170809,210656000,3789.0,14912,172646,566485300.0,3791.0,9,3789.0,52
rb1805,20170810,20170809,210656500,3789.0,14912,172646,566485300.0,3791.0,6,3790.0,7
rb1805,20170810,20170809,210657000,3791.0,14914,172644,566561120.0,3791.0,5,3790.0,6
rb1805,20170810,20170809,210657500,3789.0,14954,172684,568076840.0,3791.0,8,3789.0,40
rb1805,20170810,20170809,210658000,3791.0,14956,172682,568152660.0,3791.0,7,3789.0,39
rb1805,20170810,20170809,210658500,3791.0,14958,172680,568228480.0,3790.0,2,3789.0,39
rb1805,20170810,20170809,210659000,3790.0,14960,172680,568304280.0,3790.0,1,3789.0,39
rb1805,20170810,20170809,210659500,3791.0,14964,172678,568455900.0,3791.0,3,3789.0,39
rb1805,20170810,20170809,210700000,3791.0,14964,172678,568455900.0,3791.0,4,3790.0,1
rb1805,20170810,20170809,210700500,3791.0,14964,172678,568455900.0,3791.0,27,3790.0,2
rb1805,20170810,20170809,210701000,3790.0,14966,172676,568531700.0,3791.0,27,3790.0,1
rb1805,20170810,20170809,210701500,3790.0,14968,172674,568607500.0,3790.0,1,3789.0,36
rb1805,20170810,20170809,210702000,3790.0,14978,172674,568986500.0,3790.0,16,3789.0,36
rb1805,20170810,20170809,210702500,3790.0,14978,172674,568986500.0,3790.0,10,3789.0,36
rb1805,20170810,20170809,210703000,3790.0,14984,172676,569213900.0,3790.0,4,3789.0,36
rb1805,20170810,20170809,210703500,3790.0,14984,172676,569213900.0,3790.0,4,3789.0,39
rb1805,20170810,20170809,210704000,3790.0,14988,172678,569365500.0,3790.0,2,3789.0,39
rb1805,20170810,20170809,210704500,3790.0,14990,172680,569441300.0,3790.0,1,3789.0,39
rb1805,20170810,20170809,210705000,3790.0,14990,172680,569441300.0,3790.0,1,3789.0,39
rb1805,20170810,20170809,210705500,3790.0,14990,172680,569441300.0,3790.0,1,3789.0,39
rb1805,20170810,20170809,210706000,3790.0,14992,172682,569517100.0,3791.0,12,3789.0,40
rb1805,20170810,20170809,210706500,3790.0,14992,172682,569517100.0,3791.0,23,3789.0,40
rb1805,20170810,20170809,210707000,3790.0,14992,172682,569517100.0,3791.0,32,3789.0,35
rb1805,20170810,20170809,210707500,3790.0,14992,172682,569517100.0,3790.0,2,3789.0,40
rb1805,20170810,20170809,210708000,3790.0,14992,172682,569517100.0,3790.0,2,3789.0,40
rb1805,20170810,20170809,210708500,3790.0,14992,172682,569517100.0,3790.0,18,3789.0,40
rb1805,20170810,20170809,210709000,3790.0,14992,172682,569517100.0,3790.0,23,3789.0,41
rb1805,20170810,20170809,210709500,3789.0,15028,172718,570881140.0,3790.0,7,3789.0,23
rb1805,20170810,20170809,210710000,3789.0,15068,172738,572396740.0,3790.0,12,3789.0,2
rb1805,20170810,20170809,210710500,3789.0,15074,172738,572624080.0,3790.0,12,3788.0,99
rb1805,20170810,20170809,210711000,3789.0,15074,172738,572624080.0,3790.0,12,3788.0,97
rb1805,20170810,20170809,210711500,3789.0,15074,172738,572624080.0,3790.0,12,3789.0,2
rb1805,20170810,20170809,210712000,3789.0,15080,172742,572851420.0,3790.0,7,3788.0,103
rb1805,20170810,20170809,210712500,3790.0,15082,172740,572927220.0,3790.0,6,3788.0,104
rb1805,20170810,20170809,210713000,3790.0,15094,172736,573382020.0,3791.0,7,3790.0,5
rb1805,20170810,20170809,210713500,3790.0,15104,172736,573761020.0,3791.0,7,3789.0,3
rb1805,20170810,20170809,210714000,3790.0,15104,172736,573761020.0,3791.0,7,3788.0,104
rb1805,20170810,20170809,210714500,3790.0,15104,172736,573761020.0,3791.0,23,3789.0,5
rb1805,20170810,20170809,210715000,3790.0,15104,172736,573761020.0,3791.0,23,3789.0,3
rb1805,20170810,20170809,210715500,3790.0,15104,172736,573761020.0,3791.0,23,3789.0,3
rb1805,20170810,20170809,210716000,3790.0,15104,172736,573761020.0,3791.0,7,3789.0,3
rb1805,20170810,20170809,210716500,3790.0,15106,172734,573836820.0,3791.0,12,3789.0,9
rb1805,20170810,20170809,210717000,3790.0,15106,172734,573836820.0,3791.0,12,3789.0,8
rb1805,20170810,20170809,210717500,3790.0,15106,172734,573836820.0,3791.0,12,3789.0,8
rb1805,20170810,20170809,210718000,3790.0,15106,172734,573836820.0,3791.0,12,3789.0,8
rb1805,20170810,20170809,210718500,3790.0,15106,172734,573836820.0,3791.0,12,3789.0,9
rb1805,20170810,20170809,210719000,3790.0,15106,172734,573836820.0,3791.0,12,3789.0,11
rb1805,20170810,20170809,210719500,3790.0,15106,172734,573836820.0,3791.0,7,3789.0,11
rb1805,20170810,20170809,210720000,3790.0,15106,172734,573836820.0,3791.0,23,3789.0,11
rb1805,20170810,20170809,210720500,3790.0,15116,172734,574215820.0,3791.0,7,3789.0,5
rb1805,20170810,20170809,210721500,3790.0,15116,172734,574215820.0,3791.0,7,3789.0,5
rb1805,20170810,20170809,210722000,3790.0,15116,172734,574215820.0,3791.0,12,3789.0,5
rb1805,20170810,20170809,210722500,3790.0,15116,172734,574215820.0,3791.0,12,3789.0,5
rb1805,20170810,20170809,210723000,3789.0,15118,172736,574291600.0,3791.0,12,3789.0,4
rb1805,20170810,20170809,210723500,3789.0,15118,172736,574291600.0,3791.0,12,3789.0,4
rb1805,20170810,20170809,210724500,3789.0,15118,172736,574291600.0,3791.0,7,3789.0,11
rb1805,20170810,20170809,210725000,3791.0,15126,172732,574594880.0,3792.0,4,3790.0,2
rb1805,20170810,20170809,210725500,3790.0,15128,172734,574670680.0,3792.0,4,3790.0,2
rb1805,20170810,20170809,210726000,3790.0,15128,172734,574670680.0,3792.0,14,3790.0,2
rb1805,20170810,20170809,210726500,3790.0,15128,172734,574670680.0,3792.0,14,3790.0,8
rb1805,20170810,20170809,210727000,3790.0,15128,172734,574670680.0,3792.0,14,3791.0,1
rb1805,20170810,20170809,210727500,3792.0,15132,172738,574822360.0,3792.0,12,3791.0,4
rb1805,20170810,20170809,210728000,3792.0,15132,172738,574822360.0,3792.0,12,3791.0,2
rb1805,20170810,20170809,210728500,3792.0,15154,172722,575656580.0,3792.0,2,3791.0,1
rb1805,20170810,20170809,210729000,3792.0,15154,172722,575656580.0,3792.0,7,3791.0,1
rb1805,20170810,20170809,210729500,3792.0,15154,172722,575656580.0,3792.0,7,3791.0,1
rb1805,20170810,20170809,210730000,3792.0,15156,172720,575732420.0,3792.0,6,3791.0,1
rb1805,20170810,20170809,210730500,3792.0,15156,172720,575732420.0,3792.0,6,3791.0,1
rb1805,20170810,20170809,210731000,3791.0,15170,172720,576263280.0,3793.0,14,3791.0,6
rb1805,20170810,20170809,210731500,3791.0,15170,172720,576263280.0,3793.0,30,3791.0,6
rb1805,20170810,20170809,210732000,3791.0,15170,172720,576263280.0,3793.0,15,3791.0,6
rb1805,20170810,20170809,210732500,3791.0,15170,172720,576263280.0,3793.0,15,3791.0,6
rb1805,20170810,20170809,210733000,3791.0,15180,172710,576642380.0,3793.0,11,3792.0,45
rb1805,20170810,20170809,210733500,3793.0,15184,172712,576794100.0,3793.0,9,3792.0,45
rb1805,20170810,20170809,210734000,3793.0,15188,172714,576945820.0,3793.0,7,3792.0,50
rb1805,20170810,20170809,210734500,3793.0,15202,172726,577476840.0,3794.0,50,3793.0,1
rb1805,20170810,20170809,210735000,3793.0,15202,172726,577476840.0,3794.0,45,3793.0,1
rb1805,20170810,20170809,210735500,3793.0,15202,172726,577476840.0,3794.0,45,3793.0,1
rb1805,20170810,20170809,210736000,3794.0,15212,172734,577856240.0,3794.0,40,3793.0,14
rb1805,20170810,20170809,210736500,3794.0,15224,172734,578311520.0,3794.0,34,3793.0,20
rb1805,20170810,20170809,210737000,3794.0,15234,172732,578690920.0,3794.0,29,3793.0,20
rb1805,20170810,20170809,210737500,3794.0,15238,172730,578842680.0,3794.0,27,3793.0,14
rb1805,20170810,20170809,210738000,3794.0,15274,172720,580208520.0,3795.0,1,3793.0,25
rb1805,20170810,20170809,210738500,3794.0,15274,172720,580208520.0,3795.0,7,3793.0,25
rb1805,20170810,20170809,210739000,3793.0,15276,172718,580284380.0,3795.0,11,3793.0,13
rb1805,20170810,20170809,210739500,3795.0,15280,172714,580436180.0,3795.0,9,3793.0,13
rb1805,20170810,20170809,210740000,3795.0,15280,172714,580436180.0,3795.0,10,3793.0,13
rb1805,20170810,20170809,210741000,3795.0,15300,172698,581195180.0,3796.0,9,3795.0,31
rb1805,20170810,20170809,210741500,3795.0,15362,172688,583548080.0,3795.0,16,3793.0,14
rb1805,20170810,20170809,210742000,3795.0,15362,172688,583548080.0,3795.0,16,3793.0,14
rb1805,20170810,20170809,210742500,3795.0,15394,172688,584762480.0,3796.0,12,3795.0,5
rb1805,20170810,20170809,210743000,3796.0,15396,172688,584838400.0,3796.0,27,3795.0,8
rb1805,20170810,20170809,210743500,3795.0,15412,172682,585445600.0,3796.0,32,3793.0,20
rb1805,20170810,20170809,210744000,3795.0,15412,172682,585445600.0,3795.0,6,3793.0,23
rb1805,20170810,20170809,210744500,3795.0,15414,172684,585521500.0,3795.0,5,3793.0,23
rb1805,20170810,20170809,210745000,3795.0,15420,172688,585749160.0,3795.0,5,3793.0,22
rb1805,20170810,20170809,210745500,3795.0,15420,172688,585749160.0,3795.0,5,3793.0,22
rb1805,20170810,20170809,210746500,3795.0,15420,172688,585749160.0,3795.0,5,3793.0,22
rb1805,20170810,20170809,210747000,3795.0,15420,172688,585749160.0,3795.0,5,3793.0,22
rb1805,20170810,20170809,210748000,3795.0,15420,172688,585749160.0,3795.0,6,3793.0,22
rb1805,20170810,20170809,210748500,3795.0,15422,172690,585825060.0,3795.0,2,3794.0,3
rb1805,20170810,20170809,210749500,3795.0,15422,172690,585825060.0,3795.0,2,3794.0,4
rb1805,20170810,20170809,210750000,3795.0,15422,172690,585825060.0,3795.0,2,3794.0,4
rb1805,20170810,20170809,210751000,3794.0,15428,172692,586052700.0,3795.0,6,3793.0,22
rb1805,20170810,20170809,210751500,3795.0,15438,172694,586432200.0,3795.0,1,3793.0,22
rb1805,20170810,20170809,210752000,3792.0,15504,172696,588935540.0,3795.0,1,3792.0,43
rb1805,20170810,20170809,210752500,3794.0,15506,172698,589011420.0,3794.0,1,3793.0,3
rb1805,20170810,20170809,210753000,3794.0,15506,172698,589011420.0,3794.0,6,3793.0,6
rb1805,20170810,20170809,210753500,3794.0,15506,172698,589011420.0,3794.0,6,3793.0,3
rb1805,20170810,20170809,210754000,3793.0,15510,172702,589163140.0,3794.0,6,3792.0,49
rb1805,20170810,20170809,210754500,3793.0,15510,172702,589163140.0,3794.0,1,3793.0,3
rb1805,20170810,20170809,210755000,3793.0,15510,172702,589163140.0,3794.0,1,3793.0,7
rb1805,20170810,20170809,210755500,3794.0,15516,172702,589390780.0,3795.0,8,3794.0,23
rb1805,20170810,20170809,210756000,3794.0,15516,172702,589390780.0,3795.0,2,3794.0,23
rb1805,20170810,20170809,210756500,3794.0,15520,172702,589542540.0,3795.0,2,3794.0,24
rb1805,20170810,20170809,210757000,3794.0,15520,172702,589542540.0,3795.0,2,3794.0,24
rb1805,20170810,20170809,210757500,3794.0,15524,172702,589694300.0,3795.0,3,3794.0,22
rb1805,20170810,20170809,210758000,3794.0,15528,172702,589846060.0,3795.0,3,3794.0,20
rb1805,20170810,20170809,210758500,3792.0,15588,172704,592122140.0,3794.0,2,3792.0,43
rb1805,20170810,20170809,210759000,3793.0,15636,172714,593942820.0,3795.0,6,3793.0,1
rb1805,20170810,20170809,210759500,3793.0,15636,172714,593942820.0,3795.0,6,3792.0,44
rb1805,20170810,20170809,210800000,3793.0,15636,172714,593942820.0,3794.0,2,3793.0,8
rb1805,20170810,20170809,210800500,3794.0,15642,172714,594170460.0,3795.0,5,3794.0,1
rb1805,20170810,20170809,210801000,3794.0,15644,172712,594246340.0,3794.0,3,3793.0,2
rb1805,20170810,20170809,210801500,3794.0,15648,172708,594398100.0,3795.0,8,3793.0,4
rb1805,20170810,20170809,210802000,3794.0,15654,172712,594625700.0,3794.0,2,3793.0,2
rb1805,20170810,20170809,210802500,3794.0,15654,172712,594625700.0,3795.0,6,3793.0,2
rb1805,20170810,20170809,210803000,3794.0,15654,172712,594625700.0,3795.0,6,3793.0,7
rb1805,20170810,20170809,210803500,3795.0,15668,172720,595157000.0,3796.0,20,3795.0,2
rb1805,20170810,20170809,210804000,3795.0,15672,172720,595308800.0,3794.0,2,3793.0,9
rb1805,20170810,20170809,210804500,3794.0,15680,172716,595612320.0,3795.0,14,3793.0,8
rb1805,20170810,20170809,210805000,3793.0,15688,172724,595915760.0,3795.0,12,3793.0,4
rb1805,20170810,20170809,210805500,3793.0,15688,172724,595915760.0,3795.0,12,3793.0,4
rb1805,20170810,20170809,210806000,3795.0,15690,172726,595991660.0,3795.0,18,3793.0,8
rb1805,20170810,20170809,210806500,3795.0,15690,172726,595991660.0,3795.0,8,3793.0,20
rb1805,20170810,20170809,210807000,3795.0,15690,172726,595991660.0,3795.0,9,3794.0,3
rb1805,20170810,20170809,210807500,3795.0,15690,172726,595991660.0,3795.0,9,3794.0,3
rb1805,20170810,20170809,210808000,3795.0,15690,172726,595991660.0,3795.0,9,3794.0,8
rb1805,20170810,20170809,210808500,3795.0,15690,172726,595991660.0,3795.0,9,3794.0,8
rb1805,20170810,20170809,210809000,3795.0,15692,172724,596067560.0,3795.0,8,3794.0,8
rb1805,20170810,20170809,210809500,3795.0,15708,172710,596674760.0,3796.0,20,3794.0,8
rb1805,20170810,20170809,210810000,3795.0,15708,172710,596674760.0,3796.0,17,3794.0,8
rb1805,20170810,20170809,210810500,3794.0,15710,172708,596750640.0,3795.0,1,3794.0,7
rb1805,20170810,20170809,210811000,3795.0,15712,172708,596826540.0,3796.0,17,3795.0,3
rb1805,20170810,20170809,210811500,3795.0,15712,172708,596826540.0,3796.0,17,3795.0,1
rb1805,20170810,20170809,210812000,3796.0,15714,172710,596902460.0,3796.0,16,3795.0,1
rb1805,20170810,20170809,210812500,3796.0,15714,172710,596902460.0,3796.0,16,3794.0,7
rb1805,20170810,20170809,210813000,3796.0,15714,172710,596902460.0,3796.0,21,3794.0,2
rb1805,20170810,20170809,210813500,3796.0,15714,172710,596902460.0,3795.0,2,3794.0,11
rb1805,20170810,20170809,210814000,3794.0,15718,172710,597054220.0,3795.0,2,3794.0,9
rb1805,20170810,20170809,210814500,3794.0,15718,172710,597054220.0,3795.0,3,3794.0,12
rb1805,20170810,20170809,210815000,3795.0,15724,172716,597281920.0,3796.0,22,3794.0,12
rb1805,20170810,20170809,210815500,3794.0,15732,172720,597585440.0,3796.0,20,3795.0,1
rb1805,20170810,20170809,210816000,3794.0,15732,172720,597585440.0,3796.0,20,3795.0,14
rb1805,20170810,20170809,210817000,3794.0,15732,172720,597585440.0,3796.0,17,3795.0,15
rb1805,20170810,20170809,210817500,3795.0,15736,172724,597737240.0,3796.0,14,3795.0,23
rb1805,20170810,20170809,210818500,3795.0,15736,172724,597737240.0,3796.0,14,3795.0,24
rb1805,20170810,20170809,210819000,3792.0,15858,172826,602365960.0,3796.0,13,3794.0,1
rb1805,20170810,20170809,210819500,3792.0,15858,172826,602365960.0,3796.0,13,3794.0,4
rb1805,20170810,20170809,210820000,3792.0,15858,172826,602365960.0,3796.0,13,3794.0,4
rb1805,20170810,20170809,210820500,3792.0,15858,172826,602365960.0,3796.0,13,3794.0,4
rb1805,20170810,20170809,210821000,3792.0,15858,172826,602365960.0,3796.0,13,3795.0,1
rb1805,20170810,20170809,210821500,3792.0,15858,172826,602365960.0,3796.0,13,3795.0,1
rb1805,20170810,20170809,210822000,3795.0,15860,172828,602441860.0,3796.0,13,3794.0,11
rb1805,20170810,20170809,210822500,3794.0,15864,172826,602593660.0,3796.0,12,3794.0,10
rb1805,20170810,20170809,210823000,3796.0,15878,172838,603125100.0,3795.0,1,3794.0,10
rb1805,20170810,20170809,210823500,3795.0,15880,172838,603201000.0,3796.0,5,3795.0,2
rb1805,20170810,20170809,210824000,3795.0,15880,172838,603201000.0,3796.0,5,3794.0,10
rb1805,20170810,20170809,210824500,3795.0,15880,172838,603201000.0,3796.0,5,3794.0,10
rb1805,20170810,20170809,210825000,3795.0,15880,172838,603201000.0,3796.0,10,3794.0,10
rb1805,20170810,20170809,210825500,3795.0,15880,172838,603201000.0,3796.0,10,3794.0,11
rb1805,20170810,20170809,210826500,3795.0,15880,172838,603201000.0,3796.0,5,3794.0,14
rb1805,20170810,20170809,210827000,3795.0,15880,172838,603201000.0,3796.0,6,3794.0,15
rb1805,20170810,20170809,210827500,3795.0,15880,172838,603201000.0,3796.0,6,3794.0,15
rb1805,20170810,20170809,210828000,3796.0,15882,172836,603276920.0,3796.0,5,3794.0,16
rb1805,20170810,20170809,210828500,3796.0,15890,172836,603580600.0,3796.0,1,3794.0,16
rb1805,20170810,20170809,210829000,3796.0,15890,172836,603580600.0,3796.0,1,3795.0,1
rb1805,20170810,20170809,210829500,3796.0,15890,172836,603580600.0,3796.0,1,3795.0,1
rb1805,20170810,20170809,210830000,3796.0,15890,172836,603580600.0,3796.0,1,3795.0,7
rb1805,20170810,20170809,210831000,3796.0,15890,172836,603580600.0,3796.0,1,3795.0,7
rb1805,20170810,20170809,210831500,3795.0,15898,172844,603884200.0,3796.0,1,3794.0,12
rb1805,20170810,20170809,210832000,3795.0,15898,172844,603884200.0,3796.0,6,3794.0,4
rb1805,20170810,20170809,210832500,3795.0,15898,172844,603884200.0,3796.0,6,3794.0,6
rb1805,20170810,20170809,210833000,3795.0,15898,172844,603884200.0,3796.0,6,3794.0,7
rb1805,20170810,20170809,210833500,3795.0,15898,172844,603884200.0,3796.0,6,3794.0,12
rb1805,20170810,20170809,210834000,3796.0,15902,172848,604036040.0,3796.0,4,3794.0,12
rb1805,20170810,20170809,210834500,3796.0,15904,172848,604111960.0,3796.0,3,3794.0,12
rb1805,20170810,20170809,210835000,3796.0,15906,172848,604187880.0,3796.0,2,3794.0,12
rb1805,20170810,20170809,210835500,3796.0,15906,172848,604187880.0,3796.0,2,3794.0,12
rb1805,20170810,20170809,210836500,3796.0,15906,172848,604187880.0,3796.0,2,3794.0,12
rb1805,20170810,20170809,210837000,3796.0,15910,172850,604339720.0,3797.0,16,3796.0,2
rb1805,20170810,20170809,210837500,3797.0,15914,172848,604491600.0,3797.0,11,3796.0,3
rb1805,20170810,20170809,210838000,3797.0,15914,172848,604491600.0,3797.0,11,3796.0,4
rb1805,20170810,20170809,210838500,3797.0,15914,172848,604491600.0,3797.0,11,3796.0,4
rb1805,20170810,20170809,210839000,3796.0,15918,172850,604643440.0,3797.0,11,3796.0,2
rb1805,20170810,20170809,210839500,3796.0,15920,172850,604719360.0,3797.0,11,3796.0,1
rb1805,20170810,20170809,210840000,3796.0,15922,172848,604795280.0,3796.0,1,3795.0,2
rb1805,20170810,20170809,210840500,3796.0,15924,172846,604871200.0,3797.0,11,3796.0,1
rb1805,20170810,20170809,210841000,3796.0,15924,172846,604871200.0,3797.0,11,3796.0,1
rb1805,20170810,20170809,210841500,3796.0,15926,172848,604947120.0,3796.0,5,3795.0,2
rb1805,20170810,20170809,210842000,3796.0,15926,172848,604947120.0,3796.0,7,3795.0,2
rb1805,20170810,20170809,210842500,3795.0,15952,172870,605934100.0,3797.0,13,3795.0,2
rb1805,20170810,20170809,210843000,3797.0,15954,172872,606010040.0,3797.0,12,3796.0,1
rb1805,20170810,20170809,210843500,3797.0,15954,172872,606010040.0,3797.0,12,3795.0,2
rb1805,20170810,20170809,210844500,3797.0,15964,172880,606389740.0,3797.0,7,3795.0,2
rb1805,20170810,20170809,210845000,3797.0,15966,172882,606465680.0,3797.0,6,3795.0,3
rb1805,20170810,20170809,210846000,3797.0,15966,172882,606465680.0,3796.0,2,3795.0,3
rb1805,20170810,20170809,210846500,3797.0,15966,172882,606465680.0,3796.0,2,3795.0,3
rb1805,20170810,20170809,210847000,3797.0,15966,172882,606465680.0,3796.0,2,3795.0,3
rb1805,20170810,20170809,210847500,3797.0,15966,172882,606465680.0,3796.0,2,3795.0,1
rb1805,20170810,20170809,210848000,3795.0,15968,172884,606541580.0,3795.0,1,3794.0,9
rb1805,20170810,20170809,210848500,3794.0,15976,172890,606845100.0,3795.0,1,3794.0,4
rb1805,20170810,20170809,210849000,3795.0,15978,172892,606921000.0,3796.0,3,3793.0,1
rb1805,20170810,20170809,210849500,3795.0,15980,172892,606996900.0,3795.0,7,3793.0,1
rb1805,20170810,20170809,210850000,3795.0,15980,172892,606996900.0,3795.0,9,3793.0,1
rb1805,20170810,20170809,210850500,3795.0,15982,172894,607072800.0,3795.0,13,3793.0,1
rb1805,20170810,20170809,210851500,3795.0,15982,172894,607072800.0,3794.0,2,3793.0,1
rb1805,20170810,20170809,210852000,3795.0,15986,172896,607224600.0,3795.0,13,3793.0,1
rb1805,20170810,20170809,210852500,3795.0,15986,172896,607224600.0,3795.0,13,3793.0,1
rb1805,20170810,20170809,210854000,3795.0,15988,172898,607300500.0,3795.0,12,3793.0,1
rb1805,20170810,20170809,210854500,3795.0,15988,172898,607300500.0,3795.0,22,3793.0,2
rb1805,20170810,20170809,210855000,3793.0,15992,172900,607452220.0,3795.0,22,3792.0,63
rb1805,20170810,20170809,210855500,3793.0,15992,172900,607452220.0,3795.0,22,3792.0,64
rb1805,20170810,20170809,210856000,3793.0,15992,172900,607452220.0,3795.0,19,3793.0,3
rb1805,20170810,20170809,210856500,3793.0,15992,172900,607452220.0,3795.0,19,3793.0,3
rb1805,20170810,20170809,210857500,3795.0,15994,172900,607528120.0,3795.0,18,3793.0,3
rb1805,20170810,20170809,210858000,3795.0,15994,172900,607528120.0,3795.0,18,3793.0,8
rb1805,20170810,20170809,210858500,3795.0,15994,172900,607528120.0,3795.0,18,3793.0,8
rb1805,20170810,20170809,210859000,3795.0,15994,172900,607528120.0,3795.0,18,3793.0,9
rb1805,20170810,20170809,210900000,3795.0,15994,172900,607528120.0,3795.0,13,3793.0,18
rb1805,20170810,20170809,210900500,3795.0,15994,172900,607528120.0,3795.0,13,3794.0,2
rb1805,20170810,20170809,210901000,3795.0,15994,172900,607528120.0,3795.0,13,3794.0,2
rb1805,20170810,20170809,210901500,3795.0,15994,172900,607528120.0,3795.0,13,3794.0,2
rb1805,20170810,20170809,210902000,3795.0,15996,172900,607604020.0,3795.0,12,3794.0,2
rb1805,20170810,20170809,210903000,3795.0,16020,172904,608514820.0,3796.0,12,3795.0,8
rb1805,20170810,20170809,210903500,3795.0,16020,172904,608514820.0,3796.0,7,3795.0,8
rb1805,20170810,20170809,210904000,3795.0,16020,172904,608514820.0,3796.0,7,3795.0,8
rb1805,20170810,20170809,210905000,3795.0,16022,172906,608590720.0,3796.0,7,3795.0,7
rb1805,20170810,20170809,210905500,3795.0,16022,172906,608590720.0,3796.0,12,3795.0,7
rb1805,20170810,20170809,210906000,3795.0,16022,172906,608590720.0,3796.0,12,3795.0,7
rb1805,20170810,20170809,210906500,3796.0,16038,172900,609198020.0,3796.0,7,3795.0,4
rb1805,20170810,20170809,210907000,3795.0,16040,172900,609273920.0,3796.0,7,3795.0,3
rb1805,20170810,20170809,210907500,3795.0,16046,172900,609501620.0,3796.0,11,3793.0,9
rb1805,20170810,20170809,210908000,3795.0,16046,172900,609501620.0,3795.0,3,3793.0,6
rb1805,20170810,20170809,210908500,3795.0,16046,172900,609501620.0,3795.0,3,3793.0,6
rb1805,20170810,20170809,210909000,3795.0,16048,172900,609577520.0,3795.0,2,3793.0,6
rb1805,20170810,20170809,210909500,3795.0,16048,172900,609577520.0,3795.0,5,3793.0,6
rb1805,20170810,20170809,210910000,3795.0,16052,172900,609729320.0,3796.0,12,3793.0,6
rb1805,20170810,20170809,210910500,3795.0,16052,172900,609729320.0,3796.0,13,3793.0,7
rb1805,20170810,20170809,210911000,3795.0,16052,172900,609729320.0,3796.0,13,3793.0,8
rb1805,20170810,20170809,210911500,3795.0,16052,172900,609729320.0,3796.0,13,3793.0,8
rb1805,20170810,20170809,210912000,3795.0,16056,172904,609881120.0,3796.0,13,3795.0,8
rb1805,20170810,20170809,210912500,3795.0,16066,172904,610260620.0,3796.0,12,3795.0,3
rb1805,20170810,20170809,210913000,3795.0,16072,172906,610488320.0,3795.0,6,3793.0,3
rb1805,20170810,20170809,210913500,3795.0,16072,172906,610488320.0,3795.0,2,3793.0,5
rb1805,20170810,20170809,210914000,3795.0,16074,172908,610564220.0,3795.0,1,3793.0,5
rb1805,20170810,20170809,210914500,3795.0,16074,172908,610564220.0,3794.0,1,3793.0,5
rb1805,20170810,20170809,210915500,3795.0,16074,172908,610564220.0,3794.0,1,3793.0,6
rb1805,20170810,20170809,210916500,3795.0,16074,172908,610564220.0,3794.0,1,3793.0,6
rb1805,20170810,20170809,210917000,3794.0,16076,172910,610640100.0,3795.0,1,3794.0,1
rb1805,20170810,20170809,210917500,3794.0,16076,172910,610640100.0,3795.0,1,3793.0,6
rb1805,20170810,20170809,210918500,3794.0,16076,172910,610640100.0,3795.0,1,3793.0,6
rb1805,20170810,20170809,210919000,3794.0,16076,172910,610640100.0,3795.0,1,3793.0,6
rb1805,20170810,20170809,210919500,3794.0,16076,172910,610640100.0,3795.0,1,3793.0,7
rb1805,20170810,20170809,210921500,3794.0,16076,172910,610640100.0,3795.0,1,3793.0,8
rb1805,20170810,20170809,210923000,3794.0,16076,172910,610640100.0,3795.0,1,3793.0,8
rb1805,20170810,20170809,210924000,3794.0,16076,172910,610640100.0,3795.0,1,3793.0,10
rb1805,20170810,20170809,210924500,3794.0,16076,172910,610640100.0,3794.0,1,3793.0,10
rb1805,20170810,20170809,210925000,3794.0,16076,172910,610640100.0,3794.0,1,3793.0,10
rb1805,20170810,20170809,210926500,3793.0,16078,172912,610715960.0,3794.0,1,3793.0,9
rb1805,20170810,20170809,210927000,3794.0,16080,172914,610791840.0,3795.0,2,3793.0,15
rb1805,20170810,20170809,210928000,3794.0,16080,172914,610791840.0,3795.0,2,3793.0,15
rb1805,20170810,20170809,210929000,3795.0,16082,172916,610867740.0,3795.0,1,3793.0,15
rb1805,20170810,20170809,210929500,3795.0,16082,172916,610867740.0,3795.0,1,3794.0,1
rb1805,20170810,20170809,210930000,3795.0,16082,172916,610867740.0,3795.0,4,3794.0,1
rb1805,20170810,20170809,210930500,3795.0,16082,172916,610867740.0,3795.0,4,3794.0,2
rb1805,20170810,20170809,210931000,3795.0,16082,172916,610867740.0,3795.0,4,3794.0,1
rb1805,20170810,20170809,210931500,3794.0,16084,172918,610943620.0,3795.0,4,3793.0,7
rb1805,20170810,20170809,210932000,3793.0,16086,172918,611019480.0,3795.0,1,3793.0,7
rb1805,20170810,20170809,210932500,3793.0,16086,172918,611019480.0,3795.0,4,3793.0,6
rb1805,20170810,20170809,210933000,3793.0,16086,172918,611019480.0,3795.0,4,3793.0,6
rb1805,20170810,20170809,210933500,3793.0,16088,172920,611095340.0,3795.0,4,3794.0,3
rb1805,20170810,20170809,210934000,3794.0,16094,172920,611322980.0,3794.0,1,3793.0,6
rb1805,20170810,20170809,210934500,3794.0,16094,172920,611322980.0,3795.0,4,3793.0,6
rb1805,20170810,20170809,210935000,3795.0,16098,172920,611474760.0,3795.0,3,3793.0,7
rb1805,20170810,20170809,210935500,3795.0,16098,172920,611474760.0,3795.0,5,3793.0,7
rb1805,20170810,20170809,210936000,3795.0,16098,172920,611474760.0,3795.0,5,3793.0,7
rb1805,20170810,20170809,210936500,3795.0,16098,172920,611474760.0,3795.0,5,3793.0,7
rb1805,20170810,20170809,210937000,3795.0,16100,172920,611550660.0,3795.0,4,3793.0,7
rb1805,20170810,20170809,210937500,3795.0,16100,172920,611550660.0,3795.0,4,3793.0,8
rb1805,20170810,20170809,210938000,3793.0,16102,172920,611626520.0,3795.0,5,3793.0,7
rb1805,20170810,20170809,210938500,3793.0,16102,172920,611626520.0,3795.0,5,3793.0,10
rb1805,20170810,20170809,210939000,3793.0,16102,172920,611626520.0,3795.0,5,3794.0,1
rb1805,20170810,20170809,210940000,3793.0,16102,172920,611626520.0,3795.0,5,3794.0,1
rb1805,20170810,20170809,210940500,3794.0,16108,172926,611854160.0,3794.0,2,3793.0,17
rb1805,20170810,20170809,210941000,3794.0,16108,172926,611854160.0,3794.0,3,3793.0,11
rb1805,20170810,20170809,210941500,3794.0,16108,172926,611854160.0,3794.0,1,3793.0,12
rb1805,20170810,20170809,210942000,3794.0,16108,172926,611854160.0,3794.0,1,3793.0,13
rb1805,20170810,20170809,210942500,3794.0,16110,172926,611930040.0,3795.0,5,3794.0,5
rb1805,20170810,20170809,210943000,3794.0,16120,172932,612309440.0,3794.0,1,3793.0,16
rb1805,20170810,20170809,210943500,3794.0,16120,172932,612309440.0,3795.0,5,3793.0,16
rb1805,20170810,20170809,210944000,3794.0,16120,172932,612309440.0,3795.0,3,3793.0,16
rb1805,20170810,20170809,210945000,3793.0,16122,172934,612385300.0,3795.0,3,3793.0,15
rb1805,20170810,20170809,210946000,3793.0,16126,172934,612537020.0,3795.0,3,3793.0,13
rb1805,20170810,20170809,210946500,3793.0,16126,172934,612537020.0,3795.0,3,3793.0,13
rb1805,20170810,20170809,210947000,3793.0,16126,172934,612537020.0,3795.0,3,3793.0,13
rb1805,20170810,20170809,210947500,3793.0,16126,172934,612537020.0,3795.0,3,3793.0,19
rb1805,20170810,20170809,210948000,3793.0,16126,172934,612537020.0,3795.0,3,3793.0,19
rb1805,20170810,20170809,210949000,3793.0,16126,172934,612537020.0,3795.0,8,3793.0,13
rb1805,20170810,20170809,210949500,3793.0,16126,172934,612537020.0,3795.0,16,3793.0,19
rb1805,20170810,20170809,210950000,3793.0,16126,172934,612537020.0,3795.0,16,3793.0,19
rb1805,20170810,20170809,210950500,3795.0,16128,172936,612612920.0,3795.0,15,3793.0,13
rb1805,20170810,20170809,210951000,3795.0,16130,172936,612688820.0,3795.0,14,3793.0,13
rb1805,20170810,20170809,210951500,3795.0,16130,172936,612688820.0,3795.0,14,3793.0,13
rb1805,20170810,20170809,210952000,3795.0,16152,172954,613523320.0,3795.0,13,3793.0,3
rb1805,20170810,20170809,210952500,3793.0,16158,172954,613750900.0,3795.0,13,3794.0,1
rb1805,20170810,20170809,210953000,3794.0,16160,172954,613826780.0,3795.0,10,3793.0,7
rb1805,20170810,20170809,210953500,3794.0,16160,172954,613826780.0,3795.0,10,3793.0,13
rb1805,20170810,20170809,210955000,3794.0,16160,172954,613826780.0,3795.0,10,3793.0,14
rb1805,20170810,20170809,210955500,3795.0,16174,172954,614358080.0,3795.0,3,3793.0,15
rb1805,20170810,20170809,210956500,3795.0,16174,172954,614358080.0,3795.0,3,3794.0,2
rb1805,20170810,20170809,210957500,3795.0,16180,172954,614585780.0,3796.0,7,3794.0,8
rb1805,20170810,20170809,210958000,3795.0,16180,172954,614585780.0,3796.0,7,3794.0,8
rb1805,20170810,20170809,210958500,3795.0,16180,172954,614585780.0,3796.0,7,3795.0,2
rb1805,20170810,20170809,210959000,3795.0,16184,172954,614737580.0,3796.0,7,3794.0,6
rb1805,20170810,20170809,210959500,3795.0,16184,172954,614737580.0,3796.0,4,3794.0,9
rb1805,20170810,20170809,211000000,3795.0,16184,172954,614737580.0,3796.0,4,3794.0,12
rb1805,20170810,20170809,211000500,3795.0,16184,172954,614737580.0,3796.0,4,3794.0,12
rb1805,20170810,20170809,211001000,3795.0,16184,172954,614737580.0,3795.0,2,3794.0,12
rb1805,20170810,20170809,211001500,3795.0,16184,172954,614737580.0,3795.0,4,3794.0,12
rb1805,20170810,20170809,211002000,3795.0,16184,172954,614737580.0,3795.0,4,3794.0,12
rb1805,20170810,20170809,211002500,3795.0,16186,172954,614813480.0,3795.0,3,3794.0,12
rb1805,20170810,20170809,211003500,3795.0,16186,172954,614813480.0,3795.0,3,3794.0,12
rb1805,20170810,20170809,211004000,3795.0,16186,172954,614813480.0,3795.0,3,3794.0,12
rb1805,20170810,20170809,211005000,3795.0,16186,172954,614813480.0,3795.0,3,3794.0,12
rb1805,20170810,20170809,211005500,3795.0,16188,172952,614889380.0,3795.0,2,3794.0,12
rb1805,20170810,20170809,211006000,3795.0,16192,172952,615041180.0,3796.0,10,3795.0,198
rb1805,20170810,20170809,211006500,3796.0,16202,172956,615420780.0,3797.0,7,3795.0,205
rb1805,20170810,20170809,211007000,3796.0,16202,172956,615420780.0,3797.0,7,3795.0,222
rb1805,20170810,20170809,211007500,3796.0,16202,172956,615420780.0,3797.0,7,3796.0,6
rb1805,20170810,20170809,211008000,3796.0,16202,172956,615420780.0,3797.0,7,3796.0,9
rb1805,20170810,20170809,211008500,3796.0,16202,172956,615420780.0,3797.0,7,3796.0,9
rb1805,20170810,20170809,211009000,3796.0,16202,172956,615420780.0,3797.0,7,3796.0,15
rb1805,20170810,20170809,211009500,3797.0,16216,172970,615952360.0,3798.0,12,3796.0,15
rb1805,20170810,20170809,211010000,3797.0,16216,172970,615952360.0,3798.0,9,3796.0,15
rb1805,20170810,20170809,211010500,3797.0,16216,172970,615952360.0,3798.0,9,3797.0,6
rb1805,20170810,20170809,211011000,3797.0,16216,172970,615952360.0,3798.0,9,3797.0,6
rb1805,20170810,20170809,211011500,3797.0,16216,172970,615952360.0,3798.0,9,3797.0,7
rb1805,20170810,20170809,211012000,3798.0,16234,172980,616636000.0,3799.0,12,3798.0,3
rb1805,20170810,20170809,211012500,3798.0,16234,172980,616636000.0,3799.0,12,3798.0,3
