instrument,tradingday,calendarday,time,lastp,volume,openinterest,turnover,ask1,asksz1,bid1,bidsz1
rb1805,20170627,20170626,183557500,2892.0,0,80012,0.0,0.0,0,0.0,0
rb1805,20170627,20170626,205900500,2890.0,24,79988,693600.0,2890.0,94,2885.0,1
rb1805,20170627,20170626,210000500,2890.0,236,79988,6820400.0,2889.0,24,2887.0,3
rb1805,20170627,20170626,210001000,2887.0,436,79914,12598480.0,2888.0,19,2887.0,2
rb1805,20170627,20170626,210001500,2888.0,474,79908,13695920.0,2894.0,2,2888.0,67
rb1805,20170627,20170626,210002000,2894.0,482,79910,13927300.0,2895.0,100,2894.0,1
rb1805,20170627,20170626,210002500,2894.0,484,79912,13985180.0,2895.0,100,2889.0,1
rb1805,20170627,20170626,210003000,2895.0,494,79904,14274680.0,2895.0,95,2890.0,15
rb1805,20170627,20170626,210003500,2895.0,502,79896,14506280.0,2895.0,91,2889.0,1
rb1805,20170627,20170626,210004000,2895.0,502,79896,14506280.0,2895.0,91,2891.0,3
rb1805,20170627,20170626,210004500,2895.0,502,79896,14506280.0,2895.0,91,2891.0,3
rb1805,20170627,20170626,210005000,2895.0,502,79896,14506280.0,2895.0,91,2891.0,3
rb1805,20170627,20170626,210005500,2895.0,502,79896,14506280.0,2895.0,91,2889.0,1
rb1805,20170627,20170626,210006000,2890.0,504,79894,14564080.0,2895.0,91,2890.0,2
rb1805,20170627,20170626,210006500,2890.0,504,79894,14564080.0,2895.0,91,2890.0,2
rb1805,20170627,20170626,210007000,2890.0,504,79894,14564080.0,2895.0,91,2889.0,1
rb1805,20170627,20170626,210007500,2890.0,504,79894,14564080.0,2895.0,91,2890.0,2
rb1805,20170627,20170626,210008000,2890.0,504,79894,14564080.0,2895.0,91,2890.0,2
rb1805,20170627,20170626,210008500,2890.0,504,79894,14564080.0,2895.0,91,2889.0,1
rb1805,20170627,20170626,210009000,2890.0,504,79894,14564080.0,2895.0,91,2891.0,5
rb1805,20170627,20170626,210009500,2890.0,504,79894,14564080.0,2895.0,91,2890.0,5
rb1805,20170627,20170626,210010000,2890.0,504,79894,14564080.0,2895.0,91,2889.0,1
rb1805,20170627,20170626,210010500,2890.0,504,79894,14564080.0,2894.0,1,2891.0,12
rb1805,20170627,20170626,210011000,2890.0,504,79894,14564080.0,2893.0,1,2891.0,12
rb1805,20170627,20170626,210011500,2890.0,504,79894,14564080.0,2894.0,1,2892.0,1
rb1805,20170627,20170626,210012000,2890.0,504,79894,14564080.0,2894.0,1,2892.0,1
rb1805,20170627,20170626,210013000,2890.0,504,79894,14564080.0,2894.0,1,2892.0,1
rb1805,20170627,20170626,210014000,2892.0,506,79894,14621920.0,2892.0,9,2891.0,12
rb1805,20170627,20170626,210014500,2892.0,520,79894,15026800.0,2892.0,2,2891.0,12
rb1805,20170627,20170626,210015000,2892.0,522,79894,15084640.0,2892.0,1,2891.0,12
rb1805,20170627,20170626,210015500,2892.0,522,79894,15084640.0,2892.0,1,2891.0,12
rb1805,20170627,20170626,210017000,2891.0,524,79894,15142460.0,2892.0,1,2891.0,11
rb1805,20170627,20170626,210017500,2892.0,526,79894,15200300.0,2894.0,4,2891.0,11
rb1805,20170627,20170626,210018000,2892.0,526,79894,15200300.0,2893.0,2,2891.0,11
rb1805,20170627,20170626,210018500,2892.0,526,79894,15200300.0,2893.0,4,2891.0,12
rb1805,20170627,20170626,210019000,2893.0,534,79890,15431740.0,2894.0,4,2891.0,12
rb1805,20170627,20170626,210019500,2893.0,534,79890,15431740.0,2894.0,4,2892.0,2
rb1805,20170627,20170626,210020000,2894.0,536,79890,15489620.0,2894.0,3,2892.0,2
rb1805,20170627,20170626,210020500,2894.0,536,79890,15489620.0,2894.0,3,2893.0,3
rb1805,20170627,20170626,210021000,2893.0,540,79888,15605340.0,2894.0,3,2893.0,1
rb1805,20170627,20170626,210021500,2893.0,542,79886,15663200.0,2894.0,4,2892.0,2
rb1805,20170627,20170626,210022500,2893.0,542,79886,15663200.0,2893.0,1,2892.0,2
rb1805,20170627,20170626,210023000,2893.0,548,79882,15836780.0,2893.0,1,2892.0,2
rb1805,20170627,20170626,210023500,2893.0,548,79882,15836780.0,2893.0,1,2892.0,2
rb1805,20170627,20170626,210024000,2893.0,548,79882,15836780.0,2893.0,1,2892.0,2
rb1805,20170627,20170626,210025000,2893.0,548,79882,15836780.0,2893.0,1,2892.0,2
rb1805,20170627,20170626,210025500,2892.0,550,79880,15894620.0,2893.0,1,2892.0,1
rb1805,20170627,20170626,210026500,2892.0,550,79880,15894620.0,2893.0,1,2892.0,1
rb1805,20170627,20170626,210027000,2892.0,550,79880,15894620.0,2893.0,1,2892.0,1
rb1805,20170627,20170626,210028000,2893.0,552,79878,15952480.0,2894.0,8,2893.0,1
rb1805,20170627,20170626,210028500,2892.0,556,79876,16068180.0,2893.0,1,2891.0,12
rb1805,20170627,20170626,210029000,2892.0,556,79876,16068180.0,2894.0,8,2893.0,2
rb1805,20170627,20170626,210029500,2893.0,560,79876,16183900.0,2893.0,1,2891.0,12
rb1805,20170627,20170626,210030000,2893.0,560,79876,16183900.0,2894.0,8,2892.0,2
rb1805,20170627,20170626,210030500,2892.0,564,79872,16299580.0,2893.0,2,2891.0,12
rb1805,20170627,20170626,210031000,2892.0,564,79872,16299580.0,2893.0,2,2891.0,12
rb1805,20170627,20170626,210032000,2893.0,566,79874,16357440.0,2893.0,2,2891.0,13
rb1805,20170627,20170626,210032500,2893.0,566,79874,16357440.0,2893.0,2,2891.0,12
rb1805,20170627,20170626,210034000,2893.0,566,79874,16357440.0,2893.0,2,2891.0,12
rb1805,20170627,20170626,210034500,2893.0,568,79876,16415300.0,2893.0,1,2891.0,12
rb1805,20170627,20170626,210035000,2893.0,568,79876,16415300.0,2893.0,1,2891.0,12
rb1805,20170627,20170626,210035500,2893.0,568,79876,16415300.0,2893.0,1,2891.0,12
rb1805,20170627,20170626,210036000,2893.0,568,79876,16415300.0,2893.0,53,2891.0,12
rb1805,20170627,20170626,210036500,2893.0,568,79876,16415300.0,2893.0,54,2891.0,12
rb1805,20170627,20170626,210037000,2893.0,568,79876,16415300.0,2893.0,54,2892.0,5
rb1805,20170627,20170626,210037500,2892.0,574,79882,16588820.0,2893.0,54,2892.0,2
rb1805,20170627,20170626,210038000,2892.0,574,79882,16588820.0,2893.0,51,2892.0,2
rb1805,20170627,20170626,210038500,2892.0,574,79882,16588820.0,2893.0,54,2892.0,2
rb1805,20170627,20170626,210039000,2892.0,576,79882,16646660.0,2893.0,51,2892.0,1
rb1805,20170627,20170626,210039500,2892.0,576,79882,16646660.0,2893.0,51,2892.0,1
rb1805,20170627,20170626,210041000,2892.0,576,79882,16646660.0,2893.0,51,2892.0,1
rb1805,20170627,20170626,210041500,2892.0,578,79882,16704500.0,2893.0,51,2891.0,1
rb1805,20170627,20170626,210042000,2892.0,578,79882,16704500.0,2892.0,5,2891.0,1
rb1805,20170627,20170626,210042500,2892.0,584,79882,16878020.0,2892.0,53,2891.0,1
rb1805,20170627,20170626,210043000,2892.0,584,79882,16878020.0,2892.0,53,2891.0,1
rb1805,20170627,20170626,210045000,2892.0,584,79882,16878020.0,2892.0,53,2891.0,1
rb1805,20170627,20170626,210045500,2892.0,584,79882,16878020.0,2892.0,53,2891.0,1
rb1805,20170627,20170626,210046000,2892.0,584,79882,16878020.0,2891.0,40,2890.0,10
rb1805,20170627,20170626,210046500,2891.0,594,79874,17167120.0,2891.0,84,2890.0,10
rb1805,20170627,20170626,210047000,2891.0,594,79874,17167120.0,2891.0,84,2890.0,10
rb1805,20170627,20170626,210048000,2891.0,594,79874,17167120.0,2891.0,84,2890.0,10
rb1805,20170627,20170626,210051000,2890.0,614,79874,17745120.0,2890.0,15,2889.0,1
rb1805,20170627,20170626,210051500,2890.0,616,79874,17802920.0,2890.0,63,2889.0,1
rb1805,20170627,20170626,210052000,2890.0,616,79874,17802920.0,2890.0,63,2889.0,1
rb1805,20170627,20170626,210052500,2890.0,636,79870,18380920.0,2890.0,53,2889.0,1
rb1805,20170627,20170626,210053000,2890.0,638,79870,18438720.0,2890.0,52,2889.0,1
rb1805,20170627,20170626,210053500,2890.0,640,79870,18496520.0,2890.0,51,2889.0,1
rb1805,20170627,20170626,210054000,2890.0,652,79862,18843320.0,2890.0,45,2889.0,2
rb1805,20170627,20170626,210054500,2889.0,656,79860,18958880.0,2889.0,18,2886.0,1
rb1805,20170627,20170626,210055000,2889.0,664,79854,19190000.0,2889.0,59,2887.0,4
rb1805,20170627,20170626,210055500,2889.0,666,79854,19247780.0,2889.0,58,2887.0,1
rb1805,20170627,20170626,210056000,2889.0,668,79854,19305560.0,2889.0,57,2887.0,1
rb1805,20170627,20170626,210056500,2889.0,678,79846,19594460.0,2889.0,52,2888.0,3
rb1805,20170627,20170626,210057000,2889.0,684,79846,19767800.0,2889.0,49,2887.0,1
rb1805,20170627,20170626,210057500,2889.0,688,79846,19883360.0,2889.0,47,2887.0,1
rb1805,20170627,20170626,210058000,2889.0,692,79846,19998920.0,2889.0,45,2886.0,1
rb1805,20170627,20170626,210058500,2889.0,694,79846,20056700.0,2889.0,44,2886.0,2
rb1805,20170627,20170626,210059000,2889.0,698,79846,20172260.0,2887.0,1,2886.0,2
rb1805,20170627,20170626,210059500,2887.0,704,79844,20345480.0,2887.0,40,2886.0,2
rb1805,20170627,20170626,210100000,2887.0,768,79812,22193160.0,2887.0,8,2886.0,2
rb1805,20170627,20170626,210100500,2887.0,772,79812,22308640.0,2887.0,6,2886.0,1
rb1805,20170627,20170626,210101500,2887.0,780,79806,22539600.0,2887.0,2,2886.0,2
rb1805,20170627,20170626,210102000,2887.0,782,79806,22597340.0,2887.0,1,2886.0,6
rb1805,20170627,20170626,210102500,2887.0,784,79806,22655080.0,2891.0,37,2886.0,6
rb1805,20170627,20170626,210103000,2887.0,784,79806,22655080.0,2891.0,43,2886.0,6
rb1805,20170627,20170626,210103500,2887.0,784,79806,22655080.0,2891.0,43,2887.0,2
rb1805,20170627,20170626,210104000,2887.0,784,79806,22655080.0,2891.0,43,2887.0,7
rb1805,20170627,20170626,210104500,2887.0,786,79808,22712820.0,2891.0,43,2887.0,6
rb1805,20170627,20170626,210105000,2887.0,788,79808,22770560.0,2891.0,43,2887.0,5
rb1805,20170627,20170626,210105500,2887.0,788,79808,22770560.0,2891.0,43,2887.0,5
rb1805,20170627,20170626,210106500,2887.0,788,79808,22770560.0,2891.0,53,2887.0,5
rb1805,20170627,20170626,210107000,2887.0,788,79808,22770560.0,2890.0,2,2887.0,5
rb1805,20170627,20170626,210107500,2887.0,798,79810,23059320.0,2890.0,6,2887.0,1
rb1805,20170627,20170626,210108500,2887.0,798,79810,23059320.0,2890.0,6,2887.0,1
rb1805,20170627,20170626,210109500,2890.0,800,79812,23117120.0,2890.0,5,2887.0,1
rb1805,20170627,20170626,210110000,2890.0,800,79812,23117120.0,2890.0,5,2888.0,8
rb1805,20170627,20170626,210110500,2890.0,800,79812,23117120.0,2890.0,5,2888.0,14
rb1805,20170627,20170626,210111000,2890.0,800,79812,23117120.0,2890.0,5,2888.0,14
rb1805,20170627,20170626,210111500,2890.0,800,79812,23117120.0,2890.0,5,2888.0,14
rb1805,20170627,20170626,210112000,2890.0,800,79812,23117120.0,2889.0,1,2888.0,14
rb1805,20170627,20170626,210112500,2889.0,802,79814,23174900.0,2890.0,5,2888.0,14
rb1805,20170627,20170626,210113500,2889.0,802,79814,23174900.0,2890.0,5,2888.0,14
rb1805,20170627,20170626,210114000,2889.0,802,79814,23174900.0,2890.0,15,2889.0,2
rb1805,20170627,20170626,210114500,2889.0,802,79814,23174900.0,2890.0,10,2889.0,2
rb1805,20170627,20170626,210115500,2890.0,804,79816,23232700.0,2890.0,14,2889.0,2
rb1805,20170627,20170626,210116000,2890.0,806,79818,23290500.0,2890.0,13,2889.0,3
rb1805,20170627,20170626,210117000,2890.0,808,79820,23348300.0,2890.0,12,2889.0,3
rb1805,20170627,20170626,210117500,2890.0,810,79822,23406100.0,2890.0,11,2889.0,3
rb1805,20170627,20170626,210118000,2890.0,812,79824,23463900.0,2890.0,10,2889.0,3
rb1805,20170627,20170626,210118500,2890.0,814,79826,23521700.0,2890.0,9,2889.0,3
rb1805,20170627,20170626,210119000,2890.0,816,79828,23579500.0,2890.0,8,2889.0,4
rb1805,20170627,20170626,210119500,2890.0,822,79830,23752900.0,2890.0,5,2889.0,1
rb1805,20170627,20170626,210120000,2890.0,824,79830,23810700.0,2890.0,4,2889.0,4
rb1805,20170627,20170626,210120500,2890.0,826,79830,23868500.0,2890.0,10,2889.0,2
rb1805,20170627,20170626,210121500,2889.0,830,79832,23984060.0,2890.0,10,2888.0,14
rb1805,20170627,20170626,210122000,2889.0,830,79832,23984060.0,2889.0,15,2888.0,14
rb1805,20170627,20170626,210122500,2889.0,832,79832,24041840.0,2889.0,14,2888.0,14
rb1805,20170627,20170626,210123500,2889.0,838,79828,24215180.0,2889.0,11,2888.0,14
rb1805,20170627,20170626,210124000,2889.0,842,79828,24330740.0,2889.0,9,2888.0,16
rb1805,20170627,20170626,210124500,2889.0,844,79828,24388520.0,2889.0,8,2888.0,17
rb1805,20170627,20170626,210125000,2889.0,846,79828,24446300.0,2889.0,7,2888.0,17
rb1805,20170627,20170626,210125500,2889.0,848,79828,24504080.0,2889.0,6,2888.0,14
rb1805,20170627,20170626,210126000,2889.0,850,79828,24561860.0,2889.0,5,2888.0,14
rb1805,20170627,20170626,210126500,2889.0,852,79828,24619640.0,2889.0,4,2888.0,14
rb1805,20170627,20170626,210127000,2889.0,852,79828,24619640.0,2889.0,4,2888.0,12
rb1805,20170627,20170626,210127500,2889.0,854,79828,24677420.0,2889.0,3,2888.0,12
rb1805,20170627,20170626,210128000,2889.0,856,79828,24735200.0,2889.0,2,2888.0,13
rb1805,20170627,20170626,210128500,2889.0,858,79828,24792980.0,2889.0,1,2888.0,13
rb1805,20170627,20170626,210129000,2889.0,860,79828,24850760.0,2890.0,14,2888.0,13
rb1805,20170627,20170626,210130000,2889.0,860,79828,24850760.0,2890.0,14,2888.0,14
rb1805,20170627,20170626,210130500,2889.0,860,79828,24850760.0,2890.0,14,2889.0,2
rb1805,20170627,20170626,210131000,2889.0,864,79824,24966320.0,2889.0,2,2888.0,14
rb1805,20170627,20170626,210131500,2889.0,864,79824,24966320.0,2890.0,14,2889.0,1
rb1805,20170627,20170626,210132000,2889.0,866,79824,25024100.0,2889.0,2,2888.0,14
rb1805,20170627,20170626,210132500,2889.0,866,79824,25024100.0,2890.0,14,2889.0,1
rb1805,20170627,20170626,210133000,2889.0,868,79824,25081880.0,2889.0,1,2888.0,15
rb1805,20170627,20170626,210133500,2889.0,868,79824,25081880.0,2890.0,14,2888.0,15
rb1805,20170627,20170626,210134000,2889.0,868,79824,25081880.0,2890.0,17,2888.0,17
rb1805,20170627,20170626,210134500,2889.0,868,79824,25081880.0,2890.0,17,2888.0,17
rb1805,20170627,20170626,210135000,2889.0,868,79824,25081880.0,2890.0,17,2888.0,5
rb1805,20170627,20170626,210135500,2889.0,868,79824,25081880.0,2889.0,3,2888.0,5
rb1805,20170627,20170626,210136000,2889.0,868,79824,25081880.0,2889.0,3,2888.0,5
rb1805,20170627,20170626,210136500,2889.0,868,79824,25081880.0,2889.0,6,2888.0,5
rb1805,20170627,20170626,210137000,2889.0,868,79824,25081880.0,2889.0,3,2888.0,5
rb1805,20170627,20170626,210137500,2889.0,868,79824,25081880.0,2889.0,3,2888.0,5
rb1805,20170627,20170626,210138500,2889.0,868,79824,25081880.0,2889.0,4,2888.0,5
rb1805,20170627,20170626,210140000,2889.0,868,79824,25081880.0,2889.0,4,2888.0,3
rb1805,20170627,20170626,210140500,2889.0,868,79824,25081880.0,2889.0,4,2888.0,3
rb1805,20170627,20170626,210143000,2889.0,868,79824,25081880.0,2889.0,4,2888.0,3
rb1805,20170627,20170626,210143500,2889.0,868,79824,25081880.0,2889.0,4,2888.0,3
rb1805,20170627,20170626,210146000,2889.0,868,79824,25081880.0,2889.0,4,2888.0,3
rb1805,20170627,20170626,210147000,2889.0,868,79824,25081880.0,2889.0,4,2888.0,3
rb1805,20170627,20170626,210148000,2889.0,868,79824,25081880.0,2889.0,4,2888.0,3
rb1805,20170627,20170626,210148500,2888.0,870,79824,25139640.0,2889.0,4,2888.0,2
rb1805,20170627,20170626,210150000,2888.0,870,79824,25139640.0,2889.0,4,2888.0,2
rb1805,20170627,20170626,210151000,2888.0,870,79824,25139640.0,2889.0,4,2888.0,3
rb1805,20170627,20170626,210151500,2888.0,870,79824,25139640.0,2889.0,4,2888.0,3
rb1805,20170627,20170626,210152000,2888.0,870,79824,25139640.0,2889.0,4,2888.0,8
rb1805,20170627,20170626,210152500,2889.0,876,79824,25312980.0,2889.0,1,2888.0,11
rb1805,20170627,20170626,210154000,2889.0,876,79824,25312980.0,2889.0,1,2888.0,11
rb1805,20170627,20170626,210154500,2889.0,876,79824,25312980.0,2890.0,22,2889.0,3
rb1805,20170627,20170626,210155000,2889.0,876,79824,25312980.0,2890.0,22,2889.0,9
rb1805,20170627,20170626,210155500,2889.0,882,79824,25486340.0,2890.0,21,2889.0,12
rb1805,20170627,20170626,210156000,2889.0,882,79824,25486340.0,2890.0,16,2889.0,12
rb1805,20170627,20170626,210157000,2888.0,924,79798,26699540.0,2888.0,9,2886.0,27
rb1805,20170627,20170626,210157500,2888.0,936,79796,27046100.0,2888.0,3,2886.0,28
rb1805,20170627,20170626,210159000,2888.0,938,79796,27103860.0,2888.0,2,2886.0,28
rb1805,20170627,20170626,210159500,2888.0,940,79796,27161620.0,2888.0,1,2886.0,27
rb1805,20170627,20170626,210200000,2888.0,942,79796,27219380.0,2889.0,1,2886.0,27
rb1805,20170627,20170626,210200500,2888.0,942,79796,27219380.0,2889.0,6,2887.0,1
rb1805,20170627,20170626,210201000,2889.0,946,79800,27334940.0,2889.0,4,2887.0,7
rb1805,20170627,20170626,210201500,2889.0,946,79800,27334940.0,2889.0,4,2887.0,10
rb1805,20170627,20170626,210202000,2889.0,946,79800,27334940.0,2889.0,4,2887.0,10
rb1805,20170627,20170626,210202500,2889.0,946,79800,27334940.0,2889.0,4,2887.0,11
rb1805,20170627,20170626,210203000,2889.0,946,79800,27334940.0,2889.0,4,2887.0,12
rb1805,20170627,20170626,210204000,2889.0,946,79800,27334940.0,2889.0,4,2887.0,9
rb1805,20170627,20170626,210206000,2887.0,948,79798,27392680.0,2889.0,4,2887.0,2
rb1805,20170627,20170626,210206500,2887.0,950,79798,27450420.0,2889.0,4,2888.0,2
rb1805,20170627,20170626,210207000,2888.0,954,79798,27565940.0,2888.0,2,2887.0,2
rb1805,20170627,20170626,210207500,2888.0,954,79798,27565940.0,2889.0,4,2888.0,1
rb1805,20170627,20170626,210208000,2888.0,954,79798,27565940.0,2889.0,4,2888.0,1
rb1805,20170627,20170626,210208500,2889.0,956,79800,27623720.0,2889.0,3,2887.0,2
rb1805,20170627,20170626,210209500,2889.0,956,79800,27623720.0,2889.0,8,2887.0,7
rb1805,20170627,20170626,210211000,2889.0,956,79800,27623720.0,2889.0,8,2887.0,8
rb1805,20170627,20170626,210212000,2889.0,956,79800,27623720.0,2889.0,8,2887.0,8
rb1805,20170627,20170626,210212500,2889.0,956,79800,27623720.0,2889.0,8,2887.0,8
rb1805,20170627,20170626,210213000,2889.0,956,79800,27623720.0,2889.0,9,2887.0,8
rb1805,20170627,20170626,210213500,2889.0,956,79800,27623720.0,2888.0,2,2887.0,8
rb1805,20170627,20170626,210214000,2888.0,958,79802,27681480.0,2888.0,1,2887.0,8
rb1805,20170627,20170626,210214500,2888.0,960,79804,27739240.0,2889.0,9,2887.0,8
rb1805,20170627,20170626,210215000,2888.0,960,79804,27739240.0,2889.0,17,2887.0,8
rb1805,20170627,20170626,210216500,2888.0,960,79804,27739240.0,2889.0,17,2888.0,100
rb1805,20170627,20170626,210217000,2888.0,968,79804,27970280.0,2889.0,17,2888.0,96
rb1805,20170627,20170626,210217500,2888.0,968,79804,27970280.0,2889.0,17,2888.0,96
rb1805,20170627,20170626,210218000,2888.0,968,79804,27970280.0,2889.0,12,2888.0,96
rb1805,20170627,20170626,210218500,2888.0,968,79804,27970280.0,2889.0,12,2888.0,96
rb1805,20170627,20170626,210219500,2888.0,968,79804,27970280.0,2889.0,12,2888.0,96
rb1805,20170627,20170626,210221000,2889.0,970,79806,28028060.0,2889.0,11,2888.0,96
rb1805,20170627,20170626,210221500,2889.0,970,79806,28028060.0,2889.0,11,2888.0,96
rb1805,20170627,20170626,210222000,2888.0,986,79820,28490140.0,2889.0,19,2888.0,88
rb1805,20170627,20170626,210223000,2888.0,988,79820,28547900.0,2889.0,4,2888.0,87
rb1805,20170627,20170626,210223500,2888.0,988,79820,28547900.0,2889.0,8,2888.0,90
rb1805,20170627,20170626,210224000,2888.0,988,79820,28547900.0,2889.0,13,2888.0,90
rb1805,20170627,20170626,210224500,2888.0,988,79820,28547900.0,2889.0,5,2888.0,90
rb1805,20170627,20170626,210225000,2888.0,988,79820,28547900.0,2889.0,5,2888.0,90
rb1805,20170627,20170626,210225500,2888.0,988,79820,28547900.0,2889.0,5,2888.0,87
rb1805,20170627,20170626,210226000,2888.0,988,79820,28547900.0,2889.0,5,2888.0,90
rb1805,20170627,20170626,210226500,2888.0,988,79820,28547900.0,2889.0,5,2888.0,90
rb1805,20170627,20170626,210227500,2888.0,988,79820,28547900.0,2889.0,5,2888.0,90
rb1805,20170627,20170626,210228000,2889.0,998,79822,28836800.0,2890.0,46,2889.0,2
rb1805,20170627,20170626,210228500,2889.0,998,79822,28836800.0,2890.0,46,2888.0,90
rb1805,20170627,20170626,210229000,2889.0,998,79822,28836800.0,2890.0,46,2889.0,2
rb1805,20170627,20170626,210229500,2889.0,1000,79820,28894580.0,2890.0,49,2889.0,1
rb1805,20170627,20170626,210230500,2889.0,1000,79820,28894580.0,2890.0,50,2889.0,1
rb1805,20170627,20170626,210231000,2889.0,1002,79820,28952360.0,2889.0,1,2888.0,91
rb1805,20170627,20170626,210231500,2889.0,1002,79820,28952360.0,2890.0,52,2888.0,88
rb1805,20170627,20170626,210232000,2890.0,1004,79818,29010160.0,2890.0,54,2888.0,88
rb1805,20170627,20170626,210233000,2890.0,1004,79818,29010160.0,2889.0,8,2888.0,91
rb1805,20170627,20170626,210233500,2889.0,1006,79818,29067940.0,2889.0,7,2888.0,92
rb1805,20170627,20170626,210234500,2889.0,1006,79818,29067940.0,2889.0,7,2888.0,92
rb1805,20170627,20170626,210235000,2889.0,1012,79812,29241280.0,2889.0,4,2888.0,92
rb1805,20170627,20170626,210235500,2889.0,1012,79812,29241280.0,2889.0,4,2888.0,92
rb1805,20170627,20170626,210236000,2889.0,1012,79812,29241280.0,2889.0,4,2888.0,89
rb1805,20170627,20170626,210237500,2889.0,1012,79812,29241280.0,2889.0,4,2888.0,89
rb1805,20170627,20170626,210238000,2889.0,1012,79812,29241280.0,2889.0,9,2888.0,89
rb1805,20170627,20170626,210238500,2889.0,1012,79812,29241280.0,2889.0,9,2888.0,89
rb1805,20170627,20170626,210239000,2889.0,1012,79812,29241280.0,2889.0,9,2888.0,100
rb1805,20170627,20170626,210240500,2888.0,1014,79812,29299040.0,2889.0,4,2888.0,99
rb1805,20170627,20170626,210241000,2888.0,1014,79812,29299040.0,2889.0,4,2888.0,102
rb1805,20170627,20170626,210241500,2889.0,1022,79812,29530160.0,2890.0,45,2889.0,2
rb1805,20170627,20170626,210242000,2889.0,1022,79812,29530160.0,2890.0,45,2888.0,103
rb1805,20170627,20170626,210242500,2889.0,1022,79812,29530160.0,2890.0,49,2889.0,12
rb1805,20170627,20170626,210243000,2889.0,1022,79812,29530160.0,2890.0,49,2889.0,12
rb1805,20170627,20170626,210244500,2889.0,1022,79812,29530160.0,2890.0,48,2889.0,12
rb1805,20170627,20170626,210245000,2889.0,1022,79812,29530160.0,2890.0,45,2889.0,12
rb1805,20170627,20170626,210246500,2889.0,1022,79812,29530160.0,2890.0,45,2889.0,12
rb1805,20170627,20170626,210248000,2889.0,1022,79812,29530160.0,2890.0,45,2889.0,12
rb1805,20170627,20170626,210249000,2889.0,1022,79812,29530160.0,2890.0,45,2889.0,15
rb1805,20170627,20170626,210249500,2890.0,1024,79812,29587960.0,2890.0,44,2889.0,15
rb1805,20170627,20170626,210250500,2890.0,1024,79812,29587960.0,2890.0,44,2889.0,16
rb1805,20170627,20170626,210251000,2890.0,1024,79812,29587960.0,2890.0,45,2889.0,16
rb1805,20170627,20170626,210252500,2890.0,1024,79812,29587960.0,2890.0,45,2889.0,13
rb1805,20170627,20170626,210253000,2890.0,1024,79812,29587960.0,2890.0,45,2889.0,13
rb1805,20170627,20170626,210253500,2890.0,1084,79784,31321960.0,2890.0,15,2889.0,13
rb1805,20170627,20170626,210255000,2890.0,1084,79784,31321960.0,2890.0,15,2889.0,13
rb1805,20170627,20170626,210255500,2889.0,1086,79784,31379740.0,2890.0,15,2889.0,12
rb1805,20170627,20170626,210258000,2889.0,1086,79784,31379740.0,2890.0,15,2889.0,24
rb1805,20170627,20170626,210259500,2889.0,1086,79784,31379740.0,2890.0,20,2889.0,24
rb1805,20170627,20170626,210300000,2889.0,1086,79784,31379740.0,2890.0,20,2889.0,24
rb1805,20170627,20170626,210300500,2889.0,1086,79784,31379740.0,2890.0,15,2889.0,24
rb1805,20170627,20170626,210301500,2890.0,1110,79784,32073340.0,2890.0,3,2889.0,24
rb1805,20170627,20170626,210303000,2890.0,1110,79784,32073340.0,2890.0,3,2889.0,23
rb1805,20170627,20170626,210303500,2890.0,1112,79784,32131140.0,2890.0,2,2889.0,23
rb1805,20170627,20170626,210304000,2890.0,1112,79784,32131140.0,2890.0,6,2889.0,23
rb1805,20170627,20170626,210304500,2890.0,1116,79786,32246740.0,2890.0,4,2889.0,23
rb1805,20170627,20170626,210306000,2890.0,1116,79786,32246740.0,2890.0,4,2889.0,23
rb1805,20170627,20170626,210308000,2890.0,1116,79786,32246740.0,2890.0,4,2889.0,23
rb1805,20170627,20170626,210308500,2890.0,1118,79786,32304540.0,2890.0,3,2889.0,23
rb1805,20170627,20170626,210309000,2889.0,1120,79784,32362320.0,2890.0,3,2889.0,22
rb1805,20170627,20170626,210311500,2889.0,1120,79784,32362320.0,2890.0,3,2889.0,22
rb1805,20170627,20170626,210312500,2889.0,1120,79784,32362320.0,2890.0,3,2889.0,22
rb1805,20170627,20170626,210313000,2889.0,1120,79784,32362320.0,2890.0,4,2889.0,22
rb1805,20170627,20170626,210314000,2889.0,1120,79784,32362320.0,2890.0,4,2889.0,22
rb1805,20170627,20170626,210314500,2889.0,1120,79784,32362320.0,2890.0,9,2889.0,22
rb1805,20170627,20170626,210315000,2889.0,1120,79784,32362320.0,2890.0,10,2889.0,22
rb1805,20170627,20170626,210315500,2889.0,1128,79776,32593440.0,2890.0,10,2889.0,18
rb1805,20170627,20170626,210316500,2889.0,1128,79776,32593440.0,2890.0,5,2889.0,6
rb1805,20170627,20170626,210317000,2889.0,1128,79776,32593440.0,2890.0,4,2889.0,6
rb1805,20170627,20170626,210319000,2889.0,1128,79776,32593440.0,2890.0,4,2889.0,6
rb1805,20170627,20170626,210320000,2889.0,1128,79776,32593440.0,2890.0,5,2889.0,6
rb1805,20170627,20170626,210320500,2889.0,1128,79776,32593440.0,2890.0,5,2889.0,6
rb1805,20170627,20170626,210322000,2889.0,1128,79776,32593440.0,2890.0,5,2889.0,18
rb1805,20170627,20170626,210323500,2890.0,1138,79776,32882440.0,2891.0,44,2890.0,10
rb1805,20170627,20170626,210324000,2890.0,1138,79776,32882440.0,2891.0,42,2890.0,10
rb1805,20170627,20170626,210327500,2890.0,1138,79776,32882440.0,2891.0,42,2890.0,10
rb1805,20170627,20170626,210328000,2890.0,1158,79756,33460440.0,2890.0,19,2889.0,18
rb1805,20170627,20170626,210328500,2890.0,1162,79754,33576040.0,2890.0,17,2889.0,18
rb1805,20170627,20170626,210334500,2890.0,1162,79754,33576040.0,2890.0,17,2889.0,18
rb1805,20170627,20170626,210335000,2890.0,1162,79754,33576040.0,2890.0,17,2889.0,18
rb1805,20170627,20170626,210337500,2890.0,1162,79754,33576040.0,2890.0,17,2889.0,19
rb1805,20170627,20170626,210338000,2890.0,1162,79754,33576040.0,2891.0,39,2889.0,19
rb1805,20170627,20170626,210338500,2890.0,1162,79754,33576040.0,2891.0,42,2889.0,19
rb1805,20170627,20170626,210339000,2889.0,1196,79720,34558300.0,2891.0,42,2889.0,2
rb1805,20170627,20170626,210339500,2889.0,1196,79720,34558300.0,2890.0,2,2889.0,2
rb1805,20170627,20170626,210340000,2889.0,1196,79720,34558300.0,2890.0,2,2889.0,2
rb1805,20170627,20170626,210342500,2889.0,1196,79720,34558300.0,2890.0,2,2889.0,2
rb1805,20170627,20170626,210343000,2889.0,1196,79720,34558300.0,2890.0,2,2889.0,2
rb1805,20170627,20170626,210344500,2889.0,1196,79720,34558300.0,2890.0,8,2889.0,2
rb1805,20170627,20170626,210345000,2889.0,1200,79722,34673860.0,2890.0,8,2888.0,19
rb1805,20170627,20170626,210345500,2889.0,1200,79722,34673860.0,2890.0,11,2888.0,16
rb1805,20170627,20170626,210346000,2889.0,1200,79722,34673860.0,2890.0,11,2888.0,16
rb1805,20170627,20170626,210348500,2889.0,1200,79722,34673860.0,2890.0,10,2888.0,16
rb1805,20170627,20170626,210349500,2889.0,1200,79722,34673860.0,2890.0,10,2888.0,16
rb1805,20170627,20170626,210350000,2889.0,1200,79722,34673860.0,2890.0,10,2888.0,14
rb1805,20170627,20170626,210350500,2889.0,1200,79722,34673860.0,2890.0,10,2888.0,17
rb1805,20170627,20170626,210351000,2889.0,1200,79722,34673860.0,2890.0,7,2888.0,17
rb1805,20170627,20170626,210353500,2889.0,1200,79722,34673860.0,2890.0,10,2888.0,17
rb1805,20170627,20170626,210356000,2889.0,1200,79722,34673860.0,2890.0,10,2888.0,14
rb1805,20170627,20170626,210358000,2889.0,1200,79722,34673860.0,2890.0,10,2888.0,14
rb1805,20170627,20170626,210358500,2889.0,1200,79722,34673860.0,2889.0,3,2888.0,17
rb1805,20170627,20170626,210359000,2889.0,1200,79722,34673860.0,2889.0,6,2888.0,17
rb1805,20170627,20170626,210400000,2889.0,1200,79722,34673860.0,2889.0,3,2888.0,17
rb1805,20170627,20170626,210400500,2889.0,1200,79722,34673860.0,2889.0,3,2888.0,14
rb1805,20170627,20170626,210401500,2889.0,1200,79722,34673860.0,2890.0,7,2888.0,14
rb1805,20170627,20170626,210402000,2889.0,1200,79722,34673860.0,2889.0,3,2888.0,14
rb1805,20170627,20170626,210402500,2889.0,1200,79722,34673860.0,2889.0,8,2888.0,14
rb1805,20170627,20170626,210403000,2889.0,1200,79722,34673860.0,2889.0,5,2888.0,14
rb1805,20170627,20170626,210403500,2889.0,1200,79722,34673860.0,2889.0,8,2888.0,14
rb1805,20170627,20170626,210404000,2889.0,1200,79722,34673860.0,2890.0,6,2888.0,14
rb1805,20170627,20170626,210404500,2889.0,1200,79722,34673860.0,2890.0,9,2888.0,14
rb1805,20170627,20170626,210405000,2889.0,1200,79722,34673860.0,2890.0,12,2888.0,14
rb1805,20170627,20170626,210406000,2889.0,1200,79722,34673860.0,2890.0,12,2888.0,14
rb1805,20170627,20170626,210409500,2889.0,1200,79722,34673860.0,2890.0,12,2888.0,14
rb1805,20170627,20170626,210410000,2889.0,1200,79722,34673860.0,2890.0,7,2888.0,17
rb1805,20170627,20170626,210410500,2889.0,1200,79722,34673860.0,2890.0,9,2888.0,17
rb1805,20170627,20170626,210411000,2889.0,1200,79722,34673860.0,2890.0,7,2889.0,12
rb1805,20170627,20170626,210412000,2889.0,1200,79722,34673860.0,2890.0,7,2889.0,12
rb1805,20170627,20170626,210413000,2889.0,1200,79722,34673860.0,2890.0,8,2889.0,12
rb1805,20170627,20170626,210414500,2889.0,1200,79722,34673860.0,2890.0,7,2889.0,12
rb1805,20170627,20170626,210415000,2889.0,1200,79722,34673860.0,2890.0,8,2889.0,12
rb1805,20170627,20170626,210415500,2889.0,1200,79722,34673860.0,2890.0,5,2889.0,12
rb1805,20170627,20170626,210416000,2889.0,1202,79722,34731640.0,2890.0,5,2889.0,11
rb1805,20170627,20170626,210418000,2889.0,1204,79722,34789420.0,2890.0,4,2889.0,10
rb1805,20170627,20170626,210419500,2889.0,1204,79722,34789420.0,2890.0,4,2889.0,10
rb1805,20170627,20170626,210422000,2889.0,1204,79722,34789420.0,2890.0,5,2889.0,10
rb1805,20170627,20170626,210422500,2889.0,1204,79722,34789420.0,2890.0,5,2889.0,10
rb1805,20170627,20170626,210423500,2889.0,1204,79722,34789420.0,2890.0,6,2889.0,10
rb1805,20170627,20170626,210424000,2889.0,1204,79722,34789420.0,2890.0,5,2889.0,10
rb1805,20170627,20170626,210424500,2889.0,1204,79722,34789420.0,2890.0,6,2889.0,10
rb1805,20170627,20170626,210425500,2889.0,1204,79722,34789420.0,2890.0,7,2889.0,10
rb1805,20170627,20170626,210426000,2889.0,1204,79722,34789420.0,2890.0,7,2889.0,10
rb1805,20170627,20170626,210426500,2889.0,1204,79722,34789420.0,2890.0,8,2889.0,10
rb1805,20170627,20170626,210427500,2889.0,1204,79722,34789420.0,2890.0,7,2889.0,10
rb1805,20170627,20170626,210429000,2889.0,1204,79722,34789420.0,2890.0,7,2889.0,10
rb1805,20170627,20170626,210429500,2889.0,1206,79720,34847200.0,2890.0,7,2889.0,9
rb1805,20170627,20170626,210430000,2889.0,1206,79720,34847200.0,2890.0,8,2889.0,9
rb1805,20170627,20170626,210430500,2889.0,1206,79720,34847200.0,2890.0,12,2889.0,9
rb1805,20170627,20170626,210431500,2889.0,1216,79720,35136100.0,2890.0,12,2889.0,4
rb1805,20170627,20170626,210432000,2889.0,1216,79720,35136100.0,2890.0,7,2889.0,7
rb1805,20170627,20170626,210432500,2889.0,1218,79718,35193880.0,2890.0,7,2889.0,6
rb1805,20170627,20170626,210433000,2890.0,1220,79718,35251680.0,2890.0,6,2889.0,6
rb1805,20170627,20170626,210433500,2890.0,1220,79718,35251680.0,2890.0,6,2889.0,7
rb1805,20170627,20170626,210434500,2890.0,1220,79718,35251680.0,2890.0,6,2889.0,7
rb1805,20170627,20170626,210435000,2890.0,1220,79718,35251680.0,2890.0,6,2889.0,7
rb1805,20170627,20170626,210435500,2890.0,1220,79718,35251680.0,2890.0,6,2889.0,8
rb1805,20170627,20170626,210436000,2890.0,1220,79718,35251680.0,2890.0,6,2889.0,8
rb1805,20170627,20170626,210437000,2890.0,1220,79718,35251680.0,2890.0,6,2889.0,8
rb1805,20170627,20170626,210437500,2890.0,1220,79718,35251680.0,2890.0,6,2889.0,8
rb1805,20170627,20170626,210438500,2890.0,1220,79718,35251680.0,2890.0,6,2889.0,9
rb1805,20170627,20170626,210439000,2889.0,1238,79728,35771700.0,2889.0,31,2888.0,17
rb1805,20170627,20170626,210441000,2889.0,1238,79728,35771700.0,2889.0,31,2888.0,14
rb1805,20170627,20170626,210441500,2889.0,1238,79728,35771700.0,2889.0,36,2888.0,14
rb1805,20170627,20170626,210442000,2889.0,1238,79728,35771700.0,2889.0,36,2888.0,14
rb1805,20170627,20170626,210442500,2889.0,1298,79728,37505100.0,2889.0,6,2888.0,14
rb1805,20170627,20170626,210443500,2889.0,1298,79728,37505100.0,2889.0,1,2888.0,14
rb1805,20170627,20170626,210446500,2889.0,1298,79728,37505100.0,2889.0,1,2888.0,14
rb1805,20170627,20170626,210448500,2889.0,1300,79730,37562880.0,2890.0,7,2888.0,14
rb1805,20170627,20170626,210449000,2889.0,1300,79730,37562880.0,2890.0,12,2888.0,14
rb1805,20170627,20170626,210452000,2889.0,1300,79730,37562880.0,2890.0,12,2888.0,14
rb1805,20170627,20170626,210453000,2889.0,1300,79730,37562880.0,2890.0,13,2888.0,14
rb1805,20170627,20170626,210453500,2889.0,1300,79730,37562880.0,2890.0,13,2888.0,14
rb1805,20170627,20170626,210456500,2890.0,1306,79724,37736280.0,2890.0,10,2888.0,14
rb1805,20170627,20170626,210457000,2888.0,1308,79724,37794040.0,2890.0,10,2888.0,13
rb1805,20170627,20170626,210500000,2888.0,1312,79728,37909560.0,2890.0,5,2888.0,11
rb1805,20170627,20170626,210500500,2888.0,1312,79728,37909560.0,2890.0,5,2888.0,11
rb1805,20170627,20170626,210501000,2888.0,1312,79728,37909560.0,2890.0,10,2888.0,11
rb1805,20170627,20170626,210501500,2888.0,1312,79728,37909560.0,2890.0,11,2888.0,11
rb1805,20170627,20170626,210506000,2888.0,1312,79728,37909560.0,2890.0,11,2889.0,2
rb1805,20170627,20170626,210510500,2889.0,1316,79732,38025120.0,2889.0,1,2888.0,11
rb1805,20170627,20170626,210511000,2889.0,1318,79732,38082900.0,2890.0,11,2889.0,5
rb1805,20170627,20170626,210511500,2889.0,1318,79732,38082900.0,2890.0,11,2889.0,11
rb1805,20170627,20170626,210512500,2890.0,1340,79712,38718700.0,2891.0,44,2890.0,4
rb1805,20170627,20170626,210513000,2890.0,1348,79710,38949900.0,2890.0,12,2889.0,12
rb1805,20170627,20170626,210513500,2890.0,1348,79710,38949900.0,2890.0,5,2889.0,1
rb1805,20170627,20170626,210514000,2890.0,1348,79710,38949900.0,2890.0,5,2889.0,1
rb1805,20170627,20170626,210515500,2890.0,1348,79710,38949900.0,2890.0,5,2889.0,1
rb1805,20170627,20170626,210516000,2890.0,1350,79712,39007700.0,2890.0,4,2889.0,1
rb1805,20170627,20170626,210518000,2890.0,1350,79712,39007700.0,2890.0,4,2889.0,2
rb1805,20170627,20170626,210519500,2890.0,1350,79712,39007700.0,2890.0,2,2889.0,2
rb1805,20170627,20170626,210521500,2889.0,1354,79712,39123260.0,2890.0,2,2888.0,11
rb1805,20170627,20170626,210523000,2889.0,1354,79712,39123260.0,2890.0,12,2888.0,11
rb1805,20170627,20170626,210524500,2889.0,1354,79712,39123260.0,2890.0,12,2888.0,11
rb1805,20170627,20170626,210525000,2889.0,1354,79712,39123260.0,2890.0,12,2888.0,11
rb1805,20170627,20170626,210528500,2889.0,1354,79712,39123260.0,2890.0,19,2888.0,11
rb1805,20170627,20170626,210530000,2889.0,1354,79712,39123260.0,2890.0,19,2888.0,11
rb1805,20170627,20170626,210532500,2889.0,1354,79712,39123260.0,2890.0,14,2888.0,11
rb1805,20170627,20170626,210534000,2890.0,1358,79716,39238860.0,2890.0,12,2888.0,11
rb1805,20170627,20170626,210535000,2890.0,1358,79716,39238860.0,2890.0,7,2888.0,16
rb1805,20170627,20170626,210535500,2890.0,1358,79716,39238860.0,2890.0,7,2888.0,16
rb1805,20170627,20170626,210536000,2890.0,1364,79710,39412260.0,2890.0,4,2888.0,17
rb1805,20170627,20170626,210536500,2890.0,1372,79702,39643460.0,2891.0,45,2890.0,14
rb1805,20170627,20170626,210538000,2890.0,1374,79702,39701260.0,2891.0,50,2890.0,13
rb1805,20170627,20170626,210539000,2890.0,1380,79702,39874660.0,2891.0,50,2890.0,10
rb1805,20170627,20170626,210539500,2890.0,1396,79700,40337060.0,2891.0,50,2890.0,2
rb1805,20170627,20170626,210540000,2890.0,1396,79700,40337060.0,2891.0,50,2890.0,2
rb1805,20170627,20170626,210542000,2890.0,1396,79700,40337060.0,2891.0,45,2890.0,2
rb1805,20170627,20170626,210542500,2891.0,1400,79700,40452700.0,2891.0,43,2890.0,2
rb1805,20170627,20170626,210544500,2891.0,1400,79700,40452700.0,2891.0,43,2890.0,2
rb1805,20170627,20170626,210545000,2891.0,1400,79700,40452700.0,2891.0,48,2890.0,2
rb1805,20170627,20170626,210548000,2889.0,1406,79694,40626080.0,2890.0,4,2888.0,20
rb1805,20170627,20170626,210548500,2889.0,1406,79694,40626080.0,2891.0,44,2888.0,19
rb1805,20170627,20170626,210549000,2889.0,1406,79694,40626080.0,2890.0,4,2888.0,19
rb1805,20170627,20170626,210549500,2889.0,1406,79694,40626080.0,2891.0,44,2888.0,19
rb1805,20170627,20170626,210550000,2889.0,1406,79694,40626080.0,2891.0,49,2888.0,19
rb1805,20170627,20170626,210552000,2889.0,1406,79694,40626080.0,2891.0,49,2888.0,19
rb1805,20170627,20170626,210552500,2889.0,1406,79694,40626080.0,2891.0,49,2888.0,20
rb1805,20170627,20170626,210553500,2889.0,1406,79694,40626080.0,2890.0,1,2888.0,20
rb1805,20170627,20170626,210554000,2889.0,1406,79694,40626080.0,2890.0,1,2888.0,20
rb1805,20170627,20170626,210554500,2889.0,1406,79694,40626080.0,2890.0,1,2889.0,1
rb1805,20170627,20170626,210555000,2889.0,1406,79694,40626080.0,2890.0,6,2889.0,1
rb1805,20170627,20170626,210555500,2889.0,1406,79694,40626080.0,2890.0,6,2888.0,20
rb1805,20170627,20170626,210556000,2889.0,1406,79694,40626080.0,2890.0,11,2888.0,20
rb1805,20170627,20170626,210557000,2889.0,1406,79694,40626080.0,2890.0,11,2888.0,20
rb1805,20170627,20170626,210557500,2889.0,1406,79694,40626080.0,2890.0,11,2888.0,20
rb1805,20170627,20170626,210558000,2889.0,1406,79694,40626080.0,2890.0,11,2888.0,20
rb1805,20170627,20170626,210559000,2889.0,1406,79694,40626080.0,2890.0,11,2888.0,20
rb1805,20170627,20170626,210600500,2889.0,1406,79694,40626080.0,2890.0,11,2888.0,20
rb1805,20170627,20170626,210601500,2888.0,1410,79694,40741600.0,2890.0,11,2888.0,18
rb1805,20170627,20170626,210611500,2888.0,1410,79694,40741600.0,2890.0,11,2888.0,17
rb1805,20170627,20170626,210612500,2888.0,1410,79694,40741600.0,2890.0,11,2888.0,17
rb1805,20170627,20170626,210613000,2888.0,1410,79694,40741600.0,2890.0,11,2888.0,17
rb1805,20170627,20170626,210615000,2888.0,1410,79694,40741600.0,2890.0,13,2888.0,17
rb1805,20170627,20170626,210615500,2888.0,1410,79694,40741600.0,2890.0,13,2888.0,18
rb1805,20170627,20170626,210616000,2888.0,1410,79694,40741600.0,2889.0,1,2888.0,18
rb1805,20170627,20170626,210616500,2888.0,1410,79694,40741600.0,2889.0,1,2888.0,18
rb1805,20170627,20170626,210617500,2888.0,1410,79694,40741600.0,2889.0,1,2888.0,18
rb1805,20170627,20170626,210618500,2888.0,1410,79694,40741600.0,2889.0,5,2888.0,18
rb1805,20170627,20170626,210619000,2888.0,1410,79694,40741600.0,2889.0,5,2888.0,18
rb1805,20170627,20170626,210619500,2888.0,1412,79694,40799360.0,2889.0,5,2888.0,17
rb1805,20170627,20170626,210620000,2888.0,1412,79694,40799360.0,2889.0,5,2888.0,17
rb1805,20170627,20170626,210621500,2888.0,1414,79694,40857120.0,2889.0,5,2888.0,16
rb1805,20170627,20170626,210622000,2888.0,1414,79694,40857120.0,2889.0,5,2888.0,16
rb1805,20170627,20170626,210622500,2888.0,1414,79694,40857120.0,2889.0,5,2888.0,16
rb1805,20170627,20170626,210623000,2888.0,1414,79694,40857120.0,2889.0,10,2888.0,16
rb1805,20170627,20170626,210624500,2888.0,1414,79694,40857120.0,2889.0,10,2888.0,16
rb1805,20170627,20170626,210625500,2888.0,1414,79694,40857120.0,2889.0,10,2888.0,16
rb1805,20170627,20170626,210627500,2889.0,1418,79694,40972660.0,2889.0,9,2888.0,15
rb1805,20170627,20170626,210628000,2889.0,1418,79694,40972660.0,2889.0,9,2888.0,16
rb1805,20170627,20170626,210629000,2889.0,1418,79694,40972660.0,2889.0,4,2888.0,16
rb1805,20170627,20170626,210629500,2889.0,1424,79688,41146000.0,2889.0,1,2888.0,23
rb1805,20170627,20170626,210630000,2889.0,1426,79686,41203780.0,2890.0,10,2889.0,1
rb1805,20170627,20170626,210630500,2889.0,1426,79686,41203780.0,2890.0,15,2889.0,3
rb1805,20170627,20170626,210631000,2889.0,1432,79686,41377120.0,2889.0,4,2888.0,23
rb1805,20170627,20170626,210631500,2889.0,1432,79686,41377120.0,2890.0,10,2888.0,18
rb1805,20170627,20170626,210632000,2889.0,1432,79686,41377120.0,2890.0,10,2888.0,17
rb1805,20170627,20170626,210633000,2889.0,1432,79686,41377120.0,2890.0,10,2888.0,16
rb1805,20170627,20170626,210633500,2889.0,1432,79686,41377120.0,2890.0,15,2888.0,16
rb1805,20170627,20170626,210634500,2889.0,1432,79686,41377120.0,2890.0,10,2889.0,1
rb1805,20170627,20170626,210636500,2889.0,1432,79686,41377120.0,2890.0,10,2889.0,31
rb1805,20170627,20170626,210637500,2889.0,1432,79686,41377120.0,2890.0,9,2889.0,31
rb1805,20170627,20170626,210638500,2889.0,1432,79686,41377120.0,2890.0,9,2889.0,31
rb1805,20170627,20170626,210639000,2889.0,1432,79686,41377120.0,2890.0,9,2889.0,31
rb1805,20170627,20170626,210641500,2889.0,1432,79686,41377120.0,2890.0,4,2889.0,31
rb1805,20170627,20170626,210642000,2889.0,1432,79686,41377120.0,2890.0,4,2889.0,31
rb1805,20170627,20170626,210642500,2890.0,1438,79680,41550520.0,2890.0,1,2889.0,31
rb1805,20170627,20170626,210643000,2890.0,1438,79680,41550520.0,2890.0,1,2889.0,33
rb1805,20170627,20170626,210644000,2890.0,1438,79680,41550520.0,2890.0,2,2889.0,33
rb1805,20170627,20170626,210644500,2890.0,1438,79680,41550520.0,2890.0,2,2889.0,34
rb1805,20170627,20170626,210646000,2890.0,1438,79680,41550520.0,2890.0,2,2889.0,34
rb1805,20170627,20170626,210648500,2890.0,1438,79680,41550520.0,2890.0,2,2889.0,34
rb1805,20170627,20170626,210649000,2890.0,1438,79680,41550520.0,2890.0,19,2889.0,34
rb1805,20170627,20170626,210649500,2890.0,1438,79680,41550520.0,2890.0,19,2889.0,32
rb1805,20170627,20170626,210650000,2890.0,1440,79680,41608320.0,2890.0,18,2889.0,37
rb1805,20170627,20170626,210650500,2890.0,1452,79680,41955120.0,2890.0,12,2889.0,39
rb1805,20170627,20170626,210653500,2890.0,1454,79680,42012920.0,2890.0,11,2889.0,39
rb1805,20170627,20170626,210655000,2889.0,1524,79620,44035260.0,2890.0,9,2889.0,6
rb1805,20170627,20170626,210655500,2890.0,1542,79620,44555460.0,2891.0,13,2889.0,4
rb1805,20170627,20170626,210656000,2890.0,1542,79620,44555460.0,2891.0,8,2890.0,3
rb1805,20170627,20170626,210657000,2890.0,1542,79620,44555460.0,2891.0,8,2890.0,4
rb1805,20170627,20170626,210658000,2890.0,1542,79620,44555460.0,2891.0,8,2890.0,4
rb1805,20170627,20170626,210700500,2890.0,1542,79620,44555460.0,2891.0,8,2890.0,4
rb1805,20170627,20170626,210701500,2890.0,1542,79620,44555460.0,2891.0,8,2890.0,1
rb1805,20170627,20170626,210702500,2891.0,1548,79620,44728920.0,2891.0,5,2890.0,5
rb1805,20170627,20170626,210703000,2891.0,1552,79620,44844560.0,2891.0,3,2890.0,5
rb1805,20170627,20170626,210703500,2891.0,1552,79620,44844560.0,2891.0,3,2890.0,5
rb1805,20170627,20170626,210704000,2891.0,1552,79620,44844560.0,2891.0,4,2890.0,5
rb1805,20170627,20170626,210707000,2891.0,1552,79620,44844560.0,2891.0,4,2890.0,5
rb1805,20170627,20170626,210708500,2891.0,1554,79620,44902380.0,2891.0,3,2890.0,4
rb1805,20170627,20170626,210710000,2891.0,1554,79620,44902380.0,2891.0,3,2889.0,7
rb1805,20170627,20170626,210710500,2891.0,1554,79620,44902380.0,2891.0,3,2889.0,8
rb1805,20170627,20170626,210711000,2891.0,1554,79620,44902380.0,2891.0,3,2889.0,7
rb1805,20170627,20170626,210711500,2891.0,1556,79620,44960200.0,2891.0,2,2889.0,7
rb1805,20170627,20170626,210713500,2891.0,1556,79620,44960200.0,2891.0,2,2889.0,8
rb1805,20170627,20170626,210714500,2891.0,1556,79620,44960200.0,2891.0,2,2889.0,9
rb1805,20170627,20170626,210715500,2891.0,1560,79620,45075840.0,2892.0,5,2891.0,1
rb1805,20170627,20170626,210716000,2891.0,1560,79620,45075840.0,2892.0,5,2891.0,7
rb1805,20170627,20170626,210716500,2892.0,1562,79620,45133680.0,2892.0,4,2891.0,4
rb1805,20170627,20170626,210717000,2892.0,1568,79616,45307200.0,2892.0,1,2891.0,4
rb1805,20170627,20170626,210717500,2892.0,1570,79614,45365040.0,2893.0,1,2892.0,1
rb1805,20170627,20170626,210718000,2892.0,1570,79614,45365040.0,2893.0,1,2892.0,1
rb1805,20170627,20170626,210718500,2893.0,1572,79614,45422900.0,2894.0,3,2893.0,1
rb1805,20170627,20170626,210719000,2893.0,1572,79614,45422900.0,2894.0,3,2893.0,1
rb1805,20170627,20170626,210719500,2894.0,1574,79614,45480780.0,2894.0,2,2891.0,4
rb1805,20170627,20170626,210720000,2891.0,1576,79614,45538600.0,2894.0,2,2891.0,3
rb1805,20170627,20170626,210720500,2891.0,1576,79614,45538600.0,2893.0,20,2891.0,3
rb1805,20170627,20170626,210721000,2893.0,1578,79614,45596460.0,2893.0,19,2891.0,3
rb1805,20170627,20170626,210721500,2892.0,1586,79616,45827880.0,2893.0,16,2891.0,3
rb1805,20170627,20170626,210722000,2893.0,1588,79616,45885740.0,2893.0,15,2891.0,3
rb1805,20170627,20170626,210722500,2893.0,1594,79616,46059320.0,2893.0,12,2891.0,4
rb1805,20170627,20170626,210723000,2893.0,1596,79616,46117180.0,2893.0,11,2891.0,4
rb1805,20170627,20170626,210723500,2893.0,1598,79616,46175040.0,2893.0,10,2891.0,4
rb1805,20170627,20170626,210724000,2893.0,1600,79616,46232900.0,2893.0,9,2891.0,4
rb1805,20170627,20170626,210724500,2893.0,1600,79616,46232900.0,2893.0,14,2891.0,4
rb1805,20170627,20170626,210725000,2893.0,1600,79616,46232900.0,2893.0,9,2891.0,4
rb1805,20170627,20170626,210725500,2893.0,1600,79616,46232900.0,2893.0,9,2891.0,4
rb1805,20170627,20170626,210726000,2893.0,1602,79616,46290760.0,2893.0,8,2891.0,4
rb1805,20170627,20170626,210726500,2893.0,1604,79616,46348620.0,2893.0,7,2891.0,5
rb1805,20170627,20170626,210727000,2893.0,1606,79616,46406480.0,2893.0,6,2891.0,5
rb1805,20170627,20170626,210727500,2893.0,1608,79616,46464340.0,2893.0,5,2891.0,5
rb1805,20170627,20170626,210728000,2893.0,1616,79610,46695780.0,2893.0,1,2891.0,5
rb1805,20170627,20170626,210728500,2893.0,1618,79610,46753640.0,2894.0,2,2891.0,5
rb1805,20170627,20170626,210729000,2893.0,1618,79610,46753640.0,2894.0,2,2891.0,5
rb1805,20170627,20170626,210729500,2894.0,1620,79612,46811520.0,2894.0,6,2891.0,5
rb1805,20170627,20170626,210730000,2894.0,1622,79614,46869400.0,2894.0,5,2891.0,5
rb1805,20170627,20170626,210730500,2894.0,1624,79616,46927280.0,2893.0,1,2891.0,5
rb1805,20170627,20170626,210731000,2893.0,1628,79618,47043000.0,2893.0,4,2891.0,5
rb1805,20170627,20170626,210731500,2893.0,1630,79620,47100860.0,2893.0,3,2891.0,5
rb1805,20170627,20170626,210732000,2893.0,1632,79622,47158720.0,2893.0,2,2891.0,5
rb1805,20170627,20170626,210732500,2893.0,1632,79622,47158720.0,2894.0,6,2893.0,1
rb1805,20170627,20170626,210733000,2893.0,1632,79622,47158720.0,2894.0,2,2893.0,1
rb1805,20170627,20170626,210733500,2891.0,1636,79620,47274400.0,2894.0,2,2891.0,4
rb1805,20170627,20170626,210734000,2894.0,1638,79622,47332280.0,2894.0,5,2892.0,2
rb1805,20170627,20170626,210734500,2894.0,1640,79622,47390160.0,2894.0,4,2892.0,2
rb1805,20170627,20170626,210735000,2894.0,1644,79620,47505920.0,2894.0,2,2893.0,1
rb1805,20170627,20170626,210735500,2893.0,1650,79616,47679540.0,2895.0,96,2894.0,1
rb1805,20170627,20170626,210736000,2894.0,1652,79618,47737420.0,2894.0,2,2892.0,12
rb1805,20170627,20170626,210736500,2895.0,1654,79618,47795320.0,2895.0,97,2892.0,12
rb1805,20170627,20170626,210737000,2893.0,1656,79618,47853180.0,2895.0,96,2893.0,4
rb1805,20170627,20170626,210738000,2893.0,1656,79618,47853180.0,2895.0,96,2893.0,9
rb1805,20170627,20170626,210738500,2893.0,1656,79618,47853180.0,2895.0,96,2893.0,9
rb1805,20170627,20170626,210739000,2893.0,1656,79618,47853180.0,2895.0,96,2893.0,9
rb1805,20170627,20170626,210740500,2895.0,1658,79618,47911080.0,2895.0,94,2893.0,9
rb1805,20170627,20170626,210741000,2895.0,1660,79618,47968980.0,2895.0,93,2893.0,9
rb1805,20170627,20170626,210741500,2895.0,1660,79618,47968980.0,2895.0,93,2893.0,9
rb1805,20170627,20170626,210742000,2895.0,1662,79618,48026880.0,2895.0,92,2893.0,9
rb1805,20170627,20170626,210742500,2895.0,1668,79618,48200580.0,2895.0,89,2893.0,9
rb1805,20170627,20170626,210743000,2895.0,1670,79618,48258480.0,2895.0,88,2893.0,9
rb1805,20170627,20170626,210743500,2895.0,1672,79618,48316380.0,2895.0,87,2893.0,9
rb1805,20170627,20170626,210744000,2895.0,1674,79618,48374280.0,2895.0,86,2893.0,9
rb1805,20170627,20170626,210744500,2895.0,1676,79618,48432180.0,2895.0,85,2893.0,9
rb1805,20170627,20170626,210745000,2895.0,1678,79618,48490080.0,2895.0,84,2893.0,9
rb1805,20170627,20170626,210745500,2895.0,1680,79618,48547980.0,2895.0,83,2893.0,9
rb1805,20170627,20170626,210746000,2895.0,1682,79618,48605880.0,2895.0,82,2893.0,9
rb1805,20170627,20170626,210746500,2895.0,1684,79618,48663780.0,2895.0,81,2893.0,9
rb1805,20170627,20170626,210747000,2893.0,1686,79618,48721640.0,2895.0,81,2893.0,8
rb1805,20170627,20170626,210747500,2895.0,1688,79618,48779540.0,2895.0,80,2893.0,8
rb1805,20170627,20170626,210748000,2893.0,1690,79618,48837400.0,2895.0,80,2893.0,7
rb1805,20170627,20170626,210749000,2895.0,1694,79618,48953160.0,2895.0,79,2893.0,6
rb1805,20170627,20170626,210749500,2893.0,1698,79618,49068920.0,2895.0,78,2893.0,6
rb1805,20170627,20170626,210750000,2893.0,1714,79618,49531840.0,2893.0,3,2892.0,18
rb1805,20170627,20170626,210750500,2893.0,1722,79614,49763280.0,2895.0,77,2893.0,2
rb1805,20170627,20170626,210751000,2895.0,1724,79614,49821180.0,2895.0,76,2893.0,3
rb1805,20170627,20170626,210751500,2895.0,1726,79614,49879080.0,2895.0,75,2893.0,5
rb1805,20170627,20170626,210752000,2895.0,1730,79614,49994840.0,2895.0,74,2893.0,4
rb1805,20170627,20170626,210752500,2895.0,1732,79614,50052740.0,2895.0,73,2893.0,5
rb1805,20170627,20170626,210753000,2893.0,1758,79592,50805400.0,2895.0,61,2893.0,4
rb1805,20170627,20170626,210753500,2895.0,1760,79592,50863300.0,2895.0,60,2893.0,4
rb1805,20170627,20170626,210754000,2893.0,1764,79592,50979060.0,2895.0,60,2893.0,3
rb1805,20170627,20170626,210754500,2893.0,1766,79592,51036920.0,2895.0,60,2893.0,2
rb1805,20170627,20170626,210755500,2895.0,1768,79592,51094820.0,2895.0,59,2893.0,2
rb1805,20170627,20170626,210756000,2893.0,1774,79592,51268480.0,2895.0,56,2893.0,1
rb1805,20170627,20170626,210756500,2895.0,1776,79592,51326380.0,2895.0,55,2893.0,1
rb1805,20170627,20170626,210757000,2894.0,1778,79592,51384260.0,2895.0,55,2894.0,3
rb1805,20170627,20170626,210757500,2895.0,1780,79592,51442160.0,2895.0,54,2894.0,3
rb1805,20170627,20170626,210758000,2893.0,1790,79592,51731540.0,2894.0,2,2892.0,16
rb1805,20170627,20170626,210758500,2893.0,1790,79592,51731540.0,2895.0,61,2894.0,1
rb1805,20170627,20170626,210759000,2894.0,1792,79594,51789420.0,2894.0,2,2892.0,16
rb1805,20170627,20170626,210759500,2894.0,1794,79594,51847300.0,2895.0,56,2893.0,2
rb1805,20170627,20170626,210800000,2895.0,1796,79594,51905200.0,2895.0,61,2893.0,7
rb1805,20170627,20170626,210800500,2895.0,1798,79594,51963100.0,2895.0,59,2893.0,7
rb1805,20170627,20170626,210801000,2893.0,1800,79592,52020960.0,2895.0,59,2893.0,6
rb1805,20170627,20170626,210801500,2895.0,1802,79592,52078860.0,2895.0,58,2893.0,6
rb1805,20170627,20170626,210802000,2895.0,1804,79592,52136760.0,2895.0,50,2893.0,6
rb1805,20170627,20170626,210802500,2895.0,1808,79590,52252520.0,2895.0,49,2893.0,5
rb1805,20170627,20170626,210803000,2895.0,1810,79590,52310420.0,2895.0,48,2893.0,5
rb1805,20170627,20170626,210803500,2895.0,1812,79590,52368320.0,2895.0,47,2893.0,5
rb1805,20170627,20170626,210804000,2893.0,1816,79590,52484080.0,2895.0,46,2893.0,4
rb1805,20170627,20170626,210804500,2895.0,1818,79590,52541980.0,2895.0,45,2893.0,4
rb1805,20170627,20170626,210805000,2895.0,1820,79590,52599880.0,2895.0,44,2893.0,4
rb1805,20170627,20170626,210805500,2895.0,1824,79590,52715640.0,2895.0,43,2893.0,4
rb1805,20170627,20170626,210806000,2895.0,1826,79590,52773540.0,2895.0,42,2893.0,4
rb1805,20170627,20170626,210806500,2893.0,1830,79590,52889300.0,2895.0,41,2893.0,3
rb1805,20170627,20170626,210807500,2893.0,1832,79590,52947160.0,2895.0,41,2893.0,2
rb1805,20170627,20170626,210808000,2895.0,1834,79590,53005060.0,2895.0,40,2893.0,2
rb1805,20170627,20170626,210808500,2893.0,1838,79590,53120820.0,2895.0,39,2893.0,1
rb1805,20170627,20170626,210809000,2895.0,1842,79590,53236620.0,2895.0,37,2893.0,2
rb1805,20170627,20170626,210809500,2895.0,1846,79590,53352380.0,2895.0,36,2893.0,1
rb1805,20170627,20170626,210810000,2895.0,1848,79590,53410280.0,2895.0,35,2893.0,1
rb1805,20170627,20170626,210810500,2893.0,1852,79590,53526040.0,2895.0,34,2892.0,16
rb1805,20170627,20170626,210811000,2895.0,1854,79590,53583940.0,2895.0,38,2892.0,16
rb1805,20170627,20170626,210811500,2892.0,1858,79590,53699680.0,2895.0,37,2892.0,15
rb1805,20170627,20170626,210812000,2895.0,1860,79590,53757580.0,2895.0,37,2892.0,15
rb1805,20170627,20170626,210812500,2895.0,1860,79590,53757580.0,2895.0,38,2892.0,15
rb1805,20170627,20170626,210813000,2895.0,1862,79590,53815480.0,2895.0,37,2892.0,15
rb1805,20170627,20170626,210813500,2895.0,1868,79590,53989120.0,2895.0,35,2892.0,14
rb1805,20170627,20170626,210814000,2895.0,1870,79590,54047020.0,2895.0,33,2892.0,14
rb1805,20170627,20170626,210814500,2892.0,1874,79590,54162760.0,2895.0,32,2892.0,15
rb1805,20170627,20170626,210815000,2894.0,1876,79592,54220640.0,2894.0,1,2892.0,15
rb1805,20170627,20170626,210815500,2894.0,1878,79594,54278520.0,2895.0,32,2893.0,1
rb1805,20170627,20170626,210816000,2895.0,1880,79594,54336420.0,2895.0,32,2893.0,1
rb1805,20170627,20170626,210816500,2895.0,1880,79594,54336420.0,2895.0,31,2893.0,10
rb1805,20170627,20170626,210817000,2893.0,1884,79594,54452180.0,2895.0,31,2893.0,9
rb1805,20170627,20170626,210817500,2893.0,1888,79594,54567900.0,2895.0,33,2893.0,7
rb1805,20170627,20170626,210818000,2893.0,1888,79594,54567900.0,2895.0,33,2893.0,7
rb1805,20170627,20170626,210818500,2893.0,1890,79594,54625760.0,2895.0,33,2893.0,6
rb1805,20170627,20170626,210819500,2895.0,1892,79594,54683660.0,2895.0,32,2893.0,6
rb1805,20170627,20170626,210820000,2893.0,1894,79594,54741520.0,2895.0,32,2893.0,6
rb1805,20170627,20170626,210821000,2893.0,1896,79594,54799380.0,2895.0,32,2893.0,5
rb1805,20170627,20170626,210822000,2895.0,1898,79594,54857280.0,2895.0,31,2893.0,5
rb1805,20170627,20170626,210822500,2893.0,1900,79594,54915140.0,2895.0,31,2893.0,4
rb1805,20170627,20170626,210823500,2893.0,1902,79594,54973000.0,2895.0,31,2893.0,3
rb1805,20170627,20170626,210824500,2893.0,1904,79594,55030860.0,2895.0,24,2893.0,2
rb1805,20170627,20170626,210825000,2895.0,1906,79594,55088760.0,2895.0,23,2893.0,2
rb1805,20170627,20170626,210825500,2893.0,1910,79594,55204520.0,2895.0,22,2893.0,1
rb1805,20170627,20170626,210826000,2893.0,1910,79594,55204520.0,2895.0,22,2893.0,1
rb1805,20170627,20170626,210826500,2893.0,1914,79594,55320280.0,2895.0,21,2892.0,16
rb1805,20170627,20170626,210827000,2893.0,1914,79594,55320280.0,2895.0,26,2893.0,2
rb1805,20170627,20170626,210827500,2895.0,1916,79594,55378180.0,2895.0,25,2893.0,2
rb1805,20170627,20170626,210828000,2895.0,1918,79594,55436080.0,2895.0,24,2893.0,2
rb1805,20170627,20170626,210828500,2893.0,1920,79592,55493940.0,2895.0,24,2893.0,1
rb1805,20170627,20170626,210829000,2895.0,1922,79592,55551840.0,2895.0,23,2893.0,1
rb1805,20170627,20170626,210829500,2895.0,1924,79592,55609740.0,2895.0,22,2893.0,1
rb1805,20170627,20170626,210830000,2893.0,1928,79590,55725500.0,2895.0,21,2892.0,16
rb1805,20170627,20170626,210830500,2895.0,1930,79590,55783400.0,2895.0,20,2892.0,16
rb1805,20170627,20170626,210831000,2895.0,1932,79590,55841300.0,2895.0,18,2892.0,16
rb1805,20170627,20170626,210832000,2895.0,1936,79590,55957100.0,2895.0,16,2892.0,16
rb1805,20170627,20170626,210832500,2895.0,1938,79590,56015000.0,2895.0,15,2892.0,16
rb1805,20170627,20170626,210833000,2895.0,1968,79564,56883500.0,2895.0,5,2892.0,16
rb1805,20170627,20170626,210833500,2895.0,1970,79564,56941400.0,2895.0,4,2892.0,16
rb1805,20170627,20170626,210834000,2895.0,1970,79564,56941400.0,2895.0,5,2892.0,16
rb1805,20170627,20170626,210834500,2895.0,1972,79564,56999300.0,2895.0,3,2893.0,1
rb1805,20170627,20170626,210835000,2893.0,1976,79564,57115060.0,2895.0,2,2892.0,16
rb1805,20170627,20170626,210836000,2895.0,1978,79564,57172960.0,2895.0,1,2892.0,16
rb1805,20170627,20170626,210836500,2895.0,1980,79564,57230860.0,2895.0,1,2892.0,16
rb1805,20170627,20170626,210837000,2895.0,1980,79564,57230860.0,2895.0,1,2893.0,2
rb1805,20170627,20170626,210837500,2895.0,1982,79564,57288760.0,2896.0,22,2893.0,3
rb1805,20170627,20170626,210838000,2895.0,1982,79564,57288760.0,2895.0,2,2893.0,8
rb1805,20170627,20170626,210838500,2892.0,2024,79556,58503620.0,2895.0,1,2892.0,5
rb1805,20170627,20170626,210839000,2895.0,2026,79556,58561520.0,2895.0,4,2894.0,1
rb1805,20170627,20170626,210839500,2895.0,2026,79556,58561520.0,2896.0,22,2895.0,1
rb1805,20170627,20170626,210840000,2895.0,2030,79560,58677320.0,2895.0,1,2894.0,2
rb1805,20170627,20170626,210841000,2895.0,2032,79560,58735220.0,2896.0,24,2894.0,2
rb1805,20170627,20170626,210841500,2896.0,2034,79560,58793140.0,2895.0,1,2894.0,2
rb1805,20170627,20170626,210842000,2888.0,2100,79542,60701000.0,2893.0,1,2888.0,22
rb1805,20170627,20170626,210842500,2893.0,2126,79538,61453180.0,2896.0,21,2889.0,6
rb1805,20170627,20170626,210843000,2893.0,2126,79538,61453180.0,2895.0,2,2889.0,7
rb1805,20170627,20170626,210843500,2895.0,2128,79540,61511080.0,2896.0,21,2890.0,11
rb1805,20170627,20170626,210844000,2896.0,2130,79540,61569000.0,2896.0,24,2895.0,5
rb1805,20170627,20170626,210844500,2895.0,2140,79550,61858500.0,2895.0,6,2890.0,16
rb1805,20170627,20170626,210845000,2895.0,2142,79550,61916400.0,2895.0,1,2891.0,1
rb1805,20170627,20170626,210845500,2895.0,2144,79550,61974300.0,2895.0,1,2891.0,6
rb1805,20170627,20170626,210846000,2895.0,2144,79550,61974300.0,2895.0,1,2893.0,3
rb1805,20170627,20170626,210846500,2895.0,2144,79550,61974300.0,2895.0,1,2893.0,3
rb1805,20170627,20170626,210847000,2895.0,2146,79550,62032200.0,2896.0,22,2893.0,3
rb1805,20170627,20170626,210847500,2896.0,2148,79550,62090120.0,2896.0,24,2893.0,8
rb1805,20170627,20170626,210848000,2896.0,2152,79548,62205920.0,2896.0,22,2894.0,2
rb1805,20170627,20170626,210848500,2896.0,2154,79548,62263840.0,2896.0,21,2894.0,2
rb1805,20170627,20170626,210849000,2896.0,2156,79548,62321760.0,2896.0,20,2894.0,2
rb1805,20170627,20170626,210849500,2896.0,2158,79548,62379680.0,2896.0,19,2894.0,2
rb1805,20170627,20170626,210850000,2896.0,2160,79548,62437600.0,2896.0,18,2894.0,2
rb1805,20170627,20170626,210850500,2894.0,2164,79546,62553400.0,2895.0,1,2894.0,1
rb1805,20170627,20170626,210851000,2895.0,2166,79546,62611300.0,2896.0,14,2894.0,1
rb1805,20170627,20170626,210851500,2896.0,2168,79546,62669220.0,2896.0,16,2894.0,1
rb1805,20170627,20170626,210852000,2894.0,2172,79544,62785020.0,2896.0,15,2893.0,9
rb1805,20170627,20170626,210852500,2896.0,2174,79544,62842940.0,2896.0,14,2894.0,2
rb1805,20170627,20170626,210853000,2894.0,2178,79544,62958740.0,2896.0,13,2894.0,1
rb1805,20170627,20170626,210853500,2896.0,2180,79544,63016660.0,2896.0,12,2894.0,1
rb1805,20170627,20170626,210854000,2896.0,2182,79544,63074580.0,2895.0,11,2894.0,1
rb1805,20170627,20170626,210854500,2895.0,2184,79544,63132480.0,2895.0,10,2894.0,1
rb1805,20170627,20170626,210855000,2895.0,2186,79544,63190380.0,2895.0,9,2894.0,1
rb1805,20170627,20170626,210855500,2895.0,2204,79526,63711480.0,2896.0,9,2895.0,1
rb1805,20170627,20170626,210856000,2896.0,2218,79530,64116860.0,2896.0,10,2894.0,1
rb1805,20170627,20170626,210856500,2896.0,2220,79530,64174780.0,2896.0,12,2894.0,1
rb1805,20170627,20170626,210857000,2896.0,2222,79530,64232700.0,2896.0,11,2894.0,1
rb1805,20170627,20170626,210857500,2896.0,2224,79530,64290620.0,2896.0,11,2894.0,3
rb1805,20170627,20170626,210858000,2894.0,2226,79530,64348500.0,2895.0,1,2894.0,2
rb1805,20170627,20170626,210858500,2895.0,2228,79532,64406400.0,2895.0,3,2894.0,2
rb1805,20170627,20170626,210900000,2895.0,2230,79532,64464300.0,2895.0,2,2894.0,2
rb1805,20170627,20170626,210900500,2895.0,2232,79532,64522200.0,2895.0,1,2894.0,2
rb1805,20170627,20170626,210901000,2895.0,2234,79532,64580100.0,2896.0,4,2894.0,2
rb1805,20170627,20170626,210901500,2894.0,2236,79532,64637980.0,2895.0,3,2894.0,1
rb1805,20170627,20170626,210902000,2895.0,2238,79532,64695880.0,2895.0,2,2894.0,1
rb1805,20170627,20170626,210902500,2895.0,2240,79532,64753780.0,2895.0,1,2894.0,1
rb1805,20170627,20170626,210903000,2895.0,2242,79532,64811680.0,2896.0,4,2894.0,1
rb1805,20170627,20170626,210903500,2895.0,2242,79532,64811680.0,2896.0,9,2894.0,1
rb1805,20170627,20170626,210904000,2896.0,2244,79532,64869600.0,2896.0,8,2894.0,1
rb1805,20170627,20170626,210904500,2894.0,2246,79532,64927480.0,2896.0,8,2893.0,11
rb1805,20170627,20170626,210905000,2896.0,2248,79532,64985400.0,2895.0,11,2893.0,11
rb1805,20170627,20170626,210905500,2895.0,2250,79532,65043300.0,2895.0,10,2893.0,11
rb1805,20170627,20170626,210906000,2895.0,2252,79532,65101200.0,2895.0,9,2893.0,11
rb1805,20170627,20170626,210906500,2895.0,2254,79532,65159100.0,2895.0,8,2893.0,11
rb1805,20170627,20170626,210907000,2893.0,2258,79532,65274860.0,2895.0,7,2893.0,10
rb1805,20170627,20170626,210907500,2893.0,2270,79532,65622060.0,2895.0,6,2894.0,6
rb1805,20170627,20170626,210908000,2895.0,2272,79532,65679960.0,2895.0,5,2894.0,12
rb1805,20170627,20170626,210908500,2895.0,2274,79532,65737860.0,2895.0,4,2894.0,12
rb1805,20170627,20170626,210909000,2895.0,2276,79532,65795760.0,2895.0,3,2894.0,12
rb1805,20170627,20170626,210909500,2895.0,2280,79530,65911540.0,2895.0,13,2894.0,11
rb1805,20170627,20170626,210910000,2895.0,2282,79530,65969440.0,2895.0,12,2894.0,11
rb1805,20170627,20170626,210910500,2894.0,2294,79524,66316740.0,2895.0,11,2894.0,6
rb1805,20170627,20170626,210911000,2895.0,2302,79524,66548280.0,2895.0,9,2894.0,3
rb1805,20170627,20170626,210911500,2895.0,2310,79518,66779820.0,2895.0,9,2893.0,5
rb1805,20170627,20170626,210912000,2895.0,2312,79520,66837720.0,2894.0,2,2893.0,3
rb1805,20170627,20170626,210912500,2894.0,2314,79522,66895600.0,2894.0,1,2893.0,3
rb1805,20170627,20170626,210913000,2894.0,2316,79524,66953480.0,2895.0,4,2893.0,3
rb1805,20170627,20170626,210913500,2895.0,2318,79524,67011380.0,2895.0,8,2893.0,3
rb1805,20170627,20170626,210914000,2895.0,2320,79524,67069280.0,2895.0,7,2893.0,3
rb1805,20170627,20170626,210914500,2895.0,2322,79524,67127180.0,2895.0,6,2893.0,3
rb1805,20170627,20170626,210915000,2895.0,2324,79526,67185080.0,2895.0,5,2893.0,3
rb1805,20170627,20170626,210915500,2895.0,2326,79526,67242980.0,2895.0,4,2893.0,3
rb1805,20170627,20170626,210916000,2895.0,2328,79526,67300880.0,2895.0,3,2893.0,3
rb1805,20170627,20170626,210916500,2895.0,2330,79526,67358780.0,2895.0,3,2893.0,3
rb1805,20170627,20170626,210917000,2895.0,2334,79526,67474580.0,2895.0,8,2893.0,3
rb1805,20170627,20170626,210917500,2895.0,2336,79526,67532480.0,2895.0,9,2893.0,3
rb1805,20170627,20170626,210918000,2895.0,2338,79526,67590380.0,2895.0,9,2893.0,3
rb1805,20170627,20170626,210918500,2895.0,2346,79518,67821980.0,2895.0,5,2893.0,3
rb1805,20170627,20170626,210919000,2895.0,2348,79518,67879880.0,2895.0,4,2893.0,3
rb1805,20170627,20170626,210919500,2895.0,2350,79520,67937780.0,2895.0,3,2893.0,3
rb1805,20170627,20170626,210920000,2895.0,2356,79518,68111480.0,2896.0,11,2895.0,16
rb1805,20170627,20170626,210920500,2895.0,2372,79506,68574700.0,2896.0,13,2895.0,9
rb1805,20170627,20170626,210921000,2896.0,2374,79506,68632620.0,2896.0,12,2895.0,9
rb1805,20170627,20170626,210921500,2896.0,2376,79506,68690540.0,2896.0,11,2895.0,9
rb1805,20170627,20170626,210922000,2896.0,2380,79506,68806360.0,2896.0,10,2895.0,8
rb1805,20170627,20170626,210922500,2896.0,2384,79504,68922200.0,2896.0,5,2895.0,8
rb1805,20170627,20170626,210923000,2896.0,2386,79504,68980120.0,2896.0,4,2895.0,8
rb1805,20170627,20170626,210923500,2896.0,2388,79504,69038040.0,2896.0,3,2895.0,8
rb1805,20170627,20170626,210924000,2896.0,2390,79504,69095960.0,2896.0,2,2895.0,8
rb1805,20170627,20170626,210924500,2896.0,2392,79504,69153880.0,2896.0,1,2895.0,8
rb1805,20170627,20170626,210925000,2896.0,2394,79504,69211800.0,2897.0,4,2895.0,15
rb1805,20170627,20170626,210925500,2897.0,2396,79504,69269740.0,2897.0,7,2895.0,13
rb1805,20170627,20170626,210926000,2895.0,2428,79478,70196260.0,2895.0,9,2894.0,30
rb1805,20170627,20170626,210926500,2895.0,2450,79460,70833140.0,2895.0,1,2894.0,29
rb1805,20170627,20170626,210927000,2895.0,2452,79460,70891040.0,2897.0,2,2896.0,2
rb1805,20170627,20170626,210927500,2897.0,2454,79460,70948980.0,2897.0,4,2896.0,2
rb1805,20170627,20170626,210928000,2897.0,2458,79460,71064860.0,2897.0,2,2896.0,2
rb1805,20170627,20170626,210928500,2897.0,2460,79460,71122800.0,2897.0,1,2896.0,2
rb1805,20170627,20170626,210929000,2897.0,2462,79460,71180740.0,2898.0,49,2896.0,2
rb1805,20170627,20170626,210929500,2897.0,2462,79460,71180740.0,2897.0,3,2896.0,2
rb1805,20170627,20170626,210930000,2897.0,2464,79460,71238680.0,2897.0,2,2896.0,2
rb1805,20170627,20170626,210930500,2897.0,2466,79460,71296620.0,2897.0,1,2896.0,2
rb1805,20170627,20170626,210931000,2897.0,2468,79460,71354560.0,2897.0,1,2896.0,2
rb1805,20170627,20170626,210931500,2897.0,2468,79460,71354560.0,2897.0,2,2896.0,2
rb1805,20170627,20170626,210932000,2897.0,2470,79460,71412500.0,2897.0,1,2896.0,2
rb1805,20170627,20170626,210932500,2896.0,2474,79464,71528340.0,2897.0,2,2895.0,12
rb1805,20170627,20170626,210934000,2897.0,2476,79464,71586280.0,2898.0,49,2895.0,14
rb1805,20170627,20170626,210934500,2897.0,2476,79464,71586280.0,2897.0,2,2895.0,19
rb1805,20170627,20170626,210935000,2897.0,2478,79464,71644220.0,2897.0,1,2895.0,19
rb1805,20170627,20170626,210935500,2897.0,2480,79464,71702160.0,2898.0,54,2895.0,19
rb1805,20170627,20170626,210936000,2897.0,2480,79464,71702160.0,2898.0,54,2895.0,19
rb1805,20170627,20170626,210936500,2897.0,2480,79464,71702160.0,2897.0,5,2895.0,19
rb1805,20170627,20170626,210937000,2895.0,2488,79456,71933760.0,2897.0,5,2895.0,15
rb1805,20170627,20170626,210937500,2895.0,2488,79456,71933760.0,2897.0,6,2895.0,7
rb1805,20170627,20170626,210941000,2895.0,2488,79456,71933760.0,2897.0,6,2895.0,7
rb1805,20170627,20170626,210941500,2897.0,2490,79456,71991700.0,2898.0,54,2895.0,7
rb1805,20170627,20170626,210942000,2897.0,2490,79456,71991700.0,2898.0,55,2895.0,7
rb1805,20170627,20170626,210943000,2897.0,2490,79456,71991700.0,2896.0,2,2895.0,7
rb1805,20170627,20170626,210943500,2896.0,2494,79454,72107540.0,2898.0,54,2895.0,7
rb1805,20170627,20170626,210944000,2896.0,2494,79454,72107540.0,2898.0,55,2895.0,7
rb1805,20170627,20170626,210945000,2896.0,2494,79454,72107540.0,2898.0,55,2895.0,7
rb1805,20170627,20170626,210945500,2896.0,2494,79454,72107540.0,2898.0,55,2895.0,7
rb1805,20170627,20170626,210946000,2896.0,2494,79454,72107540.0,2898.0,55,2896.0,1
rb1805,20170627,20170626,210947000,2896.0,2494,79454,72107540.0,2898.0,55,2896.0,6
rb1805,20170627,20170626,210947500,2896.0,2496,79456,72165460.0,2898.0,55,2896.0,5
rb1805,20170627,20170626,210948000,2896.0,2496,79456,72165460.0,2898.0,55,2896.0,5
rb1805,20170627,20170626,210949000,2896.0,2496,79456,72165460.0,2898.0,55,2896.0,5
rb1805,20170627,20170626,210949500,2896.0,2496,79456,72165460.0,2898.0,55,2896.0,5
rb1805,20170627,20170626,210950000,2896.0,2496,79456,72165460.0,2898.0,55,2896.0,5
rb1805,20170627,20170626,210953000,2896.0,2496,79456,72165460.0,2898.0,50,2896.0,5
rb1805,20170627,20170626,210954000,2896.0,2496,79456,72165460.0,2897.0,1,2896.0,5
rb1805,20170627,20170626,210954500,2897.0,2498,79456,72223400.0,2898.0,51,2896.0,5
rb1805,20170627,20170626,210955500,2897.0,2498,79456,72223400.0,2897.0,1,2896.0,5
rb1805,20170627,20170626,210956000,2897.0,2500,79456,72281340.0,2898.0,51,2895.0,15
rb1805,20170627,20170626,210956500,2897.0,2500,79456,72281340.0,2898.0,56,2896.0,2
rb1805,20170627,20170626,210957500,2897.0,2500,79456,72281340.0,2898.0,56,2896.0,7
rb1805,20170627,20170626,210959000,2897.0,2500,79456,72281340.0,2898.0,56,2897.0,100
rb1805,20170627,20170626,210959500,2897.0,2500,79456,72281340.0,2898.0,56,2897.0,100
rb1805,20170627,20170626,211000000,2897.0,2500,79456,72281340.0,2898.0,56,2897.0,100
rb1805,20170627,20170626,211000500,2897.0,2500,79456,72281340.0,2898.0,51,2897.0,100
rb1805,20170627,20170626,211001000,2897.0,2502,79458,72339280.0,2898.0,51,2897.0,99
rb1805,20170627,20170626,211002000,2897.0,2502,79458,72339280.0,2898.0,51,2897.0,99
rb1805,20170627,20170626,211003000,2897.0,2504,79458,72397220.0,2898.0,51,2897.0,98
rb1805,20170627,20170626,211003500,2897.0,2504,79458,72397220.0,2898.0,50,2897.0,98
rb1805,20170627,20170626,211005500,2898.0,2544,79460,73556420.0,2898.0,30,2897.0,98
rb1805,20170627,20170626,211006000,2897.0,2548,79462,73672320.0,2898.0,29,2897.0,97
rb1805,20170627,20170626,211006500,2898.0,2550,79462,73730280.0,2898.0,28,2897.0,97
rb1805,20170627,20170626,211007000,2898.0,2550,79462,73730280.0,2898.0,29,2897.0,97
rb1805,20170627,20170626,211008000,2898.0,2552,79462,73788240.0,2898.0,28,2897.0,97
rb1805,20170627,20170626,211008500,2898.0,2552,79462,73788240.0,2898.0,27,2897.0,97
rb1805,20170627,20170626,211009500,2898.0,2552,79462,73788240.0,2898.0,27,2897.0,97
rb1805,20170627,20170626,211010000,2897.0,2554,79462,73846180.0,2898.0,27,2897.0,96
rb1805,20170627,20170626,211010500,2897.0,2554,79462,73846180.0,2898.0,28,2897.0,96
rb1805,20170627,20170626,211011000,2898.0,2556,79462,73904140.0,2898.0,27,2897.0,96
rb1805,20170627,20170626,211011500,2898.0,2562,79462,74078020.0,2898.0,24,2897.0,96
rb1805,20170627,20170626,211012000,2898.0,2564,79462,74135980.0,2898.0,24,2897.0,98
rb1805,20170627,20170626,211012500,2898.0,2572,79456,74367820.0,2898.0,20,2897.0,103
rb1805,20170627,20170626,211013000,2898.0,2574,79456,74425780.0,2898.0,19,2897.0,103
rb1805,20170627,20170626,211013500,2898.0,2578,79456,74541700.0,2898.0,17,2897.0,103
rb1805,20170627,20170626,211014000,2898.0,2580,79456,74599660.0,2898.0,16,2897.0,103
rb1805,20170627,20170626,211014500,2898.0,2584,79456,74715580.0,2898.0,14,2897.0,103
rb1805,20170627,20170626,211015000,2898.0,2586,79456,74773540.0,2898.0,13,2897.0,104
rb1805,20170627,20170626,211015500,2897.0,2606,79456,75352940.0,2898.0,12,2897.0,94
rb1805,20170627,20170626,211016000,2898.0,2608,79456,75410900.0,2898.0,12,2897.0,90
rb1805,20170627,20170626,211016500,2898.0,2608,79456,75410900.0,2898.0,12,2897.0,90
rb1805,20170627,20170626,211017000,2898.0,2608,79456,75410900.0,2898.0,12,2897.0,90
rb1805,20170627,20170626,211017500,2898.0,2610,79456,75468860.0,2898.0,11,2897.0,90
rb1805,20170627,20170626,211018000,2898.0,2612,79456,75526820.0,2898.0,10,2897.0,90
rb1805,20170627,20170626,211018500,2898.0,2614,79456,75584780.0,2898.0,9,2897.0,90
rb1805,20170627,20170626,211019000,2898.0,2616,79456,75642740.0,2898.0,8,2897.0,90
rb1805,20170627,20170626,211019500,2898.0,2618,79456,75700700.0,2898.0,7,2897.0,90
rb1805,20170627,20170626,211020000,2898.0,2620,79456,75758660.0,2898.0,6,2897.0,90
rb1805,20170627,20170626,211020500,2898.0,2622,79456,75816620.0,2898.0,5,2897.0,90
rb1805,20170627,20170626,211021000,2898.0,2626,79456,75932540.0,2898.0,3,2897.0,90
rb1805,20170627,20170626,211021500,2898.0,2632,79456,76106420.0,2899.0,8,2898.0,13
rb1805,20170627,20170626,211022000,2899.0,2644,79454,76454300.0,2899.0,3,2898.0,13
rb1805,20170627,20170626,211022500,2899.0,2644,79454,76454300.0,2899.0,2,2898.0,13
rb1805,20170627,20170626,211023000,2899.0,2646,79454,76512280.0,2899.0,1,2898.0,13
rb1805,20170627,20170626,211024500,2899.0,2646,79454,76512280.0,2899.0,2,2898.0,13
rb1805,20170627,20170626,211025000,2899.0,2648,79454,76570260.0,2899.0,1,2898.0,13
rb1805,20170627,20170626,211025500,2898.0,2650,79454,76628220.0,2899.0,1,2898.0,12
rb1805,20170627,20170626,211026000,2898.0,2650,79454,76628220.0,2899.0,1,2898.0,12
rb1805,20170627,20170626,211026500,2898.0,2664,79454,77033940.0,2899.0,1,2898.0,5
rb1805,20170627,20170626,211027000,2898.0,2666,79454,77091900.0,2899.0,1,2898.0,4
rb1805,20170627,20170626,211028000,2898.0,2668,79454,77149860.0,2899.0,2,2898.0,3
rb1805,20170627,20170626,211028500,2898.0,2668,79454,77149860.0,2899.0,1,2898.0,3
rb1805,20170627,20170626,211029000,2898.0,2668,79454,77149860.0,2899.0,1,2898.0,3
rb1805,20170627,20170626,211030000,2899.0,2670,79456,77207840.0,2899.0,1,2898.0,3
rb1805,20170627,20170626,211030500,2899.0,2670,79456,77207840.0,2899.0,1,2898.0,3
rb1805,20170627,20170626,211031000,2899.0,2672,79456,77265820.0,2900.0,160,2898.0,5
rb1805,20170627,20170626,211031500,2899.0,2672,79456,77265820.0,2900.0,163,2898.0,5
rb1805,20170627,20170626,211032500,2899.0,2672,79456,77265820.0,2899.0,1,2898.0,5
rb1805,20170627,20170626,211033000,2899.0,2672,79456,77265820.0,2899.0,2,2898.0,5
rb1805,20170627,20170626,211033500,2899.0,2672,79456,77265820.0,2899.0,2,2898.0,5
rb1805,20170627,20170626,211034500,2899.0,2674,79454,77323800.0,2899.0,1,2898.0,5
rb1805,20170627,20170626,211035000,2899.0,2676,79454,77381780.0,2900.0,160,2898.0,6
rb1805,20170627,20170626,211035500,2899.0,2676,79454,77381780.0,2900.0,163,2899.0,1
rb1805,20170627,20170626,211036000,2899.0,2678,79454,77439760.0,2899.0,3,2898.0,6
rb1805,20170627,20170626,211036500,2899.0,2680,79452,77497740.0,2900.0,160,2898.0,6
rb1805,20170627,20170626,211037000,2899.0,2680,79452,77497740.0,2900.0,163,2899.0,1
rb1805,20170627,20170626,211037500,2899.0,2684,79454,77613700.0,2899.0,2,2898.0,6
rb1805,20170627,20170626,211038000,2899.0,2686,79452,77671680.0,2899.0,1,2898.0,6
rb1805,20170627,20170626,211038500,2899.0,2688,79452,77729660.0,2900.0,160,2898.0,6
rb1805,20170627,20170626,211039000,2899.0,2688,79452,77729660.0,2900.0,163,2899.0,1
rb1805,20170627,20170626,211040500,2899.0,2688,79452,77729660.0,2900.0,163,2899.0,2
rb1805,20170627,20170626,211041000,2899.0,2688,79452,77729660.0,2900.0,163,2899.0,2
rb1805,20170627,20170626,211041500,2899.0,2688,79452,77729660.0,2900.0,163,2899.0,2
rb1805,20170627,20170626,211042000,2899.0,2688,79452,77729660.0,2900.0,163,2899.0,2
rb1805,20170627,20170626,211042500,2899.0,2688,79452,77729660.0,2900.0,163,2899.0,2
rb1805,20170627,20170626,211043000,2899.0,2690,79452,77787640.0,2900.0,163,2899.0,1
rb1805,20170627,20170626,211043500,2900.0,2692,79452,77845640.0,2900.0,162,2899.0,1
rb1805,20170627,20170626,211044000,2898.0,2702,79448,78135580.0,2900.0,159,2898.0,6
rb1805,20170627,20170626,211044500,2900.0,2704,79446,78193580.0,2900.0,158,2898.0,6
rb1805,20170627,20170626,211045000,2900.0,2708,79444,78309580.0,2900.0,156,2898.0,6
rb1805,20170627,20170626,211045500,2900.0,2710,79442,78367580.0,2899.0,1,2898.0,6
rb1805,20170627,20170626,211046000,2900.0,2714,79438,78483560.0,2900.0,151,2899.0,1
rb1805,20170627,20170626,211046500,2900.0,2714,79438,78483560.0,2900.0,151,2899.0,1
rb1805,20170627,20170626,211047000,2900.0,2714,79438,78483560.0,2900.0,151,2899.0,1
rb1805,20170627,20170626,211047500,2900.0,2714,79438,78483560.0,2900.0,151,2899.0,1
rb1805,20170627,20170626,211048000,2900.0,2714,79438,78483560.0,2900.0,151,2899.0,1
rb1805,20170627,20170626,211049000,2900.0,2714,79438,78483560.0,2900.0,151,2899.0,1
rb1805,20170627,20170626,211049500,2900.0,2714,79438,78483560.0,2900.0,152,2899.0,2
rb1805,20170627,20170626,211050000,2899.0,2716,79438,78541540.0,2900.0,152,2899.0,1
rb1805,20170627,20170626,211050500,2900.0,2718,79436,78599540.0,2900.0,151,2899.0,1
rb1805,20170627,20170626,211051000,2900.0,2720,79434,78657540.0,2900.0,150,2899.0,1
rb1805,20170627,20170626,211051500,2900.0,2722,79432,78715540.0,2900.0,149,2899.0,1
rb1805,20170627,20170626,211052000,2900.0,2724,79430,78773540.0,2900.0,148,2899.0,1
rb1805,20170627,20170626,211052500,2900.0,2726,79428,78831540.0,2900.0,147,2899.0,1
rb1805,20170627,20170626,211053000,2900.0,2730,79426,78947540.0,2900.0,145,2899.0,1
rb1805,20170627,20170626,211053500,2899.0,2734,79426,79063520.0,2900.0,144,2898.0,14
rb1805,20170627,20170626,211054000,2900.0,2736,79426,79121520.0,2900.0,143,2898.0,14
rb1805,20170627,20170626,211054500,2900.0,2738,79426,79179520.0,2900.0,142,2898.0,14
rb1805,20170627,20170626,211055000,2900.0,2740,79426,79237520.0,2900.0,141,2898.0,14
rb1805,20170627,20170626,211055500,2900.0,2742,79426,79295520.0,2900.0,140,2899.0,1
rb1805,20170627,20170626,211056000,2900.0,2744,79426,79353520.0,2900.0,139,2899.0,1
rb1805,20170627,20170626,211056500,2900.0,2758,79426,79759500.0,2900.0,133,2898.0,14
rb1805,20170627,20170626,211057000,2900.0,2760,79426,79817500.0,2900.0,132,2898.0,15
rb1805,20170627,20170626,211057500,2900.0,2762,79426,79875500.0,2900.0,132,2898.0,15
rb1805,20170627,20170626,211058000,2900.0,2768,79426,80049500.0,2900.0,129,2898.0,15
rb1805,20170627,20170626,211058500,2900.0,2768,79426,80049500.0,2900.0,129,2898.0,13
rb1805,20170627,20170626,211059000,2900.0,2768,79426,80049500.0,2900.0,129,2898.0,13
rb1805,20170627,20170626,211059500,2898.0,2782,79440,80455220.0,2900.0,129,2898.0,6
rb1805,20170627,20170626,211100000,2900.0,2784,79440,80513220.0,2900.0,128,2898.0,6
rb1805,20170627,20170626,211100500,2900.0,2784,79440,80513220.0,2900.0,128,2898.0,6
rb1805,20170627,20170626,211101500,2900.0,2786,79440,80571220.0,2900.0,127,2898.0,6
rb1805,20170627,20170626,211102000,2900.0,2786,79440,80571220.0,2900.0,132,2898.0,6
rb1805,20170627,20170626,211103000,2900.0,2786,79440,80571220.0,2900.0,135,2898.0,6
rb1805,20170627,20170626,211104500,2900.0,2786,79440,80571220.0,2899.0,1,2898.0,6
rb1805,20170627,20170626,211105000,2900.0,2786,79440,80571220.0,2899.0,1,2898.0,6
rb1805,20170627,20170626,211105500,2900.0,2788,79442,80629220.0,2900.0,133,2898.0,6
rb1805,20170627,20170626,211106000,2900.0,2790,79442,80687220.0,2900.0,132,2898.0,6
rb1805,20170627,20170626,211106500,2900.0,2790,79442,80687220.0,2900.0,132,2898.0,6
rb1805,20170627,20170626,211107000,2900.0,2790,79442,80687220.0,2900.0,132,2898.0,7
rb1805,20170627,20170626,211108000,2900.0,2790,79442,80687220.0,2900.0,132,2898.0,7
rb1805,20170627,20170626,211109500,2898.0,2792,79444,80745180.0,2900.0,133,2898.0,6
rb1805,20170627,20170626,211110000,2898.0,2792,79444,80745180.0,2900.0,133,2898.0,7
rb1805,20170627,20170626,211110500,2898.0,2794,79446,80803140.0,2900.0,133,2898.0,6
rb1805,20170627,20170626,211111000,2898.0,2794,79446,80803140.0,2899.0,1,2898.0,6
rb1805,20170627,20170626,211111500,2898.0,2794,79446,80803140.0,2899.0,1,2898.0,6
rb1805,20170627,20170626,211112000,2898.0,2794,79446,80803140.0,2899.0,1,2898.0,5
rb1805,20170627,20170626,211113500,2898.0,2794,79446,80803140.0,2899.0,1,2898.0,5
rb1805,20170627,20170626,211116500,2898.0,2794,79446,80803140.0,2899.0,1,2898.0,5
rb1805,20170627,20170626,211117000,2898.0,2794,79446,80803140.0,2899.0,1,2898.0,6
rb1805,20170627,20170626,211118000,2898.0,2798,79446,80919060.0,2899.0,1,2898.0,4
rb1805,20170627,20170626,211118500,2898.0,2798,79446,80919060.0,2899.0,2,2898.0,4
rb1805,20170627,20170626,211119000,2898.0,2798,79446,80919060.0,2899.0,2,2898.0,5
rb1805,20170627,20170626,211119500,2898.0,2798,79446,80919060.0,2899.0,2,2898.0,5
rb1805,20170627,20170626,211120500,2898.0,2798,79446,80919060.0,2899.0,1,2898.0,5
rb1805,20170627,20170626,211121500,2898.0,2798,79446,80919060.0,2899.0,1,2898.0,5
rb1805,20170627,20170626,211122500,2898.0,2798,79446,80919060.0,2899.0,1,2898.0,6
rb1805,20170627,20170626,211124500,2898.0,2798,79446,80919060.0,2899.0,1,2898.0,6
rb1805,20170627,20170626,211125500,2898.0,2798,79446,80919060.0,2899.0,1,2898.0,6
rb1805,20170627,20170626,211126500,2898.0,2798,79446,80919060.0,2899.0,1,2898.0,8
rb1805,20170627,20170626,211127000,2899.0,2800,79446,80977040.0,2900.0,133,2899.0,1
rb1805,20170627,20170626,211127500,2899.0,2800,79446,80977040.0,2900.0,133,2898.0,8
rb1805,20170627,20170626,211128000,2899.0,2800,79446,80977040.0,2900.0,128,2898.0,16
rb1805,20170627,20170626,211128500,2899.0,2800,79446,80977040.0,2900.0,128,2898.0,17
rb1805,20170627,20170626,211129500,2899.0,2800,79446,80977040.0,2900.0,128,2898.0,17
rb1805,20170627,20170626,211130000,2899.0,2800,79446,80977040.0,2900.0,128,2898.0,17
rb1805,20170627,20170626,211130500,2899.0,2800,79446,80977040.0,2900.0,133,2898.0,16
rb1805,20170627,20170626,211131000,2899.0,2800,79446,80977040.0,2900.0,133,2899.0,1
rb1805,20170627,20170626,211131500,2899.0,2802,79448,81035020.0,2900.0,133,2898.0,16
rb1805,20170627,20170626,211132000,2899.0,2802,79448,81035020.0,2900.0,128,2898.0,16
rb1805,20170627,20170626,211132500,2900.0,2804,79446,81093020.0,2900.0,127,2898.0,16
rb1805,20170627,20170626,211133000,2900.0,2804,79446,81093020.0,2900.0,127,2898.0,18
rb1805,20170627,20170626,211133500,2900.0,2804,79446,81093020.0,2900.0,127,2898.0,17
rb1805,20170627,20170626,211134000,2900.0,2804,79446,81093020.0,2900.0,127,2898.0,18
rb1805,20170627,20170626,211135000,2900.0,2804,79446,81093020.0,2900.0,127,2899.0,6
rb1805,20170627,20170626,211135500,2900.0,2804,79446,81093020.0,2900.0,127,2899.0,12
rb1805,20170627,20170626,211136500,2900.0,2804,79446,81093020.0,2900.0,127,2899.0,12
rb1805,20170627,20170626,211137000,2900.0,2804,79446,81093020.0,2900.0,127,2898.0,16
rb1805,20170627,20170626,211140500,2900.0,2804,79446,81093020.0,2900.0,127,2898.0,16
rb1805,20170627,20170626,211141000,2898.0,2808,79446,81208940.0,2900.0,127,2898.0,14
rb1805,20170627,20170626,211142500,2900.0,2810,79446,81266940.0,2900.0,126,2898.0,14
rb1805,20170627,20170626,211143000,2898.0,2838,79430,82078380.0,2898.0,11,2897.0,101
rb1805,20170627,20170626,211143500,2898.0,2856,79416,82600020.0,2898.0,2,2897.0,101
rb1805,20170627,20170626,211144000,2898.0,2860,79416,82715940.0,2900.0,126,2898.0,2
rb1805,20170627,20170626,211145000,2900.0,2862,79416,82773940.0,2900.0,125,2898.0,1
rb1805,20170627,20170626,211147500,2900.0,2866,79416,82889940.0,2900.0,123,2898.0,1
rb1805,20170627,20170626,211148500,2900.0,2866,79416,82889940.0,2900.0,128,2897.0,101
rb1805,20170627,20170626,211149000,2900.0,2866,79416,82889940.0,2900.0,128,2897.0,101
rb1805,20170627,20170626,211150000,2900.0,2866,79416,82889940.0,2900.0,129,2897.0,101
rb1805,20170627,20170626,211150500,2900.0,2866,79416,82889940.0,2900.0,129,2897.0,101
rb1805,20170627,20170626,211151500,2900.0,2866,79416,82889940.0,2900.0,129,2897.0,100
rb1805,20170627,20170626,211152000,2900.0,2866,79416,82889940.0,2899.0,7,2898.0,1
rb1805,20170627,20170626,211152500,2897.0,2884,79418,83411420.0,2898.0,9,2897.0,92
rb1805,20170627,20170626,211153000,2897.0,2884,79418,83411420.0,2898.0,2,2897.0,92
rb1805,20170627,20170626,211153500,2897.0,2884,79418,83411420.0,2898.0,2,2897.0,92
rb1805,20170627,20170626,211154000,2897.0,2884,79418,83411420.0,2898.0,1,2897.0,92
rb1805,20170627,20170626,211155000,2897.0,2884,79418,83411420.0,2898.0,1,2897.0,92
rb1805,20170627,20170626,211156000,2897.0,2884,79418,83411420.0,2898.0,1,2897.0,92
rb1805,20170627,20170626,211156500,2897.0,2884,79418,83411420.0,2898.0,1,2897.0,92
rb1805,20170627,20170626,211157000,2897.0,2884,79418,83411420.0,2899.0,1,2897.0,92
rb1805,20170627,20170626,211157500,2897.0,2884,79418,83411420.0,2899.0,1,2897.0,92
rb1805,20170627,20170626,211158000,2899.0,2886,79418,83469400.0,2899.0,5,2897.0,92
rb1805,20170627,20170626,211158500,2897.0,2888,79420,83527340.0,2899.0,5,2897.0,91
rb1805,20170627,20170626,211159500,2897.0,2888,79420,83527340.0,2899.0,5,2897.0,91
rb1805,20170627,20170626,211201000,2897.0,2888,79420,83527340.0,2899.0,5,2897.0,91
rb1805,20170627,20170626,211201500,2897.0,2888,79420,83527340.0,2899.0,5,2897.0,92
rb1805,20170627,20170626,211202000,2897.0,2888,79420,83527340.0,2899.0,5,2898.0,1
rb1805,20170627,20170626,211202500,2898.0,2890,79422,83585300.0,2898.0,5,2897.0,92
rb1805,20170627,20170626,211203000,2898.0,2892,79422,83643260.0,2899.0,5,2897.0,92
rb1805,20170627,20170626,211203500,2899.0,2894,79424,83701240.0,2899.0,4,2897.0,92
rb1805,20170627,20170626,211204000,2899.0,2894,79424,83701240.0,2899.0,4,2897.0,92
rb1805,20170627,20170626,211204500,2899.0,2894,79424,83701240.0,2899.0,4,2897.0,92
rb1805,20170627,20170626,211206000,2899.0,2894,79424,83701240.0,2899.0,4,2897.0,92
rb1805,20170627,20170626,211207500,2899.0,2894,79424,83701240.0,2899.0,4,2897.0,92
rb1805,20170627,20170626,211209000,2899.0,2894,79424,83701240.0,2899.0,4,2897.0,93
rb1805,20170627,20170626,211209500,2899.0,2894,79424,83701240.0,2899.0,4,2897.0,93
rb1805,20170627,20170626,211210000,2897.0,2896,79426,83759180.0,2899.0,4,2897.0,93
rb1805,20170627,20170626,211211000,2897.0,2896,79426,83759180.0,2899.0,4,2897.0,93
rb1805,20170627,20170626,211213000,2897.0,2896,79426,83759180.0,2899.0,4,2897.0,93
rb1805,20170627,20170626,211213500,2897.0,2896,79426,83759180.0,2899.0,4,2897.0,93
rb1805,20170627,20170626,211214000,2897.0,2896,79426,83759180.0,2899.0,4,2898.0,1
rb1805,20170627,20170626,211214500,2897.0,2896,79426,83759180.0,2899.0,4,2898.0,1
rb1805,20170627,20170626,211215500,2897.0,2896,79426,83759180.0,2900.0,136,2898.0,1
rb1805,20170627,20170626,211216000,2897.0,2896,79426,83759180.0,2900.0,136,2898.0,2
rb1805,20170627,20170626,211216500,2897.0,2896,79426,83759180.0,2899.0,2,2898.0,2
rb1805,20170627,20170626,211217000,2897.0,2896,79426,83759180.0,2899.0,2,2898.0,2
rb1805,20170627,20170626,211217500,2897.0,2896,79426,83759180.0,2899.0,2,2898.0,1
rb1805,20170627,20170626,211219000,2897.0,2896,79426,83759180.0,2899.0,2,2898.0,1
rb1805,20170627,20170626,211219500,2897.0,2896,79426,83759180.0,2899.0,2,2898.0,1
rb1805,20170627,20170626,211223000,2897.0,2896,79426,83759180.0,2899.0,2,2898.0,1
rb1805,20170627,20170626,211224000,2898.0,2898,79428,83817140.0,2898.0,1,2897.0,92
rb1805,20170627,20170626,211224500,2898.0,2898,79428,83817140.0,2898.0,1,2897.0,91
rb1805,20170627,20170626,211228000,2898.0,2900,79430,83875100.0,2899.0,2,2897.0,91
rb1805,20170627,20170626,211229000,2898.0,2900,79430,83875100.0,2899.0,2,2897.0,92
rb1805,20170627,20170626,211229500,2898.0,2900,79430,83875100.0,2899.0,4,2897.0,92
rb1805,20170627,20170626,211230000,2898.0,2900,79430,83875100.0,2899.0,5,2897.0,92
rb1805,20170627,20170626,211230500,2898.0,2900,79430,83875100.0,2899.0,5,2897.0,92
rb1805,20170627,20170626,211231500,2898.0,2900,79430,83875100.0,2899.0,5,2897.0,92
rb1805,20170627,20170626,211233000,2899.0,2904,79430,83991060.0,2899.0,3,2897.0,93
rb1805,20170627,20170626,211233500,2899.0,2904,79430,83991060.0,2899.0,3,2897.0,93
rb1805,20170627,20170626,211234000,2899.0,2904,79430,83991060.0,2899.0,4,2897.0,93
rb1805,20170627,20170626,211234500,2899.0,2904,79430,83991060.0,2899.0,4,2897.0,93
rb1805,20170627,20170626,211236500,2899.0,2904,79430,83991060.0,2899.0,4,2897.0,93
rb1805,20170627,20170626,211238000,2899.0,2904,79430,83991060.0,2899.0,4,2897.0,93
rb1805,20170627,20170626,211240000,2899.0,2904,79430,83991060.0,2899.0,4,2898.0,1
rb1805,20170627,20170626,211241500,2899.0,2908,79426,84107020.0,2899.0,2,2898.0,1
rb1805,20170627,20170626,211242500,2899.0,2910,79428,84165000.0,2899.0,1,2898.0,1
rb1805,20170627,20170626,211243500,2899.0,2910,79428,84165000.0,2899.0,1,2898.0,2
rb1805,20170627,20170626,211244500,2899.0,2910,79428,84165000.0,2899.0,1,2898.0,3
rb1805,20170627,20170626,211246000,2899.0,2910,79428,84165000.0,2899.0,1,2898.0,3
rb1805,20170627,20170626,211246500,2899.0,2912,79428,84222980.0,2900.0,139,2898.0,3
rb1805,20170627,20170626,211247000,2899.0,2912,79428,84222980.0,2900.0,139,2898.0,3
rb1805,20170627,20170626,211247500,2899.0,2912,79428,84222980.0,2900.0,134,2898.0,4
rb1805,20170627,20170626,211248000,2899.0,2912,79428,84222980.0,2900.0,134,2898.0,4
rb1805,20170627,20170626,211249500,2899.0,2912,79428,84222980.0,2900.0,134,2898.0,11
rb1805,20170627,20170626,211250000,2899.0,2912,79428,84222980.0,2900.0,134,2898.0,17
rb1805,20170627,20170626,211251000,2899.0,2912,79428,84222980.0,2900.0,134,2898.0,27
rb1805,20170627,20170626,211252000,2899.0,2912,79428,84222980.0,2900.0,134,2899.0,1
rb1805,20170627,20170626,211252500,2900.0,2914,79428,84280980.0,2900.0,133,2899.0,2
rb1805,20170627,20170626,211253000,2900.0,2916,79428,84338980.0,2900.0,132,2899.0,2
rb1805,20170627,20170626,211253500,2900.0,2916,79428,84338980.0,2900.0,132,2899.0,2
rb1805,20170627,20170626,211254000,2900.0,2916,79428,84338980.0,2900.0,132,2899.0,2
rb1805,20170627,20170626,211255500,2900.0,2916,79428,84338980.0,2900.0,132,2899.0,1
rb1805,20170627,20170626,211256000,2899.0,2918,79430,84396960.0,2900.0,137,2898.0,27
rb1805,20170627,20170626,211256500,2899.0,2918,79430,84396960.0,2900.0,136,2898.0,26
rb1805,20170627,20170626,211257000,2900.0,2920,79428,84454960.0,2900.0,135,2899.0,1
rb1805,20170627,20170626,211257500,2898.0,2932,79436,84802740.0,2899.0,1,2898.0,21
rb1805,20170627,20170626,211258000,2898.0,2932,79436,84802740.0,2899.0,15,2898.0,21
rb1805,20170627,20170626,211258500,2898.0,2934,79434,84860700.0,2899.0,5,2898.0,20
rb1805,20170627,20170626,211259000,2898.0,2934,79434,84860700.0,2900.0,135,2898.0,20
rb1805,20170627,20170626,211259500,2898.0,2934,79434,84860700.0,2900.0,136,2898.0,20
rb1805,20170627,20170626,211300500,2898.0,2934,79434,84860700.0,2900.0,137,2898.0,20
rb1805,20170627,20170626,211302000,2898.0,2934,79434,84860700.0,2900.0,137,2898.0,21
rb1805,20170627,20170626,211302500,2898.0,2934,79434,84860700.0,2900.0,137,2898.0,22
rb1805,20170627,20170626,211303500,2898.0,2934,79434,84860700.0,2900.0,132,2898.0,22
rb1805,20170627,20170626,211305500,2898.0,2934,79434,84860700.0,2900.0,134,2898.0,22
rb1805,20170627,20170626,211306500,2898.0,2934,79434,84860700.0,2900.0,134,2898.0,22
rb1805,20170627,20170626,211308000,2898.0,2934,79434,84860700.0,2900.0,135,2898.0,22
rb1805,20170627,20170626,211308500,2898.0,2934,79434,84860700.0,2900.0,135,2898.0,22
rb1805,20170627,20170626,211309000,2898.0,2934,79434,84860700.0,2899.0,1,2898.0,22
rb1805,20170627,20170626,211310000,2898.0,2934,79434,84860700.0,2899.0,1,2898.0,21
rb1805,20170627,20170626,211312500,2899.0,2936,79434,84918680.0,2900.0,135,2898.0,21
rb1805,20170627,20170626,211313500,2899.0,2936,79434,84918680.0,2900.0,135,2898.0,21
rb1805,20170627,20170626,211314000,2899.0,2936,79434,84918680.0,2900.0,135,2898.0,21
rb1805,20170627,20170626,211314500,2899.0,2936,79434,84918680.0,2900.0,135,2898.0,21
rb1805,20170627,20170626,211317500,2898.0,2938,79434,84976640.0,2900.0,135,2898.0,20
rb1805,20170627,20170626,211318000,2898.0,2938,79434,84976640.0,2900.0,135,2898.0,25
rb1805,20170627,20170626,211319000,2898.0,2938,79434,84976640.0,2900.0,135,2898.0,25
rb1805,20170627,20170626,211320000,2900.0,2944,79434,85150640.0,2900.0,130,2898.0,25
rb1805,20170627,20170626,211321000,2900.0,2946,79434,85208640.0,2900.0,129,2898.0,25
rb1805,20170627,20170626,211321500,2900.0,2946,79434,85208640.0,2900.0,129,2898.0,25
rb1805,20170627,20170626,211322000,2900.0,2946,79434,85208640.0,2900.0,129,2898.0,25
rb1805,20170627,20170626,211323500,2900.0,2946,79434,85208640.0,2900.0,129,2898.0,26
rb1805,20170627,20170626,211325500,2900.0,2946,79434,85208640.0,2900.0,134,2898.0,26
rb1805,20170627,20170626,211326500,2900.0,2946,79434,85208640.0,2899.0,1,2898.0,26
rb1805,20170627,20170626,211327500,2900.0,2946,79434,85208640.0,2899.0,1,2898.0,25
rb1805,20170627,20170626,211328500,2900.0,2946,79434,85208640.0,2899.0,1,2898.0,25
rb1805,20170627,20170626,211329000,2900.0,2946,79434,85208640.0,2899.0,1,2898.0,25
rb1805,20170627,20170626,211330500,2900.0,2946,79434,85208640.0,2899.0,2,2898.0,25
rb1805,20170627,20170626,211331000,2900.0,2946,79434,85208640.0,2899.0,2,2898.0,25
rb1805,20170627,20170626,211333500,2900.0,2946,79434,85208640.0,2899.0,2,2898.0,16
rb1805,20170627,20170626,211334000,2900.0,2946,79434,85208640.0,2899.0,2,2898.0,16
rb1805,20170627,20170626,211334500,2900.0,2946,79434,85208640.0,2899.0,2,2898.0,16
rb1805,20170627,20170626,211336000,2900.0,2946,79434,85208640.0,2899.0,2,2898.0,17
rb1805,20170627,20170626,211336500,2900.0,2946,79434,85208640.0,2899.0,2,2898.0,17
rb1805,20170627,20170626,211337000,2900.0,2946,79434,85208640.0,2899.0,2,2898.0,17
rb1805,20170627,20170626,211338500,2900.0,2946,79434,85208640.0,2899.0,2,2898.0,17
rb1805,20170627,20170626,211341000,2900.0,2946,79434,85208640.0,2899.0,2,2898.0,16
rb1805,20170627,20170626,211341500,2900.0,2946,79434,85208640.0,2899.0,2,2898.0,16
rb1805,20170627,20170626,211342500,2900.0,2946,79434,85208640.0,2899.0,2,2898.0,16
rb1805,20170627,20170626,211343000,2900.0,2946,79434,85208640.0,2899.0,3,2898.0,16
rb1805,20170627,20170626,211343500,2900.0,2946,79434,85208640.0,2899.0,3,2898.0,16
rb1805,20170627,20170626,211344000,2899.0,2948,79432,85266620.0,2899.0,2,2898.0,16
rb1805,20170627,20170626,211345000,2899.0,2950,79432,85324600.0,2899.0,1,2898.0,16
rb1805,20170627,20170626,211347000,2899.0,2950,79432,85324600.0,2899.0,1,2898.0,17
rb1805,20170627,20170626,211351000,2899.0,2950,79432,85324600.0,2899.0,1,2898.0,17
rb1805,20170627,20170626,211352000,2899.0,2950,79432,85324600.0,2899.0,1,2898.0,17
rb1805,20170627,20170626,211353000,2899.0,2950,79432,85324600.0,2899.0,2,2898.0,17
rb1805,20170627,20170626,211354000,2899.0,2952,79432,85382580.0,2899.0,1,2898.0,17
rb1805,20170627,20170626,211355000,2899.0,2952,79432,85382580.0,2899.0,1,2898.0,17
rb1805,20170627,20170626,211356500,2899.0,2954,79432,85440560.0,2900.0,133,2898.0,17
rb1805,20170627,20170626,211357000,2899.0,2954,79432,85440560.0,2900.0,133,2898.0,17
rb1805,20170627,20170626,211357500,2899.0,2954,79432,85440560.0,2900.0,133,2898.0,17
rb1805,20170627,20170626,211358000,2898.0,2976,79432,86078120.0,2900.0,133,2898.0,6
rb1805,20170627,20170626,211400000,2898.0,2976,79432,86078120.0,2900.0,133,2898.0,6
rb1805,20170627,20170626,211401000,2898.0,2976,79432,86078120.0,2900.0,133,2898.0,7
rb1805,20170627,20170626,211401500,2898.0,2976,79432,86078120.0,2900.0,128,2898.0,7
rb1805,20170627,20170626,211403000,2900.0,2986,79432,86368120.0,2900.0,123,2898.0,7
rb1805,20170627,20170626,211404000,2900.0,2986,79432,86368120.0,2900.0,123,2898.0,7
rb1805,20170627,20170626,211405000,2900.0,2998,79432,86715920.0,2900.0,122,2898.0,2
rb1805,20170627,20170626,211408500,2900.0,2998,79432,86715920.0,2900.0,123,2898.0,2
rb1805,20170627,20170626,211409000,2900.0,2998,79432,86715920.0,2900.0,123,2898.0,4
rb1805,20170627,20170626,211409500,2900.0,2998,79432,86715920.0,2900.0,123,2898.0,4
rb1805,20170627,20170626,211411500,2900.0,2998,79432,86715920.0,2900.0,123,2898.0,4
rb1805,20170627,20170626,211412000,2900.0,3000,79432,86773920.0,2900.0,122,2898.0,4
rb1805,20170627,20170626,211413500,2898.0,3002,79432,86831880.0,2899.0,20,2898.0,3
rb1805,20170627,20170626,211414000,2898.0,3002,79432,86831880.0,2899.0,20,2898.0,2
rb1805,20170627,20170626,211414500,2898.0,3002,79432,86831880.0,2899.0,20,2898.0,1
rb1805,20170627,20170626,211415000,2899.0,3004,79432,86889860.0,2899.0,19,2898.0,5
rb1805,20170627,20170626,211415500,2899.0,3006,79432,86947840.0,2899.0,18,2898.0,3
rb1805,20170627,20170626,211416000,2899.0,3006,79432,86947840.0,2899.0,18,2898.0,3
rb1805,20170627,20170626,211416500,2899.0,3012,79432,87121780.0,2899.0,15,2898.0,4
rb1805,20170627,20170626,211417000,2898.0,3018,79432,87295700.0,2899.0,13,2898.0,2
rb1805,20170627,20170626,211417500,2899.0,3020,79432,87353680.0,2899.0,12,2898.0,5
rb1805,20170627,20170626,211418000,2899.0,3020,79432,87353680.0,2899.0,12,2898.0,2
rb1805,20170627,20170626,211419000,2899.0,3020,79432,87353680.0,2899.0,12,2898.0,3
rb1805,20170627,20170626,211420000,2899.0,3020,79432,87353680.0,2899.0,12,2898.0,4
rb1805,20170627,20170626,211420500,2899.0,3020,79432,87353680.0,2899.0,12,2898.0,4
rb1805,20170627,20170626,211421000,2899.0,3020,79432,87353680.0,2899.0,12,2898.0,4
rb1805,20170627,20170626,211423000,2899.0,3020,79432,87353680.0,2899.0,12,2898.0,3
rb1805,20170627,20170626,211424000,2899.0,3020,79432,87353680.0,2899.0,12,2898.0,8
rb1805,20170627,20170626,211425000,2899.0,3020,79432,87353680.0,2899.0,12,2898.0,9
rb1805,20170627,20170626,211425500,2899.0,3022,79432,87411660.0,2899.0,11,2898.0,8
rb1805,20170627,20170626,211427000,2898.0,3024,79432,87469620.0,2899.0,11,2898.0,7
rb1805,20170627,20170626,211427500,2898.0,3024,79432,87469620.0,2899.0,11,2898.0,9
rb1805,20170627,20170626,211428000,2899.0,3028,79432,87585580.0,2899.0,9,2898.0,9
rb1805,20170627,20170626,211431500,2899.0,3028,79432,87585580.0,2899.0,11,2898.0,9
rb1805,20170627,20170626,211432000,2899.0,3028,79432,87585580.0,2899.0,11,2898.0,9
rb1805,20170627,20170626,211432500,2899.0,3028,79432,87585580.0,2899.0,11,2898.0,9
rb1805,20170627,20170626,211433000,2899.0,3028,79432,87585580.0,2899.0,11,2898.0,8
rb1805,20170627,20170626,211434500,2899.0,3028,79432,87585580.0,2899.0,12,2898.0,8
rb1805,20170627,20170626,211435000,2899.0,3030,79432,87643560.0,2899.0,11,2898.0,8
rb1805,20170627,20170626,211437500,2899.0,3030,79432,87643560.0,2899.0,11,2898.0,8
rb1805,20170627,20170626,211438000,2899.0,3030,79432,87643560.0,2899.0,11,2898.0,8
rb1805,20170627,20170626,211440000,2899.0,3030,79432,87643560.0,2899.0,11,2898.0,9
rb1805,20170627,20170626,211441000,2899.0,3030,79432,87643560.0,2899.0,11,2898.0,9
rb1805,20170627,20170626,211441500,2899.0,3030,79432,87643560.0,2899.0,11,2898.0,9
rb1805,20170627,20170626,211442500,2899.0,3030,79432,87643560.0,2899.0,16,2898.0,9
rb1805,20170627,20170626,211443000,2898.0,3042,79440,87991320.0,2899.0,16,2898.0,3
rb1805,20170627,20170626,211443500,2898.0,3048,79444,88165200.0,2898.0,14,2897.0,85
rb1805,20170627,20170626,211444000,2898.0,3048,79444,88165200.0,2898.0,5,2897.0,84
rb1805,20170627,20170626,211444500,2898.0,3048,79444,88165200.0,2898.0,5,2897.0,84
rb1805,20170627,20170626,211446000,2898.0,3048,79444,88165200.0,2898.0,3,2897.0,84
rb1805,20170627,20170626,211448500,2898.0,3048,79444,88165200.0,2898.0,3,2897.0,83
rb1805,20170627,20170626,211449500,2898.0,3048,79444,88165200.0,2898.0,3,2897.0,83
rb1805,20170627,20170626,211450500,2898.0,3048,79444,88165200.0,2898.0,3,2897.0,83
rb1805,20170627,20170626,211452000,2898.0,3048,79444,88165200.0,2898.0,4,2897.0,83
rb1805,20170627,20170626,211452500,2898.0,3048,79444,88165200.0,2898.0,5,2897.0,83
rb1805,20170627,20170626,211453500,2898.0,3048,79444,88165200.0,2898.0,5,2897.0,83
rb1805,20170627,20170626,211454000,2898.0,3054,79444,88339080.0,2898.0,2,2897.0,83
rb1805,20170627,20170626,211455000,2898.0,3054,79444,88339080.0,2898.0,2,2897.0,83
rb1805,20170627,20170626,211456000,2898.0,3054,79444,88339080.0,2898.0,3,2897.0,83
rb1805,20170627,20170626,211456500,2898.0,3054,79444,88339080.0,2898.0,3,2897.0,83
rb1805,20170627,20170626,211457000,2898.0,3054,79444,88339080.0,2898.0,3,2897.0,85
rb1805,20170627,20170626,211457500,2898.0,3054,79444,88339080.0,2898.0,3,2897.0,86
rb1805,20170627,20170626,211458000,2898.0,3060,79442,88512960.0,2899.0,16,2897.0,86
rb1805,20170627,20170626,211458500,2898.0,3060,79442,88512960.0,2899.0,16,2897.0,84
rb1805,20170627,20170626,211459500,2898.0,3060,79442,88512960.0,2899.0,16,2897.0,84
rb1805,20170627,20170626,211500500,2898.0,3060,79442,88512960.0,2899.0,16,2897.0,84
rb1805,20170627,20170626,211501000,2898.0,3060,79442,88512960.0,2899.0,16,2897.0,89
rb1805,20170627,20170626,211501500,2898.0,3060,79442,88512960.0,2899.0,11,2897.0,89
rb1805,20170627,20170626,211502000,2898.0,3060,79442,88512960.0,2899.0,13,2897.0,89
rb1805,20170627,20170626,211503000,2898.0,3060,79442,88512960.0,2899.0,11,2897.0,89
rb1805,20170627,20170626,211503500,2898.0,3060,79442,88512960.0,2898.0,2,2897.0,89
rb1805,20170627,20170626,211504000,2898.0,3060,79442,88512960.0,2898.0,2,2897.0,84
rb1805,20170627,20170626,211505000,2898.0,3060,79442,88512960.0,2898.0,2,2897.0,84
rb1805,20170627,20170626,211506000,2897.0,3064,79442,88628840.0,2898.0,2,2897.0,82
rb1805,20170627,20170626,211506500,2897.0,3064,79442,88628840.0,2898.0,2,2897.0,82
rb1805,20170627,20170626,211507000,2897.0,3064,79442,88628840.0,2898.0,3,2897.0,82
rb1805,20170627,20170626,211507500,2897.0,3064,79442,88628840.0,2898.0,1,2897.0,82
rb1805,20170627,20170626,211508000,2897.0,3064,79442,88628840.0,2898.0,3,2897.0,82
rb1805,20170627,20170626,211508500,2897.0,3064,79442,88628840.0,2898.0,3,2897.0,82
rb1805,20170627,20170626,211509000,2897.0,3064,79442,88628840.0,2898.0,4,2897.0,82
rb1805,20170627,20170626,211511500,2897.0,3072,79446,88860600.0,2898.0,4,2897.0,78
rb1805,20170627,20170626,211512000,2897.0,3074,79446,88918540.0,2898.0,5,2897.0,77
rb1805,20170627,20170626,211512500,2897.0,3096,79464,89555880.0,2898.0,3,2897.0,66
rb1805,20170627,20170626,211513000,2897.0,3096,79464,89555880.0,2898.0,5,2897.0,66
rb1805,20170627,20170626,211513500,2897.0,3096,79464,89555880.0,2898.0,3,2897.0,66
rb1805,20170627,20170626,211514000,2897.0,3100,79468,89671760.0,2898.0,3,2897.0,64
rb1805,20170627,20170626,211514500,2897.0,3100,79468,89671760.0,2898.0,3,2897.0,64
rb1805,20170627,20170626,211515000,2897.0,3102,79470,89729700.0,2898.0,3,2897.0,63
rb1805,20170627,20170626,211515500,2897.0,3102,79470,89729700.0,2898.0,3,2897.0,63
rb1805,20170627,20170626,211516000,2897.0,3108,79470,89903540.0,2898.0,2,2897.0,61
rb1805,20170627,20170626,211516500,2897.0,3108,79470,89903540.0,2898.0,2,2897.0,61
rb1805,20170627,20170626,211518500,2897.0,3110,79472,89961480.0,2898.0,2,2897.0,60
rb1805,20170627,20170626,211520000,2897.0,3118,79474,90193240.0,2898.0,7,2897.0,56
rb1805,20170627,20170626,211520500,2897.0,3120,79474,90251180.0,2898.0,7,2897.0,55
rb1805,20170627,20170626,211521000,2897.0,3126,79480,90425000.0,2898.0,2,2897.0,52
rb1805,20170627,20170626,211522500,2897.0,3126,79480,90425000.0,2898.0,2,2897.0,53
rb1805,20170627,20170626,211523500,2897.0,3126,79480,90425000.0,2898.0,3,2897.0,53
rb1805,20170627,20170626,211524000,2897.0,3128,79482,90482940.0,2898.0,3,2897.0,52
rb1805,20170627,20170626,211525000,2897.0,3128,79482,90482940.0,2898.0,3,2897.0,51
rb1805,20170627,20170626,211525500,2898.0,3130,79482,90540900.0,2898.0,2,2897.0,51
rb1805,20170627,20170626,211526500,2897.0,3132,79482,90598840.0,2898.0,2,2897.0,50
rb1805,20170627,20170626,211527000,2898.0,3138,79484,90772680.0,2898.0,1,2897.0,48
rb1805,20170627,20170626,211531000,2897.0,3190,79528,92279120.0,2898.0,2,2897.0,22
rb1805,20170627,20170626,211531500,2897.0,3192,79528,92337060.0,2898.0,2,2897.0,21
rb1805,20170627,20170626,211532000,2897.0,3192,79528,92337060.0,2898.0,14,2897.0,21
rb1805,20170627,20170626,211532500,2897.0,3194,79528,92395000.0,2898.0,14,2897.0,20
rb1805,20170627,20170626,211533500,2897.0,3204,79528,92684700.0,2898.0,14,2897.0,15
rb1805,20170627,20170626,211534500,2897.0,3206,79530,92742640.0,2898.0,14,2897.0,14
rb1805,20170627,20170626,211535000,2897.0,3206,79530,92742640.0,2898.0,14,2897.0,14
rb1805,20170627,20170626,211535500,2897.0,3206,79530,92742640.0,2898.0,14,2897.0,14
rb1805,20170627,20170626,211536000,2897.0,3206,79530,92742640.0,2898.0,14,2897.0,14
