instrument,tradingday,calendarday,time,lastp,volume,openinterest,turnover,ask1,asksz1,bid1,bidsz1
rb1805,20171110,20171109,183225500,3760.0,0,2091288,0.0,0.0,0,0.0,0
rb1805,20171110,20171109,205900500,3760.0,2240,2092094,84224000.0,3761.0,5,3760.0,102
rb1805,20171110,20171109,210000500,3758.0,2816,2092088,105878620.0,3759.0,102,3758.0,11
rb1805,20171110,20171109,210001000,3756.0,4038,2092146,151801200.0,3758.0,7,3756.0,7
rb1805,20171110,20171109,210001500,3757.0,4846,2092044,182159920.0,3757.0,3,3756.0,99
rb1805,20171110,20171109,210002000,3757.0,5694,2092220,214022420.0,3758.0,50,3757.0,561
rb1805,20171110,20171109,210002500,3758.0,6078,2092382,228455180.0,3760.0,280,3758.0,716
rb1805,20171110,20171109,210003000,3760.0,6612,2092530,248529860.0,3760.0,196,3758.0,773
rb1805,20171110,20171109,210003500,3760.0,7070,2092690,265750020.0,3761.0,155,3760.0,57
rb1805,20171110,20171109,210004000,3761.0,7384,2092730,277557920.0,3761.0,53,3760.0,600
rb1805,20171110,20171109,210004500,3761.0,7624,2092768,286584740.0,3762.0,158,3761.0,194
rb1805,20171110,20171109,210005000,3764.0,8058,2092886,302912460.0,3764.0,98,3762.0,22
rb1805,20171110,20171109,210005500,3762.0,8876,2092592,333692880.0,3763.0,15,3762.0,3
rb1805,20171110,20171109,210006000,3763.0,10438,2092436,392442240.0,3763.0,12,3761.0,4
rb1805,20171110,20171109,210006500,3763.0,10656,2092554,400644240.0,3764.0,117,3763.0,504
rb1805,20171110,20171109,210007000,3762.0,12100,2091862,454985340.0,3763.0,12,3762.0,135
rb1805,20171110,20171109,210007500,3764.0,12476,2091886,469134240.0,3765.0,155,3764.0,7
rb1805,20171110,20171109,210008000,3763.0,12544,2091902,471693220.0,3764.0,13,3763.0,61
rb1805,20171110,20171109,210008500,3763.0,12568,2091914,472596440.0,3764.0,26,3763.0,175
rb1805,20171110,20171109,210009000,3764.0,12712,2091974,478016560.0,3765.0,127,3764.0,108
rb1805,20171110,20171109,210009500,3765.0,13096,2091964,492474420.0,3766.0,106,3765.0,12
rb1805,20171110,20171109,210010000,3766.0,13392,2092164,503621700.0,3767.0,92,3766.0,93
rb1805,20171110,20171109,210010500,3765.0,14436,2091938,542928820.0,3766.0,17,3765.0,8
rb1805,20171110,20171109,210011000,3764.0,15040,2091990,565668000.0,3765.0,363,3764.0,59
rb1805,20171110,20171109,210011500,3764.0,15334,2092104,576733980.0,3764.0,38,3763.0,97
rb1805,20171110,20171109,210012000,3762.0,15618,2092244,587420780.0,3763.0,87,3762.0,53
rb1805,20171110,20171109,210012500,3762.0,15698,2092256,590430680.0,3763.0,63,3762.0,28
rb1805,20171110,20171109,210013000,3762.0,16016,2092218,602396140.0,3763.0,5,3762.0,72
rb1805,20171110,20171109,210013500,3763.0,16090,2092220,605180700.0,3764.0,170,3763.0,38
rb1805,20171110,20171109,210014000,3763.0,16228,2092208,610374180.0,3764.0,143,3763.0,100
rb1805,20171110,20171109,210014500,3762.0,16662,2092392,626704980.0,3762.0,2,3761.0,99
rb1805,20171110,20171109,210015000,3763.0,16752,2092376,630091460.0,3763.0,133,3762.0,77
rb1805,20171110,20171109,210015500,3763.0,17082,2092284,642506900.0,3762.0,4,3761.0,103
rb1805,20171110,20171109,210016000,3762.0,17196,2092270,646796240.0,3763.0,34,3762.0,28
rb1805,20171110,20171109,210016500,3763.0,17414,2092296,654998340.0,3764.0,65,3762.0,21
rb1805,20171110,20171109,210017000,3763.0,17456,2092304,656578680.0,3763.0,14,3762.0,18
rb1805,20171110,20171109,210017500,3762.0,17534,2092334,659513440.0,3764.0,35,3762.0,9
rb1805,20171110,20171109,210018000,3762.0,17586,2092338,661469860.0,3762.0,22,3761.0,118
rb1805,20171110,20171109,210018500,3762.0,17752,2092258,667715040.0,3763.0,75,3762.0,34
rb1805,20171110,20171109,210019000,3764.0,18014,2092334,677574520.0,3765.0,384,3764.0,125
rb1805,20171110,20171109,210019500,3763.0,18310,2092532,688715600.0,3764.0,62,3763.0,35
rb1805,20171110,20171109,210020000,3762.0,18426,2092602,693080560.0,3763.0,17,3762.0,62
rb1805,20171110,20171109,210020500,3764.0,18548,2092554,697671160.0,3764.0,230,3763.0,1
rb1805,20171110,20171109,210021000,3763.0,18708,2092462,703691820.0,3763.0,103,3762.0,23
rb1805,20171110,20171109,210021500,3763.0,18812,2092446,707604880.0,3763.0,75,3761.0,114
rb1805,20171110,20171109,210022000,3763.0,18898,2092472,710841020.0,3763.0,59,3762.0,5
rb1805,20171110,20171109,210022500,3762.0,18950,2092460,712797320.0,3762.0,20,3761.0,118
rb1805,20171110,20171109,210023000,3762.0,19058,2092404,716860140.0,3762.0,50,3761.0,124
rb1805,20171110,20171109,210023500,3762.0,19236,2092504,723555300.0,3762.0,47,3761.0,71
rb1805,20171110,20171109,210024000,3761.0,19524,2092620,734386920.0,3761.0,3,3760.0,253
rb1805,20171110,20171109,210024500,3761.0,19728,2092642,742061540.0,3762.0,1,3761.0,27
rb1805,20171110,20171109,210025000,3762.0,19962,2092712,750861900.0,3762.0,4,3761.0,25
rb1805,20171110,20171109,210025500,3761.0,20072,2092698,754999720.0,3762.0,34,3761.0,13
rb1805,20171110,20171109,210026000,3761.0,20150,2092704,757933700.0,3762.0,45,3761.0,18
rb1805,20171110,20171109,210026500,3762.0,20176,2092680,758911720.0,3762.0,64,3761.0,24
rb1805,20171110,20171109,210027000,3761.0,20240,2092658,761319120.0,3762.0,47,3761.0,13
rb1805,20171110,20171109,210027500,3762.0,20374,2092650,766359860.0,3763.0,9,3762.0,2
rb1805,20171110,20171109,210028000,3761.0,20472,2092702,770046780.0,3762.0,1,3761.0,40
rb1805,20171110,20171109,210028500,3761.0,20520,2092696,771852320.0,3762.0,10,3761.0,32
rb1805,20171110,20171109,210029000,3762.0,20584,2092702,774260000.0,3763.0,51,3762.0,251
rb1805,20171110,20171109,210029500,3762.0,20642,2092746,776441980.0,3763.0,52,3762.0,237
rb1805,20171110,20171109,210030000,3763.0,20662,2092758,777194440.0,3763.0,54,3762.0,271
rb1805,20171110,20171109,210030500,3763.0,20684,2092754,778022260.0,3763.0,45,3762.0,272
rb1805,20171110,20171109,210031000,3762.0,20750,2092734,780505640.0,3763.0,27,3762.0,266
rb1805,20171110,20171109,210031500,3762.0,20884,2092844,785546940.0,3763.0,31,3762.0,210
rb1805,20171110,20171109,210032000,3763.0,21012,2092946,790362640.0,3763.0,15,3762.0,154
rb1805,20171110,20171109,210032500,3762.0,21060,2092980,792168560.0,3763.0,28,3762.0,138
rb1805,20171110,20171109,210033000,3763.0,21166,2092960,796157300.0,3764.0,665,3763.0,26
rb1805,20171110,20171109,210033500,3762.0,21526,2092882,809701060.0,3762.0,51,3761.0,64
rb1805,20171110,20171109,210034000,3762.0,21566,2092858,811205840.0,3762.0,189,3761.0,96
rb1805,20171110,20171109,210034500,3762.0,21640,2092860,813989720.0,3762.0,24,3761.0,95
rb1805,20171110,20171109,210035000,3762.0,21696,2092864,816096420.0,3763.0,117,3762.0,270
rb1805,20171110,20171109,210035500,3761.0,22282,2092836,838141440.0,3763.0,121,3761.0,83
rb1805,20171110,20171109,210036000,3761.0,22366,2092868,841300780.0,3763.0,58,3762.0,10
rb1805,20171110,20171109,210036500,3761.0,22504,2092870,846491280.0,3763.0,87,3761.0,1
rb1805,20171110,20171109,210037000,3761.0,22652,2092924,852057540.0,3761.0,145,3760.0,223
rb1805,20171110,20171109,210037500,3761.0,23348,2093058,878238340.0,3763.0,41,3761.0,18
rb1805,20171110,20171109,210038000,3762.0,23374,2093056,879216420.0,3762.0,67,3761.0,29
rb1805,20171110,20171109,210038500,3762.0,23398,2093062,880119260.0,3762.0,74,3761.0,90
rb1805,20171110,20171109,210039000,3761.0,23524,2093070,884858760.0,3762.0,53,3761.0,79
rb1805,20171110,20171109,210039500,3761.0,23684,2093006,890876460.0,3762.0,49,3761.0,15
rb1805,20171110,20171109,210040000,3763.0,23960,2093156,901261140.0,3764.0,734,3763.0,11
rb1805,20171110,20171109,210040500,3762.0,24666,2093648,927827000.0,3763.0,1,3762.0,32
rb1805,20171110,20171109,210041000,3762.0,24692,2093658,928805080.0,3763.0,217,3762.0,9
rb1805,20171110,20171109,210041500,3762.0,24766,2093706,931588640.0,3762.0,25,3761.0,19
rb1805,20171110,20171109,210042000,3762.0,24852,2093662,934823940.0,3762.0,34,3761.0,23
rb1805,20171110,20171109,210042500,3762.0,24914,2093646,937156340.0,3762.0,7,3761.0,60
rb1805,20171110,20171109,210043000,3762.0,24986,2093706,939865080.0,3763.0,231,3762.0,43
rb1805,20171110,20171109,210043500,3763.0,25010,2093724,940768000.0,3763.0,234,3762.0,31
rb1805,20171110,20171109,210044000,3763.0,25526,2094180,960185080.0,3764.0,672,3763.0,36
rb1805,20171110,20171109,210044500,3763.0,25584,2094226,962367720.0,3764.0,667,3763.0,27
rb1805,20171110,20171109,210045000,3763.0,25624,2094254,963872920.0,3764.0,662,3763.0,8
rb1805,20171110,20171109,210045500,3764.0,25884,2094372,973658960.0,3764.0,553,3762.0,189
rb1805,20171110,20171109,210046000,3762.0,25958,2094318,976442960.0,3763.0,9,3762.0,190
rb1805,20171110,20171109,210046500,3763.0,26002,2094308,978098800.0,3764.0,547,3763.0,178
rb1805,20171110,20171109,210047000,3764.0,27056,2093342,1017770840.0,3764.0,47,3763.0,118
rb1805,20171110,20171109,210047500,3764.0,27214,2093256,1023718200.0,3765.0,252,3764.0,1080
rb1805,20171110,20171109,210048000,3765.0,27928,2093268,1050600580.0,3766.0,149,3765.0,26
rb1805,20171110,20171109,210048500,3765.0,28140,2093356,1058584440.0,3766.0,57,3765.0,585
rb1805,20171110,20171109,210049000,3766.0,28266,2093382,1063329600.0,3767.0,142,3766.0,143
rb1805,20171110,20171109,210049500,3767.0,28398,2093356,1068301080.0,3767.0,130,3766.0,103
rb1805,20171110,20171109,210050000,3767.0,28642,2093380,1077492200.0,3767.0,28,3766.0,86
rb1805,20171110,20171109,210050500,3767.0,29110,2093682,1095119280.0,3767.0,5,3766.0,1
rb1805,20171110,20171109,210051000,3767.0,29160,2093672,1097002340.0,3766.0,2,3765.0,617
rb1805,20171110,20171109,210051500,3767.0,29250,2093694,1100392420.0,3768.0,435,3767.0,141
rb1805,20171110,20171109,210052000,3767.0,29530,2093772,1110940500.0,3768.0,420,3767.0,33
rb1805,20171110,20171109,210052500,3766.0,29644,2093814,1115234660.0,3767.0,104,3766.0,11
rb1805,20171110,20171109,210053000,3767.0,29690,2093806,1116967420.0,3767.0,88,3766.0,18
rb1805,20171110,20171109,210053500,3767.0,30254,2094064,1138213700.0,3768.0,422,3767.0,49
rb1805,20171110,20171109,210054000,3768.0,30444,2094092,1145371180.0,3768.0,407,3766.0,15
rb1805,20171110,20171109,210054500,3767.0,30574,2094086,1150268540.0,3768.0,380,3767.0,4
rb1805,20171110,20171109,210055000,3767.0,30642,2094088,1152830580.0,3768.0,452,3767.0,10
rb1805,20171110,20171109,210055500,3765.0,30714,2094070,1155542540.0,3767.0,3,3765.0,273
rb1805,20171110,20171109,210056000,3767.0,30820,2094112,1159535880.0,3767.0,4,3766.0,98
rb1805,20171110,20171109,210056500,3767.0,30968,2094164,1165111320.0,3767.0,150,3766.0,68
rb1805,20171110,20171109,210057000,3767.0,31026,2094184,1167295880.0,3767.0,181,3766.0,54
rb1805,20171110,20171109,210057500,3766.0,31082,2094176,1169404940.0,3767.0,191,3766.0,52
rb1805,20171110,20171109,210058000,3766.0,31220,2094124,1174602320.0,3766.0,100,3765.0,277
rb1805,20171110,20171109,210058500,3765.0,31258,2094126,1176033340.0,3766.0,84,3765.0,332
rb1805,20171110,20171109,210059000,3765.0,31308,2094110,1177916260.0,3766.0,78,3765.0,333
rb1805,20171110,20171109,210059500,3765.0,31370,2094092,1180251040.0,3766.0,76,3765.0,325
rb1805,20171110,20171109,210100000,3765.0,31430,2094094,1182510480.0,3766.0,67,3765.0,319
rb1805,20171110,20171109,210100500,3766.0,31580,2094112,1188159240.0,3766.0,7,3765.0,308
rb1805,20171110,20171109,210101000,3765.0,31736,2094254,1194033100.0,3767.0,261,3766.0,6
rb1805,20171110,20171109,210101500,3766.0,31946,2094192,1201940320.0,3766.0,83,3765.0,184
rb1805,20171110,20171109,210102000,3767.0,32628,2094668,1227628540.0,3767.0,48,3765.0,215
rb1805,20171110,20171109,210102500,3765.0,32694,2094722,1230114080.0,3766.0,7,3765.0,228
rb1805,20171110,20171109,210103000,3766.0,32958,2094706,1240054220.0,3766.0,5,3765.0,137
rb1805,20171110,20171109,210103500,3766.0,33036,2094702,1242991560.0,3767.0,120,3765.0,173
rb1805,20171110,20171109,210104000,3766.0,33206,2094822,1249393420.0,3767.0,118,3766.0,220
rb1805,20171110,20171109,210104500,3766.0,33252,2094852,1251125860.0,3767.0,105,3766.0,206
rb1805,20171110,20171109,210105000,3767.0,33302,2094864,1253008900.0,3767.0,105,3766.0,202
rb1805,20171110,20171109,210105500,3766.0,33992,2094960,1279000080.0,3767.0,1,3766.0,177
rb1805,20171110,20171109,210106000,3767.0,34070,2094988,1281937700.0,3768.0,588,3767.0,2
rb1805,20171110,20171109,210106500,3767.0,34180,2094988,1286081320.0,3767.0,64,3766.0,162
rb1805,20171110,20171109,210107000,3766.0,34326,2095076,1291580660.0,3767.0,16,3766.0,138
rb1805,20171110,20171109,210107500,3767.0,34548,2094962,1299943620.0,3767.0,43,3766.0,169
rb1805,20171110,20171109,210108000,3767.0,34666,2094904,1304388880.0,3768.0,566,3767.0,179
rb1805,20171110,20171109,210108500,3767.0,34914,2094684,1313732780.0,3768.0,472,3767.0,147
rb1805,20171110,20171109,210109000,3767.0,35050,2094646,1318856220.0,3768.0,469,3767.0,142
rb1805,20171110,20171109,210109500,3767.0,35096,2094658,1320589320.0,3768.0,457,3767.0,198
rb1805,20171110,20171109,210110000,3767.0,35262,2094622,1326843980.0,3768.0,388,3767.0,187
rb1805,20171110,20171109,210110500,3768.0,35450,2094708,1333927480.0,3768.0,312,3767.0,175
rb1805,20171110,20171109,210111000,3768.0,35530,2094700,1336941700.0,3768.0,287,3767.0,179
rb1805,20171110,20171109,210111500,3767.0,35998,2094740,1354575320.0,3768.0,90,3767.0,176
rb1805,20171110,20171109,210112000,3768.0,36238,2094734,1363618020.0,3768.0,6,3767.0,152
rb1805,20171110,20171109,210112500,3768.0,36276,2094752,1365049860.0,3769.0,219,3768.0,20
rb1805,20171110,20171109,210113000,3768.0,36382,2094752,1369044060.0,3768.0,3,3767.0,159
rb1805,20171110,20171109,210113500,3768.0,36512,2094732,1373941700.0,3768.0,36,3767.0,118
rb1805,20171110,20171109,210114000,3767.0,36566,2094736,1375975920.0,3768.0,80,3767.0,114
rb1805,20171110,20171109,210114500,3768.0,36904,2094868,1388710680.0,3769.0,243,3768.0,229
rb1805,20171110,20171109,210115000,3768.0,37042,2095000,1393910580.0,3769.0,245,3768.0,170
rb1805,20171110,20171109,210115500,3769.0,37292,2095136,1403330960.0,3769.0,215,3768.0,64
rb1805,20171110,20171109,210116000,3769.0,37412,2095158,1407853120.0,3769.0,198,3768.0,51
rb1805,20171110,20171109,210116500,3768.0,37454,2095186,1409435720.0,3769.0,203,3768.0,38
rb1805,20171110,20171109,210117000,3768.0,37640,2095278,1416444440.0,3768.0,44,3767.0,89
rb1805,20171110,20171109,210117500,3768.0,37748,2095352,1420513860.0,3768.0,21,3767.0,90
rb1805,20171110,20171109,210118000,3768.0,37790,2095366,1422096400.0,3768.0,5,3767.0,90
rb1805,20171110,20171109,210118500,3768.0,37876,2095386,1425337000.0,3769.0,222,3768.0,17
rb1805,20171110,20171109,210119000,3767.0,38222,2095458,1438371900.0,3768.0,22,3767.0,2
rb1805,20171110,20171109,210119500,3768.0,38466,2095604,1447564180.0,3768.0,107,3767.0,32
rb1805,20171110,20171109,210120000,3767.0,38604,2095600,1452763740.0,3768.0,74,3767.0,22
rb1805,20171110,20171109,210120500,3768.0,38664,2095600,1455024480.0,3768.0,69,3767.0,19
rb1805,20171110,20171109,210121000,3768.0,38684,2095606,1455777920.0,3768.0,77,3767.0,15
rb1805,20171110,20171109,210121500,3767.0,38718,2095608,1457058980.0,3768.0,64,3767.0,23
rb1805,20171110,20171109,210122000,3768.0,38756,2095626,1458490820.0,3768.0,110,3767.0,50
rb1805,20171110,20171109,210122500,3767.0,38784,2095634,1459545660.0,3768.0,107,3767.0,42
rb1805,20171110,20171109,210123000,3767.0,38812,2095646,1460600640.0,3768.0,132,3767.0,42
rb1805,20171110,20171109,210123500,3767.0,38844,2095660,1461806080.0,3768.0,138,3767.0,50
rb1805,20171110,20171109,210124000,3767.0,38926,2095636,1464895100.0,3768.0,145,3767.0,63
rb1805,20171110,20171109,210124500,3767.0,39034,2095650,1468964140.0,3768.0,116,3767.0,47
rb1805,20171110,20171109,210125000,3767.0,39092,2095640,1471149280.0,3768.0,119,3767.0,32
rb1805,20171110,20171109,210125500,3768.0,39148,2095626,1473258860.0,3768.0,140,3767.0,8
rb1805,20171110,20171109,210126000,3767.0,39224,2095668,1476121780.0,3767.0,6,3766.0,316
rb1805,20171110,20171109,210126500,3767.0,39288,2095692,1478532640.0,3767.0,13,3766.0,315
rb1805,20171110,20171109,210127000,3766.0,39312,2095712,1479436620.0,3767.0,27,3766.0,310
rb1805,20171110,20171109,210127500,3767.0,39322,2095720,1479813260.0,3767.0,138,3766.0,314
rb1805,20171110,20171109,210128000,3767.0,39394,2095768,1482525320.0,3767.0,145,3766.0,275
rb1805,20171110,20171109,210128500,3767.0,39434,2095770,1484032080.0,3767.0,132,3766.0,273
rb1805,20171110,20171109,210129000,3766.0,39596,2095762,1490133120.0,3767.0,128,3766.0,213
rb1805,20171110,20171109,210129500,3767.0,40048,2095624,1507155740.0,3767.0,113,3766.0,31
rb1805,20171110,20171109,210130000,3766.0,40144,2095616,1510770880.0,3766.0,23,3765.0,439
rb1805,20171110,20171109,210130500,3766.0,40192,2095622,1512578520.0,3766.0,102,3765.0,447
rb1805,20171110,20171109,210131000,3766.0,40228,2095650,1513934240.0,3766.0,88,3765.0,445
rb1805,20171110,20171109,210131500,3766.0,40282,2095668,1515967420.0,3766.0,99,3765.0,422
rb1805,20171110,20171109,210132000,3765.0,40386,2095692,1519884000.0,3766.0,82,3765.0,429
rb1805,20171110,20171109,210132500,3766.0,40444,2095746,1522068200.0,3766.0,114,3765.0,426
rb1805,20171110,20171109,210133000,3766.0,40460,2095758,1522670700.0,3766.0,113,3765.0,425
rb1805,20171110,20171109,210133500,3766.0,40600,2095746,1527943000.0,3766.0,56,3765.0,418
rb1805,20171110,20171109,210134000,3765.0,40724,2095768,1532612500.0,3766.0,44,3765.0,401
rb1805,20171110,20171109,210134500,3765.0,40918,2095796,1539918100.0,3767.0,161,3765.0,381
rb1805,20171110,20171109,210135000,3765.0,40978,2095792,1542177260.0,3766.0,3,3765.0,355
rb1805,20171110,20171109,210135500,3765.0,41014,2095796,1543532980.0,3766.0,31,3765.0,373
rb1805,20171110,20171109,210136000,3766.0,41116,2095862,1547373380.0,3766.0,30,3765.0,329
rb1805,20171110,20171109,210136500,3766.0,41202,2095884,1550611480.0,3766.0,30,3765.0,298
rb1805,20171110,20171109,210137000,3765.0,41214,2095886,1551063380.0,3766.0,46,3765.0,300
rb1805,20171110,20171109,210137500,3765.0,41258,2095898,1552720200.0,3766.0,51,3765.0,310
rb1805,20171110,20171109,210138000,3765.0,41290,2095924,1553925020.0,3766.0,89,3765.0,295
rb1805,20171110,20171109,210138500,3765.0,41378,2096000,1557238520.0,3766.0,100,3765.0,249
rb1805,20171110,20171109,210139000,3765.0,41676,2096052,1568458960.0,3766.0,76,3765.0,133
rb1805,20171110,20171109,210139500,3765.0,41876,2096154,1575988960.0,3766.0,78,3765.0,36
rb1805,20171110,20171109,210140000,3765.0,41962,2096164,1579226920.0,3766.0,92,3765.0,48
rb1805,20171110,20171109,210140500,3766.0,41986,2096180,1580130600.0,3766.0,105,3765.0,50
rb1805,20171110,20171109,210141000,3766.0,42200,2096150,1588189800.0,3767.0,179,3766.0,4
rb1805,20171110,20171109,210141500,3765.0,42288,2096202,1591503320.0,3767.0,181,3765.0,76
rb1805,20171110,20171109,210142000,3765.0,42314,2096212,1592482240.0,3766.0,3,3765.0,72
rb1805,20171110,20171109,210142500,3765.0,42322,2096210,1592783440.0,3766.0,23,3765.0,94
rb1805,20171110,20171109,210143000,3765.0,42554,2096296,1601521460.0,3766.0,1,3765.0,70
rb1805,20171110,20171109,210143500,3765.0,42572,2096302,1602199220.0,3766.0,11,3765.0,43
rb1805,20171110,20171109,210144000,3765.0,42574,2096302,1602274520.0,3766.0,45,3765.0,43
rb1805,20171110,20171109,210144500,3765.0,42682,2096366,1606341620.0,3766.0,58,3765.0,36
rb1805,20171110,20171109,210145000,3765.0,42762,2096434,1609353620.0,3765.0,110,3764.0,751
rb1805,20171110,20171109,210145500,3765.0,42856,2096528,1612891920.0,3765.0,79,3764.0,717
rb1805,20171110,20171109,210146000,3764.0,43068,2096580,1620874080.0,3765.0,1,3764.0,747
rb1805,20171110,20171109,210146500,3765.0,43082,2096588,1621401200.0,3766.0,103,3765.0,3
rb1805,20171110,20171109,210147000,3765.0,43102,2096596,1622154180.0,3765.0,236,3764.0,755
rb1805,20171110,20171109,210147500,3764.0,43112,2096604,1622530640.0,3765.0,175,3764.0,753
rb1805,20171110,20171109,210148000,3764.0,43220,2096584,1626596780.0,3765.0,166,3764.0,751
rb1805,20171110,20171109,210148500,3764.0,43344,2096690,1631264300.0,3765.0,209,3764.0,797
rb1805,20171110,20171109,210149000,3764.0,43376,2096718,1632468920.0,3765.0,204,3764.0,794
rb1805,20171110,20171109,210149500,3765.0,43404,2096746,1633522860.0,3765.0,204,3764.0,781
rb1805,20171110,20171109,210150000,3765.0,43468,2096782,1635931900.0,3765.0,201,3764.0,742
rb1805,20171110,20171109,210150500,3764.0,43482,2096784,1636458960.0,3765.0,198,3764.0,691
rb1805,20171110,20171109,210151000,3764.0,43488,2096788,1636684840.0,3765.0,226,3764.0,691
rb1805,20171110,20171109,210151500,3764.0,43786,2096852,1647903620.0,3765.0,126,3764.0,645
rb1805,20171110,20171109,210152000,3764.0,44116,2096912,1660327920.0,3766.0,159,3764.0,651
rb1805,20171110,20171109,210152500,3765.0,44144,2096926,1661382100.0,3766.0,189,3765.0,45
rb1805,20171110,20171109,210153000,3765.0,44278,2096908,1666427140.0,3765.0,8,3764.0,637
rb1805,20171110,20171109,210153500,3764.0,44324,2096906,1668158900.0,3765.0,32,3764.0,643
rb1805,20171110,20171109,210154000,3764.0,44422,2096974,1671847820.0,3765.0,74,3764.0,605
rb1805,20171110,20171109,210154500,3765.0,44436,2096976,1672374840.0,3765.0,75,3764.0,600
rb1805,20171110,20171109,210155000,3765.0,44562,2096982,1677118620.0,3765.0,22,3764.0,593
rb1805,20171110,20171109,210155500,3765.0,44722,2097092,1683141160.0,3765.0,56,3764.0,521
rb1805,20171110,20171109,210156000,3764.0,44748,2097094,1684120020.0,3765.0,48,3764.0,521
rb1805,20171110,20171109,210156500,3765.0,44780,2097102,1685324640.0,3765.0,160,3764.0,514
rb1805,20171110,20171109,210157000,3764.0,44802,2097110,1686152840.0,3765.0,159,3764.0,505
rb1805,20171110,20171109,210157500,3765.0,44826,2097116,1687056300.0,3765.0,192,3764.0,501
rb1805,20171110,20171109,210158000,3764.0,44854,2097122,1688110260.0,3765.0,193,3764.0,490
rb1805,20171110,20171109,210158500,3764.0,45274,2097246,1703921160.0,3765.0,93,3764.0,384
rb1805,20171110,20171109,210159000,3764.0,45286,2097254,1704372840.0,3765.0,127,3764.0,387
rb1805,20171110,20171109,210159500,3765.0,45318,2097284,1705577600.0,3765.0,122,3764.0,386
rb1805,20171110,20171109,210200000,3764.0,45374,2097338,1707685500.0,3765.0,124,3764.0,362
rb1805,20171110,20171109,210200500,3764.0,45626,2097512,1717171360.0,3765.0,94,3764.0,167
rb1805,20171110,20171109,210201000,3765.0,45966,2097624,1729969040.0,3765.0,98,3764.0,5
rb1805,20171110,20171109,210201500,3764.0,46078,2097668,1734184720.0,3764.0,113,3763.0,264
rb1805,20171110,20171109,210202000,3763.0,46152,2097704,1736969880.0,3764.0,120,3763.0,258
rb1805,20171110,20171109,210202500,3765.0,46458,2097910,1748487720.0,3765.0,130,3764.0,52
rb1805,20171110,20171109,210203000,3764.0,46708,2097930,1757897740.0,3765.0,147,3764.0,129
rb1805,20171110,20171109,210203500,3764.0,46820,2098026,1762114300.0,3765.0,107,3764.0,142
rb1805,20171110,20171109,210204000,3764.0,46938,2098020,1766556900.0,3765.0,146,3764.0,179
rb1805,20171110,20171109,210204500,3764.0,47084,2098034,1772053420.0,3765.0,133,3764.0,191
rb1805,20171110,20171109,210205000,3764.0,47462,2097902,1786285100.0,3765.0,56,3764.0,192
rb1805,20171110,20171109,210205500,3765.0,47706,2097840,1795471700.0,3766.0,208,3765.0,207
rb1805,20171110,20171109,210206000,3765.0,47774,2097812,1798031920.0,3766.0,207,3765.0,101
rb1805,20171110,20171109,210206500,3765.0,47810,2097812,1799387320.0,3766.0,216,3765.0,115
rb1805,20171110,20171109,210207000,3765.0,47816,2097810,1799613220.0,3766.0,210,3765.0,116
rb1805,20171110,20171109,210207500,3765.0,47834,2097798,1800290920.0,3766.0,231,3765.0,108
rb1805,20171110,20171109,210208000,3765.0,47910,2097750,1803152320.0,3766.0,251,3765.0,71
rb1805,20171110,20171109,210208500,3765.0,48052,2097762,1808498620.0,3765.0,33,3764.0,209
rb1805,20171110,20171109,210209000,3765.0,48060,2097766,1808799800.0,3765.0,264,3764.0,202
rb1805,20171110,20171109,210209500,3764.0,48122,2097812,1811133740.0,3765.0,370,3764.0,158
rb1805,20171110,20171109,210210000,3765.0,48308,2097932,1818135760.0,3765.0,348,3764.0,125
rb1805,20171110,20171109,210210500,3765.0,48310,2097934,1818211060.0,3765.0,477,3764.0,127
rb1805,20171110,20171109,210211000,3764.0,48360,2097978,1820093500.0,3765.0,463,3764.0,129
rb1805,20171110,20171109,210211500,3764.0,48384,2098000,1820996960.0,3765.0,461,3764.0,149
rb1805,20171110,20171109,210212000,3765.0,48400,2098008,1821599280.0,3765.0,466,3764.0,151
rb1805,20171110,20171109,210212500,3764.0,48410,2098018,1821975680.0,3765.0,470,3764.0,147
rb1805,20171110,20171109,210213000,3764.0,48714,2097894,1833418240.0,3764.0,87,3763.0,285
rb1805,20171110,20171109,210213500,3763.0,48744,2097894,1834547280.0,3764.0,117,3763.0,279
rb1805,20171110,20171109,210214000,3764.0,48848,2097876,1838461740.0,3764.0,79,3763.0,273
rb1805,20171110,20171109,210214500,3763.0,48926,2097892,1841397320.0,3764.0,69,3763.0,257
rb1805,20171110,20171109,210215000,3764.0,48946,2097910,1842150020.0,3764.0,65,3763.0,254
rb1805,20171110,20171109,210215500,3763.0,49030,2097938,1845311280.0,3764.0,57,3763.0,234
rb1805,20171110,20171109,210216000,3763.0,49064,2097958,1846590780.0,3764.0,294,3763.0,222
rb1805,20171110,20171109,210216500,3763.0,49082,2097970,1847268140.0,3764.0,305,3763.0,215
rb1805,20171110,20171109,210217000,3764.0,49152,2098036,1849902880.0,3764.0,313,3763.0,213
rb1805,20171110,20171109,210217500,3763.0,49194,2098048,1851483440.0,3764.0,328,3763.0,209
rb1805,20171110,20171109,210218000,3763.0,49226,2098074,1852687700.0,3764.0,324,3763.0,193
rb1805,20171110,20171109,210218500,3764.0,49270,2098104,1854343760.0,3764.0,308,3763.0,188
rb1805,20171110,20171109,210219000,3764.0,49652,2098106,1868722120.0,3764.0,132,3763.0,183
rb1805,20171110,20171109,210219500,3764.0,49868,2098258,1876852240.0,3764.0,31,3763.0,186
rb1805,20171110,20171109,210220000,3763.0,50122,2098282,1886410660.0,3764.0,12,3763.0,89
rb1805,20171110,20171109,210220500,3764.0,50218,2098282,1890023520.0,3765.0,528,3764.0,28
rb1805,20171110,20171109,210221000,3763.0,50308,2098330,1893410960.0,3764.0,80,3763.0,93
rb1805,20171110,20171109,210221500,3763.0,50350,2098336,1894991460.0,3764.0,60,3763.0,76
rb1805,20171110,20171109,210222000,3764.0,50364,2098348,1895518380.0,3764.0,56,3763.0,80
rb1805,20171110,20171109,210222500,3764.0,50466,2098354,1899356720.0,3764.0,56,3763.0,57
rb1805,20171110,20171109,210223000,3764.0,50480,2098368,1899883560.0,3764.0,55,3763.0,52
rb1805,20171110,20171109,210223500,3763.0,50490,2098378,1900259880.0,3764.0,119,3763.0,50
rb1805,20171110,20171109,210224000,3763.0,50504,2098392,1900786720.0,3764.0,129,3763.0,54
rb1805,20171110,20171109,210224500,3764.0,50532,2098406,1901840400.0,3764.0,136,3763.0,46
rb1805,20171110,20171109,210225000,3763.0,50552,2098412,1902593080.0,3764.0,154,3763.0,43
rb1805,20171110,20171109,210225500,3763.0,50658,2098358,1906581900.0,3763.0,28,3762.0,483
rb1805,20171110,20171109,210226000,3763.0,50666,2098356,1906882940.0,3763.0,24,3762.0,483
rb1805,20171110,20171109,210226500,3763.0,50920,2098490,1916442500.0,3764.0,121,3763.0,96
rb1805,20171110,20171109,210227000,3764.0,50976,2098528,1918550200.0,3764.0,118,3763.0,125
rb1805,20171110,20171109,210227500,3763.0,51014,2098530,1919980200.0,3764.0,108,3763.0,130
rb1805,20171110,20171109,210228000,3763.0,51104,2098442,1923366900.0,3764.0,124,3763.0,97
rb1805,20171110,20171109,210228500,3763.0,51198,2098374,1926904260.0,3764.0,118,3763.0,67
rb1805,20171110,20171109,210229000,3763.0,51234,2098352,1928258940.0,3764.0,118,3763.0,58
rb1805,20171110,20171109,210229500,3763.0,51348,2098416,1932548760.0,3764.0,118,3763.0,10
rb1805,20171110,20171109,210230000,3763.0,51370,2098422,1933376620.0,3763.0,9,3762.0,504
rb1805,20171110,20171109,210230500,3763.0,51396,2098426,1934355000.0,3763.0,27,3762.0,504
rb1805,20171110,20171109,210231000,3764.0,51486,2098482,1937741840.0,3764.0,120,3763.0,49
rb1805,20171110,20171109,210231500,3764.0,51498,2098480,1938193460.0,3764.0,123,3763.0,66
rb1805,20171110,20171109,210232000,3764.0,51650,2098340,1943913300.0,3764.0,132,3763.0,28
rb1805,20171110,20171109,210232500,3763.0,51666,2098328,1944515380.0,3764.0,134,3763.0,53
rb1805,20171110,20171109,210233000,3764.0,51778,2098340,1948730020.0,3764.0,145,3763.0,11
rb1805,20171110,20171109,210233500,3763.0,51782,2098340,1948880560.0,3764.0,146,3763.0,36
rb1805,20171110,20171109,210234000,3763.0,51974,2098388,1956105520.0,3763.0,88,3762.0,506
rb1805,20171110,20171109,210234500,3763.0,52114,2098398,1961373200.0,3763.0,96,3762.0,480
rb1805,20171110,20171109,210235000,3763.0,52122,2098398,1961674220.0,3763.0,110,3762.0,486
rb1805,20171110,20171109,210235500,3763.0,52136,2098408,1962201040.0,3763.0,122,3762.0,483
rb1805,20171110,20171109,210236000,3763.0,52176,2098428,1963706040.0,3763.0,114,3762.0,474
rb1805,20171110,20171109,210236500,3763.0,52184,2098436,1964007080.0,3763.0,152,3762.0,477
rb1805,20171110,20171109,210237000,3763.0,52214,2098454,1965135920.0,3763.0,141,3762.0,477
rb1805,20171110,20171109,210237500,3762.0,52240,2098464,1966114100.0,3763.0,127,3762.0,467
rb1805,20171110,20171109,210238000,3763.0,52304,2098494,1968522040.0,3763.0,128,3762.0,453
rb1805,20171110,20171109,210238500,3762.0,52326,2098514,1969349820.0,3763.0,181,3762.0,450
rb1805,20171110,20171109,210239000,3763.0,52330,2098518,1969500340.0,3763.0,179,3762.0,458
rb1805,20171110,20171109,210239500,3763.0,52344,2098528,1970027120.0,3763.0,176,3762.0,455
rb1805,20171110,20171109,210240000,3762.0,52386,2098530,1971607160.0,3763.0,177,3762.0,437
rb1805,20171110,20171109,210240500,3762.0,52418,2098554,1972811020.0,3763.0,180,3762.0,423
rb1805,20171110,20171109,210241000,3763.0,52450,2098568,1974014940.0,3763.0,176,3762.0,418
rb1805,20171110,20171109,210241500,3762.0,52478,2098578,1975068540.0,3763.0,278,3762.0,435
rb1805,20171110,20171109,210242000,3763.0,52586,2098596,1979131560.0,3763.0,277,3762.0,386
rb1805,20171110,20171109,210242500,3762.0,52710,2098600,1983796480.0,3763.0,277,3762.0,350
rb1805,20171110,20171109,210243000,3762.0,52746,2098586,1985150880.0,3763.0,289,3762.0,336
rb1805,20171110,20171109,210243500,3762.0,52760,2098586,1985677580.0,3763.0,288,3762.0,331
rb1805,20171110,20171109,210244000,3763.0,52780,2098588,1986430020.0,3763.0,286,3762.0,325
rb1805,20171110,20171109,210244500,3763.0,52896,2098576,1990793980.0,3763.0,284,3762.0,271
rb1805,20171110,20171109,210245000,3763.0,52906,2098574,1991170200.0,3763.0,283,3762.0,274
rb1805,20171110,20171109,210245500,3762.0,52934,2098576,1992223600.0,3763.0,282,3762.0,266
rb1805,20171110,20171109,210246000,3763.0,52948,2098578,1992750340.0,3763.0,300,3762.0,264
rb1805,20171110,20171109,210246500,3762.0,52960,2098572,1993201800.0,3763.0,315,3762.0,260
rb1805,20171110,20171109,210247000,3762.0,52976,2098558,1993803720.0,3763.0,317,3762.0,252
rb1805,20171110,20171109,210247500,3762.0,53096,2098598,1998318120.0,3763.0,319,3762.0,192
rb1805,20171110,20171109,210248000,3762.0,53134,2098610,1999747920.0,3763.0,307,3762.0,180
rb1805,20171110,20171109,210248500,3762.0,53374,2098514,2008776780.0,3763.0,310,3762.0,78
rb1805,20171110,20171109,210249000,3762.0,53432,2098552,2010958740.0,3763.0,310,3762.0,52
rb1805,20171110,20171109,210249500,3762.0,53542,2098552,2015097000.0,3762.0,2,3761.0,272
rb1805,20171110,20171109,210250000,3762.0,53612,2098536,2017730360.0,3762.0,17,3761.0,279
rb1805,20171110,20171109,210250500,3762.0,53632,2098550,2018482740.0,3762.0,31,3761.0,278
rb1805,20171110,20171109,210251000,3761.0,53650,2098560,2019159800.0,3762.0,33,3761.0,277
rb1805,20171110,20171109,210251500,3761.0,53916,2098556,2029164740.0,3762.0,7,3761.0,179
rb1805,20171110,20171109,210252000,3762.0,53926,2098560,2029540900.0,3762.0,13,3761.0,178
rb1805,20171110,20171109,210252500,3762.0,54080,2098690,2035333240.0,3763.0,292,3762.0,181
rb1805,20171110,20171109,210253000,3762.0,54082,2098692,2035408480.0,3763.0,292,3762.0,261
rb1805,20171110,20171109,210253500,3762.0,54108,2098704,2036386800.0,3763.0,282,3762.0,260
rb1805,20171110,20171109,210254000,3762.0,54170,2098720,2038719240.0,3763.0,274,3762.0,241
rb1805,20171110,20171109,210254500,3762.0,54190,2098730,2039471680.0,3763.0,272,3762.0,248
rb1805,20171110,20171109,210255000,3762.0,54206,2098744,2040073620.0,3763.0,272,3762.0,221
rb1805,20171110,20171109,210255500,3762.0,54236,2098746,2041202220.0,3763.0,272,3762.0,211
rb1805,20171110,20171109,210256000,3762.0,54254,2098750,2041879500.0,3763.0,268,3762.0,209
rb1805,20171110,20171109,210256500,3763.0,54594,2098832,2054672780.0,3763.0,144,3762.0,167
rb1805,20171110,20171109,210257000,3762.0,54598,2098834,2054823260.0,3763.0,144,3762.0,201
rb1805,20171110,20171109,210257500,3763.0,54972,2098934,2068896100.0,3764.0,220,3763.0,10
rb1805,20171110,20171109,210258000,3763.0,55184,2098908,2076872740.0,3764.0,222,3763.0,1
rb1805,20171110,20171109,210258500,3763.0,55246,2098892,2079205780.0,3764.0,222,3763.0,97
rb1805,20171110,20171109,210259000,3763.0,55288,2098932,2080786240.0,3764.0,227,3763.0,95
rb1805,20171110,20171109,210259500,3763.0,55304,2098946,2081388340.0,3764.0,226,3763.0,98
rb1805,20171110,20171109,210300000,3763.0,55506,2099108,2088989600.0,3763.0,8,3762.0,184
rb1805,20171110,20171109,210300500,3763.0,55562,2099116,2091096980.0,3764.0,222,3763.0,44
rb1805,20171110,20171109,210301000,3764.0,55636,2099166,2093881520.0,3764.0,221,3762.0,182
rb1805,20171110,20171109,210301500,3764.0,55636,2099166,2093881520.0,3763.0,82,3762.0,183
rb1805,20171110,20171109,210302000,3763.0,55676,2099156,2095386680.0,3763.0,139,3762.0,132
rb1805,20171110,20171109,210302500,3763.0,55694,2099160,2096064020.0,3763.0,150,3762.0,149
rb1805,20171110,20171109,210303000,3763.0,55724,2099186,2097192840.0,3763.0,139,3762.0,177
rb1805,20171110,20171109,210303500,3762.0,55728,2099188,2097343340.0,3763.0,142,3762.0,203
rb1805,20171110,20171109,210304000,3763.0,55732,2099192,2097493840.0,3763.0,141,3762.0,204
rb1805,20171110,20171109,210304500,3763.0,55790,2099248,2099676360.0,3763.0,115,3762.0,205
rb1805,20171110,20171109,210305000,3762.0,55882,2099276,2103138080.0,3763.0,103,3762.0,195
rb1805,20171110,20171109,210305500,3763.0,56066,2099312,2110061460.0,3763.0,81,3762.0,171
rb1805,20171110,20171109,210306000,3762.0,56424,2099490,2123529640.0,3762.0,33,3761.0,207
rb1805,20171110,20171109,210306500,3762.0,57264,2099566,2155125320.0,3763.0,8,3762.0,45
rb1805,20171110,20171109,210307000,3762.0,57420,2099592,2160994260.0,3762.0,58,3761.0,44
rb1805,20171110,20171109,210307500,3762.0,57440,2099582,2161746640.0,3762.0,84,3761.0,68
rb1805,20171110,20171109,210308000,3762.0,57442,2099582,2161821880.0,3762.0,591,3761.0,93
rb1805,20171110,20171109,210308500,3762.0,57574,2099488,2166786600.0,3762.0,592,3760.0,331
rb1805,20171110,20171109,210309000,3760.0,57688,2099454,2171073160.0,3762.0,607,3761.0,1
rb1805,20171110,20171109,210309500,3761.0,57742,2099462,2173103900.0,3761.0,23,3760.0,282
rb1805,20171110,20171109,210310000,3761.0,57790,2099440,2174909180.0,3761.0,56,3760.0,281
rb1805,20171110,20171109,210310500,3760.0,57856,2099492,2177390840.0,3761.0,53,3760.0,251
rb1805,20171110,20171109,210311000,3761.0,57892,2099462,2178744780.0,3761.0,41,3760.0,251
rb1805,20171110,20171109,210311500,3760.0,57922,2099474,2179872880.0,3761.0,38,3760.0,243
rb1805,20171110,20171109,210312000,3760.0,57970,2099466,2181677960.0,3761.0,67,3760.0,233
rb1805,20171110,20171109,210312500,3761.0,58204,2099464,2190476440.0,3761.0,95,3760.0,126
rb1805,20171110,20171109,210313000,3760.0,58358,2099552,2196266940.0,3761.0,98,3760.0,55
rb1805,20171110,20171109,210313500,3760.0,58476,2099564,2200703740.0,3760.0,11,3759.0,92
rb1805,20171110,20171109,210314000,3759.0,58562,2099552,2203937220.0,3760.0,29,3759.0,100
rb1805,20171110,20171109,210314500,3760.0,58826,2099688,2213863720.0,3761.0,100,3760.0,379
rb1805,20171110,20171109,210315000,3761.0,59048,2099770,2222212400.0,3761.0,42,3760.0,354
rb1805,20171110,20171109,210315500,3760.0,59136,2099760,2225521600.0,3761.0,29,3760.0,343
rb1805,20171110,20171109,210316000,3761.0,59218,2099790,2228605460.0,3762.0,610,3761.0,15
rb1805,20171110,20171109,210316500,3760.0,59312,2099808,2232140800.0,3761.0,29,3760.0,339
rb1805,20171110,20171109,210317000,3761.0,59394,2099844,2235224820.0,3762.0,619,3761.0,15
rb1805,20171110,20171109,210317500,3761.0,59422,2099842,2236277900.0,3762.0,618,3761.0,12
rb1805,20171110,20171109,210318000,3761.0,59464,2099824,2237857640.0,3762.0,612,3761.0,16
rb1805,20171110,20171109,210318500,3761.0,59488,2099836,2238760280.0,3762.0,625,3761.0,174
rb1805,20171110,20171109,210319000,3762.0,59614,2099788,2243499660.0,3762.0,599,3761.0,158
rb1805,20171110,20171109,210319500,3761.0,59744,2099912,2248388980.0,3762.0,602,3761.0,107
rb1805,20171110,20171109,210320000,3761.0,60080,2099918,2261029100.0,3762.0,444,3761.0,101
rb1805,20171110,20171109,210320500,3762.0,60492,2099924,2276528480.0,3762.0,240,3761.0,101
rb1805,20171110,20171109,210321000,3762.0,60550,2099974,2278710420.0,3762.0,202,3761.0,115
rb1805,20171110,20171109,210321500,3761.0,60756,2099994,2286459920.0,3762.0,113,3761.0,108
rb1805,20171110,20171109,210322000,3761.0,61322,2100472,2307750100.0,3761.0,32,3760.0,449
rb1805,20171110,20171109,210322500,3762.0,61398,2100492,2310608620.0,3763.0,76,3762.0,15
rb1805,20171110,20171109,210323000,3761.0,61696,2100412,2321816700.0,3761.0,370,3760.0,477
rb1805,20171110,20171109,210323500,3761.0,61820,2100392,2326480340.0,3761.0,340,3760.0,517
rb1805,20171110,20171109,210324000,3761.0,61842,2100386,2327307760.0,3761.0,331,3760.0,521
rb1805,20171110,20171109,210324500,3761.0,62070,2100384,2335880840.0,3761.0,317,3760.0,424
rb1805,20171110,20171109,210325000,3761.0,62146,2100388,2338738620.0,3761.0,318,3760.0,595
rb1805,20171110,20171109,210325500,3760.0,62202,2100376,2340844740.0,3761.0,314,3760.0,601
rb1805,20171110,20171109,210326000,3761.0,62210,2100374,2341145620.0,3761.0,306,3760.0,604
rb1805,20171110,20171109,210326500,3761.0,62214,2100374,2341296060.0,3761.0,304,3760.0,610
rb1805,20171110,20171109,210327000,3761.0,62246,2100356,2342499540.0,3761.0,290,3760.0,614
rb1805,20171110,20171109,210327500,3760.0,62298,2100360,2344455000.0,3761.0,277,3760.0,603
rb1805,20171110,20171109,210328000,3760.0,62356,2100378,2346635880.0,3761.0,273,3760.0,579
rb1805,20171110,20171109,210328500,3761.0,62368,2100380,2347087140.0,3761.0,270,3760.0,585
rb1805,20171110,20171109,210329000,3761.0,62722,2100278,2360401040.0,3761.0,122,3760.0,640
rb1805,20171110,20171109,210329500,3761.0,62984,2100424,2370254860.0,3762.0,62,3761.0,295
rb1805,20171110,20171109,210330000,3761.0,63020,2100452,2371609060.0,3762.0,52,3761.0,296
rb1805,20171110,20171109,210330500,3760.0,63996,2101282,2408313300.0,3762.0,41,3761.0,1
rb1805,20171110,20171109,210331000,3761.0,64032,2101284,2409667260.0,3761.0,182,3760.0,477
rb1805,20171110,20171109,210331500,3761.0,64052,2101274,2410419440.0,3761.0,176,3760.0,477
rb1805,20171110,20171109,210332000,3760.0,64108,2101244,2412525520.0,3761.0,163,3760.0,469
rb1805,20171110,20171109,210332500,3761.0,64176,2101204,2415082780.0,3761.0,140,3760.0,458
rb1805,20171110,20171109,210333000,3761.0,64214,2101204,2416511640.0,3761.0,147,3760.0,444
rb1805,20171110,20171109,210333500,3761.0,64224,2101204,2416887720.0,3761.0,144,3760.0,446
rb1805,20171110,20171109,210334000,3761.0,64238,2101202,2417414160.0,3761.0,152,3760.0,447
rb1805,20171110,20171109,210334500,3761.0,64256,2101192,2418091080.0,3761.0,148,3760.0,443
rb1805,20171110,20171109,210335000,3762.0,65082,2100620,2449162280.0,3763.0,180,3762.0,106
rb1805,20171110,20171109,210335500,3762.0,65188,2100566,2453150020.0,3763.0,179,3762.0,57
rb1805,20171110,20171109,210336000,3762.0,65306,2100476,2457589320.0,3763.0,182,3762.0,5
rb1805,20171110,20171109,210336500,3762.0,65328,2100480,2458416860.0,3762.0,169,3761.0,90
rb1805,20171110,20171109,210337000,3761.0,65334,2100486,2458642520.0,3762.0,172,3761.0,57
rb1805,20171110,20171109,210337500,3761.0,65454,2100396,2463155720.0,3762.0,82,3761.0,34
rb1805,20171110,20171109,210338000,3761.0,65464,2100394,2463531880.0,3762.0,92,3761.0,40
rb1805,20171110,20171109,210338500,3762.0,65716,2100304,2473011680.0,3762.0,30,3761.0,23
rb1805,20171110,20171109,210339000,3762.0,65720,2100306,2473162140.0,3762.0,34,3761.0,27
rb1805,20171110,20171109,210339500,3761.0,65726,2100310,2473387840.0,3762.0,34,3761.0,91
rb1805,20171110,20171109,210340000,3762.0,65736,2100318,2473764000.0,3762.0,47,3761.0,99
rb1805,20171110,20171109,210340500,3762.0,65740,2100322,2473914480.0,3762.0,49,3761.0,106
rb1805,20171110,20171109,210341000,3762.0,65798,2100346,2476095960.0,3762.0,57,3761.0,204
rb1805,20171110,20171109,210341500,3762.0,65828,2100344,2477224340.0,3762.0,54,3761.0,205
rb1805,20171110,20171109,210342000,3762.0,65972,2100340,2482640540.0,3762.0,46,3761.0,152
rb1805,20171110,20171109,210342500,3762.0,65998,2100344,2483618460.0,3762.0,49,3761.0,165
rb1805,20171110,20171109,210343000,3762.0,66020,2100346,2484446080.0,3762.0,39,3761.0,167
rb1805,20171110,20171109,210343500,3762.0,66104,2100388,2487606120.0,3763.0,207,3762.0,79
rb1805,20171110,20171109,210344000,3762.0,66104,2100388,2487606120.0,3763.0,201,3762.0,101
rb1805,20171110,20171109,210344500,3762.0,66130,2100408,2488584240.0,3763.0,200,3762.0,89
rb1805,20171110,20171109,210345000,3763.0,66136,2100412,2488810000.0,3763.0,198,3762.0,90
rb1805,20171110,20171109,210345500,3762.0,66286,2100398,2494454420.0,3763.0,136,3762.0,104
rb1805,20171110,20171109,210346000,3762.0,66494,2100424,2502279840.0,3763.0,103,3762.0,26
rb1805,20171110,20171109,210346500,3761.0,66558,2100476,2504687280.0,3763.0,104,3762.0,1
rb1805,20171110,20171109,210347000,3762.0,66572,2100476,2505213940.0,3762.0,18,3761.0,185
rb1805,20171110,20171109,210347500,3762.0,66636,2100488,2507621760.0,3763.0,98,3762.0,205
rb1805,20171110,20171109,210348000,3762.0,66678,2100518,2509201840.0,3763.0,101,3762.0,103
rb1805,20171110,20171109,210348500,3762.0,66802,2100528,2513867840.0,3763.0,55,3762.0,85
rb1805,20171110,20171109,210349000,3763.0,66834,2100538,2515071700.0,3763.0,104,3762.0,127
rb1805,20171110,20171109,210349500,3762.0,66842,2100542,2515372680.0,3763.0,135,3762.0,122
rb1805,20171110,20171109,210350000,3763.0,67222,2100704,2529670420.0,3763.0,31,3762.0,42
rb1805,20171110,20171109,210350500,3763.0,67284,2100758,2532003480.0,3764.0,181,3763.0,51
rb1805,20171110,20171109,210351000,3763.0,67304,2100758,2532756080.0,3764.0,181,3763.0,43
rb1805,20171110,20171109,210351500,3764.0,67306,2100758,2532831360.0,3764.0,180,3763.0,43
rb1805,20171110,20171109,210352000,3764.0,67322,2100760,2533433500.0,3764.0,175,3763.0,45
rb1805,20171110,20171109,210352500,3763.0,67348,2100772,2534412000.0,3764.0,174,3763.0,40
rb1805,20171110,20171109,210353000,3763.0,67356,2100776,2534713080.0,3764.0,173,3763.0,41
rb1805,20171110,20171109,210353500,3762.0,67788,2100510,2550965760.0,3762.0,291,3761.0,90
rb1805,20171110,20171109,210354000,3762.0,67830,2100534,2552545500.0,3762.0,291,3761.0,82
rb1805,20171110,20171109,210354500,3762.0,67852,2100534,2553373140.0,3762.0,280,3761.0,85
rb1805,20171110,20171109,210355000,3762.0,67852,2100534,2553373140.0,3762.0,300,3761.0,92
rb1805,20171110,20171109,210355500,3761.0,67864,2100542,2553824480.0,3762.0,279,3761.0,88
rb1805,20171110,20171109,210356000,3762.0,67874,2100540,2554200680.0,3762.0,274,3761.0,94
rb1805,20171110,20171109,210356500,3762.0,67896,2100538,2555028320.0,3762.0,263,3761.0,95
rb1805,20171110,20171109,210357000,3761.0,67920,2100550,2555931000.0,3762.0,262,3761.0,87
rb1805,20171110,20171109,210357500,3762.0,67926,2100548,2556156700.0,3762.0,260,3761.0,86
rb1805,20171110,20171109,210358000,3762.0,67930,2100548,2556307180.0,3762.0,259,3761.0,86
rb1805,20171110,20171109,210358500,3761.0,67952,2100546,2557134800.0,3762.0,249,3761.0,90
rb1805,20171110,20171109,210359000,3761.0,67992,2100554,2558639520.0,3762.0,236,3761.0,89
rb1805,20171110,20171109,210359500,3762.0,68020,2100556,2559692660.0,3762.0,233,3761.0,84
rb1805,20171110,20171109,210400000,3762.0,68026,2100550,2559918380.0,3762.0,235,3761.0,90
rb1805,20171110,20171109,210400500,3762.0,68050,2100536,2560821220.0,3762.0,225,3761.0,88
rb1805,20171110,20171109,210401000,3762.0,68068,2100538,2561498340.0,3762.0,218,3761.0,91
rb1805,20171110,20171109,210401500,3762.0,68074,2100532,2561724060.0,3762.0,215,3761.0,93
rb1805,20171110,20171109,210402000,3761.0,68094,2100542,2562476340.0,3762.0,278,3761.0,92
rb1805,20171110,20171109,210402500,3762.0,68116,2100528,2563303960.0,3762.0,271,3761.0,95
rb1805,20171110,20171109,210403000,3761.0,68126,2100534,2563680100.0,3762.0,270,3761.0,99
rb1805,20171110,20171109,210403500,3762.0,68128,2100532,2563755340.0,3762.0,269,3761.0,101
rb1805,20171110,20171109,210404000,3761.0,68134,2100532,2563981000.0,3762.0,269,3761.0,101
rb1805,20171110,20171109,210404500,3762.0,68156,2100520,2564808640.0,3762.0,258,3761.0,109
rb1805,20171110,20171109,210405000,3761.0,68180,2100522,2565711340.0,3762.0,257,3761.0,104
rb1805,20171110,20171109,210405500,3762.0,68196,2100530,2566313160.0,3762.0,258,3761.0,107
rb1805,20171110,20171109,210406000,3762.0,68210,2100532,2566839720.0,3762.0,259,3761.0,103
rb1805,20171110,20171109,210406500,3762.0,68234,2100528,2567742520.0,3762.0,751,3761.0,100
rb1805,20171110,20171109,210407000,3761.0,68860,2100536,2591286380.0,3761.0,32,3760.0,533
rb1805,20171110,20171109,210407500,3761.0,68946,2100538,2594520680.0,3761.0,118,3760.0,528
rb1805,20171110,20171109,210408000,3760.0,68962,2100528,2595122360.0,3761.0,119,3760.0,524
rb1805,20171110,20171109,210408500,3760.0,69008,2100488,2596851980.0,3761.0,130,3760.0,504
rb1805,20171110,20171109,210409000,3760.0,69012,2100488,2597002400.0,3761.0,132,3760.0,504
rb1805,20171110,20171109,210409500,3761.0,69024,2100486,2597453720.0,3761.0,134,3760.0,505
rb1805,20171110,20171109,210410000,3761.0,69064,2100478,2598958120.0,3761.0,193,3760.0,525
rb1805,20171110,20171109,210410500,3761.0,69076,2100482,2599409380.0,3761.0,194,3760.0,524
rb1805,20171110,20171109,210411000,3761.0,69086,2100478,2599785460.0,3761.0,195,3760.0,523
rb1805,20171110,20171109,210411500,3761.0,69092,2100476,2600011100.0,3761.0,204,3760.0,531
rb1805,20171110,20171109,210412000,3760.0,69146,2100466,2602041680.0,3761.0,208,3760.0,523
rb1805,20171110,20171109,210412500,3760.0,69178,2100480,2603244940.0,3761.0,208,3760.0,512
rb1805,20171110,20171109,210413000,3760.0,69192,2100482,2603771420.0,3761.0,210,3760.0,509
rb1805,20171110,20171109,210413500,3760.0,69292,2100532,2607531460.0,3761.0,210,3760.0,462
rb1805,20171110,20171109,210414000,3760.0,70018,2100316,2634831940.0,3761.0,75,3760.0,243
rb1805,20171110,20171109,210414500,3760.0,70254,2100180,2643705580.0,3761.0,83,3760.0,128
rb1805,20171110,20171109,210415000,3760.0,70522,2100318,2653782380.0,3760.0,280,3759.0,153
rb1805,20171110,20171109,210415500,3760.0,70706,2100418,2660699180.0,3760.0,331,3759.0,45
rb1805,20171110,20171109,210416000,3759.0,70840,2100384,2665736260.0,3760.0,336,3759.0,22
rb1805,20171110,20171109,210416500,3759.0,70886,2100360,2667465400.0,3759.0,66,3758.0,453
rb1805,20171110,20171109,210417000,3758.0,70950,2100416,2669871120.0,3759.0,95,3758.0,443
rb1805,20171110,20171109,210417500,3758.0,71126,2100332,2676486140.0,3759.0,91,3758.0,411
rb1805,20171110,20171109,210418000,3759.0,71424,2100136,2687685380.0,3759.0,75,3758.0,285
rb1805,20171110,20171109,210418500,3759.0,71466,2100126,2689264020.0,3759.0,75,3758.0,283
rb1805,20171110,20171109,210419000,3759.0,71500,2100114,2690541980.0,3759.0,72,3758.0,280
rb1805,20171110,20171109,210419500,3759.0,71574,2100112,2693323240.0,3759.0,57,3758.0,262
rb1805,20171110,20171109,210420000,3758.0,71800,2100112,2701816480.0,3759.0,50,3758.0,163
rb1805,20171110,20171109,210420500,3759.0,71978,2100090,2708507160.0,3760.0,268,3759.0,183
rb1805,20171110,20171109,210421000,3759.0,72050,2100044,2711213660.0,3760.0,272,3759.0,151
rb1805,20171110,20171109,210421500,3759.0,72132,2100042,2714296060.0,3760.0,272,3759.0,112
rb1805,20171110,20171109,210422000,3759.0,72146,2100032,2714822320.0,3760.0,272,3759.0,109
rb1805,20171110,20171109,210422500,3759.0,72172,2100020,2715799700.0,3760.0,272,3759.0,129
rb1805,20171110,20171109,210423000,3759.0,72260,2100022,2719107640.0,3760.0,272,3759.0,91
rb1805,20171110,20171109,210423500,3759.0,72496,2100138,2727978900.0,3760.0,273,3759.0,32
rb1805,20171110,20171109,210424000,3759.0,72570,2100134,2730760560.0,3759.0,35,3758.0,170
rb1805,20171110,20171109,210424500,3759.0,72686,2100122,2735121020.0,3760.0,274,3759.0,50
rb1805,20171110,20171109,210425000,3759.0,72742,2100116,2737226080.0,3760.0,275,3759.0,23
rb1805,20171110,20171109,210425500,3759.0,72796,2100082,2739255940.0,3759.0,5,3758.0,174
rb1805,20171110,20171109,210426000,3758.0,72816,2100090,2740007620.0,3759.0,9,3758.0,175
rb1805,20171110,20171109,210426500,3758.0,72892,2100152,2742863800.0,3759.0,27,3758.0,144
rb1805,20171110,20171109,210427000,3759.0,72910,2100164,2743540320.0,3759.0,47,3758.0,133
rb1805,20171110,20171109,210427500,3759.0,72964,2100186,2745569740.0,3759.0,100,3758.0,112
rb1805,20171110,20171109,210428000,3758.0,72984,2100200,2746321460.0,3759.0,99,3758.0,118
rb1805,20171110,20171109,210428500,3758.0,73236,2100086,2755791640.0,3758.0,382,3757.0,232
rb1805,20171110,20171109,210429000,3758.0,73688,2100166,2772773540.0,3758.0,384,3757.0,31
rb1805,20171110,20171109,210429500,3758.0,73838,2100192,2778409160.0,3758.0,400,3756.0,243
rb1805,20171110,20171109,210430000,3757.0,73940,2100242,2782240800.0,3758.0,415,3757.0,1
rb1805,20171110,20171109,210430500,3757.0,74008,2100238,2784794980.0,3757.0,33,3756.0,178
rb1805,20171110,20171109,210431000,3757.0,74072,2100224,2787199040.0,3757.0,27,3756.0,154
rb1805,20171110,20171109,210431500,3758.0,74214,2100172,2792534060.0,3758.0,479,3757.0,10
rb1805,20171110,20171109,210432000,3757.0,74284,2100216,2795163880.0,3757.0,32,3756.0,174
rb1805,20171110,20171109,210432500,3756.0,74828,2100082,2815595280.0,3757.0,43,3756.0,146
rb1805,20171110,20171109,210433000,3755.0,75180,2099944,2828816760.0,3756.0,41,3755.0,149
rb1805,20171110,20171109,210433500,3757.0,75674,2099862,2847371820.0,3758.0,480,3757.0,109
rb1805,20171110,20171109,210434000,3757.0,75988,2099902,2859168600.0,3757.0,605,3756.0,78
rb1805,20171110,20171109,210434500,3756.0,76088,2099876,2862924760.0,3757.0,614,3756.0,20
rb1805,20171110,20171109,210435000,3756.0,76458,2099780,2876821980.0,3757.0,584,3756.0,1
rb1805,20171110,20171109,210435500,3756.0,76490,2099770,2878023800.0,3756.0,93,3755.0,86
rb1805,20171110,20171109,210436000,3755.0,76588,2099776,2881704360.0,3756.0,74,3755.0,72
rb1805,20171110,20171109,210436500,3756.0,76614,2099760,2882680860.0,3756.0,73,3755.0,256
rb1805,20171110,20171109,210437000,3755.0,76982,2099806,2896502420.0,3756.0,2,3755.0,231
rb1805,20171110,20171109,210437500,3757.0,77214,2099938,2905214580.0,3757.0,605,3756.0,2
rb1805,20171110,20171109,210438000,3756.0,77284,2099986,2907843740.0,3757.0,628,3756.0,8
rb1805,20171110,20171109,210438500,3756.0,77760,2100404,2925726120.0,3757.0,430,3756.0,1
rb1805,20171110,20171109,210439000,3755.0,78228,2100270,2943299720.0,3755.0,291,3754.0,313
rb1805,20171110,20171109,210439500,3755.0,78500,2100018,2953513280.0,3755.0,191,3754.0,343
rb1805,20171110,20171109,210440000,3755.0,78960,2100042,2970786340.0,3756.0,57,3755.0,4
rb1805,20171110,20171109,210440500,3756.0,78988,2100048,2971837820.0,3756.0,108,3755.0,11
rb1805,20171110,20171109,210441000,3754.0,79052,2100036,2974240940.0,3755.0,11,3754.0,342
rb1805,20171110,20171109,210441500,3755.0,79372,2100072,2986256900.0,3756.0,124,3755.0,26
rb1805,20171110,20171109,210442000,3755.0,79562,2100124,2993391360.0,3755.0,22,3754.0,355
rb1805,20171110,20171109,210442500,3755.0,79648,2100144,2996620700.0,3756.0,124,3755.0,125
rb1805,20171110,20171109,210443000,3755.0,79746,2100108,3000301320.0,3756.0,88,3755.0,118
rb1805,20171110,20171109,210443500,3755.0,80082,2100046,3012918140.0,3755.0,34,3754.0,375
rb1805,20171110,20171109,210444000,3755.0,80310,2099966,3021480320.0,3756.0,100,3755.0,78
rb1805,20171110,20171109,210444500,3754.0,80516,2099794,3029215460.0,3755.0,20,3754.0,380
rb1805,20171110,20171109,210445000,3754.0,80750,2099798,3037999980.0,3755.0,75,3754.0,272
rb1805,20171110,20171109,210445500,3755.0,80836,2099782,3041229040.0,3755.0,54,3754.0,271
rb1805,20171110,20171109,210446000,3755.0,81066,2099668,3049863480.0,3755.0,61,3754.0,172
rb1805,20171110,20171109,210446500,3754.0,81196,2099668,3054744500.0,3755.0,21,3754.0,169
rb1805,20171110,20171109,210447000,3754.0,81584,2099898,3069310140.0,3754.0,99,3753.0,351
rb1805,20171110,20171109,210447500,3753.0,82052,2100284,3086878200.0,3754.0,23,3753.0,324
rb1805,20171110,20171109,210448000,3753.0,82594,2100462,3107223080.0,3754.0,142,3753.0,217
rb1805,20171110,20171109,210448500,3753.0,82696,2100438,3111051560.0,3754.0,151,3753.0,184
rb1805,20171110,20171109,210449000,3753.0,82762,2100414,3113528720.0,3754.0,146,3753.0,180
rb1805,20171110,20171109,210449500,3754.0,82942,2100358,3120284780.0,3754.0,118,3753.0,164
rb1805,20171110,20171109,210450000,3754.0,82982,2100356,3121786080.0,3754.0,120,3753.0,213
rb1805,20171110,20171109,210450500,3754.0,83084,2100340,3125614380.0,3754.0,117,3753.0,192
rb1805,20171110,20171109,210451000,3753.0,83266,2100426,3132445080.0,3754.0,106,3753.0,126
rb1805,20171110,20171109,210451500,3753.0,83548,2100488,3143028580.0,3754.0,104,3753.0,28
rb1805,20171110,20171109,210452000,3753.0,84020,2100454,3160743760.0,3754.0,10,3752.0,245
rb1805,20171110,20171109,210452500,3753.0,84132,2100488,3164947800.0,3754.0,12,3753.0,87
rb1805,20171110,20171109,210453000,3754.0,84282,2100540,3170578680.0,3755.0,129,3754.0,7
rb1805,20171110,20171109,210453500,3754.0,84326,2100556,3172230520.0,3755.0,118,3754.0,62
rb1805,20171110,20171109,210454000,3753.0,84612,2100596,3182965760.0,3755.0,77,3754.0,9
rb1805,20171110,20171109,210454500,3755.0,84696,2100608,3186119080.0,3755.0,84,3754.0,4
rb1805,20171110,20171109,210455000,3754.0,84762,2100628,3188596740.0,3755.0,83,3754.0,215
rb1805,20171110,20171109,210455500,3755.0,85026,2100546,3198509920.0,3756.0,129,3755.0,41
rb1805,20171110,20171109,210456000,3756.0,85112,2100576,3201739640.0,3756.0,105,3755.0,89
rb1805,20171110,20171109,210456500,3756.0,85126,2100588,3202265380.0,3756.0,111,3755.0,131
rb1805,20171110,20171109,210457000,3755.0,85154,2100594,3203316840.0,3756.0,132,3755.0,121
rb1805,20171110,20171109,210457500,3755.0,85182,2100600,3204368280.0,3756.0,129,3755.0,114
rb1805,20171110,20171109,210458000,3756.0,85222,2100620,3205870440.0,3756.0,123,3755.0,109
rb1805,20171110,20171109,210458500,3756.0,85404,2100704,3212705080.0,3756.0,103,3755.0,49
rb1805,20171110,20171109,210459000,3756.0,85520,2100700,3217061240.0,3756.0,89,3755.0,10
rb1805,20171110,20171109,210459500,3755.0,85550,2100704,3218187820.0,3756.0,89,3755.0,39
rb1805,20171110,20171109,210500000,3755.0,85566,2100704,3218788700.0,3756.0,84,3755.0,74
rb1805,20171110,20171109,210500500,3756.0,86050,2100636,3236967740.0,3757.0,257,3756.0,6
rb1805,20171110,20171109,210501000,3755.0,86378,2100724,3249287020.0,3757.0,236,3755.0,62
rb1805,20171110,20171109,210501500,3756.0,86500,2100738,3253869360.0,3757.0,235,3756.0,12
rb1805,20171110,20171109,210502000,3756.0,86566,2100716,3256348340.0,3757.0,272,3756.0,15
rb1805,20171110,20171109,210502500,3756.0,86616,2100736,3258226420.0,3757.0,267,3756.0,12
rb1805,20171110,20171109,210503000,3756.0,86652,2100754,3259578700.0,3757.0,242,3756.0,11
rb1805,20171110,20171109,210503500,3756.0,86706,2100746,3261607060.0,3757.0,237,3756.0,44
rb1805,20171110,20171109,210504000,3757.0,86738,2100776,3262809200.0,3757.0,227,3756.0,72
rb1805,20171110,20171109,210504500,3757.0,86856,2100814,3267241400.0,3757.0,227,3756.0,21
rb1805,20171110,20171109,210505000,3756.0,86926,2100856,3269870920.0,3757.0,211,3756.0,44
rb1805,20171110,20171109,210505500,3757.0,87092,2100940,3276106380.0,3757.0,198,3756.0,19
rb1805,20171110,20171109,210506000,3757.0,87208,2100902,3280463820.0,3757.0,183,3756.0,9
rb1805,20171110,20171109,210506500,3757.0,87294,2100856,3283694600.0,3757.0,153,3756.0,5
rb1805,20171110,20171109,210507000,3756.0,87320,2100862,3284671180.0,3756.0,7,3755.0,276
rb1805,20171110,20171109,210507500,3756.0,87586,2100940,3294662180.0,3757.0,154,3756.0,18
rb1805,20171110,20171109,210508000,3756.0,87728,2100824,3299994920.0,3756.0,18,3755.0,254
rb1805,20171110,20171109,210508500,3756.0,87770,2100824,3301572440.0,3756.0,20,3755.0,285
rb1805,20171110,20171109,210509000,3756.0,87802,2100820,3302774360.0,3756.0,40,3755.0,278
rb1805,20171110,20171109,210509500,3756.0,87820,2100810,3303450440.0,3756.0,89,3755.0,265
rb1805,20171110,20171109,210510000,3755.0,87854,2100802,3304727400.0,3756.0,92,3755.0,270
rb1805,20171110,20171109,210510500,3756.0,87894,2100828,3306229700.0,3756.0,88,3755.0,275
rb1805,20171110,20171109,210511000,3756.0,87910,2100824,3306830660.0,3756.0,82,3755.0,286
rb1805,20171110,20171109,210511500,3756.0,87934,2100826,3307731960.0,3756.0,84,3755.0,304
rb1805,20171110,20171109,210512000,3756.0,87950,2100822,3308332880.0,3756.0,81,3755.0,318
rb1805,20171110,20171109,210512500,3756.0,87960,2100814,3308708480.0,3756.0,92,3755.0,321
rb1805,20171110,20171109,210513000,3756.0,88006,2100806,3310436020.0,3756.0,84,3755.0,334
rb1805,20171110,20171109,210513500,3755.0,88122,2100802,3314792860.0,3756.0,33,3755.0,338
rb1805,20171110,20171109,210514000,3757.0,88218,2100844,3318398640.0,3757.0,164,3756.0,72
rb1805,20171110,20171109,210514500,3756.0,88226,2100838,3318699140.0,3757.0,165,3756.0,73
rb1805,20171110,20171109,210515000,3756.0,88242,2100832,3319300120.0,3757.0,150,3756.0,85
rb1805,20171110,20171109,210515500,3757.0,88344,2100830,3323131800.0,3757.0,122,3756.0,174
rb1805,20171110,20171109,210516000,3757.0,88396,2100816,3325085360.0,3757.0,105,3756.0,213
rb1805,20171110,20171109,210516500,3757.0,88440,2100796,3326738400.0,3757.0,88,3756.0,257
rb1805,20171110,20171109,210517000,3757.0,88620,2100836,3333501000.0,3758.0,506,3757.0,157
rb1805,20171110,20171109,210517500,3758.0,88708,2100840,3336807260.0,3758.0,501,3757.0,170
rb1805,20171110,20171109,210518000,3757.0,88742,2100860,3338084740.0,3758.0,497,3757.0,216
rb1805,20171110,20171109,210518500,3757.0,88746,2100860,3338235040.0,3758.0,499,3757.0,527
rb1805,20171110,20171109,210519000,3757.0,88776,2100864,3339362360.0,3758.0,494,3757.0,531
rb1805,20171110,20171109,210519500,3757.0,88930,2100860,3345149660.0,3758.0,417,3757.0,537
rb1805,20171110,20171109,210520000,3758.0,89102,2100730,3351613380.0,3758.0,335,3757.0,541
rb1805,20171110,20171109,210520500,3757.0,89146,2100742,3353266720.0,3758.0,324,3757.0,534
rb1805,20171110,20171109,210521000,3757.0,89208,2100776,3355596160.0,3758.0,323,3757.0,509
rb1805,20171110,20171109,210521500,3758.0,89516,2100768,3367168680.0,3758.0,321,3757.0,412
rb1805,20171110,20171109,210522000,3758.0,89610,2100690,3370701180.0,3758.0,308,3757.0,413
rb1805,20171110,20171109,210522500,3757.0,89630,2100700,3371452660.0,3758.0,348,3757.0,423
rb1805,20171110,20171109,210523000,3758.0,89686,2100738,3373556680.0,3758.0,363,3757.0,400
rb1805,20171110,20171109,210523500,3758.0,89692,2100742,3373782120.0,3758.0,365,3757.0,398
rb1805,20171110,20171109,210524000,3758.0,89908,2100592,3381899380.0,3758.0,264,3757.0,397
rb1805,20171110,20171109,210524500,3758.0,89962,2100626,3383928680.0,3758.0,281,3757.0,397
rb1805,20171110,20171109,210525000,3758.0,90146,2100568,3390843140.0,3758.0,208,3757.0,388
rb1805,20171110,20171109,210525500,3758.0,90562,2100634,3406476420.0,3759.0,286,3758.0,106
rb1805,20171110,20171109,210526000,3758.0,90562,2100634,3406476420.0,3759.0,286,3758.0,112
rb1805,20171110,20171109,210526500,3758.0,90590,2100654,3407528660.0,3759.0,288,3758.0,110
rb1805,20171110,20171109,210527000,3759.0,90626,2100676,3408881740.0,3759.0,277,3758.0,114
rb1805,20171110,20171109,210527500,3759.0,90638,2100682,3409332780.0,3759.0,275,3758.0,121
rb1805,20171110,20171109,210528000,3758.0,90730,2100700,3412790180.0,3759.0,275,3758.0,256
rb1805,20171110,20171109,210528500,3758.0,90734,2100704,3412940520.0,3759.0,274,3758.0,256
rb1805,20171110,20171109,210529000,3759.0,90806,2100754,3415646360.0,3759.0,271,3758.0,254
rb1805,20171110,20171109,210529500,3759.0,90828,2100764,3416473320.0,3759.0,262,3758.0,253
rb1805,20171110,20171109,210530000,3759.0,90830,2100764,3416548500.0,3759.0,262,3758.0,256
rb1805,20171110,20171109,210530500,3758.0,90846,2100774,3417149840.0,3759.0,261,3758.0,252
rb1805,20171110,20171109,210531000,3759.0,90912,2100768,3419630480.0,3759.0,244,3758.0,243
rb1805,20171110,20171109,210531500,3759.0,91340,2100622,3435718880.0,3759.0,48,3758.0,238
rb1805,20171110,20171109,210532000,3759.0,91440,2100638,3439477880.0,3760.0,699,3759.0,180
rb1805,20171110,20171109,210532500,3759.0,91594,2100598,3445266860.0,3760.0,708,3759.0,130
rb1805,20171110,20171109,210533000,3759.0,91836,2100534,3454363640.0,3759.0,31,3758.0,252
rb1805,20171110,20171109,210533500,3758.0,91862,2100542,3455340880.0,3759.0,198,3758.0,255
rb1805,20171110,20171109,210534000,3759.0,91872,2100542,3455716780.0,3759.0,235,3758.0,258
rb1805,20171110,20171109,210534500,3758.0,91890,2100542,3456393340.0,3759.0,248,3758.0,256
rb1805,20171110,20171109,210535000,3759.0,91900,2100548,3456769180.0,3759.0,248,3758.0,256
rb1805,20171110,20171109,210535500,3759.0,91906,2100548,3456994700.0,3759.0,250,3758.0,259
rb1805,20171110,20171109,210536000,3759.0,91994,2100618,3460302580.0,3759.0,213,3758.0,262
rb1805,20171110,20171109,210536500,3759.0,92018,2100630,3461204740.0,3759.0,200,3758.0,262
rb1805,20171110,20171109,210537000,3759.0,92028,2100634,3461580640.0,3759.0,196,3758.0,262
rb1805,20171110,20171109,210537500,3759.0,92060,2100646,3462783360.0,3759.0,191,3758.0,255
rb1805,20171110,20171109,210538000,3758.0,92100,2100686,3464286700.0,3759.0,187,3758.0,242
rb1805,20171110,20171109,210538500,3759.0,92180,2100752,3467293780.0,3759.0,154,3758.0,246
rb1805,20171110,20171109,210539000,3759.0,92212,2100784,3468496620.0,3759.0,143,3758.0,244
rb1805,20171110,20171109,210539500,3759.0,92230,2100798,3469173120.0,3759.0,142,3758.0,239
rb1805,20171110,20171109,210540000,3759.0,92278,2100844,3470977380.0,3759.0,126,3758.0,236
rb1805,20171110,20171109,210540500,3758.0,92688,2100804,3486385240.0,3759.0,125,3758.0,104
rb1805,20171110,20171109,210541000,3759.0,92720,2100834,3487588060.0,3759.0,122,3758.0,102
rb1805,20171110,20171109,210541500,3758.0,92750,2100850,3488715660.0,3759.0,229,3758.0,99
rb1805,20171110,20171109,210542000,3759.0,92964,2101022,3496757860.0,3759.0,224,3758.0,59
rb1805,20171110,20171109,210542500,3758.0,92986,2101020,3497584660.0,3759.0,224,3758.0,50
rb1805,20171110,20171109,210543000,3758.0,92994,2101020,3497885320.0,3759.0,226,3758.0,48
rb1805,20171110,20171109,210543500,3759.0,93036,2101028,3499463900.0,3759.0,215,3758.0,41
rb1805,20171110,20171109,210544000,3759.0,93106,2100968,3502094540.0,3759.0,224,3758.0,21
rb1805,20171110,20171109,210544500,3757.0,93206,2101022,3505852220.0,3759.0,217,3757.0,393
rb1805,20171110,20171109,210545000,3758.0,93218,2101022,3506303180.0,3758.0,15,3757.0,405
rb1805,20171110,20171109,210545500,3759.0,93338,2101014,3510813060.0,3759.0,205,3758.0,37
rb1805,20171110,20171109,210546000,3759.0,93358,2101010,3511564860.0,3759.0,197,3758.0,147
rb1805,20171110,20171109,210546500,3759.0,93366,2101008,3511865560.0,3759.0,184,3758.0,165
rb1805,20171110,20171109,210547000,3759.0,93462,2100978,3515474200.0,3759.0,135,3758.0,143
rb1805,20171110,20171109,210547500,3758.0,93466,2100976,3515624520.0,3759.0,137,3758.0,148
rb1805,20171110,20171109,210548000,3758.0,93538,2101022,3518330280.0,3759.0,137,3758.0,126
rb1805,20171110,20171109,210548500,3759.0,93544,2101024,3518555800.0,3759.0,135,3758.0,127
rb1805,20171110,20171109,210549000,3759.0,93720,2100864,3525171640.0,3759.0,49,3758.0,128
rb1805,20171110,20171109,210549500,3759.0,93732,2100864,3525622640.0,3759.0,47,3758.0,126
rb1805,20171110,20171109,210550000,3759.0,93828,2100814,3529231280.0,3760.0,873,3759.0,15
rb1805,20171110,20171109,210550500,3759.0,93866,2100816,3530659740.0,3760.0,881,3759.0,43
rb1805,20171110,20171109,210551000,3759.0,93884,2100832,3531336360.0,3760.0,881,3759.0,40
rb1805,20171110,20171109,210551500,3760.0,93994,2100784,3535471360.0,3760.0,879,3759.0,2
rb1805,20171110,20171109,210552000,3758.0,94458,2100416,3552916560.0,3759.0,5,3758.0,122
rb1805,20171110,20171109,210552500,3759.0,94514,2100404,3555021600.0,3760.0,717,3759.0,53
rb1805,20171110,20171109,210553000,3759.0,94564,2100404,3556901120.0,3760.0,732,3759.0,32
rb1805,20171110,20171109,210553500,3759.0,94640,2100364,3559758180.0,3759.0,24,3758.0,131
rb1805,20171110,20171109,210554000,3759.0,94688,2100358,3561562500.0,3759.0,4,3758.0,142
rb1805,20171110,20171109,210554500,3759.0,94866,2100464,3568251780.0,3759.0,2,3758.0,59
rb1805,20171110,20171109,210555000,3759.0,94966,2100456,3572010780.0,3760.0,732,3759.0,111
rb1805,20171110,20171109,210555500,3760.0,95236,2100228,3582162380.0,3760.0,627,3759.0,29
rb1805,20171110,20171109,210556000,3760.0,95240,2100226,3582312760.0,3760.0,617,3759.0,53
rb1805,20171110,20171109,210556500,3759.0,95360,2100322,3586823600.0,3759.0,48,3758.0,114
rb1805,20171110,20171109,210557000,3760.0,95530,2100362,3593213260.0,3760.0,621,3759.0,2
rb1805,20171110,20171109,210557500,3760.0,95594,2100326,3595619620.0,3760.0,590,3759.0,23
rb1805,20171110,20171109,210558000,3759.0,95610,2100326,3596221060.0,3760.0,591,3759.0,56
rb1805,20171110,20171109,210558500,3760.0,95612,2100326,3596296260.0,3760.0,590,3759.0,176
rb1805,20171110,20171109,210559000,3760.0,95670,2100316,3598477000.0,3760.0,551,3759.0,174
rb1805,20171110,20171109,210559500,3760.0,95774,2100262,3602387320.0,3760.0,505,3759.0,152
rb1805,20171110,20171109,210600000,3759.0,95854,2100292,3605394640.0,3760.0,507,3759.0,160
rb1805,20171110,20171109,210600500,3760.0,95870,2100292,3605996180.0,3760.0,501,3759.0,181
rb1805,20171110,20171109,210601000,3760.0,96112,2100264,3615093360.0,3760.0,492,3759.0,84
rb1805,20171110,20171109,210601500,3760.0,96924,2099984,3645624240.0,3760.0,94,3759.0,70
rb1805,20171110,20171109,210602000,3760.0,97162,2100086,3654573040.0,3761.0,133,3760.0,164
rb1805,20171110,20171109,210602500,3760.0,97434,2100064,3664802920.0,3762.0,861,3761.0,8
rb1805,20171110,20171109,210603000,3762.0,97444,2100070,3665178980.0,3762.0,861,3761.0,7
rb1805,20171110,20171109,210603500,3761.0,97680,2099918,3674056280.0,3761.0,60,3760.0,166
rb1805,20171110,20171109,210604000,3761.0,97726,2099888,3675786320.0,3761.0,98,3760.0,165
rb1805,20171110,20171109,210604500,3761.0,97758,2099864,3676989780.0,3761.0,85,3760.0,165
rb1805,20171110,20171109,210605000,3761.0,97762,2099864,3677140220.0,3761.0,128,3760.0,167
rb1805,20171110,20171109,210605500,3761.0,97786,2099858,3678042800.0,3761.0,124,3760.0,146
rb1805,20171110,20171109,210606000,3761.0,97852,2099850,3680525040.0,3761.0,295,3760.0,145
rb1805,20171110,20171109,210606500,3760.0,97880,2099864,3681578040.0,3761.0,312,3760.0,141
rb1805,20171110,20171109,210607000,3761.0,97996,2099892,3685940760.0,3761.0,256,3760.0,152
rb1805,20171110,20171109,210607500,3761.0,98208,2099700,3693914060.0,3761.0,152,3760.0,156
rb1805,20171110,20171109,210608000,3761.0,98428,2099716,3702186580.0,3761.0,126,3760.0,110
rb1805,20171110,20171109,210608500,3760.0,98520,2099680,3705646660.0,3761.0,89,3760.0,112
rb1805,20171110,20171109,210609000,3762.0,98708,2099514,3712717360.0,3762.0,813,3761.0,474
rb1805,20171110,20171109,210609500,3762.0,98956,2099332,3722047100.0,3762.0,688,3761.0,483
rb1805,20171110,20171109,210610000,3762.0,99340,2099300,3736492760.0,3762.0,518,3761.0,489
rb1805,20171110,20171109,210610500,3762.0,99806,2099450,3754023680.0,3762.0,285,3761.0,593
rb1805,20171110,20171109,210611000,3764.0,100958,2099822,3797370020.0,3764.0,255,3762.0,51
rb1805,20171110,20171109,210611500,3762.0,101148,2099764,3804521280.0,3764.0,167,3762.0,173
rb1805,20171110,20171109,210612000,3764.0,101520,2099874,3818523320.0,3765.0,316,3764.0,87
rb1805,20171110,20171109,210612500,3765.0,101570,2099854,3820405380.0,3765.0,323,3764.0,150
rb1805,20171110,20171109,210613000,3764.0,102040,2099982,3838096640.0,3764.0,4,3763.0,118
rb1805,20171110,20171109,210613500,3764.0,102176,2099906,3843216320.0,3765.0,237,3764.0,31
rb1805,20171110,20171109,210614000,3764.0,102502,2100058,3855484960.0,3764.0,58,3763.0,12
rb1805,20171110,20171109,210614500,3764.0,102550,2100050,3857291660.0,3764.0,44,3763.0,15
rb1805,20171110,20171109,210615000,3765.0,102696,2100080,3862787320.0,3765.0,287,3764.0,79
rb1805,20171110,20171109,210615500,3764.0,102836,2100126,3868056980.0,3765.0,307,3764.0,16
rb1805,20171110,20171109,210616000,3764.0,102904,2100158,3870616500.0,3764.0,143,3763.0,81
rb1805,20171110,20171109,210616500,3763.0,102992,2100172,3873928760.0,3764.0,102,3763.0,79
rb1805,20171110,20171109,210617000,3763.0,103170,2100104,3880626880.0,3763.0,8,3762.0,139
rb1805,20171110,20171109,210617500,3764.0,103242,2100100,3883336760.0,3764.0,195,3763.0,26
rb1805,20171110,20171109,210618000,3763.0,103264,2100082,3884164820.0,3764.0,202,3763.0,143
rb1805,20171110,20171109,210618500,3764.0,103318,2100090,3886197300.0,3764.0,156,3763.0,161
rb1805,20171110,20171109,210619000,3763.0,103384,2100082,3888681480.0,3764.0,131,3763.0,199
rb1805,20171110,20171109,210619500,3764.0,103434,2100046,3890563460.0,3764.0,110,3763.0,202
rb1805,20171110,20171109,210620000,3763.0,103446,2100040,3891015100.0,3764.0,136,3763.0,208
rb1805,20171110,20171109,210620500,3764.0,103728,2100124,3901629640.0,3765.0,333,3764.0,219
rb1805,20171110,20171109,210621000,3765.0,103778,2100122,3903512040.0,3765.0,313,3764.0,249
rb1805,20171110,20171109,210621500,3765.0,104420,2099808,3927683280.0,3766.0,338,3765.0,156
rb1805,20171110,20171109,210622000,3766.0,104500,2099768,3930695540.0,3766.0,326,3765.0,153
rb1805,20171110,20171109,210622500,3765.0,104756,2099820,3940336380.0,3766.0,204,3765.0,223
rb1805,20171110,20171109,210623000,3766.0,104854,2099810,3944026920.0,3766.0,162,3765.0,242
rb1805,20171110,20171109,210623500,3766.0,104914,2099814,3946286380.0,3766.0,142,3765.0,250
rb1805,20171110,20171109,210624000,3766.0,105080,2099780,3952537700.0,3766.0,93,3765.0,270
rb1805,20171110,20171109,210624500,3766.0,105160,2099768,3955550440.0,3766.0,120,3765.0,290
rb1805,20171110,20171109,210625000,3767.0,105544,2099790,3970011840.0,3767.0,434,3766.0,119
rb1805,20171110,20171109,210625500,3767.0,105784,2099844,3979050760.0,3767.0,422,3766.0,45
rb1805,20171110,20171109,210626000,3767.0,106026,2099730,3988165940.0,3767.0,363,3766.0,8
rb1805,20171110,20171109,210626500,3766.0,106174,2099726,3993739620.0,3766.0,26,3765.0,298
rb1805,20171110,20171109,210627000,3767.0,106298,2099678,3998409620.0,3767.0,362,3766.0,11
rb1805,20171110,20171109,210627500,3767.0,106398,2099714,4002175640.0,3767.0,361,3765.0,307
rb1805,20171110,20171109,210628000,3766.0,106626,2099754,4010764220.0,3767.0,257,3766.0,145
rb1805,20171110,20171109,210628500,3766.0,106704,2099752,4013702060.0,3767.0,246,3766.0,200
rb1805,20171110,20171109,210629000,3767.0,106860,2099648,4019578160.0,3767.0,212,3766.0,191
rb1805,20171110,20171109,210629500,3767.0,107554,2099696,4045722340.0,3768.0,571,3767.0,5
rb1805,20171110,20171109,210630000,3766.0,107618,2099720,4048133200.0,3767.0,11,3766.0,194
rb1805,20171110,20171109,210630500,3767.0,107714,2099802,4051749540.0,3767.0,43,3766.0,202
rb1805,20171110,20171109,210631000,3767.0,107766,2099836,4053708200.0,3767.0,69,3766.0,215
rb1805,20171110,20171109,210631500,3767.0,107938,2099932,4060187380.0,3767.0,75,3766.0,222
rb1805,20171110,20171109,210632000,3766.0,108004,2099958,4062673380.0,3767.0,79,3766.0,215
rb1805,20171110,20171109,210632500,3767.0,108086,2100002,4065762260.0,3767.0,67,3766.0,220
rb1805,20171110,20171109,210633000,3767.0,108168,2100004,4068851080.0,3767.0,80,3766.0,216
rb1805,20171110,20171109,210633500,3767.0,108224,2099988,4070960380.0,3767.0,131,3766.0,205
rb1805,20171110,20171109,210634000,3766.0,108242,2099978,4071638340.0,3767.0,174,3766.0,201
rb1805,20171110,20171109,210634500,3767.0,108274,2099984,4072843760.0,3767.0,163,3766.0,202
rb1805,20171110,20171109,210635000,3767.0,108316,2100016,4074425840.0,3767.0,165,3766.0,200
rb1805,20171110,20171109,210635500,3767.0,108360,2100056,4076083300.0,3767.0,158,3766.0,200
rb1805,20171110,20171109,210636000,3767.0,108436,2100028,4078945940.0,3767.0,144,3766.0,178
rb1805,20171110,20171109,210636500,3767.0,108498,2100032,4081281420.0,3767.0,143,3766.0,177
rb1805,20171110,20171109,210637000,3766.0,108612,2100096,4085574980.0,3767.0,130,3766.0,143
rb1805,20171110,20171109,210637500,3767.0,108652,2100108,4087081760.0,3767.0,224,3766.0,143
rb1805,20171110,20171109,210638000,3767.0,108864,2099986,4095067800.0,3767.0,129,3766.0,145
rb1805,20171110,20171109,210638500,3767.0,108928,2100032,4097478280.0,3767.0,145,3766.0,126
rb1805,20171110,20171109,210639000,3767.0,108982,2100064,4099512460.0,3767.0,125,3766.0,127
rb1805,20171110,20171109,210639500,3767.0,109024,2100076,4101094480.0,3767.0,116,3766.0,124
rb1805,20171110,20171109,210640000,3766.0,109076,2100088,4103053240.0,3767.0,95,3766.0,135
rb1805,20171110,20171109,210640500,3767.0,109138,2100144,4105388640.0,3767.0,77,3766.0,149
rb1805,20171110,20171109,210641000,3767.0,109210,2100172,4108100720.0,3767.0,54,3766.0,142
rb1805,20171110,20171109,210641500,3767.0,109306,2100234,4111717020.0,3767.0,9,3766.0,152
rb1805,20171110,20171109,210642000,3767.0,109430,2100248,4116387280.0,3768.0,680,3767.0,13
rb1805,20171110,20171109,210642500,3767.0,109476,2100240,4118120120.0,3768.0,682,3767.0,163
rb1805,20171110,20171109,210643000,3768.0,109508,2100252,4119325620.0,3768.0,680,3767.0,200
rb1805,20171110,20171109,210643500,3767.0,109570,2100252,4121661560.0,3768.0,660,3767.0,194
rb1805,20171110,20171109,210644000,3768.0,109586,2100264,4122264320.0,3768.0,658,3767.0,209
rb1805,20171110,20171109,210644500,3767.0,109648,2100244,4124600340.0,3768.0,635,3767.0,205
rb1805,20171110,20171109,210645000,3767.0,109718,2100274,4127237680.0,3768.0,616,3767.0,197
rb1805,20171110,20171109,210645500,3767.0,109806,2100288,4130553280.0,3768.0,590,3767.0,192
rb1805,20171110,20171109,210646000,3767.0,109988,2100248,4137410920.0,3768.0,510,3767.0,200
rb1805,20171110,20171109,210646500,3767.0,110110,2100270,4142007140.0,3768.0,488,3767.0,167
rb1805,20171110,20171109,210647000,3767.0,110152,2100268,4143589460.0,3768.0,481,3767.0,166
rb1805,20171110,20171109,210647500,3768.0,110222,2100244,4146226800.0,3768.0,466,3767.0,216
rb1805,20171110,20171109,210648000,3767.0,110244,2100230,4147055560.0,3768.0,465,3767.0,209
rb1805,20171110,20171109,210648500,3767.0,110280,2100234,4148411800.0,3768.0,461,3767.0,206
rb1805,20171110,20171109,210649000,3767.0,110372,2100148,4151878320.0,3768.0,419,3767.0,216
rb1805,20171110,20171109,210649500,3768.0,110396,2100142,4152782600.0,3768.0,413,3767.0,214
rb1805,20171110,20171109,210650000,3768.0,110400,2100140,4152933320.0,3768.0,424,3767.0,216
rb1805,20171110,20171109,210650500,3767.0,110504,2100136,4156851160.0,3768.0,437,3767.0,175
rb1805,20171110,20171109,210651000,3767.0,110946,2100486,4173501300.0,3767.0,142,3766.0,113
rb1805,20171110,20171109,210651500,3766.0,111184,2100478,4182464380.0,3766.0,5,3765.0,228
rb1805,20171110,20171109,210652000,3767.0,111324,2100588,4187738080.0,3767.0,66,3766.0,1
rb1805,20171110,20171109,210652500,3766.0,111400,2100632,4190600540.0,3766.0,6,3765.0,232
rb1805,20171110,20171109,210653000,3766.0,112140,2101012,4218464200.0,3766.0,66,3764.0,59
rb1805,20171110,20171109,210653500,3767.0,112356,2101172,4226599480.0,3767.0,84,3766.0,5
rb1805,20171110,20171109,210654000,3767.0,112382,2101164,4227578680.0,3767.0,108,3766.0,26
rb1805,20171110,20171109,210654500,3766.0,112432,2101182,4229462080.0,3767.0,104,3766.0,26
rb1805,20171110,20171109,210655000,3766.0,112468,2101200,4230818060.0,3767.0,105,3766.0,26
rb1805,20171110,20171109,210655500,3766.0,112532,2101188,4233228380.0,3766.0,78,3765.0,139
rb1805,20171110,20171109,210656000,3767.0,112732,2101148,4240760600.0,3767.0,115,3766.0,34
rb1805,20171110,20171109,210656500,3766.0,112794,2101198,4243096060.0,3767.0,110,3766.0,130
rb1805,20171110,20171109,210657000,3766.0,112924,2101122,4247992060.0,3767.0,101,3766.0,96
rb1805,20171110,20171109,210657500,3767.0,112950,2101138,4248971420.0,3767.0,128,3766.0,100
rb1805,20171110,20171109,210658000,3767.0,112992,2101164,4250553460.0,3767.0,124,3766.0,106
rb1805,20171110,20171109,210658500,3766.0,113136,2101102,4255977880.0,3767.0,76,3766.0,109
rb1805,20171110,20171109,210659000,3766.0,113156,2101108,4256731220.0,3767.0,77,3766.0,104
rb1805,20171110,20171109,210659500,3767.0,113248,2101128,4260196800.0,3767.0,41,3766.0,121
rb1805,20171110,20171109,210700000,3767.0,113340,2101078,4263662440.0,3767.0,51,3766.0,121
rb1805,20171110,20171109,210700500,3767.0,113472,2101102,4268634440.0,3767.0,11,3766.0,106
rb1805,20171110,20171109,210701000,3766.0,113620,2101118,4274209020.0,3768.0,618,3767.0,5
rb1805,20171110,20171109,210701500,3768.0,113696,2101114,4277072140.0,3768.0,599,3767.0,227
rb1805,20171110,20171109,210702000,3767.0,114958,2101476,4324623940.0,3769.0,612,3767.0,206
rb1805,20171110,20171109,210702500,3769.0,115100,2101576,4329974660.0,3769.0,568,3768.0,222
rb1805,20171110,20171109,210703000,3769.0,115266,2101592,4336230760.0,3769.0,509,3768.0,408
rb1805,20171110,20171109,210703500,3769.0,116360,2101574,4377463620.0,3770.0,833,3769.0,185
rb1805,20171110,20171109,210704000,3770.0,117220,2101714,4409885360.0,3770.0,411,3769.0,207
rb1805,20171110,20171109,210704500,3769.0,118318,2101710,4451278560.0,3770.0,8,3769.0,148
rb1805,20171110,20171109,210705000,3770.0,118432,2101736,4455576900.0,3771.0,52,3770.0,565
rb1805,20171110,20171109,210705500,3770.0,118592,2101778,4461610000.0,3771.0,87,3770.0,508
rb1805,20171110,20171109,210706000,3771.0,118866,2101776,4471942360.0,3772.0,423,3771.0,18
rb1805,20171110,20171109,210706500,3772.0,119334,2101586,4489590840.0,3772.0,441,3771.0,1
rb1805,20171110,20171109,210707000,3771.0,120604,2101358,4537485800.0,3771.0,4,3770.0,556
rb1805,20171110,20171109,210707500,3772.0,120972,2101374,4551364480.0,3772.0,177,3771.0,59
rb1805,20171110,20171109,210708000,3772.0,121210,2101376,4560340400.0,3772.0,179,3771.0,29
rb1805,20171110,20171109,210708500,3772.0,121756,2101140,4580934380.0,3773.0,186,3772.0,2
rb1805,20171110,20171109,210709000,3772.0,121976,2101118,4589232760.0,3772.0,5,3771.0,115
rb1805,20171110,20171109,210709500,3772.0,122266,2101056,4600173380.0,3773.0,88,3772.0,15
rb1805,20171110,20171109,210710000,3773.0,122448,2101024,4607038100.0,3773.0,132,3772.0,2
rb1805,20171110,20171109,210710500,3774.0,123726,2100546,4655263220.0,3774.0,282,3773.0,20
rb1805,20171110,20171109,210711000,3773.0,124530,2100120,4685602320.0,3774.0,72,3773.0,6
rb1805,20171110,20171109,210711500,3773.0,124830,2100028,4696924020.0,3773.0,351,3772.0,65
rb1805,20171110,20171109,210712000,3773.0,125290,2099874,4714279740.0,3773.0,164,3772.0,78
rb1805,20171110,20171109,210712500,3772.0,125992,2099652,4740764660.0,3772.0,93,3771.0,231
rb1805,20171110,20171109,210713000,3772.0,126404,2099826,4756307780.0,3773.0,6,3772.0,133
rb1805,20171110,20171109,210713500,3772.0,126628,2099714,4764759300.0,3773.0,150,3772.0,152
rb1805,20171110,20171109,210714000,3771.0,126996,2099488,4778640080.0,3772.0,79,3771.0,255
rb1805,20171110,20171109,210714500,3772.0,127644,2099956,4803076540.0,3772.0,143,3771.0,3
rb1805,20171110,20171109,210715000,3770.0,127886,2100162,4812202140.0,3771.0,427,3770.0,249
rb1805,20171110,20171109,210715500,3770.0,128466,2100168,4834068140.0,3770.0,465,3769.0,101
rb1805,20171110,20171109,210716000,3769.0,128976,2100374,4853289920.0,3769.0,91,3768.0,129
rb1805,20171110,20171109,210716500,3769.0,129066,2100326,4856681980.0,3769.0,71,3768.0,137
rb1805,20171110,20171109,210717000,3769.0,129150,2100288,4859847840.0,3769.0,35,3768.0,188
rb1805,20171110,20171109,210717500,3770.0,129276,2100284,4864597260.0,3770.0,443,3769.0,150
rb1805,20171110,20171109,210718000,3770.0,129488,2100294,4872589640.0,3770.0,179,3769.0,269
rb1805,20171110,20171109,210718500,3770.0,129846,2100240,4886086240.0,3771.0,236,3770.0,96
rb1805,20171110,20171109,210719000,3770.0,130258,2100196,4901622760.0,3772.0,156,3771.0,4
rb1805,20171110,20171109,210719500,3771.0,130310,2100206,4903583820.0,3772.0,123,3771.0,15
rb1805,20171110,20171109,210720000,3772.0,130332,2100216,4904413560.0,3772.0,245,3771.0,21
rb1805,20171110,20171109,210720500,3772.0,130362,2100210,4905545020.0,3772.0,256,3771.0,40
rb1805,20171110,20171109,210721000,3772.0,130418,2100204,4907657040.0,3772.0,262,3771.0,27
rb1805,20171110,20171109,210721500,3771.0,130442,2100206,4908562200.0,3772.0,259,3771.0,43
rb1805,20171110,20171109,210722000,3771.0,130546,2100264,4912484040.0,3771.0,115,3770.0,89
rb1805,20171110,20171109,210722500,3771.0,130646,2100292,4916255020.0,3771.0,150,3770.0,91
rb1805,20171110,20171109,210723000,3770.0,130812,2100222,4922513340.0,3770.0,28,3769.0,204
rb1805,20171110,20171109,210723500,3771.0,130954,2100162,4927867520.0,3771.0,195,3770.0,54
rb1805,20171110,20171109,210724000,3771.0,131108,2100040,4933673880.0,3771.0,200,3770.0,10
rb1805,20171110,20171109,210724500,3770.0,131214,2099994,4937670080.0,3770.0,108,3769.0,221
rb1805,20171110,20171109,210725000,3770.0,131320,2100012,4941666080.0,3770.0,32,3769.0,223
rb1805,20171110,20171109,210725500,3770.0,131382,2100022,4944003480.0,3770.0,1,3769.0,223
rb1805,20171110,20171109,210726000,3770.0,131426,2099988,4945662440.0,3771.0,188,3770.0,200
rb1805,20171110,20171109,210726500,3771.0,131506,2099966,4948679220.0,3771.0,210,3770.0,230
rb1805,20171110,20171109,210727000,3771.0,131514,2099972,4948980840.0,3771.0,214,3770.0,133
rb1805,20171110,20171109,210727500,3770.0,131526,2099980,4949433260.0,3771.0,221,3770.0,156
rb1805,20171110,20171109,210728000,3770.0,131860,2100270,4962025100.0,3770.0,476,3769.0,273
rb1805,20171110,20171109,210728500,3770.0,132966,2100060,5003721300.0,3770.0,40,3769.0,273
rb1805,20171110,20171109,210729000,3770.0,133454,2100166,5022119320.0,3771.0,258,3770.0,181
rb1805,20171110,20171109,210729500,3770.0,133506,2100200,5024079780.0,3771.0,257,3770.0,155
rb1805,20171110,20171109,210730000,3771.0,133548,2100196,5025663520.0,3771.0,249,3770.0,158
rb1805,20171110,20171109,210730500,3770.0,133604,2100218,5027774940.0,3771.0,241,3770.0,149
rb1805,20171110,20171109,210731000,3770.0,133634,2100220,5028906140.0,3771.0,245,3770.0,150
rb1805,20171110,20171109,210731500,3771.0,133810,2100254,5035541420.0,3771.0,257,3770.0,95
rb1805,20171110,20171109,210732000,3771.0,133926,2100230,5039915140.0,3771.0,218,3770.0,107
rb1805,20171110,20171109,210732500,3771.0,134010,2100228,5043082320.0,3771.0,202,3770.0,87
rb1805,20171110,20171109,210733000,3771.0,134106,2100190,5046702460.0,3771.0,156,3770.0,94
rb1805,20171110,20171109,210733500,3770.0,134146,2100182,5048210600.0,3771.0,154,3770.0,121
rb1805,20171110,20171109,210734000,3770.0,134218,2100200,5050925560.0,3771.0,117,3770.0,116
rb1805,20171110,20171109,210734500,3771.0,134298,2100252,5053942320.0,3771.0,80,3770.0,115
rb1805,20171110,20171109,210735000,3771.0,134516,2100204,5062162580.0,3772.0,496,3771.0,76
rb1805,20171110,20171109,210735500,3771.0,134668,2100220,5067895780.0,3772.0,433,3771.0,70
rb1805,20171110,20171109,210736000,3771.0,134688,2100224,5068650060.0,3772.0,432,3771.0,123
rb1805,20171110,20171109,210736500,3771.0,134912,2100118,5077098920.0,3772.0,322,3771.0,148
rb1805,20171110,20171109,210737000,3772.0,135370,2100054,5094373120.0,3772.0,172,3771.0,100
rb1805,20171110,20171109,210737500,3772.0,135448,2100048,5097314960.0,3772.0,148,3771.0,83
rb1805,20171110,20171109,210738000,3772.0,135522,2100084,5100106200.0,3772.0,115,3771.0,82
rb1805,20171110,20171109,210738500,3772.0,135774,2100120,5109611580.0,3773.0,194,3772.0,52
rb1805,20171110,20171109,210739000,3773.0,135916,2100200,5114967840.0,3773.0,192,3771.0,96
rb1805,20171110,20171109,210739500,3772.0,135972,2100206,5117080520.0,3773.0,209,3771.0,106
rb1805,20171110,20171109,210740000,3772.0,136056,2100232,5120249140.0,3773.0,201,3771.0,105
rb1805,20171110,20171109,210740500,3772.0,136138,2100246,5123342960.0,3773.0,164,3772.0,21
rb1805,20171110,20171109,210741000,3773.0,136264,2100280,5128096760.0,3773.0,79,3772.0,17
rb1805,20171110,20171109,210741500,3773.0,136452,2100200,5135190100.0,3774.0,157,3773.0,8
rb1805,20171110,20171109,210742000,3773.0,136536,2100200,5138359940.0,3774.0,132,3773.0,10
rb1805,20171110,20171109,210742500,3773.0,136662,2100230,5143114460.0,3774.0,105,3773.0,3
rb1805,20171110,20171109,210743000,3774.0,136912,2100210,5152546740.0,3774.0,89,3772.0,76
rb1805,20171110,20171109,210743500,3774.0,137078,2100256,5158811040.0,3774.0,37,3773.0,13
rb1805,20171110,20171109,210744000,3774.0,137188,2100294,5162962160.0,3774.0,66,3773.0,9
rb1805,20171110,20171109,210744500,3774.0,137310,2100336,5167566340.0,3774.0,58,3773.0,24
rb1805,20171110,20171109,210745000,3774.0,137498,2100334,5174660920.0,3775.0,736,3772.0,199
rb1805,20171110,20171109,210745500,3773.0,137568,2100382,5177302140.0,3773.0,3,3772.0,206
rb1805,20171110,20171109,210746000,3773.0,137728,2100354,5183339160.0,3774.0,14,3773.0,68
rb1805,20171110,20171109,210746500,3773.0,137808,2100350,5186358180.0,3774.0,20,3773.0,94
rb1805,20171110,20171109,210747000,3774.0,137904,2100362,5189981060.0,3774.0,11,3773.0,91
rb1805,20171110,20171109,210747500,3773.0,137952,2100390,5191792280.0,3774.0,31,3773.0,128
rb1805,20171110,20171109,210748000,3773.0,138006,2100396,5193830100.0,3774.0,115,3773.0,128
rb1805,20171110,20171109,210748500,3773.0,138086,2100416,5196849100.0,3774.0,107,3773.0,123
rb1805,20171110,20171109,210749000,3774.0,138430,2100446,5209829480.0,3774.0,139,3773.0,25
rb1805,20171110,20171109,210749500,3774.0,138764,2100694,5222434120.0,3774.0,15,3773.0,4
rb1805,20171110,20171109,210750000,3773.0,138828,2100716,5224849360.0,3774.0,49,3773.0,36
rb1805,20171110,20171109,210750500,3774.0,138934,2100756,5228849460.0,3774.0,30,3773.0,30
rb1805,20171110,20171109,210751000,3773.0,138996,2100776,5231189260.0,3774.0,25,3773.0,27
rb1805,20171110,20171109,210751500,3773.0,139084,2100800,5234510180.0,3774.0,26,3773.0,19
rb1805,20171110,20171109,210752000,3773.0,139128,2100814,5236170560.0,3774.0,47,3773.0,45
rb1805,20171110,20171109,210752500,3773.0,139270,2100872,5241528600.0,3773.0,93,3772.0,241
rb1805,20171110,20171109,210753000,3774.0,139786,2101164,5261000680.0,3775.0,718,3774.0,1
rb1805,20171110,20171109,210753500,3774.0,139836,2101160,5262887620.0,3774.0,432,3773.0,35
rb1805,20171110,20171109,210754000,3772.0,139892,2101150,5265000480.0,3773.0,19,3772.0,144
rb1805,20171110,20171109,210754500,3774.0,140014,2101062,5269604320.0,3774.0,400,3773.0,15
rb1805,20171110,20171109,210755000,3774.0,140338,2100778,5281832000.0,3774.0,286,3773.0,43
rb1805,20171110,20171109,210755500,3773.0,140486,2100830,5287416260.0,3773.0,36,3772.0,146
rb1805,20171110,20171109,210756000,3772.0,140860,2101100,5301523220.0,3772.0,63,3771.0,264
rb1805,20171110,20171109,210756500,3773.0,141150,2101296,5312461120.0,3774.0,484,3772.0,39
rb1805,20171110,20171109,210757000,3774.0,141214,2101292,5314876440.0,3774.0,463,3773.0,1
rb1805,20171110,20171109,210757500,3773.0,141276,2101310,5317215480.0,3773.0,164,3772.0,68
rb1805,20171110,20171109,210758000,3772.0,141298,2101324,5318045420.0,3773.0,164,3772.0,51
rb1805,20171110,20171109,210758500,3773.0,141340,2101330,5319629960.0,3773.0,155,3772.0,80
rb1805,20171110,20171109,210759000,3773.0,141404,2101344,5322044340.0,3773.0,188,3772.0,74
rb1805,20171110,20171109,210759500,3772.0,141580,2101318,5328683600.0,3773.0,215,3772.0,56
rb1805,20171110,20171109,210800000,3773.0,141670,2101290,5332078700.0,3773.0,211,3772.0,40
rb1805,20171110,20171109,210800500,3773.0,141806,2101384,5337209780.0,3773.0,206,3772.0,40
rb1805,20171110,20171109,210801000,3773.0,141932,2101454,5341963240.0,3773.0,172,3772.0,48
rb1805,20171110,20171109,210801500,3772.0,142116,2101382,5348904380.0,3772.0,292,3771.0,192
rb1805,20171110,20171109,210802000,3772.0,142162,2101366,5350639500.0,3772.0,284,3771.0,198
rb1805,20171110,20171109,210802500,3772.0,142206,2101352,5352299180.0,3772.0,272,3771.0,200
rb1805,20171110,20171109,210803000,3772.0,142232,2101330,5353279860.0,3772.0,263,3771.0,199
rb1805,20171110,20171109,210803500,3771.0,142368,2101360,5358408780.0,3772.0,247,3771.0,151
rb1805,20171110,20171109,210804000,3772.0,142588,2101350,5366706440.0,3772.0,190,3771.0,117
rb1805,20171110,20171109,210804500,3771.0,142680,2101360,5370176000.0,3772.0,179,3771.0,78
rb1805,20171110,20171109,210805000,3771.0,142882,2101494,5377793440.0,3771.0,10,3770.0,409
rb1805,20171110,20171109,210805500,3771.0,143138,2101506,5387446640.0,3772.0,184,3771.0,16
rb1805,20171110,20171109,210806000,3772.0,143496,2101368,5400946540.0,3772.0,192,3771.0,19
rb1805,20171110,20171109,210806500,3771.0,143638,2101252,5406301340.0,3771.0,39,3770.0,390
rb1805,20171110,20171109,210807000,3770.0,143726,2101256,5409619660.0,3771.0,14,3770.0,386
rb1805,20171110,20171109,210807500,3771.0,143784,2101278,5411806920.0,3772.0,183,3770.0,384
rb1805,20171110,20171109,210808000,3772.0,143856,2101266,5414522260.0,3771.0,1,3770.0,375
rb1805,20171110,20171109,210808500,3770.0,143898,2101276,5416106020.0,3771.0,3,3770.0,369
rb1805,20171110,20171109,210809000,3771.0,144012,2101302,5420405420.0,3772.0,251,3771.0,16
rb1805,20171110,20171109,210809500,3770.0,144086,2101298,5423195920.0,3772.0,297,3771.0,1
rb1805,20171110,20171109,210810000,3770.0,144122,2101314,5424553440.0,3771.0,44,3770.0,388
rb1805,20171110,20171109,210810500,3771.0,144236,2101354,5428852440.0,3772.0,344,3771.0,211
rb1805,20171110,20171109,210811000,3771.0,144270,2101356,5430134680.0,3772.0,362,3771.0,206
rb1805,20171110,20171109,210811500,3771.0,144330,2101350,5432397420.0,3772.0,361,3771.0,208
rb1805,20171110,20171109,210812000,3771.0,144362,2101360,5433604240.0,3772.0,362,3771.0,221
rb1805,20171110,20171109,210812500,3771.0,144434,2101340,5436319600.0,3772.0,329,3771.0,201
rb1805,20171110,20171109,210813000,3771.0,144458,2101340,5437224700.0,3772.0,346,3771.0,207
rb1805,20171110,20171109,210813500,3771.0,144530,2101354,5439940080.0,3772.0,338,3771.0,207
rb1805,20171110,20171109,210814000,3771.0,144546,2101364,5440543500.0,3772.0,337,3771.0,239
rb1805,20171110,20171109,210814500,3772.0,144778,2101372,5449292380.0,3772.0,331,3771.0,151
rb1805,20171110,20171109,210815000,3772.0,144846,2101428,5451856780.0,3772.0,365,3771.0,131
rb1805,20171110,20171109,210815500,3771.0,145122,2101400,5462264880.0,3771.0,19,3770.0,412
rb1805,20171110,20171109,210816000,3772.0,145196,2101376,5465055500.0,3772.0,374,3770.0,423
rb1805,20171110,20171109,210816500,3772.0,145240,2101386,5466715100.0,3772.0,388,3770.0,467
rb1805,20171110,20171109,210817000,3772.0,145274,2101388,5467997320.0,3772.0,382,3771.0,79
rb1805,20171110,20171109,210817500,3773.0,146160,2102116,5501416660.0,3773.0,247,3772.0,2
rb1805,20171110,20171109,210818000,3772.0,146172,2102110,5501869300.0,3772.0,7,3771.0,60
rb1805,20171110,20171109,210818500,3772.0,146228,2102076,5503981220.0,3772.0,3,3771.0,48
rb1805,20171110,20171109,210819000,3772.0,146230,2102074,5504056660.0,3772.0,42,3771.0,78
rb1805,20171110,20171109,210819500,3772.0,146248,2102072,5504735620.0,3772.0,39,3771.0,84
rb1805,20171110,20171109,210820000,3772.0,146292,2102080,5506395160.0,3772.0,34,3771.0,78
rb1805,20171110,20171109,210820500,3771.0,146490,2101978,5513861760.0,3771.0,5,3770.0,480
rb1805,20171110,20171109,210821000,3773.0,146614,2101942,5518539020.0,3773.0,314,3772.0,70
rb1805,20171110,20171109,210821500,3771.0,146792,2102014,5525253120.0,3772.0,56,3771.0,94
rb1805,20171110,20171109,210822000,3772.0,146816,2102024,5526158340.0,3772.0,146,3771.0,81
rb1805,20171110,20171109,210822500,3771.0,146848,2102040,5527365340.0,3772.0,163,3771.0,89
rb1805,20171110,20171109,210823000,3772.0,146878,2102064,5528496920.0,3772.0,150,3771.0,90
rb1805,20171110,20171109,210823500,3772.0,146912,2102070,5529779400.0,3772.0,168,3771.0,90
rb1805,20171110,20171109,210824000,3772.0,146946,2102078,5531061740.0,3772.0,162,3771.0,91
rb1805,20171110,20171109,210824500,3772.0,146976,2102086,5532193280.0,3772.0,150,3771.0,107
rb1805,20171110,20171109,210825000,3771.0,147154,2102088,5538906760.0,3772.0,100,3771.0,93
rb1805,20171110,20171109,210825500,3771.0,147186,2102098,5540113640.0,3772.0,98,3771.0,104
rb1805,20171110,20171109,210826000,3771.0,147400,2102250,5548183680.0,3772.0,95,3771.0,25
rb1805,20171110,20171109,210826500,3772.0,147550,2102146,5553841380.0,3772.0,35,3771.0,10
rb1805,20171110,20171109,210827000,3771.0,147586,2102132,5555199160.0,3772.0,41,3771.0,5
rb1805,20171110,20171109,210827500,3772.0,147650,2102162,5557613100.0,3772.0,22,3771.0,9
rb1805,20171110,20171109,210828000,3772.0,147664,2102158,5558141120.0,3772.0,21,3771.0,49
rb1805,20171110,20171109,210828500,3771.0,147700,2102150,5559498780.0,3772.0,29,3771.0,190
rb1805,20171110,20171109,210829000,3771.0,147756,2102166,5561610920.0,3772.0,14,3771.0,121
rb1805,20171110,20171109,210829500,3772.0,147832,2102116,5564477580.0,3773.0,351,3772.0,73
rb1805,20171110,20171109,210830000,3772.0,147938,2102040,5568475980.0,3773.0,347,3772.0,55
rb1805,20171110,20171109,210830500,3772.0,147978,2102024,5569984900.0,3773.0,353,3772.0,111
rb1805,20171110,20171109,210831000,3772.0,147986,2102018,5570286680.0,3773.0,353,3772.0,109
rb1805,20171110,20171109,210831500,3772.0,148024,2102030,5571720140.0,3773.0,348,3772.0,98
rb1805,20171110,20171109,210832000,3772.0,148074,2102038,5573606420.0,3773.0,332,3772.0,97
rb1805,20171110,20171109,210832500,3772.0,148130,2102052,5575719040.0,3773.0,316,3772.0,84
rb1805,20171110,20171109,210833000,3772.0,148350,2102094,5584017440.0,3772.0,20,3771.0,314
rb1805,20171110,20171109,210833500,3771.0,148368,2102088,5584696380.0,3772.0,44,3771.0,329
rb1805,20171110,20171109,210834000,3772.0,148386,2102082,5585375320.0,3772.0,47,3771.0,330
rb1805,20171110,20171109,210834500,3772.0,148414,2102068,5586431360.0,3772.0,58,3771.0,326
rb1805,20171110,20171109,210835000,3772.0,148424,2102068,5586808520.0,3772.0,56,3771.0,264
rb1805,20171110,20171109,210835500,3772.0,148434,2102068,5587185720.0,3772.0,61,3771.0,273
rb1805,20171110,20171109,210836000,3772.0,148454,2102076,5587940020.0,3772.0,59,3771.0,225
rb1805,20171110,20171109,210836500,3772.0,148482,2102082,5588996160.0,3772.0,74,3771.0,226
rb1805,20171110,20171109,210837000,3772.0,148496,2102090,5589524220.0,3772.0,71,3771.0,225
rb1805,20171110,20171109,210837500,3772.0,148596,2102056,5593295560.0,3772.0,60,3771.0,192
rb1805,20171110,20171109,210838000,3771.0,148688,2102040,5596765500.0,3772.0,36,3771.0,179
rb1805,20171110,20171109,210838500,3772.0,148764,2102050,5599631760.0,3772.0,38,3771.0,160
rb1805,20171110,20171109,210839000,3772.0,148780,2102054,5600235240.0,3772.0,35,3771.0,159
rb1805,20171110,20171109,210839500,3771.0,148824,2102072,5601894560.0,3772.0,32,3771.0,147
rb1805,20171110,20171109,210840000,3772.0,148908,2102122,5605063100.0,3773.0,414,3772.0,112
rb1805,20171110,20171109,210840500,3772.0,149244,2102086,5617737120.0,3773.0,410,3772.0,50
rb1805,20171110,20171109,210841000,3772.0,149400,2102042,5623621300.0,3773.0,412,3772.0,226
rb1805,20171110,20171109,210841500,3772.0,149436,2102030,5624979300.0,3773.0,411,3772.0,214
rb1805,20171110,20171109,210842000,3773.0,149526,2102034,5628374160.0,3773.0,407,3772.0,176
rb1805,20171110,20171109,210842500,3772.0,149564,2102014,5629807620.0,3773.0,402,3772.0,176
rb1805,20171110,20171109,210843000,3772.0,149594,2102008,5630939260.0,3773.0,400,3772.0,213
rb1805,20171110,20171109,210843500,3772.0,149618,2101994,5631844640.0,3773.0,404,3772.0,208
rb1805,20171110,20171109,210844000,3772.0,149752,2102086,5636900180.0,3773.0,357,3772.0,195
rb1805,20171110,20171109,210844500,3772.0,149784,2102076,5638107320.0,3773.0,354,3772.0,185
rb1805,20171110,20171109,210845000,3773.0,149870,2102050,5641351420.0,3773.0,352,3772.0,151
rb1805,20171110,20171109,210845500,3772.0,149924,2102044,5643388380.0,3773.0,356,3772.0,137
rb1805,20171110,20171109,210846000,3773.0,149990,2102020,5645877960.0,3773.0,355,3772.0,150
rb1805,20171110,20171109,210846500,3772.0,150030,2102010,5647386900.0,3773.0,353,3772.0,117
rb1805,20171110,20171109,210847000,3773.0,150070,2102032,5648895960.0,3773.0,341,3772.0,113
rb1805,20171110,20171109,210847500,3772.0,150120,2102040,5650782180.0,3773.0,331,3772.0,99
rb1805,20171110,20171109,210848000,3771.0,150326,2102040,5658552540.0,3772.0,139,3771.0,222
rb1805,20171110,20171109,210848500,3771.0,150432,2102030,5662550820.0,3772.0,161,3771.0,221
rb1805,20171110,20171109,210849000,3772.0,150440,2102026,5662852580.0,3772.0,263,3771.0,221
rb1805,20171110,20171109,210849500,3772.0,150554,2102112,5667151680.0,3772.0,261,3771.0,172
rb1805,20171110,20171109,210850000,3771.0,150562,2102108,5667453420.0,3772.0,265,3771.0,172
rb1805,20171110,20171109,210850500,3772.0,150600,2102082,5668886760.0,3772.0,249,3771.0,173
rb1805,20171110,20171109,210851000,3772.0,150890,2101996,5679823360.0,3772.0,217,3771.0,93
rb1805,20171110,20171109,210851500,3772.0,150948,2102006,5682010680.0,3772.0,210,3771.0,71
rb1805,20171110,20171109,210852000,3771.0,151046,2102006,5685707160.0,3772.0,172,3771.0,78
rb1805,20171110,20171109,210852500,3771.0,151142,2101974,5689327840.0,3772.0,147,3771.0,125
rb1805,20171110,20171109,210853000,3771.0,151164,2101978,5690157600.0,3772.0,142,3771.0,124
rb1805,20171110,20171109,210853500,3772.0,151240,2101976,5693024320.0,3772.0,105,3771.0,136
rb1805,20171110,20171109,210854000,3772.0,151276,2101976,5694382220.0,3772.0,88,3771.0,136
rb1805,20171110,20171109,210854500,3771.0,151370,2101994,5697927380.0,3772.0,67,3771.0,103
rb1805,20171110,20171109,210855000,3771.0,151498,2102028,5702755000.0,3772.0,37,3771.0,87
rb1805,20171110,20171109,210855500,3771.0,151738,2102188,5711805900.0,3771.0,136,3770.0,737
rb1805,20171110,20171109,210856000,3770.0,152080,2102384,5724700980.0,3772.0,7,3770.0,640
rb1805,20171110,20171109,210856500,3771.0,152116,2102384,5726058960.0,3773.0,356,3771.0,118
rb1805,20171110,20171109,210857000,3772.0,152126,2102380,5726436160.0,3772.0,22,3771.0,230
rb1805,20171110,20171109,210857500,3772.0,152228,2102298,5730283680.0,3773.0,353,3772.0,100
rb1805,20171110,20171109,210858000,3773.0,152252,2102292,5731188980.0,3773.0,354,3772.0,92
rb1805,20171110,20171109,210858500,3773.0,152280,2102272,5732245240.0,3773.0,349,3772.0,87
rb1805,20171110,20171109,210859000,3772.0,152520,2102052,5741298080.0,3772.0,100,3771.0,254
rb1805,20171110,20171109,210859500,3772.0,152556,2102024,5742656000.0,3772.0,158,3771.0,287
rb1805,20171110,20171109,210900000,3772.0,152896,2102024,5755480800.0,3773.0,351,3772.0,34
rb1805,20171110,20171109,210900500,3772.0,152952,2101998,5757593580.0,3773.0,328,3772.0,41
rb1805,20171110,20171109,210901000,3773.0,153038,2102036,5760837920.0,3773.0,308,3772.0,38
rb1805,20171110,20171109,210901500,3772.0,153162,2101948,5765516180.0,3773.0,270,3772.0,48
rb1805,20171110,20171109,210902000,3773.0,153186,2101942,5766421520.0,3773.0,267,3772.0,69
rb1805,20171110,20171109,210902500,3773.0,153232,2101918,5768156840.0,3773.0,263,3772.0,71
rb1805,20171110,20171109,210903000,3772.0,153396,2101862,5774344040.0,3773.0,211,3772.0,45
rb1805,20171110,20171109,210903500,3772.0,153436,2101842,5775852920.0,3773.0,207,3772.0,55
rb1805,20171110,20171109,210904000,3772.0,153468,2101830,5777060060.0,3773.0,203,3772.0,68
rb1805,20171110,20171109,210904500,3772.0,153502,2101832,5778342680.0,3773.0,197,3772.0,65
rb1805,20171110,20171109,210905000,3772.0,153650,2101820,5783925340.0,3772.0,39,3771.0,241
rb1805,20171110,20171109,210905500,3772.0,153756,2101824,5787923780.0,3773.0,190,3772.0,17
rb1805,20171110,20171109,210906000,3772.0,153784,2101824,5788980120.0,3773.0,193,3772.0,2
rb1805,20171110,20171109,210906500,3773.0,153806,2101814,5789810080.0,3773.0,202,3771.0,243
rb1805,20171110,20171109,210907000,3773.0,154016,2101664,5797732900.0,3773.0,122,3771.0,241
rb1805,20171110,20171109,210907500,3772.0,154034,2101648,5798411880.0,3773.0,123,3771.0,245
rb1805,20171110,20171109,210908000,3772.0,154048,2101646,5798939900.0,3772.0,12,3771.0,242
rb1805,20171110,20171109,210908500,3773.0,154078,2101644,5800071500.0,3773.0,121,3771.0,244
rb1805,20171110,20171109,210909000,3771.0,154114,2101626,5801429420.0,3773.0,123,3771.0,239
rb1805,20171110,20171109,210909500,3773.0,154138,2101622,5802334860.0,3773.0,130,3772.0,9
rb1805,20171110,20171109,210910000,3772.0,154168,2101620,5803466440.0,3772.0,38,3771.0,256
rb1805,20171110,20171109,210910500,3772.0,154190,2101618,5804296220.0,3772.0,82,3771.0,251
rb1805,20171110,20171109,210911000,3772.0,154216,2101632,5805276920.0,3772.0,72,3771.0,254
rb1805,20171110,20171109,210911500,3772.0,154268,2101614,5807238000.0,3772.0,160,3771.0,236
