instrument,tradingday,calendarday,time,lastp,volume,openinterest,turnover,ask1,asksz1,bid1,bidsz1
rb1805,20171107,20171106,183305500,3769.0,0,1856436,0.0,0.0,0,0.0,0
rb1805,20171107,20171106,205900500,3766.0,1830,1857282,68917800.0,3767.0,38,3766.0,60
rb1805,20171107,20171106,210000500,3767.0,2344,1857466,88280180.0,3769.0,68,3767.0,14
rb1805,20171107,20171106,210001000,3767.0,3138,1857396,118197080.0,3769.0,40,3767.0,49
rb1805,20171107,20171106,210001500,3768.0,3698,1857396,139295580.0,3768.0,100,3766.0,176
rb1805,20171107,20171106,210002000,3768.0,4584,1857208,172679020.0,3769.0,115,3768.0,26
rb1805,20171107,20171106,210002500,3768.0,5140,1857264,193635000.0,3769.0,5,3768.0,26
rb1805,20171107,20171106,210003000,3769.0,5364,1857310,202078400.0,3770.0,80,3769.0,289
rb1805,20171107,20171106,210003500,3770.0,5620,1857384,211729620.0,3771.0,391,3770.0,109
rb1805,20171107,20171106,210004000,3770.0,6336,1857306,238728440.0,3771.0,120,3770.0,50
rb1805,20171107,20171106,210004500,3770.0,6884,1857314,259388240.0,3771.0,104,3769.0,158
rb1805,20171107,20171106,210005000,3771.0,7026,1857286,264741800.0,3770.0,2,3769.0,144
rb1805,20171107,20171106,210005500,3770.0,7144,1857322,269190580.0,3771.0,90,3770.0,90
rb1805,20171107,20171106,210006000,3771.0,7690,1857332,289777820.0,3771.0,125,3770.0,152
rb1805,20171107,20171106,210006500,3770.0,7934,1857278,298977760.0,3771.0,79,3770.0,90
rb1805,20171107,20171106,210007000,3770.0,8154,1857206,307272620.0,3771.0,52,3770.0,24
rb1805,20171107,20171106,210007500,3770.0,8244,1857226,310665400.0,3770.0,71,3769.0,23
rb1805,20171107,20171106,210008000,3769.0,8390,1857238,316169020.0,3769.0,504,3768.0,38
rb1805,20171107,20171106,210008500,3769.0,8590,1857276,323705860.0,3769.0,701,3767.0,8
rb1805,20171107,20171106,210009000,3767.0,8902,1857118,335460660.0,3767.0,225,3766.0,70
rb1805,20171107,20171106,210009500,3767.0,9038,1857158,340583600.0,3767.0,52,3766.0,57
rb1805,20171107,20171106,210010000,3766.0,9494,1857390,357763420.0,3767.0,105,3766.0,28
rb1805,20171107,20171106,210010500,3767.0,9746,1857366,367255420.0,3767.0,51,3765.0,170
rb1805,20171107,20171106,210011000,3765.0,9890,1857392,372679640.0,3766.0,4,3765.0,172
rb1805,20171107,20171106,210011500,3766.0,10364,1857088,390526060.0,3766.0,31,3765.0,4
rb1805,20171107,20171106,210012000,3765.0,10874,1856716,409727180.0,3765.0,57,3764.0,7
rb1805,20171107,20171106,210012500,3765.0,11936,1856464,449700560.0,3765.0,21,3763.0,203
rb1805,20171107,20171106,210013000,3763.0,12374,1856488,466185340.0,3765.0,91,3763.0,100
rb1805,20171107,20171106,210013500,3765.0,12602,1856438,474769200.0,3765.0,4,3764.0,66
rb1805,20171107,20171106,210014000,3765.0,12784,1856446,481621260.0,3766.0,106,3765.0,7
rb1805,20171107,20171106,210014500,3765.0,13180,1856428,496528780.0,3765.0,28,3764.0,2
rb1805,20171107,20171106,210015000,3765.0,13300,1856494,501046840.0,3766.0,99,3765.0,73
rb1805,20171107,20171106,210015500,3766.0,13612,1856652,512792600.0,3766.0,80,3765.0,10
rb1805,20171107,20171106,210016000,3765.0,13650,1856658,514223320.0,3765.0,5,3764.0,7
rb1805,20171107,20171106,210016500,3766.0,13852,1856690,521830200.0,3767.0,81,3766.0,257
rb1805,20171107,20171106,210017000,3766.0,14030,1856704,528534440.0,3767.0,39,3766.0,228
rb1805,20171107,20171106,210017500,3766.0,14128,1856736,532225220.0,3767.0,49,3766.0,192
rb1805,20171107,20171106,210018000,3766.0,14196,1856736,534786320.0,3767.0,40,3766.0,225
rb1805,20171107,20171106,210018500,3766.0,14328,1856770,539758260.0,3768.0,20,3766.0,200
rb1805,20171107,20171106,210019000,3766.0,14570,1856966,548871980.0,3767.0,5,3766.0,533
rb1805,20171107,20171106,210019500,3768.0,14616,1856982,550605000.0,3768.0,1,3767.0,49
rb1805,20171107,20171106,210020000,3768.0,14716,1856982,554372460.0,3768.0,10,3767.0,75
rb1805,20171107,20171106,210020500,3767.0,14768,1857012,556331360.0,3768.0,13,3767.0,179
rb1805,20171107,20171106,210021000,3768.0,14814,1857026,558064740.0,3769.0,435,3768.0,24
rb1805,20171107,20171106,210021500,3767.0,14924,1857078,562209580.0,3769.0,467,3768.0,1
rb1805,20171107,20171106,210022000,3768.0,14982,1857068,564394920.0,3768.0,76,3767.0,193
rb1805,20171107,20171106,210022500,3768.0,15060,1857132,567333240.0,3768.0,112,3767.0,176
rb1805,20171107,20171106,210023000,3768.0,15108,1857138,569141520.0,3768.0,157,3767.0,159
rb1805,20171107,20171106,210023500,3767.0,15504,1857402,584058840.0,3767.0,109,3766.0,567
rb1805,20171107,20171106,210024000,3767.0,15518,1857410,584586180.0,3767.0,115,3766.0,573
rb1805,20171107,20171106,210024500,3767.0,15552,1857444,585866800.0,3767.0,137,3766.0,559
rb1805,20171107,20171106,210025000,3767.0,15842,1857638,596790920.0,3767.0,1,3766.0,550
rb1805,20171107,20171106,210025500,3767.0,15876,1857616,598071740.0,3768.0,175,3767.0,29
rb1805,20171107,20171106,210026000,3767.0,15934,1857656,600256620.0,3768.0,175,3767.0,13
rb1805,20171107,20171106,210026500,3767.0,15942,1857660,600558020.0,3768.0,223,3767.0,214
rb1805,20171107,20171106,210027000,3768.0,15986,1857668,602215760.0,3768.0,211,3767.0,207
rb1805,20171107,20171106,210027500,3768.0,16018,1857654,603421320.0,3768.0,207,3767.0,218
rb1805,20171107,20171106,210028000,3768.0,16132,1857734,607716780.0,3768.0,194,3767.0,216
rb1805,20171107,20171106,210028500,3767.0,16244,1857734,611936440.0,3768.0,167,3767.0,194
rb1805,20171107,20171106,210029000,3768.0,16276,1857756,613142120.0,3768.0,155,3767.0,201
rb1805,20171107,20171106,210029500,3767.0,16320,1857764,614799720.0,3768.0,150,3767.0,185
rb1805,20171107,20171106,210030000,3767.0,16712,1857812,629566560.0,3768.0,146,3767.0,1
rb1805,20171107,20171106,210030500,3769.0,17696,1857358,666645060.0,3769.0,337,3766.0,126
rb1805,20171107,20171106,210031000,3767.0,17760,1857362,669055980.0,3767.0,21,3766.0,197
rb1805,20171107,20171106,210031500,3767.0,17994,1857202,677870860.0,3768.0,130,3767.0,101
rb1805,20171107,20171106,210032000,3768.0,17996,1857202,677946220.0,3768.0,121,3767.0,102
rb1805,20171107,20171106,210032500,3768.0,18212,1857036,686083040.0,3768.0,119,3766.0,132
rb1805,20171107,20171106,210033000,3766.0,18482,1857256,696251280.0,3767.0,15,3766.0,51
rb1805,20171107,20171106,210033500,3766.0,18496,1857244,696778520.0,3767.0,94,3766.0,44
rb1805,20171107,20171106,210034000,3767.0,19006,1856798,715990780.0,3767.0,50,3766.0,98
rb1805,20171107,20171106,210034500,3767.0,19148,1856894,721339500.0,3767.0,25,3766.0,118
rb1805,20171107,20171106,210035000,3766.0,19404,1856894,730980460.0,3766.0,176,3765.0,212
rb1805,20171107,20171106,210035500,3766.0,19612,1856900,738813720.0,3766.0,78,3765.0,211
rb1805,20171107,20171106,210036000,3765.0,19644,1856916,740018780.0,3766.0,68,3765.0,208
rb1805,20171107,20171106,210036500,3765.0,19688,1856950,741675680.0,3766.0,59,3765.0,201
rb1805,20171107,20171106,210037000,3765.0,19882,1857020,748979780.0,3766.0,61,3765.0,109
rb1805,20171107,20171106,210037500,3765.0,20034,1857162,754702640.0,3766.0,77,3765.0,36
rb1805,20171107,20171106,210038000,3765.0,20184,1857204,760350140.0,3765.0,4,3764.0,56
rb1805,20171107,20171106,210038500,3764.0,20204,1857210,761103100.0,3765.0,2,3764.0,55
rb1805,20171107,20171106,210039000,3765.0,20250,1857206,762835060.0,3766.0,76,3765.0,126
rb1805,20171107,20171106,210039500,3765.0,20370,1857184,767353420.0,3766.0,56,3765.0,44
rb1805,20171107,20171106,210040000,3765.0,20490,1857250,771872420.0,3766.0,7,3765.0,40
rb1805,20171107,20171106,210040500,3765.0,20554,1857222,774282020.0,3766.0,23,3765.0,11
rb1805,20171107,20171106,210041000,3766.0,20688,1857204,779328420.0,3767.0,72,3766.0,28
rb1805,20171107,20171106,210041500,3766.0,20780,1857178,782793140.0,3767.0,77,3766.0,95
rb1805,20171107,20171106,210042000,3766.0,20832,1857164,784751520.0,3767.0,72,3766.0,77
rb1805,20171107,20171106,210042500,3765.0,21076,1856972,793939680.0,3765.0,377,3764.0,61
rb1805,20171107,20171106,210043000,3765.0,21132,1856976,796047600.0,3765.0,386,3764.0,38
rb1805,20171107,20171106,210043500,3765.0,21144,1856972,796499400.0,3765.0,382,3764.0,66
rb1805,20171107,20171106,210044000,3765.0,21216,1856972,799209800.0,3765.0,407,3764.0,58
rb1805,20171107,20171106,210044500,3765.0,21220,1856970,799360400.0,3765.0,405,3764.0,69
rb1805,20171107,20171106,210045000,3765.0,21698,1856502,817357080.0,3765.0,169,3764.0,92
rb1805,20171107,20171106,210045500,3764.0,21710,1856498,817808840.0,3765.0,165,3764.0,91
rb1805,20171107,20171106,210046000,3765.0,22048,1856408,830534460.0,3766.0,389,3765.0,40
rb1805,20171107,20171106,210046500,3765.0,22086,1856432,831965160.0,3766.0,389,3765.0,23
rb1805,20171107,20171106,210047000,3765.0,22160,1856434,834751280.0,3765.0,42,3764.0,126
rb1805,20171107,20171106,210047500,3765.0,22254,1856436,838290040.0,3765.0,70,3764.0,116
rb1805,20171107,20171106,210048000,3764.0,22346,1856372,841752960.0,3765.0,73,3764.0,73
rb1805,20171107,20171106,210048500,3765.0,22364,1856382,842430560.0,3765.0,76,3764.0,88
rb1805,20171107,20171106,210049000,3765.0,22402,1856398,843861160.0,3765.0,113,3764.0,84
rb1805,20171107,20171106,210049500,3764.0,22420,1856396,844538680.0,3765.0,175,3764.0,94
rb1805,20171107,20171106,210050000,3764.0,22614,1856376,851840840.0,3765.0,167,3764.0,182
rb1805,20171107,20171106,210050500,3765.0,22968,1856486,865168820.0,3766.0,336,3765.0,131
rb1805,20171107,20171106,210051000,3765.0,23044,1856554,868030220.0,3766.0,350,3765.0,96
rb1805,20171107,20171106,210051500,3765.0,23064,1856564,868783220.0,3766.0,350,3765.0,99
rb1805,20171107,20171106,210052000,3765.0,23112,1856606,870590420.0,3766.0,350,3765.0,149
rb1805,20171107,20171106,210052500,3766.0,23362,1856596,880002980.0,3766.0,365,3765.0,28
rb1805,20171107,20171106,210053000,3765.0,23428,1856594,882487880.0,3765.0,86,3764.0,218
rb1805,20171107,20171106,210053500,3765.0,23512,1856560,885650140.0,3765.0,64,3764.0,201
rb1805,20171107,20171106,210054000,3765.0,23540,1856540,886704220.0,3765.0,169,3764.0,196
rb1805,20171107,20171106,210054500,3765.0,23552,1856528,887155940.0,3765.0,171,3764.0,200
rb1805,20171107,20171106,210055000,3765.0,23576,1856520,888059400.0,3765.0,171,3764.0,188
rb1805,20171107,20171106,210055500,3765.0,23648,1856496,890769720.0,3765.0,177,3764.0,175
rb1805,20171107,20171106,210056000,3764.0,23736,1856492,894082300.0,3765.0,164,3764.0,136
rb1805,20171107,20171106,210056500,3765.0,23756,1856486,894835220.0,3765.0,258,3764.0,133
rb1805,20171107,20171106,210057000,3764.0,23884,1856450,899653600.0,3765.0,238,3764.0,104
rb1805,20171107,20171106,210057500,3765.0,23920,1856440,901008740.0,3765.0,19,3764.0,93
rb1805,20171107,20171106,210058000,3765.0,23944,1856458,901912320.0,3765.0,12,3764.0,87
rb1805,20171107,20171106,210058500,3766.0,24236,1856480,912906140.0,3766.0,118,3765.0,159
rb1805,20171107,20171106,210059000,3765.0,24454,1856498,921113840.0,3766.0,133,3765.0,50
rb1805,20171107,20171106,210059500,3765.0,24666,1856394,929095640.0,3765.0,9,3764.0,90
rb1805,20171107,20171106,210100000,3765.0,24680,1856394,929622700.0,3765.0,107,3764.0,104
rb1805,20171107,20171106,210100500,3765.0,24732,1856390,931580500.0,3765.0,196,3764.0,109
rb1805,20171107,20171106,210101000,3764.0,24968,1856438,940463560.0,3764.0,4,3763.0,97
rb1805,20171107,20171106,210101500,3764.0,25118,1856298,946109560.0,3765.0,242,3764.0,184
rb1805,20171107,20171106,210102000,3765.0,25138,1856284,946862520.0,3765.0,236,3764.0,191
rb1805,20171107,20171106,210102500,3764.0,25346,1856192,954692740.0,3765.0,182,3764.0,188
rb1805,20171107,20171106,210103000,3765.0,25874,1855936,974571840.0,3765.0,22,3764.0,212
rb1805,20171107,20171106,210103500,3765.0,25926,1855888,976529680.0,3766.0,171,3765.0,367
rb1805,20171107,20171106,210104000,3767.0,26306,1856028,990840340.0,3767.0,86,3765.0,456
rb1805,20171107,20171106,210104500,3767.0,26388,1856032,993929080.0,3767.0,55,3766.0,23
rb1805,20171107,20171106,210105000,3767.0,26554,1856004,1000182000.0,3768.0,143,3767.0,42
rb1805,20171107,20171106,210105500,3767.0,26598,1856002,1001839620.0,3768.0,157,3767.0,47
rb1805,20171107,20171106,210106000,3767.0,26616,1855992,1002517700.0,3768.0,158,3767.0,213
rb1805,20171107,20171106,210106500,3767.0,26806,1855930,1009675220.0,3768.0,137,3767.0,136
rb1805,20171107,20171106,210107000,3768.0,26920,1855942,1013970740.0,3768.0,82,3767.0,9
rb1805,20171107,20171106,210107500,3767.0,26994,1855952,1016758360.0,3768.0,110,3767.0,25
rb1805,20171107,20171106,210108000,3767.0,27058,1855970,1019169300.0,3768.0,107,3767.0,15
rb1805,20171107,20171106,210108500,3767.0,27084,1855986,1020148760.0,3768.0,105,3767.0,56
rb1805,20171107,20171106,210109000,3768.0,27208,1856020,1024820860.0,3768.0,56,3767.0,46
rb1805,20171107,20171106,210109500,3768.0,27350,1856066,1030171460.0,3769.0,356,3768.0,101
rb1805,20171107,20171106,210110000,3768.0,27412,1856080,1032507620.0,3769.0,374,3768.0,71
rb1805,20171107,20171106,210110500,3768.0,27566,1856226,1038310320.0,3768.0,71,3767.0,55
rb1805,20171107,20171106,210111000,3767.0,27644,1856246,1041248820.0,3768.0,85,3767.0,95
rb1805,20171107,20171106,210111500,3768.0,27860,1856230,1049385800.0,3768.0,83,3767.0,3
rb1805,20171107,20171106,210112000,3767.0,27908,1856244,1051193940.0,3767.0,47,3766.0,163
rb1805,20171107,20171106,210112500,3766.0,27958,1856286,1053077340.0,3767.0,37,3766.0,152
rb1805,20171107,20171106,210113000,3767.0,27968,1856296,1053454040.0,3767.0,94,3766.0,154
rb1805,20171107,20171106,210113500,3767.0,27986,1856290,1054132040.0,3767.0,108,3766.0,171
rb1805,20171107,20171106,210114000,3767.0,28044,1856292,1056316780.0,3767.0,91,3766.0,167
rb1805,20171107,20171106,210114500,3767.0,28046,1856294,1056392120.0,3767.0,92,3766.0,167
rb1805,20171107,20171106,210115000,3767.0,28056,1856294,1056768800.0,3767.0,88,3766.0,167
rb1805,20171107,20171106,210115500,3767.0,28068,1856300,1057220820.0,3767.0,91,3766.0,166
rb1805,20171107,20171106,210116000,3767.0,28082,1856296,1057748120.0,3767.0,89,3766.0,175
rb1805,20171107,20171106,210116500,3767.0,28120,1856312,1059179360.0,3767.0,83,3766.0,166
rb1805,20171107,20171106,210117000,3767.0,28262,1856368,1064528480.0,3767.0,13,3766.0,170
rb1805,20171107,20171106,210117500,3767.0,28272,1856372,1064905120.0,3767.0,153,3766.0,168
rb1805,20171107,20171106,210118000,3766.0,28304,1856398,1066110520.0,3767.0,134,3766.0,166
rb1805,20171107,20171106,210118500,3767.0,28776,1856404,1083889100.0,3767.0,30,3766.0,87
rb1805,20171107,20171106,210119000,3766.0,28782,1856404,1084115060.0,3767.0,102,3766.0,88
rb1805,20171107,20171106,210119500,3767.0,28808,1856404,1085094380.0,3767.0,101,3766.0,81
rb1805,20171107,20171106,210120000,3766.0,28816,1856410,1085395680.0,3767.0,120,3766.0,79
rb1805,20171107,20171106,210120500,3766.0,28834,1856424,1086073700.0,3767.0,115,3766.0,77
rb1805,20171107,20171106,210121000,3766.0,28844,1856434,1086450340.0,3767.0,119,3766.0,74
rb1805,20171107,20171106,210121500,3767.0,29096,1856566,1095943180.0,3768.0,192,3767.0,76
rb1805,20171107,20171106,210122000,3767.0,29148,1856584,1097902020.0,3768.0,198,3767.0,57
rb1805,20171107,20171106,210122500,3767.0,29270,1856576,1102497760.0,3768.0,203,3767.0,12
rb1805,20171107,20171106,210123000,3767.0,29300,1856574,1103627860.0,3767.0,33,3766.0,87
rb1805,20171107,20171106,210123500,3766.0,29376,1856614,1106490660.0,3767.0,64,3766.0,132
rb1805,20171107,20171106,210124000,3767.0,29382,1856614,1106716680.0,3767.0,83,3766.0,134
rb1805,20171107,20171106,210124500,3766.0,29392,1856616,1107093340.0,3767.0,82,3766.0,132
rb1805,20171107,20171106,210125000,3767.0,29402,1856620,1107470000.0,3767.0,79,3766.0,130
rb1805,20171107,20171106,210125500,3767.0,29448,1856620,1109202820.0,3767.0,56,3766.0,141
rb1805,20171107,20171106,210126000,3767.0,29476,1856602,1110257540.0,3767.0,45,3766.0,144
rb1805,20171107,20171106,210126500,3767.0,29566,1856546,1113647840.0,3768.0,187,3767.0,156
rb1805,20171107,20171106,210127000,3768.0,29628,1856580,1115984000.0,3768.0,152,3767.0,177
rb1805,20171107,20171106,210127500,3767.0,29644,1856570,1116586720.0,3768.0,109,3767.0,173
rb1805,20171107,20171106,210128000,3767.0,29676,1856556,1117792260.0,3768.0,104,3767.0,183
rb1805,20171107,20171106,210128500,3767.0,29678,1856558,1117867600.0,3768.0,104,3767.0,204
rb1805,20171107,20171106,210129000,3768.0,29700,1856560,1118696500.0,3768.0,98,3767.0,204
rb1805,20171107,20171106,210129500,3767.0,29708,1856560,1118997880.0,3768.0,97,3767.0,204
rb1805,20171107,20171106,210130000,3768.0,29934,1856548,1127513540.0,3769.0,495,3768.0,340
rb1805,20171107,20171106,210130500,3768.0,30042,1856468,1131583120.0,3769.0,488,3768.0,303
rb1805,20171107,20171106,210131000,3768.0,30068,1856456,1132562800.0,3769.0,489,3768.0,293
rb1805,20171107,20171106,210131500,3769.0,30072,1856458,1132713540.0,3769.0,490,3768.0,306
rb1805,20171107,20171106,210132000,3769.0,30076,1856460,1132864300.0,3769.0,490,3768.0,306
rb1805,20171107,20171106,210132500,3769.0,30078,1856462,1132939680.0,3769.0,499,3768.0,307
rb1805,20171107,20171106,210133000,3768.0,30286,1856664,1140779140.0,3769.0,399,3768.0,304
rb1805,20171107,20171106,210133500,3769.0,30922,1857076,1164749980.0,3769.0,81,3768.0,304
rb1805,20171107,20171106,210134000,3769.0,31088,1857126,1171006520.0,3770.0,197,3769.0,909
rb1805,20171107,20171106,210134500,3770.0,31504,1857322,1186689720.0,3771.0,319,3770.0,68
rb1805,20171107,20171106,210135000,3771.0,31586,1857354,1189781640.0,3771.0,293,3770.0,38
rb1805,20171107,20171106,210135500,3770.0,31658,1857394,1192496580.0,3771.0,266,3770.0,182
rb1805,20171107,20171106,210136000,3770.0,31700,1857406,1194080240.0,3771.0,453,3770.0,57
rb1805,20171107,20171106,210136500,3770.0,31824,1857460,1198755080.0,3770.0,32,3769.0,720
rb1805,20171107,20171106,210137000,3771.0,31996,1857444,1205240300.0,3771.0,441,3770.0,3
rb1805,20171107,20171106,210137500,3771.0,32094,1857454,1208935540.0,3771.0,418,3769.0,686
rb1805,20171107,20171106,210138000,3771.0,32148,1857476,1210971160.0,3771.0,512,3770.0,2
rb1805,20171107,20171106,210138500,3770.0,32190,1857468,1212554520.0,3770.0,101,3769.0,671
rb1805,20171107,20171106,210139000,3770.0,32240,1857496,1214439260.0,3770.0,126,3769.0,638
rb1805,20171107,20171106,210139500,3770.0,32284,1857490,1216098040.0,3770.0,117,3769.0,638
rb1805,20171107,20171106,210140000,3769.0,32322,1857486,1217530560.0,3770.0,99,3769.0,634
rb1805,20171107,20171106,210140500,3770.0,32464,1857448,1222883960.0,3770.0,18,3769.0,634
rb1805,20171107,20171106,210141000,3770.0,32580,1857462,1227257260.0,3771.0,530,3770.0,9
rb1805,20171107,20171106,210141500,3771.0,32610,1857470,1228388340.0,3771.0,588,3770.0,290
rb1805,20171107,20171106,210142000,3770.0,32712,1857482,1232233860.0,3771.0,582,3770.0,276
rb1805,20171107,20171106,210142500,3769.0,33360,1858080,1256664060.0,3771.0,510,3770.0,7
rb1805,20171107,20171106,210143000,3770.0,33424,1858068,1259076760.0,3770.0,110,3769.0,650
rb1805,20171107,20171106,210143500,3770.0,33720,1858168,1270235660.0,3770.0,51,3769.0,641
rb1805,20171107,20171106,210144000,3770.0,33780,1858178,1272497660.0,3770.0,26,3769.0,602
rb1805,20171107,20171106,210144500,3770.0,33832,1858176,1274458060.0,3770.0,228,3769.0,603
rb1805,20171107,20171106,210145000,3770.0,33876,1858174,1276116840.0,3770.0,355,3769.0,612
rb1805,20171107,20171106,210145500,3769.0,33960,1858240,1279282880.0,3770.0,366,3769.0,581
rb1805,20171107,20171106,210146000,3769.0,34548,1858664,1301444780.0,3770.0,368,3769.0,296
rb1805,20171107,20171106,210146500,3769.0,35358,1859038,1331973680.0,3769.0,269,3768.0,301
rb1805,20171107,20171106,210147000,3769.0,35418,1859032,1334234540.0,3769.0,301,3768.0,280
rb1805,20171107,20171106,210147500,3769.0,35564,1859114,1339736880.0,3769.0,573,3768.0,258
rb1805,20171107,20171106,210148000,3769.0,35650,1859180,1342978020.0,3769.0,541,3768.0,254
rb1805,20171107,20171106,210148500,3768.0,35668,1859176,1343656280.0,3769.0,546,3768.0,246
rb1805,20171107,20171106,210149000,3769.0,35676,1859182,1343957780.0,3769.0,544,3768.0,244
rb1805,20171107,20171106,210149500,3769.0,35678,1859184,1344033160.0,3769.0,544,3768.0,246
rb1805,20171107,20171106,210150000,3769.0,35766,1859256,1347349760.0,3769.0,502,3768.0,242
rb1805,20171107,20171106,210150500,3769.0,35818,1859280,1349309540.0,3769.0,479,3768.0,237
rb1805,20171107,20171106,210151000,3769.0,36264,1858920,1366115160.0,3769.0,462,3768.0,30
rb1805,20171107,20171106,210151500,3768.0,36334,1858896,1368752760.0,3768.0,70,3767.0,92
rb1805,20171107,20171106,210152000,3768.0,36416,1858898,1371842520.0,3768.0,90,3767.0,131
rb1805,20171107,20171106,210152500,3767.0,36450,1858924,1373123560.0,3768.0,132,3767.0,392
rb1805,20171107,20171106,210153000,3768.0,36754,1858810,1384578300.0,3769.0,466,3768.0,404
rb1805,20171107,20171106,210153500,3768.0,36774,1858810,1385332060.0,3769.0,423,3768.0,404
rb1805,20171107,20171106,210154000,3769.0,37182,1858868,1400709300.0,3770.0,344,3769.0,274
rb1805,20171107,20171106,210154500,3770.0,37258,1858798,1403574460.0,3770.0,270,3769.0,282
rb1805,20171107,20171106,210155000,3770.0,37798,1858626,1423932440.0,3771.0,592,3770.0,193
rb1805,20171107,20171106,210155500,3770.0,37902,1858552,1427853240.0,3771.0,604,3770.0,150
rb1805,20171107,20171106,210156000,3770.0,37956,1858538,1429889040.0,3771.0,603,3770.0,130
rb1805,20171107,20171106,210156500,3769.0,38270,1858510,1441726600.0,3770.0,99,3769.0,291
rb1805,20171107,20171106,210157000,3769.0,38294,1858516,1442631220.0,3770.0,94,3769.0,283
rb1805,20171107,20171106,210157500,3769.0,38296,1858516,1442706600.0,3770.0,132,3769.0,282
rb1805,20171107,20171106,210158000,3770.0,38308,1858508,1443158900.0,3770.0,233,3769.0,277
rb1805,20171107,20171106,210158500,3770.0,39014,1857876,1469770800.0,3770.0,434,3769.0,61
rb1805,20171107,20171106,210159000,3769.0,39150,1857894,1474896540.0,3769.0,18,3768.0,180
rb1805,20171107,20171106,210159500,3768.0,39154,1857892,1475047260.0,3769.0,59,3768.0,193
rb1805,20171107,20171106,210200000,3769.0,39164,1857900,1475424160.0,3769.0,58,3768.0,195
rb1805,20171107,20171106,210200500,3769.0,39172,1857906,1475725680.0,3769.0,68,3768.0,195
rb1805,20171107,20171106,210201000,3769.0,39218,1857902,1477459240.0,3769.0,55,3768.0,186
rb1805,20171107,20171106,210201500,3769.0,39238,1857890,1478212940.0,3769.0,50,3768.0,184
rb1805,20171107,20171106,210202000,3768.0,39250,1857888,1478665200.0,3769.0,70,3768.0,186
rb1805,20171107,20171106,210202500,3768.0,39282,1857868,1479871080.0,3769.0,64,3768.0,187
rb1805,20171107,20171106,210203000,3769.0,39308,1857868,1480850960.0,3769.0,57,3768.0,188
rb1805,20171107,20171106,210203500,3769.0,39444,1857828,1485976580.0,3770.0,516,3769.0,73
rb1805,20171107,20171106,210204000,3769.0,39496,1857778,1487936460.0,3770.0,591,3769.0,82
rb1805,20171107,20171106,210204500,3770.0,39622,1857772,1492686520.0,3770.0,521,3769.0,101
rb1805,20171107,20171106,210205000,3770.0,40474,1857192,1524806920.0,3770.0,133,3769.0,71
rb1805,20171107,20171106,210205500,3770.0,40822,1857150,1537926520.0,3771.0,615,3770.0,173
rb1805,20171107,20171106,210206000,3771.0,40842,1857152,1538680600.0,3771.0,616,3770.0,188
rb1805,20171107,20171106,210206500,3770.0,40844,1857152,1538756000.0,3771.0,617,3770.0,203
rb1805,20171107,20171106,210207000,3771.0,41208,1856970,1552478940.0,3771.0,608,3770.0,30
rb1805,20171107,20171106,210207500,3770.0,41286,1856960,1555419500.0,3770.0,6,3769.0,156
rb1805,20171107,20171106,210208000,3770.0,41302,1856958,1556022700.0,3770.0,31,3769.0,155
rb1805,20171107,20171106,210208500,3770.0,41312,1856956,1556399700.0,3770.0,260,3769.0,328
rb1805,20171107,20171106,210209000,3770.0,41318,1856954,1556625880.0,3770.0,311,3769.0,340
rb1805,20171107,20171106,210209500,3770.0,41370,1856956,1558586260.0,3770.0,294,3769.0,345
rb1805,20171107,20171106,210210000,3770.0,41600,1856954,1567257260.0,3770.0,213,3769.0,345
rb1805,20171107,20171106,210210500,3770.0,41622,1856952,1568086640.0,3770.0,203,3769.0,352
rb1805,20171107,20171106,210211000,3770.0,41646,1856960,1568991240.0,3770.0,205,3769.0,343
rb1805,20171107,20171106,210211500,3770.0,41696,1856926,1570876140.0,3770.0,188,3769.0,341
rb1805,20171107,20171106,210212000,3770.0,41768,1856908,1573590540.0,3770.0,158,3769.0,342
rb1805,20171107,20171106,210212500,3770.0,41836,1856874,1576154040.0,3770.0,141,3769.0,343
rb1805,20171107,20171106,210213000,3770.0,41936,1856822,1579924020.0,3770.0,93,3769.0,344
rb1805,20171107,20171106,210213500,3770.0,41968,1856816,1581130400.0,3770.0,90,3769.0,363
rb1805,20171107,20171106,210214000,3770.0,42022,1856820,1583166160.0,3770.0,65,3769.0,361
rb1805,20171107,20171106,210214500,3770.0,42126,1856740,1587086960.0,3770.0,132,3769.0,361
rb1805,20171107,20171106,210215000,3770.0,42148,1856726,1587916360.0,3770.0,164,3769.0,364
rb1805,20171107,20171106,210215500,3769.0,42244,1856636,1591535540.0,3770.0,124,3769.0,366
rb1805,20171107,20171106,210216000,3770.0,42280,1856636,1592892740.0,3770.0,150,3769.0,368
rb1805,20171107,20171106,210216500,3770.0,42384,1856644,1596813520.0,3770.0,116,3769.0,366
rb1805,20171107,20171106,210217000,3770.0,42386,1856646,1596888920.0,3770.0,117,3769.0,366
rb1805,20171107,20171106,210217500,3770.0,42398,1856654,1597341320.0,3770.0,114,3769.0,366
rb1805,20171107,20171106,210218000,3769.0,42414,1856652,1597944420.0,3770.0,122,3769.0,363
rb1805,20171107,20171106,210218500,3770.0,42420,1856650,1598170600.0,3770.0,123,3769.0,362
rb1805,20171107,20171106,210219000,3770.0,42446,1856644,1599150800.0,3770.0,113,3769.0,361
rb1805,20171107,20171106,210219500,3770.0,42456,1856642,1599527780.0,3770.0,120,3769.0,361
rb1805,20171107,20171106,210220000,3770.0,42464,1856640,1599829360.0,3770.0,119,3769.0,365
rb1805,20171107,20171106,210220500,3770.0,42464,1856640,1599829360.0,3770.0,119,3769.0,366
rb1805,20171107,20171106,210221000,3770.0,42466,1856640,1599904760.0,3770.0,120,3769.0,367
rb1805,20171107,20171106,210221500,3770.0,42470,1856636,1600055540.0,3770.0,119,3769.0,366
rb1805,20171107,20171106,210222000,3770.0,42624,1856628,1605861300.0,3770.0,73,3769.0,364
rb1805,20171107,20171106,210222500,3770.0,42628,1856626,1606012080.0,3770.0,102,3769.0,363
rb1805,20171107,20171106,210223000,3770.0,42680,1856652,1607972460.0,3770.0,127,3769.0,362
rb1805,20171107,20171106,210223500,3770.0,42706,1856648,1608952580.0,3770.0,119,3769.0,358
rb1805,20171107,20171106,210224000,3770.0,42726,1856656,1609706580.0,3770.0,110,3769.0,358
rb1805,20171107,20171106,210224500,3770.0,42730,1856656,1609857360.0,3770.0,113,3769.0,357
rb1805,20171107,20171106,210225000,3770.0,42796,1856608,1612345520.0,3770.0,96,3769.0,360
rb1805,20171107,20171106,210225500,3769.0,42800,1856608,1612496280.0,3770.0,97,3769.0,358
rb1805,20171107,20171106,210226000,3770.0,42830,1856602,1613627280.0,3770.0,84,3769.0,357
rb1805,20171107,20171106,210226500,3770.0,42838,1856600,1613928880.0,3770.0,125,3769.0,358
rb1805,20171107,20171106,210227000,3770.0,42846,1856592,1614230440.0,3770.0,142,3769.0,531
rb1805,20171107,20171106,210227500,3770.0,42858,1856594,1614682840.0,3770.0,140,3769.0,533
rb1805,20171107,20171106,210228000,3769.0,42908,1856608,1616567660.0,3770.0,131,3769.0,524
rb1805,20171107,20171106,210228500,3769.0,42938,1856612,1617698580.0,3770.0,120,3769.0,520
rb1805,20171107,20171106,210229000,3770.0,42942,1856616,1617849380.0,3770.0,127,3769.0,518
rb1805,20171107,20171106,210229500,3770.0,42944,1856616,1617924780.0,3770.0,178,3769.0,519
rb1805,20171107,20171106,210230000,3769.0,42950,1856618,1618150960.0,3770.0,181,3769.0,524
rb1805,20171107,20171106,210230500,3770.0,42970,1856628,1618904960.0,3770.0,175,3769.0,524
rb1805,20171107,20171106,210231000,3770.0,42974,1856632,1619055760.0,3770.0,175,3769.0,534
rb1805,20171107,20171106,210231500,3770.0,42988,1856640,1619583560.0,3770.0,168,3769.0,532
rb1805,20171107,20171106,210232000,3770.0,43002,1856638,1620111360.0,3770.0,162,3769.0,532
rb1805,20171107,20171106,210232500,3769.0,43014,1856638,1620563740.0,3770.0,158,3769.0,533
rb1805,20171107,20171106,210233000,3770.0,43024,1856642,1620940740.0,3770.0,156,3769.0,527
rb1805,20171107,20171106,210233500,3770.0,43032,1856648,1621242340.0,3770.0,152,3769.0,526
rb1805,20171107,20171106,210234000,3770.0,43048,1856648,1621845540.0,3770.0,172,3769.0,525
rb1805,20171107,20171106,210234500,3769.0,43054,1856644,1622071720.0,3770.0,170,3769.0,524
rb1805,20171107,20171106,210235000,3770.0,43098,1856604,1623730520.0,3770.0,169,3769.0,526
rb1805,20171107,20171106,210235500,3769.0,43112,1856604,1624258260.0,3770.0,167,3769.0,526
rb1805,20171107,20171106,210236000,3770.0,43418,1856730,1635794260.0,3770.0,25,3769.0,517
rb1805,20171107,20171106,210236500,3770.0,43506,1856704,1639111860.0,3771.0,687,3769.0,517
rb1805,20171107,20171106,210237000,3770.0,43540,1856702,1640393620.0,3770.0,5,3769.0,532
rb1805,20171107,20171106,210237500,3770.0,43574,1856676,1641675420.0,3770.0,55,3769.0,533
rb1805,20171107,20171106,210238000,3770.0,43598,1856680,1642580060.0,3770.0,77,3769.0,524
rb1805,20171107,20171106,210238500,3770.0,43656,1856738,1644766660.0,3770.0,54,3769.0,535
rb1805,20171107,20171106,210239000,3770.0,43704,1856782,1646576260.0,3770.0,39,3769.0,535
rb1805,20171107,20171106,210239500,3769.0,43742,1856782,1648008820.0,3770.0,29,3769.0,533
rb1805,20171107,20171106,210240000,3770.0,43758,1856782,1648611900.0,3770.0,52,3769.0,527
rb1805,20171107,20171106,210240500,3770.0,43966,1856888,1656453480.0,3771.0,689,3770.0,164
rb1805,20171107,20171106,210241000,3770.0,43984,1856894,1657132120.0,3771.0,710,3770.0,194
rb1805,20171107,20171106,210241500,3770.0,43988,1856894,1657282940.0,3771.0,709,3770.0,236
rb1805,20171107,20171106,210242000,3770.0,44078,1856812,1660676800.0,3771.0,666,3770.0,239
rb1805,20171107,20171106,210242500,3770.0,44082,1856812,1660827600.0,3771.0,666,3770.0,244
rb1805,20171107,20171106,210243000,3770.0,44236,1856842,1666634220.0,3771.0,621,3770.0,221
rb1805,20171107,20171106,210243500,3771.0,44324,1856850,1669951880.0,3771.0,620,3770.0,181
rb1805,20171107,20171106,210244000,3770.0,44374,1856864,1671836920.0,3771.0,623,3770.0,164
rb1805,20171107,20171106,210244500,3771.0,44614,1856862,1680885020.0,3771.0,620,3770.0,55
rb1805,20171107,20171106,210245000,3770.0,44824,1857030,1688802020.0,3770.0,121,3769.0,522
rb1805,20171107,20171106,210245500,3770.0,44838,1857044,1689329820.0,3770.0,123,3769.0,522
rb1805,20171107,20171106,210246000,3770.0,45094,1857010,1698981020.0,3771.0,614,3770.0,72
rb1805,20171107,20171106,210246500,3770.0,45140,1857010,1700715240.0,3771.0,613,3770.0,351
rb1805,20171107,20171106,210247000,3770.0,45152,1857004,1701167700.0,3771.0,611,3770.0,351
rb1805,20171107,20171106,210247500,3771.0,45762,1856438,1724170740.0,3771.0,307,3770.0,367
rb1805,20171107,20171106,210248000,3771.0,46378,1856422,1747400100.0,3772.0,426,3771.0,228
rb1805,20171107,20171106,210248500,3771.0,46422,1856458,1749059680.0,3772.0,416,3771.0,275
rb1805,20171107,20171106,210249000,3771.0,46468,1856466,1750794760.0,3772.0,396,3771.0,276
rb1805,20171107,20171106,210249500,3771.0,46702,1856536,1759620920.0,3772.0,295,3771.0,117
rb1805,20171107,20171106,210250000,3771.0,46756,1856536,1761657760.0,3772.0,271,3771.0,115
rb1805,20171107,20171106,210250500,3772.0,46972,1856538,1769805120.0,3772.0,171,3771.0,108
rb1805,20171107,20171106,210251000,3771.0,47114,1856520,1775160160.0,3772.0,160,3771.0,49
rb1805,20171107,20171106,210251500,3772.0,47170,1856558,1777272060.0,3772.0,168,3771.0,30
rb1805,20171107,20171106,210252000,3772.0,47188,1856552,1777950980.0,3772.0,165,3771.0,49
rb1805,20171107,20171106,210252500,3772.0,47222,1856572,1779233200.0,3772.0,176,3771.0,36
rb1805,20171107,20171106,210253000,3772.0,47632,1856820,1794698860.0,3772.0,40,3771.0,37
rb1805,20171107,20171106,210253500,3772.0,47646,1856818,1795226940.0,3772.0,34,3771.0,77
rb1805,20171107,20171106,210254000,3772.0,47730,1856830,1798395340.0,3772.0,31,3771.0,129
rb1805,20171107,20171106,210254500,3771.0,47784,1856862,1800432160.0,3772.0,30,3771.0,135
rb1805,20171107,20171106,210255000,3772.0,47800,1856878,1801035680.0,3772.0,44,3771.0,163
rb1805,20171107,20171106,210255500,3772.0,47890,1856834,1804430460.0,3773.0,42,3772.0,276
rb1805,20171107,20171106,210256000,3772.0,47972,1856808,1807524180.0,3773.0,31,3772.0,285
rb1805,20171107,20171106,210256500,3772.0,47994,1856806,1808354020.0,3773.0,36,3772.0,282
rb1805,20171107,20171106,210257000,3773.0,48064,1856850,1810995040.0,3773.0,5,3772.0,283
rb1805,20171107,20171106,210257500,3774.0,48124,1856840,1813258560.0,3774.0,244,3773.0,5
rb1805,20171107,20171106,210258000,3773.0,48656,1856638,1833334620.0,3773.0,1,3772.0,254
rb1805,20171107,20171106,210258500,3773.0,48778,1856598,1837938500.0,3775.0,439,3773.0,118
rb1805,20171107,20171106,210259000,3773.0,48810,1856616,1839146320.0,3774.0,2,3773.0,273
rb1805,20171107,20171106,210259500,3774.0,48956,1856624,1844656240.0,3774.0,6,3773.0,118
rb1805,20171107,20171106,210300000,3774.0,49280,1856820,1856883760.0,3774.0,44,3773.0,186
rb1805,20171107,20171106,210300500,3774.0,49402,1856938,1861487420.0,3774.0,45,3773.0,155
rb1805,20171107,20171106,210301000,3774.0,49460,1856958,1863676300.0,3774.0,61,3773.0,157
rb1805,20171107,20171106,210301500,3773.0,49490,1856972,1864808420.0,3774.0,63,3773.0,153
rb1805,20171107,20171106,210302000,3773.0,49604,1856982,1869110220.0,3774.0,147,3773.0,125
rb1805,20171107,20171106,210302500,3773.0,49800,1856934,1876505680.0,3773.0,219,3772.0,255
rb1805,20171107,20171106,210303000,3773.0,50098,1856912,1887747200.0,3773.0,305,3772.0,60
rb1805,20171107,20171106,210303500,3772.0,50236,1856990,1892952540.0,3772.0,530,3771.0,205
rb1805,20171107,20171106,210304000,3771.0,50680,1857002,1909695780.0,3771.0,13,3770.0,424
rb1805,20171107,20171106,210304500,3770.0,51394,1856888,1936613840.0,3771.0,173,3770.0,81
rb1805,20171107,20171106,210305000,3770.0,51668,1857056,1946943440.0,3770.0,230,3769.0,231
rb1805,20171107,20171106,210305500,3770.0,51672,1857060,1947094240.0,3770.0,308,3769.0,234
rb1805,20171107,20171106,210306000,3769.0,51718,1857026,1948827980.0,3770.0,312,3769.0,211
rb1805,20171107,20171106,210306500,3769.0,51752,1857018,1950109640.0,3770.0,302,3769.0,210
rb1805,20171107,20171106,210307000,3770.0,52368,1857292,1973332860.0,3771.0,61,3770.0,2
rb1805,20171107,20171106,210307500,3770.0,52408,1857266,1974840860.0,3771.0,152,3770.0,28
rb1805,20171107,20171106,210308000,3769.0,52610,1857380,1982454960.0,3771.0,152,3770.0,299
rb1805,20171107,20171106,210308500,3771.0,52654,1857416,1984114000.0,3771.0,155,3770.0,321
rb1805,20171107,20171106,210309000,3770.0,52664,1857420,1984491040.0,3771.0,154,3770.0,318
rb1805,20171107,20171106,210309500,3771.0,52720,1857460,1986602400.0,3771.0,146,3770.0,301
rb1805,20171107,20171106,210310000,3770.0,52724,1857462,1986753200.0,3771.0,148,3770.0,302
rb1805,20171107,20171106,210310500,3771.0,52736,1857464,1987205700.0,3771.0,143,3770.0,300
rb1805,20171107,20171106,210311000,3771.0,52742,1857466,1987431940.0,3771.0,153,3770.0,310
rb1805,20171107,20171106,210311500,3771.0,52758,1857464,1988035280.0,3771.0,143,3770.0,311
rb1805,20171107,20171106,210312000,3770.0,53066,1857296,1999648900.0,3771.0,42,3770.0,259
rb1805,20171107,20171106,210312500,3771.0,53184,1857202,2004098620.0,3772.0,201,3771.0,54
rb1805,20171107,20171106,210313000,3771.0,53288,1857204,2008020480.0,3772.0,129,3771.0,5
rb1805,20171107,20171106,210313500,3771.0,53306,1857202,2008699260.0,3772.0,140,3771.0,53
rb1805,20171107,20171106,210314000,3770.0,53416,1857302,2012847320.0,3771.0,2,3770.0,271
rb1805,20171107,20171106,210314500,3771.0,53460,1857314,2014506540.0,3771.0,35,3770.0,277
rb1805,20171107,20171106,210315000,3771.0,53466,1857318,2014732780.0,3771.0,40,3770.0,278
rb1805,20171107,20171106,210315500,3770.0,53472,1857324,2014958980.0,3771.0,44,3770.0,277
rb1805,20171107,20171106,210316000,3771.0,53574,1857408,2018805400.0,3771.0,5,3770.0,279
rb1805,20171107,20171106,210316500,3771.0,53660,1857440,2022048480.0,3772.0,233,3771.0,24
rb1805,20171107,20171106,210317000,3771.0,53680,1857448,2022802680.0,3772.0,235,3771.0,15
rb1805,20171107,20171106,210317500,3771.0,53716,1857456,2024160240.0,3771.0,58,3770.0,124
rb1805,20171107,20171106,210318000,3770.0,53772,1857494,2026271520.0,3771.0,56,3770.0,132
rb1805,20171107,20171106,210318500,3771.0,53796,1857494,2027176540.0,3771.0,151,3770.0,132
rb1805,20171107,20171106,210319000,3771.0,53796,1857494,2027176540.0,3771.0,228,3770.0,132
rb1805,20171107,20171106,210319500,3771.0,53808,1857496,2027628980.0,3771.0,245,3770.0,119
rb1805,20171107,20171106,210320000,3770.0,54068,1857484,2037431220.0,3770.0,44,3769.0,289
rb1805,20171107,20171106,210320500,3770.0,54074,1857482,2037657420.0,3770.0,43,3769.0,299
rb1805,20171107,20171106,210321000,3770.0,54112,1857482,2039090020.0,3770.0,41,3769.0,299
rb1805,20171107,20171106,210321500,3769.0,54178,1857476,2041577720.0,3770.0,67,3769.0,260
rb1805,20171107,20171106,210322000,3770.0,54232,1857476,2043613160.0,3770.0,141,3769.0,242
rb1805,20171107,20171106,210322500,3769.0,54270,1857476,2045045380.0,3770.0,166,3769.0,221
rb1805,20171107,20171106,210323000,3769.0,54578,1857622,2056653900.0,3770.0,167,3769.0,71
rb1805,20171107,20171106,210323500,3769.0,54748,1857730,2063061200.0,3769.0,501,3768.0,164
rb1805,20171107,20171106,210324000,3768.0,54762,1857732,2063588740.0,3769.0,534,3768.0,158
rb1805,20171107,20171106,210324500,3768.0,54806,1857758,2065246960.0,3769.0,519,3768.0,151
rb1805,20171107,20171106,210325000,3768.0,54954,1857842,2070824120.0,3769.0,494,3768.0,119
rb1805,20171107,20171106,210325500,3768.0,55086,1857952,2075797940.0,3769.0,490,3768.0,58
rb1805,20171107,20171106,210326000,3768.0,55102,1857954,2076400820.0,3769.0,490,3768.0,41
rb1805,20171107,20171106,210326500,3768.0,55116,1857966,2076928380.0,3769.0,491,3768.0,42
rb1805,20171107,20171106,210327000,3768.0,55156,1857974,2078435720.0,3769.0,484,3768.0,48
rb1805,20171107,20171106,210327500,3769.0,55322,1858088,2084691100.0,3769.0,258,3767.0,399
rb1805,20171107,20171106,210328000,3768.0,55336,1858088,2085218660.0,3769.0,256,3768.0,50
rb1805,20171107,20171106,210328500,3769.0,55376,1858096,2086726000.0,3769.0,251,3768.0,80
rb1805,20171107,20171106,210329000,3769.0,55380,1858098,2086876740.0,3769.0,82,3768.0,80
rb1805,20171107,20171106,210329500,3768.0,55470,1858094,2090268680.0,3769.0,95,3768.0,85
rb1805,20171107,20171106,210330000,3768.0,55492,1858082,2091097680.0,3769.0,93,3768.0,76
rb1805,20171107,20171106,210330500,3768.0,55574,1858046,2094187640.0,3769.0,84,3768.0,99
rb1805,20171107,20171106,210331000,3769.0,55584,1858042,2094564480.0,3769.0,133,3768.0,98
rb1805,20171107,20171106,210331500,3769.0,55594,1858042,2094941380.0,3769.0,128,3768.0,108
rb1805,20171107,20171106,210332000,3769.0,55618,1858040,2095845860.0,3769.0,120,3768.0,105
rb1805,20171107,20171106,210332500,3768.0,55622,1858040,2095996600.0,3769.0,121,3768.0,108
rb1805,20171107,20171106,210333000,3768.0,55628,1858040,2096222680.0,3769.0,122,3768.0,121
rb1805,20171107,20171106,210333500,3769.0,55632,1858038,2096373420.0,3769.0,122,3768.0,123
rb1805,20171107,20171106,210334000,3768.0,55640,1858034,2096674880.0,3769.0,122,3768.0,121
rb1805,20171107,20171106,210334500,3768.0,55766,1858102,2101422600.0,3769.0,121,3768.0,65
rb1805,20171107,20171106,210335000,3768.0,55898,1858090,2106396480.0,3769.0,62,3768.0,5
rb1805,20171107,20171106,210335500,3768.0,55908,1858096,2106773340.0,3769.0,89,3768.0,119
rb1805,20171107,20171106,210336000,3768.0,55924,1858108,2107376300.0,3769.0,85,3768.0,115
rb1805,20171107,20171106,210336500,3769.0,55950,1858114,2108356040.0,3769.0,84,3768.0,155
rb1805,20171107,20171106,210337000,3768.0,56004,1858130,2110390920.0,3769.0,78,3768.0,147
rb1805,20171107,20171106,210337500,3769.0,56288,1858332,2121093800.0,3770.0,94,3769.0,5
rb1805,20171107,20171106,210338000,3769.0,56316,1858332,2122149120.0,3770.0,90,3769.0,126
rb1805,20171107,20171106,210338500,3770.0,56830,1858520,2141526920.0,3771.0,212,3770.0,77
rb1805,20171107,20171106,210339000,3770.0,56914,1858440,2144693720.0,3771.0,214,3770.0,28
rb1805,20171107,20171106,210339500,3769.0,56928,1858440,2145221480.0,3771.0,214,3770.0,2
rb1805,20171107,20171106,210340000,3769.0,56950,1858428,2146050720.0,3770.0,38,3769.0,131
rb1805,20171107,20171106,210340500,3769.0,56958,1858422,2146352240.0,3770.0,148,3769.0,122
rb1805,20171107,20171106,210341000,3769.0,56958,1858422,2146352240.0,3770.0,151,3769.0,113
rb1805,20171107,20171106,210341500,3770.0,56962,1858424,2146503020.0,3770.0,151,3769.0,113
rb1805,20171107,20171106,210342000,3769.0,56980,1858426,2147181460.0,3770.0,151,3769.0,108
rb1805,20171107,20171106,210342500,3770.0,57030,1858444,2149066440.0,3770.0,130,3769.0,107
rb1805,20171107,20171106,210343000,3770.0,57034,1858446,2149217220.0,3770.0,154,3769.0,107
rb1805,20171107,20171106,210343500,3770.0,57038,1858444,2149368000.0,3770.0,172,3769.0,101
rb1805,20171107,20171106,210344000,3769.0,57072,1858430,2150649460.0,3770.0,173,3769.0,88
rb1805,20171107,20171106,210344500,3770.0,57078,1858430,2150875640.0,3770.0,174,3769.0,96
rb1805,20171107,20171106,210345000,3770.0,57084,1858428,2151101800.0,3770.0,173,3769.0,95
rb1805,20171107,20171106,210345500,3770.0,57084,1858428,2151101800.0,3770.0,184,3769.0,103
rb1805,20171107,20171106,210346000,3769.0,57130,1858428,2152835540.0,3770.0,184,3769.0,81
rb1805,20171107,20171106,210346500,3769.0,57134,1858428,2152986300.0,3770.0,184,3769.0,80
rb1805,20171107,20171106,210347000,3769.0,57196,1858394,2155323240.0,3770.0,181,3769.0,57
rb1805,20171107,20171106,210347500,3769.0,57226,1858402,2156454140.0,3770.0,171,3769.0,62
rb1805,20171107,20171106,210348000,3769.0,57244,1858406,2157132640.0,3770.0,167,3769.0,90
rb1805,20171107,20171106,210348500,3769.0,57262,1858410,2157811080.0,3770.0,172,3769.0,81
rb1805,20171107,20171106,210349000,3770.0,57342,1858472,2160826340.0,3770.0,174,3769.0,202
rb1805,20171107,20171106,210349500,3769.0,57350,1858480,2161127860.0,3770.0,176,3769.0,201
rb1805,20171107,20171106,210350000,3769.0,57434,1858480,2164293820.0,3770.0,176,3769.0,164
rb1805,20171107,20171106,210350500,3769.0,57452,1858492,2164972300.0,3770.0,223,3769.0,159
rb1805,20171107,20171106,210351000,3770.0,57488,1858494,2166329340.0,3770.0,218,3769.0,151
rb1805,20171107,20171106,210351500,3769.0,57492,1858498,2166480100.0,3770.0,240,3769.0,16
rb1805,20171107,20171106,210352000,3769.0,57530,1858528,2167912300.0,3769.0,25,3768.0,142
rb1805,20171107,20171106,210352500,3769.0,57538,1858532,2168213780.0,3769.0,30,3768.0,140
rb1805,20171107,20171106,210353000,3769.0,57542,1858536,2168364540.0,3769.0,33,3768.0,160
rb1805,20171107,20171106,210353500,3769.0,57542,1858536,2168364540.0,3769.0,60,3768.0,160
rb1805,20171107,20171106,210354000,3769.0,57556,1858546,2168892200.0,3769.0,53,3768.0,161
rb1805,20171107,20171106,210354500,3769.0,57628,1858582,2171605880.0,3769.0,79,3768.0,164
rb1805,20171107,20171106,210355000,3769.0,57630,1858580,2171681260.0,3769.0,79,3768.0,174
rb1805,20171107,20171106,210355500,3769.0,57638,1858578,2171982760.0,3769.0,81,3768.0,173
rb1805,20171107,20171106,210356000,3769.0,57656,1858576,2172661160.0,3769.0,74,3768.0,172
rb1805,20171107,20171106,210356500,3769.0,57666,1858576,2173038060.0,3769.0,69,3768.0,176
rb1805,20171107,20171106,210357000,3769.0,57676,1858580,2173414920.0,3769.0,89,3768.0,174
rb1805,20171107,20171106,210357500,3769.0,57682,1858580,2173641040.0,3769.0,90,3768.0,153
rb1805,20171107,20171106,210358000,3769.0,57706,1858582,2174545380.0,3769.0,74,3768.0,144
rb1805,20171107,20171106,210358500,3768.0,58018,1858464,2186301780.0,3768.0,42,3767.0,657
rb1805,20171107,20171106,210359000,3768.0,58102,1858396,2189466900.0,3768.0,5,3767.0,657
rb1805,20171107,20171106,210359500,3768.0,58132,1858392,2190597300.0,3768.0,4,3767.0,656
rb1805,20171107,20171106,210400000,3768.0,58174,1858378,2192179860.0,3768.0,91,3767.0,672
rb1805,20171107,20171106,210400500,3768.0,58178,1858376,2192330580.0,3768.0,99,3767.0,672
rb1805,20171107,20171106,210401000,3768.0,58194,1858376,2192933380.0,3768.0,126,3767.0,665
rb1805,20171107,20171106,210401500,3768.0,58214,1858372,2193686980.0,3768.0,114,3767.0,664
rb1805,20171107,20171106,210402000,3768.0,58468,1858396,2203257660.0,3768.0,89,3767.0,662
rb1805,20171107,20171106,210402500,3768.0,58470,1858396,2203333020.0,3768.0,117,3767.0,673
rb1805,20171107,20171106,210403000,3768.0,58478,1858392,2203634420.0,3768.0,126,3767.0,670
rb1805,20171107,20171106,210403500,3768.0,58478,1858392,2203634420.0,3768.0,129,3767.0,669
rb1805,20171107,20171106,210404000,3767.0,58548,1858376,2206271320.0,3768.0,130,3767.0,634
rb1805,20171107,20171106,210404500,3768.0,58594,1858362,2208004400.0,3768.0,119,3767.0,625
rb1805,20171107,20171106,210405000,3768.0,58600,1858362,2208230460.0,3768.0,118,3767.0,624
rb1805,20171107,20171106,210405500,3768.0,58872,1858470,2218479320.0,3769.0,70,3768.0,371
rb1805,20171107,20171106,210406000,3769.0,58924,1858472,2220438700.0,3769.0,76,3768.0,370
rb1805,20171107,20171106,210406500,3768.0,58962,1858488,2221870780.0,3769.0,69,3768.0,369
rb1805,20171107,20171106,210407000,3768.0,58968,1858494,2222096860.0,3769.0,69,3768.0,374
rb1805,20171107,20171106,210407500,3768.0,58970,1858494,2222172220.0,3769.0,83,3768.0,375
rb1805,20171107,20171106,210408000,3768.0,58978,1858500,2222473660.0,3769.0,83,3768.0,372
rb1805,20171107,20171106,210408500,3769.0,58980,1858502,2222549040.0,3769.0,82,3768.0,373
rb1805,20171107,20171106,210409000,3768.0,58988,1858510,2222850480.0,3769.0,83,3768.0,370
rb1805,20171107,20171106,210409500,3768.0,59010,1858532,2223679460.0,3769.0,71,3768.0,361
rb1805,20171107,20171106,210410000,3768.0,59020,1858536,2224056300.0,3769.0,82,3768.0,365
rb1805,20171107,20171106,210410500,3769.0,59266,1858618,2233325620.0,3769.0,82,3768.0,246
rb1805,20171107,20171106,210411000,3768.0,59758,1859096,2251864180.0,3768.0,433,3767.0,618
rb1805,20171107,20171106,210411500,3767.0,59962,1858940,2259548880.0,3768.0,451,3767.0,518
rb1805,20171107,20171106,210412000,3767.0,60840,1859340,2292623160.0,3768.0,455,3767.0,79
rb1805,20171107,20171106,210412500,3767.0,61040,1859384,2300156960.0,3767.0,703,3766.0,638
rb1805,20171107,20171106,210413000,3767.0,61246,1859372,2307914940.0,3767.0,494,3766.0,537
rb1805,20171107,20171106,210413500,3766.0,61310,1859426,2310325200.0,3767.0,495,3766.0,508
rb1805,20171107,20171106,210414000,3766.0,61360,1859448,2312208260.0,3767.0,496,3766.0,487
rb1805,20171107,20171106,210414500,3766.0,61378,1859462,2312886160.0,3767.0,396,3766.0,480
rb1805,20171107,20171106,210415000,3766.0,61492,1859502,2317179600.0,3767.0,317,3766.0,433
rb1805,20171107,20171106,210415500,3767.0,61546,1859508,2319213440.0,3767.0,245,3766.0,419
rb1805,20171107,20171106,210416000,3766.0,62362,1859160,2349946640.0,3767.0,117,3766.0,144
rb1805,20171107,20171106,210416500,3766.0,62380,1859150,2350624560.0,3767.0,120,3766.0,139
rb1805,20171107,20171106,210417000,3766.0,62454,1859132,2353411640.0,3767.0,111,3766.0,120
rb1805,20171107,20171106,210417500,3766.0,62488,1859122,2354692140.0,3767.0,112,3766.0,109
rb1805,20171107,20171106,210418000,3767.0,62542,1859156,2356725920.0,3767.0,105,3766.0,2
rb1805,20171107,20171106,210418500,3766.0,62602,1859146,2358985520.0,3767.0,107,3766.0,22
rb1805,20171107,20171106,210419000,3766.0,62648,1859138,2360717880.0,3766.0,7,3765.0,299
rb1805,20171107,20171106,210419500,3765.0,63292,1858964,2384964520.0,3765.0,47,3764.0,154
rb1805,20171107,20171106,210420000,3764.0,63328,1858940,2386319800.0,3765.0,52,3764.0,153
rb1805,20171107,20171106,210420500,3764.0,63626,1859062,2397539980.0,3766.0,69,3764.0,129
rb1805,20171107,20171106,210421000,3764.0,63660,1859048,2398819940.0,3766.0,71,3765.0,1
rb1805,20171107,20171106,210421500,3764.0,63726,1859084,2401304200.0,3765.0,3,3764.0,96
rb1805,20171107,20171106,210422000,3765.0,63804,1859072,2404240480.0,3765.0,17,3764.0,76
rb1805,20171107,20171106,210422500,3764.0,63830,1859090,2405219140.0,3765.0,36,3764.0,66
rb1805,20171107,20171106,210423000,3764.0,63850,1859100,2405972000.0,3765.0,38,3764.0,60
rb1805,20171107,20171106,210423500,3764.0,63922,1859164,2408682120.0,3765.0,37,3764.0,105
rb1805,20171107,20171106,210424000,3764.0,63994,1859192,2411392240.0,3765.0,46,3764.0,84
rb1805,20171107,20171106,210424500,3764.0,64116,1859206,2415984440.0,3765.0,53,3764.0,34
rb1805,20171107,20171106,210425000,3764.0,64220,1859178,2419899000.0,3764.0,7,3763.0,102
rb1805,20171107,20171106,210425500,3764.0,64300,1859156,2422910220.0,3765.0,83,3764.0,39
rb1805,20171107,20171106,210426000,3765.0,64312,1859150,2423361940.0,3765.0,86,3764.0,42
rb1805,20171107,20171106,210426500,3765.0,64348,1859128,2424717040.0,3765.0,61,3764.0,71
rb1805,20171107,20171106,210427000,3764.0,64378,1859142,2425846400.0,3765.0,52,3764.0,76
rb1805,20171107,20171106,210427500,3764.0,64388,1859140,2426222800.0,3765.0,65,3764.0,83
rb1805,20171107,20171106,210428000,3764.0,64540,1859136,2431944920.0,3765.0,28,3764.0,57
rb1805,20171107,20171106,210428500,3764.0,64554,1859130,2432471880.0,3765.0,30,3764.0,64
rb1805,20171107,20171106,210429000,3765.0,64606,1859122,2434429220.0,3765.0,31,3764.0,48
rb1805,20171107,20171106,210429500,3765.0,64644,1859134,2435859620.0,3765.0,41,3764.0,35
rb1805,20171107,20171106,210430000,3764.0,64730,1859108,2439096720.0,3764.0,405,3763.0,124
rb1805,20171107,20171106,210430500,3764.0,64740,1859106,2439473040.0,3764.0,442,3763.0,123
rb1805,20171107,20171106,210431000,3764.0,64768,1859114,2440526720.0,3764.0,446,3763.0,124
rb1805,20171107,20171106,210431500,3764.0,64928,1859054,2446548480.0,3764.0,409,3763.0,277
rb1805,20171107,20171106,210432000,3764.0,64950,1859040,2447376520.0,3764.0,410,3763.0,288
rb1805,20171107,20171106,210432500,3763.0,64996,1859026,2449107860.0,3764.0,393,3763.0,286
rb1805,20171107,20171106,210433000,3763.0,65528,1859006,2469127700.0,3764.0,460,3763.0,144
rb1805,20171107,20171106,210433500,3763.0,65568,1858984,2470633040.0,3764.0,478,3763.0,125
rb1805,20171107,20171106,210434000,3763.0,65620,1858960,2472589880.0,3764.0,474,3763.0,126
rb1805,20171107,20171106,210434500,3763.0,65646,1858956,2473568300.0,3764.0,494,3763.0,126
rb1805,20171107,20171106,210435000,3763.0,65654,1858952,2473869340.0,3764.0,495,3763.0,164
rb1805,20171107,20171106,210435500,3763.0,66004,1858688,2487042860.0,3764.0,344,3763.0,147
rb1805,20171107,20171106,210436000,3763.0,66162,1858686,2492989220.0,3764.0,303,3763.0,143
rb1805,20171107,20171106,210436500,3763.0,66232,1858736,2495623320.0,3764.0,306,3763.0,130
rb1805,20171107,20171106,210437000,3763.0,66246,1858730,2496150180.0,3764.0,304,3763.0,138
rb1805,20171107,20171106,210437500,3763.0,66262,1858726,2496752300.0,3764.0,317,3763.0,134
rb1805,20171107,20171106,210438000,3763.0,66286,1858712,2497655440.0,3764.0,318,3763.0,134
rb1805,20171107,20171106,210438500,3763.0,66318,1858730,2498859600.0,3764.0,358,3763.0,120
rb1805,20171107,20171106,210439000,3764.0,66370,1858742,2500816420.0,3764.0,378,3763.0,107
rb1805,20171107,20171106,210439500,3763.0,66398,1858754,2501870080.0,3764.0,377,3763.0,100
rb1805,20171107,20171106,210440000,3763.0,66510,1858794,2506084660.0,3764.0,407,3763.0,55
rb1805,20171107,20171106,210440500,3763.0,66580,1858798,2508718780.0,3764.0,406,3763.0,39
rb1805,20171107,20171106,210441000,3763.0,66606,1858800,2509697180.0,3764.0,405,3763.0,39
rb1805,20171107,20171106,210441500,3763.0,66648,1858804,2511277740.0,3764.0,405,3763.0,27
rb1805,20171107,20171106,210442000,3764.0,66752,1858736,2515191340.0,3764.0,401,3762.0,222
rb1805,20171107,20171106,210442500,3762.0,66786,1858738,2516470580.0,3763.0,81,3762.0,212
rb1805,20171107,20171106,210443000,3762.0,67554,1858604,2545359960.0,3762.0,3,3761.0,175
rb1805,20171107,20171106,210443500,3762.0,67594,1858590,2546864640.0,3762.0,55,3761.0,199
rb1805,20171107,20171106,210444000,3761.0,67636,1858612,2548444320.0,3762.0,97,3761.0,183
rb1805,20171107,20171106,210444500,3762.0,67766,1858572,2553334040.0,3762.0,77,3761.0,156
rb1805,20171107,20171106,210445000,3762.0,67844,1858558,2556267800.0,3762.0,48,3761.0,166
rb1805,20171107,20171106,210445500,3762.0,68010,1858588,2562512320.0,3763.0,153,3762.0,247
rb1805,20171107,20171106,210446000,3762.0,68118,1858564,2566575300.0,3763.0,162,3762.0,219
rb1805,20171107,20171106,210446500,3762.0,68126,1858562,2566876280.0,3763.0,162,3762.0,224
rb1805,20171107,20171106,210447000,3762.0,68138,1858562,2567327820.0,3763.0,160,3762.0,240
rb1805,20171107,20171106,210447500,3762.0,68262,1858570,2571993260.0,3763.0,144,3762.0,219
rb1805,20171107,20171106,210448000,3762.0,68308,1858542,2573723800.0,3763.0,145,3762.0,207
rb1805,20171107,20171106,210448500,3762.0,68530,1858360,2582075680.0,3763.0,136,3762.0,110
rb1805,20171107,20171106,210449000,3762.0,68638,1858302,2586138640.0,3763.0,137,3762.0,86
rb1805,20171107,20171106,210449500,3762.0,68718,1858300,2589148360.0,3763.0,149,3762.0,70
rb1805,20171107,20171106,210450000,3762.0,68760,1858312,2590728480.0,3763.0,146,3762.0,117
rb1805,20171107,20171106,210450500,3762.0,68796,1858298,2592082840.0,3763.0,165,3762.0,122
rb1805,20171107,20171106,210451000,3762.0,68830,1858296,2593361960.0,3763.0,164,3762.0,135
rb1805,20171107,20171106,210451500,3762.0,68968,1858248,2598554820.0,3763.0,99,3762.0,202
rb1805,20171107,20171106,210452000,3764.0,69264,1858096,2609694220.0,3764.0,331,3763.0,752
rb1805,20171107,20171106,210452500,3764.0,69942,1858244,2635214140.0,3765.0,118,3764.0,129
rb1805,20171107,20171106,210453000,3765.0,70314,1858280,2649219940.0,3766.0,67,3765.0,464
rb1805,20171107,20171106,210453500,3766.0,70614,1858438,2660517940.0,3767.0,67,3766.0,31
rb1805,20171107,20171106,210454000,3765.0,70696,1858480,2663605920.0,3766.0,55,3765.0,416
rb1805,20171107,20171106,210454500,3766.0,70926,1858540,2672267620.0,3767.0,90,3766.0,3
rb1805,20171107,20171106,210455000,3766.0,70982,1858540,2674376580.0,3767.0,115,3766.0,82
rb1805,20171107,20171106,210455500,3766.0,70988,1858546,2674602540.0,3767.0,118,3766.0,79
rb1805,20171107,20171106,210456000,3766.0,71002,1858556,2675129880.0,3767.0,125,3766.0,78
rb1805,20171107,20171106,210456500,3766.0,71362,1858710,2688690480.0,3768.0,114,3766.0,48
rb1805,20171107,20171106,210457000,3766.0,71378,1858726,2689293140.0,3767.0,61,3766.0,45
rb1805,20171107,20171106,210457500,3766.0,71478,1858802,2693059360.0,3767.0,63,3766.0,8
rb1805,20171107,20171106,210458000,3766.0,71496,1858796,2693737240.0,3766.0,98,3765.0,440
rb1805,20171107,20171106,210458500,3765.0,71562,1858794,2696222640.0,3766.0,54,3765.0,433
rb1805,20171107,20171106,210459000,3765.0,71562,1858794,2696222640.0,3766.0,54,3765.0,431
rb1805,20171107,20171106,210459500,3765.0,71622,1858762,2698481640.0,3766.0,36,3765.0,368
rb1805,20171107,20171106,210500000,3765.0,71644,1858766,2699310140.0,3766.0,92,3765.0,372
rb1805,20171107,20171106,210500500,3765.0,71660,1858766,2699912680.0,3766.0,156,3765.0,371
rb1805,20171107,20171106,210501000,3766.0,71726,1858770,2702397600.0,3766.0,169,3765.0,339
rb1805,20171107,20171106,210501500,3765.0,72190,1859132,2719867240.0,3766.0,173,3765.0,108
rb1805,20171107,20171106,210502000,3765.0,72424,1859026,2728677340.0,3765.0,319,3764.0,107
rb1805,20171107,20171106,210502500,3764.0,72604,1858934,2735452540.0,3764.0,40,3763.0,695
rb1805,20171107,20171106,210503000,3763.0,72608,1858934,2735603060.0,3764.0,189,3763.0,592
rb1805,20171107,20171106,210503500,3764.0,72756,1858872,2741172360.0,3764.0,183,3763.0,553
rb1805,20171107,20171106,210504000,3764.0,72792,1858842,2742527100.0,3764.0,180,3763.0,519
rb1805,20171107,20171106,210504500,3764.0,72806,1858832,2743053980.0,3764.0,177,3763.0,515
rb1805,20171107,20171106,210505000,3763.0,73312,1859086,2762094960.0,3764.0,169,3763.0,232
rb1805,20171107,20171106,210505500,3763.0,73800,1859352,2780458400.0,3763.0,27,3762.0,198
rb1805,20171107,20171106,210506000,3763.0,73808,1859350,2780759440.0,3763.0,108,3762.0,199
rb1805,20171107,20171106,210506500,3762.0,73824,1859356,2781361480.0,3763.0,108,3762.0,165
rb1805,20171107,20171106,210507000,3763.0,73880,1859360,2783468460.0,3763.0,350,3762.0,149
rb1805,20171107,20171106,210507500,3763.0,73988,1859384,2787531640.0,3763.0,340,3762.0,106
rb1805,20171107,20171106,210508000,3763.0,74104,1859334,2791895940.0,3763.0,338,3762.0,78
rb1805,20171107,20171106,210508500,3762.0,74296,1859364,2799119060.0,3762.0,144,3761.0,380
rb1805,20171107,20171106,210509000,3762.0,74324,1859362,2800172180.0,3762.0,213,3761.0,384
rb1805,20171107,20171106,210509500,3762.0,74436,1859456,2804384580.0,3762.0,234,3761.0,332
rb1805,20171107,20171106,210510000,3762.0,74444,1859460,2804685500.0,3762.0,247,3761.0,364
rb1805,20171107,20171106,210510500,3761.0,74450,1859464,2804911160.0,3762.0,264,3761.0,361
rb1805,20171107,20171106,210511000,3762.0,74484,1859490,2806190080.0,3762.0,254,3761.0,366
rb1805,20171107,20171106,210511500,3762.0,74520,1859524,2807544120.0,3762.0,250,3761.0,353
rb1805,20171107,20171106,210512000,3761.0,74890,1859828,2821462860.0,3762.0,109,3761.0,336
rb1805,20171107,20171106,210512500,3761.0,75146,1859912,2831093460.0,3763.0,304,3761.0,337
rb1805,20171107,20171106,210513000,3761.0,76038,1859776,2864644640.0,3763.0,286,3762.0,4
rb1805,20171107,20171106,210513500,3762.0,76104,1859732,2867127520.0,3762.0,14,3761.0,176
rb1805,20171107,20171106,210514000,3762.0,76318,1859900,2875178220.0,3763.0,286,3762.0,71
rb1805,20171107,20171106,210514500,3762.0,76508,1859876,2882325860.0,3762.0,89,3761.0,201
rb1805,20171107,20171106,210515000,3762.0,76536,1859868,2883379220.0,3762.0,55,3761.0,209
rb1805,20171107,20171106,210515500,3761.0,76584,1859854,2885184700.0,3762.0,61,3761.0,50
rb1805,20171107,20171106,210516000,3762.0,76588,1859852,2885335160.0,3762.0,75,3761.0,52
rb1805,20171107,20171106,210516500,3761.0,76628,1859832,2886839720.0,3762.0,78,3761.0,41
rb1805,20171107,20171106,210517000,3761.0,76662,1859814,2888118620.0,3762.0,71,3761.0,37
rb1805,20171107,20171106,210517500,3762.0,76690,1859812,2889171860.0,3762.0,70,3761.0,47
rb1805,20171107,20171106,210518000,3761.0,76828,1859884,2894362220.0,3761.0,290,3760.0,884
rb1805,20171107,20171106,210518500,3761.0,76872,1859916,2896017060.0,3761.0,379,3760.0,886
rb1805,20171107,20171106,210519000,3760.0,76904,1859926,2897220280.0,3761.0,382,3760.0,873
rb1805,20171107,20171106,210519500,3761.0,77572,1860038,2922338040.0,3761.0,363,3760.0,589
rb1805,20171107,20171106,210520000,3760.0,77898,1860352,2934595720.0,3761.0,366,3760.0,431
rb1805,20171107,20171106,210520500,3760.0,78766,1860548,2967232580.0,3761.0,350,3760.0,1
rb1805,20171107,20171106,210521000,3760.0,78796,1860528,2968360600.0,3760.0,746,3759.0,104
rb1805,20171107,20171106,210521500,3759.0,79324,1860284,2988211620.0,3759.0,22,3758.0,357
rb1805,20171107,20171106,210522000,3759.0,79490,1860146,2994452080.0,3760.0,479,3759.0,73
rb1805,20171107,20171106,210522500,3759.0,79544,1860132,2996481980.0,3760.0,522,3759.0,226
rb1805,20171107,20171106,210523000,3759.0,79958,1859882,3012045660.0,3760.0,463,3759.0,202
rb1805,20171107,20171106,210523500,3759.0,80190,1859700,3020768600.0,3760.0,366,3759.0,196
rb1805,20171107,20171106,210524000,3759.0,80606,1859638,3036408060.0,3760.0,265,3759.0,99
rb1805,20171107,20171106,210524500,3759.0,80672,1859664,3038889080.0,3760.0,264,3759.0,82
rb1805,20171107,20171106,210525000,3759.0,80766,1859638,3042423040.0,3760.0,274,3759.0,76
rb1805,20171107,20171106,210525500,3760.0,80798,1859624,3043626120.0,3760.0,264,3759.0,82
rb1805,20171107,20171106,210526000,3759.0,80854,1859610,3045731460.0,3760.0,248,3759.0,169
rb1805,20171107,20171106,210526500,3759.0,80912,1859594,3047911780.0,3760.0,238,3759.0,171
rb1805,20171107,20171106,210527000,3760.0,80972,1859610,3050167640.0,3760.0,225,3759.0,217
rb1805,20171107,20171106,210527500,3759.0,81396,1859530,3066109780.0,3760.0,31,3759.0,222
rb1805,20171107,20171106,210528000,3760.0,81544,1859638,3071674580.0,3761.0,497,3760.0,440
rb1805,20171107,20171106,210528500,3760.0,81772,1859846,3080249580.0,3761.0,393,3760.0,399
rb1805,20171107,20171106,210529000,3761.0,82150,1859940,3094465900.0,3761.0,222,3760.0,395
rb1805,20171107,20171106,210529500,3761.0,82616,1859534,3111992160.0,3762.0,170,3761.0,147
rb1805,20171107,20171106,210530000,3760.0,84050,1859124,3165920660.0,3761.0,1,3760.0,9
rb1805,20171107,20171106,210530500,3760.0,84088,1859124,3167349540.0,3761.0,98,3760.0,42
rb1805,20171107,20171106,210531000,3760.0,84098,1859122,3167725600.0,3761.0,144,3760.0,187
rb1805,20171107,20171106,210531500,3760.0,84476,1859312,3181938400.0,3761.0,163,3760.0,11
rb1805,20171107,20171106,210532000,3760.0,85562,1859008,3222758140.0,3761.0,178,3760.0,6
rb1805,20171107,20171106,210532500,3760.0,85644,1858986,3225841320.0,3760.0,197,3758.0,245
rb1805,20171107,20171106,210533000,3760.0,85738,1858940,3229375640.0,3760.0,167,3759.0,11
rb1805,20171107,20171106,210533500,3759.0,85862,1858942,3234037820.0,3760.0,118,3759.0,48
rb1805,20171107,20171106,210534000,3760.0,85934,1858918,3236744820.0,3761.0,202,3760.0,22
rb1805,20171107,20171106,210534500,3760.0,86020,1858930,3239978240.0,3760.0,41,3759.0,39
rb1805,20171107,20171106,210535000,3760.0,86068,1858962,3241782940.0,3760.0,54,3759.0,30
rb1805,20171107,20171106,210535500,3760.0,86106,1858978,3243211660.0,3760.0,81,3759.0,27
rb1805,20171107,20171106,210536000,3760.0,86300,1858884,3250504320.0,3760.0,82,3759.0,21
rb1805,20171107,20171106,210536500,3759.0,86308,1858890,3250805080.0,3760.0,82,3759.0,43
rb1805,20171107,20171106,210537000,3760.0,86316,1858892,3251105860.0,3760.0,80,3759.0,39
rb1805,20171107,20171106,210537500,3759.0,86412,1858880,3254714500.0,3759.0,67,3758.0,294
rb1805,20171107,20171106,210538000,3759.0,87442,1858720,3293418000.0,3759.0,62,3757.0,359
rb1805,20171107,20171106,210538500,3758.0,87472,1858710,3294545580.0,3759.0,116,3758.0,1
rb1805,20171107,20171106,210539000,3759.0,87976,1858286,3313491200.0,3760.0,70,3759.0,108
rb1805,20171107,20171106,210539500,3760.0,88014,1858272,3314919660.0,3760.0,76,3759.0,110
rb1805,20171107,20171106,210540000,3758.0,88240,1858308,3323415000.0,3759.0,21,3758.0,167
rb1805,20171107,20171106,210540500,3759.0,88258,1858314,3324091600.0,3759.0,13,3758.0,169
rb1805,20171107,20171106,210541000,3759.0,88312,1858356,3326121520.0,3760.0,79,3759.0,25
rb1805,20171107,20171106,210541500,3760.0,88410,1858364,3329806100.0,3760.0,41,3759.0,124
rb1805,20171107,20171106,210542000,3759.0,88480,1858314,3332437400.0,3760.0,42,3759.0,103
rb1805,20171107,20171106,210542500,3759.0,88512,1858310,3333640300.0,3760.0,41,3759.0,100
rb1805,20171107,20171106,210543000,3759.0,88730,1858340,3341834920.0,3759.0,13,3758.0,223
rb1805,20171107,20171106,210543500,3759.0,88786,1858348,3343940040.0,3760.0,63,3759.0,60
rb1805,20171107,20171106,210544000,3760.0,88798,1858348,3344391200.0,3760.0,65,3759.0,52
rb1805,20171107,20171106,210544500,3759.0,88838,1858364,3345894860.0,3760.0,64,3759.0,67
rb1805,20171107,20171106,210545000,3759.0,88872,1858394,3347172920.0,3760.0,77,3759.0,54
rb1805,20171107,20171106,210545500,3760.0,88984,1858440,3351384020.0,3760.0,28,3759.0,51
rb1805,20171107,20171106,210546000,3759.0,88994,1858450,3351759920.0,3760.0,54,3759.0,97
rb1805,20171107,20171106,210546500,3759.0,89002,1858456,3352060700.0,3760.0,56,3759.0,101
rb1805,20171107,20171106,210547000,3759.0,89028,1858454,3353038080.0,3760.0,64,3759.0,97
rb1805,20171107,20171106,210547500,3759.0,89324,1858316,3364164180.0,3760.0,85,3759.0,2
rb1805,20171107,20171106,210548000,3757.0,90350,1857898,3402717180.0,3759.0,70,3757.0,98
rb1805,20171107,20171106,210548500,3759.0,90496,1857908,3408203300.0,3759.0,90,3758.0,1
rb1805,20171107,20171106,210549000,3758.0,90506,1857904,3408579080.0,3758.0,5,3757.0,137
rb1805,20171107,20171106,210549500,3758.0,90542,1857888,3409932020.0,3759.0,114,3758.0,13
rb1805,20171107,20171106,210550000,3759.0,90572,1857892,3411059580.0,3759.0,107,3758.0,6
rb1805,20171107,20171106,210550500,3758.0,90662,1857944,3414442380.0,3759.0,99,3758.0,43
rb1805,20171107,20171106,210551000,3759.0,90694,1857952,3415645140.0,3759.0,89,3758.0,108
rb1805,20171107,20171106,210551500,3758.0,90850,1857932,3421507660.0,3759.0,84,3758.0,34
rb1805,20171107,20171106,210552000,3758.0,90898,1857976,3423311560.0,3759.0,137,3758.0,18
rb1805,20171107,20171106,210552500,3758.0,90974,1857930,3426167660.0,3758.0,282,3757.0,187
rb1805,20171107,20171106,210553000,3758.0,90990,1857934,3426768860.0,3758.0,278,3757.0,204
rb1805,20171107,20171106,210553500,3758.0,90998,1857938,3427069440.0,3758.0,293,3757.0,201
rb1805,20171107,20171106,210554000,3757.0,91084,1857954,3430301080.0,3758.0,276,3757.0,320
rb1805,20171107,20171106,210554500,3758.0,91312,1857968,3438869180.0,3758.0,173,3757.0,319
rb1805,20171107,20171106,210555000,3757.0,91612,1857966,3450142520.0,3758.0,58,3757.0,401
rb1805,20171107,20171106,210555500,3759.0,91780,1858000,3456456060.0,3759.0,88,3758.0,80
rb1805,20171107,20171106,210556000,3758.0,91790,1858006,3456831860.0,3759.0,103,3758.0,289
rb1805,20171107,20171106,210556500,3759.0,91848,1857984,3459011780.0,3759.0,97,3758.0,328
rb1805,20171107,20171106,210557000,3758.0,91892,1857998,3460665400.0,3759.0,90,3758.0,323
rb1805,20171107,20171106,210557500,3758.0,91928,1857976,3462018560.0,3759.0,86,3758.0,345
rb1805,20171107,20171106,210558000,3759.0,92118,1857884,3469160520.0,3760.0,303,3759.0,17
rb1805,20171107,20171106,210558500,3759.0,92168,1857862,3471040020.0,3759.0,7,3758.0,336
rb1805,20171107,20171106,210559000,3759.0,92258,1857872,3474422520.0,3759.0,7,3758.0,307
rb1805,20171107,20171106,210559500,3759.0,92284,1857878,3475399700.0,3759.0,88,3758.0,306
rb1805,20171107,20171106,210600000,3758.0,92526,1857772,3484496240.0,3759.0,13,3758.0,298
rb1805,20171107,20171106,210600500,3759.0,92634,1857838,3488555900.0,3759.0,22,3758.0,297
rb1805,20171107,20171106,210601000,3758.0,92686,1857850,3490510120.0,3759.0,20,3758.0,475
rb1805,20171107,20171106,210601500,3759.0,92928,1858020,3499605000.0,3759.0,52,3758.0,388
rb1805,20171107,20171106,210602000,3759.0,93702,1857886,3528692140.0,3759.0,59,3758.0,13
rb1805,20171107,20171106,210602500,3758.0,93876,1857982,3535231040.0,3758.0,48,3757.0,454
rb1805,20171107,20171106,210603000,3758.0,93888,1857988,3535681960.0,3758.0,64,3757.0,453
rb1805,20171107,20171106,210603500,3758.0,94256,1858096,3549511300.0,3758.0,234,3757.0,448
rb1805,20171107,20171106,210604000,3758.0,94276,1858076,3550262900.0,3758.0,249,3757.0,448
rb1805,20171107,20171106,210604500,3757.0,94304,1858066,3551315040.0,3758.0,243,3757.0,444
rb1805,20171107,20171106,210605000,3757.0,94628,1857754,3563490920.0,3758.0,83,3757.0,503
rb1805,20171107,20171106,210605500,3758.0,94822,1857684,3570781440.0,3759.0,155,3758.0,42
rb1805,20171107,20171106,210606000,3757.0,96028,1857030,3616092860.0,3759.0,167,3758.0,257
rb1805,20171107,20171106,210606500,3758.0,96406,1857404,3630298100.0,3759.0,167,3758.0,256
rb1805,20171107,20171106,210607000,3758.0,96742,1857414,3642925000.0,3759.0,219,3758.0,100
rb1805,20171107,20171106,210607500,3759.0,97008,1857302,3652923680.0,3759.0,133,3758.0,78
rb1805,20171107,20171106,210608000,3759.0,97066,1857300,3655103860.0,3759.0,100,3758.0,131
rb1805,20171107,20171106,210608500,3758.0,97098,1857302,3656306620.0,3759.0,80,3758.0,185
rb1805,20171107,20171106,210609000,3758.0,97122,1857308,3657208660.0,3759.0,110,3758.0,251
rb1805,20171107,20171106,210609500,3759.0,97148,1857324,3658185840.0,3759.0,108,3758.0,192
rb1805,20171107,20171106,210610000,3758.0,97204,1857322,3660290380.0,3759.0,149,3758.0,160
rb1805,20171107,20171106,210610500,3759.0,97246,1857288,3661868780.0,3759.0,140,3758.0,143
rb1805,20171107,20171106,210611000,3758.0,97288,1857306,3663447160.0,3759.0,140,3758.0,141
rb1805,20171107,20171106,210611500,3758.0,97334,1857338,3665175980.0,3759.0,134,3758.0,126
rb1805,20171107,20171106,210612000,3759.0,97372,1857348,3666604220.0,3759.0,125,3758.0,115
rb1805,20171107,20171106,210612500,3758.0,97402,1857366,3667731720.0,3759.0,134,3758.0,203
rb1805,20171107,20171106,210613000,3759.0,97416,1857354,3668257980.0,3759.0,128,3758.0,222
rb1805,20171107,20171106,210613500,3758.0,97460,1857358,3669911820.0,3759.0,111,3758.0,232
rb1805,20171107,20171106,210614000,3759.0,97472,1857362,3670362820.0,3759.0,106,3758.0,268
rb1805,20171107,20171106,210614500,3759.0,97504,1857360,3671565700.0,3759.0,91,3758.0,289
rb1805,20171107,20171106,210615000,3759.0,97514,1857366,3671941600.0,3759.0,92,3758.0,290
rb1805,20171107,20171106,210615500,3759.0,97548,1857388,3673219420.0,3759.0,91,3758.0,280
rb1805,20171107,20171106,210616000,3758.0,97690,1857502,3678555860.0,3759.0,95,3758.0,214
rb1805,20171107,20171106,210616500,3759.0,97872,1857628,3685395720.0,3759.0,81,3758.0,138
rb1805,20171107,20171106,210617000,3758.0,98172,1857606,3696669880.0,3758.0,62,3757.0,188
rb1805,20171107,20171106,210617500,3758.0,98252,1857604,3699676280.0,3758.0,35,3757.0,188
rb1805,20171107,20171106,210618000,3757.0,99268,1857278,3737848060.0,3757.0,110,3756.0,487
rb1805,20171107,20171106,210618500,3757.0,99614,1857204,3750846060.0,3757.0,1,3756.0,449
rb1805,20171107,20171106,210619000,3757.0,99766,1857126,3756556680.0,3757.0,99,3756.0,448
rb1805,20171107,20171106,210619500,3757.0,100102,1856812,3769177180.0,3757.0,291,3756.0,299
rb1805,20171107,20171106,210620000,3756.0,100892,1856434,3798851660.0,3757.0,55,3756.0,9
rb1805,20171107,20171106,210620500,3755.0,101580,1856032,3824688520.0,3756.0,166,3755.0,740
rb1805,20171107,20171106,210621000,3755.0,102374,1855620,3854504280.0,3756.0,141,3755.0,449
rb1805,20171107,20171106,210621500,3755.0,102808,1855474,3870801140.0,3756.0,138,3755.0,241
rb1805,20171107,20171106,210622000,3755.0,103910,1855230,3912177560.0,3755.0,132,3754.0,222
rb1805,20171107,20171106,210622500,3755.0,104020,1855142,3916307820.0,3755.0,246,3754.0,210
rb1805,20171107,20171106,210623000,3754.0,104128,1855042,3920362420.0,3755.0,289,3754.0,226
rb1805,20171107,20171106,210623500,3754.0,104762,1854712,3944166280.0,3755.0,122,3754.0,120
rb1805,20171107,20171106,210624000,3755.0,105096,1854650,3956706680.0,3755.0,57,3754.0,117
rb1805,20171107,20171106,210624500,3754.0,105346,1854686,3966093260.0,3756.0,145,3755.0,20
rb1805,20171107,20171106,210625000,3754.0,105484,1854654,3971275040.0,3756.0,120,3754.0,178
rb1805,20171107,20171106,210625500,3755.0,105548,1854640,3973677940.0,3756.0,99,3755.0,2
rb1805,20171107,20171106,210626000,3755.0,106012,1854490,3991099060.0,3756.0,90,3755.0,41
rb1805,20171107,20171106,210626500,3755.0,106044,1854520,3992300660.0,3756.0,81,3755.0,329
rb1805,20171107,20171106,210627000,3756.0,106266,1854408,4000639000.0,3757.0,34,3756.0,117
rb1805,20171107,20171106,210627500,3756.0,106510,1854404,4009804140.0,3757.0,7,3756.0,372
rb1805,20171107,20171106,210628000,3757.0,106616,1854358,4013786580.0,3758.0,153,3757.0,36
rb1805,20171107,20171106,210628500,3757.0,106698,1854358,4016867600.0,3758.0,143,3757.0,143
rb1805,20171107,20171106,210629000,3758.0,106744,1854346,4018595920.0,3758.0,139,3757.0,132
rb1805,20171107,20171106,210629500,3757.0,106758,1854338,4019122000.0,3758.0,167,3757.0,132
rb1805,20171107,20171106,210630000,3758.0,106780,1854322,4019948640.0,3758.0,173,3757.0,126
rb1805,20171107,20171106,210630500,3758.0,106976,1854182,4027313440.0,3758.0,122,3757.0,79
rb1805,20171107,20171106,210631000,3758.0,107012,1854202,4028666000.0,3758.0,131,3757.0,64
rb1805,20171107,20171106,210631500,3757.0,107116,1854272,4032573900.0,3758.0,221,3757.0,79
rb1805,20171107,20171106,210632000,3758.0,107134,1854280,4033250200.0,3758.0,242,3757.0,72
rb1805,20171107,20171106,210632500,3758.0,107178,1854318,4034903680.0,3758.0,236,3757.0,72
rb1805,20171107,20171106,210633000,3757.0,107228,1854292,4036782600.0,3758.0,217,3757.0,71
rb1805,20171107,20171106,210633500,3758.0,107280,1854272,4038736720.0,3758.0,214,3757.0,79
rb1805,20171107,20171106,210634000,3758.0,107296,1854268,4039337940.0,3758.0,210,3757.0,80
rb1805,20171107,20171106,210634500,3758.0,107342,1854274,4041066600.0,3758.0,188,3757.0,97
rb1805,20171107,20171106,210635000,3757.0,107372,1854284,4042193800.0,3758.0,184,3757.0,119
rb1805,20171107,20171106,210635500,3758.0,107438,1854302,4044674080.0,3758.0,154,3757.0,98
rb1805,20171107,20171106,210636000,3758.0,107484,1854324,4046402740.0,3758.0,143,3757.0,120
rb1805,20171107,20171106,210636500,3757.0,107938,1854082,4063459560.0,3757.0,275,3756.0,385
rb1805,20171107,20171106,210637000,3757.0,108106,1854054,4069771320.0,3757.0,300,3756.0,391
rb1805,20171107,20171106,210637500,3756.0,108316,1854030,4077660820.0,3757.0,335,3756.0,326
rb1805,20171107,20171106,210638000,3757.0,108404,1854024,4080966860.0,3757.0,298,3756.0,321
rb1805,20171107,20171106,210638500,3756.0,108462,1854014,4083145620.0,3757.0,305,3756.0,312
rb1805,20171107,20171106,210639000,3757.0,108484,1854014,4083972160.0,3757.0,299,3756.0,318
rb1805,20171107,20171106,210639500,3757.0,108526,1853988,4085550100.0,3757.0,279,3756.0,348
rb1805,20171107,20171106,210640000,3757.0,109098,1854054,4107039940.0,3757.0,5,3756.0,352
rb1805,20171107,20171106,210640500,3757.0,109136,1854076,4108467820.0,3758.0,201,3757.0,389
rb1805,20171107,20171106,210641000,3757.0,109158,1854062,4109294400.0,3758.0,199,3757.0,433
rb1805,20171107,20171106,210641500,3758.0,109292,1854054,4114328900.0,3758.0,198,3757.0,369
rb1805,20171107,20171106,210642000,3758.0,109324,1854066,4115531380.0,3758.0,187,3757.0,306
rb1805,20171107,20171106,210642500,3758.0,109330,1854070,4115756840.0,3758.0,191,3757.0,297
rb1805,20171107,20171106,210643000,3758.0,109460,1854134,4120642240.0,3758.0,126,3757.0,345
rb1805,20171107,20171106,210643500,3757.0,109644,1854148,4127556800.0,3758.0,53,3757.0,337
rb1805,20171107,20171106,210644000,3758.0,109696,1854144,4129510900.0,3758.0,41,3757.0,335
rb1805,20171107,20171106,210644500,3758.0,109788,1854096,4132968260.0,3759.0,361,3758.0,231
rb1805,20171107,20171106,210645000,3759.0,109810,1854092,4133795120.0,3759.0,382,3758.0,302
rb1805,20171107,20171106,210645500,3758.0,109832,1854094,4134621920.0,3759.0,366,3758.0,308
rb1805,20171107,20171106,210646000,3758.0,109856,1854096,4135523940.0,3759.0,362,3758.0,304
rb1805,20171107,20171106,210646500,3758.0,109870,1854098,4136050180.0,3759.0,357,3758.0,303
rb1805,20171107,20171106,210647000,3759.0,109926,1854088,4138155220.0,3759.0,329,3758.0,307
rb1805,20171107,20171106,210647500,3759.0,110658,1854288,4165671700.0,3760.0,317,3759.0,26
rb1805,20171107,20171106,210648000,3759.0,111028,1854502,4179583420.0,3760.0,150,3759.0,76
rb1805,20171107,20171106,210648500,3760.0,111378,1854676,4192743100.0,3761.0,172,3760.0,82
rb1805,20171107,20171106,210649000,3760.0,111504,1854690,4197480800.0,3761.0,167,3760.0,79
rb1805,20171107,20171106,210649500,3759.0,111932,1854472,4213570940.0,3759.0,192,3758.0,329
rb1805,20171107,20171106,210650000,3759.0,112064,1854440,4218532820.0,3759.0,126,3758.0,344
rb1805,20171107,20171106,210650500,3760.0,112334,1854290,4228682340.0,3761.0,235,3759.0,112
rb1805,20171107,20171106,210651000,3761.0,112338,1854290,4228832780.0,3761.0,216,3760.0,5
rb1805,20171107,20171106,210651500,3760.0,112438,1854244,4232592840.0,3760.0,3,3759.0,144
rb1805,20171107,20171106,210652000,3759.0,112592,1854134,4238383200.0,3760.0,33,3759.0,143
rb1805,20171107,20171106,210652500,3760.0,112604,1854128,4238834300.0,3760.0,51,3759.0,164
rb1805,20171107,20171106,210653000,3760.0,112638,1854126,4240112700.0,3760.0,42,3759.0,165
rb1805,20171107,20171106,210653500,3760.0,112652,1854120,4240639100.0,3760.0,62,3759.0,177
rb1805,20171107,20171106,210654000,3760.0,112658,1854118,4240864700.0,3760.0,93,3759.0,184
rb1805,20171107,20171106,210654500,3760.0,112676,1854118,4241541480.0,3760.0,115,3759.0,183
rb1805,20171107,20171106,210655000,3760.0,112746,1854090,4244173080.0,3760.0,119,3759.0,165
rb1805,20171107,20171106,210655500,3760.0,112790,1854070,4245827480.0,3760.0,99,3759.0,168
rb1805,20171107,20171106,210656000,3760.0,112796,1854074,4246053080.0,3760.0,100,3759.0,170
rb1805,20171107,20171106,210656500,3759.0,112798,1854072,4246128260.0,3760.0,101,3759.0,170
rb1805,20171107,20171106,210657000,3760.0,112912,1854022,4250414620.0,3760.0,52,3759.0,169
rb1805,20171107,20171106,210657500,3760.0,113026,1853954,4254701020.0,3761.0,233,3760.0,1
rb1805,20171107,20171106,210658000,3761.0,113038,1853962,4255152340.0,3761.0,230,3760.0,40
rb1805,20171107,20171106,210658500,3761.0,113066,1853964,4256205320.0,3761.0,225,3760.0,49
rb1805,20171107,20171106,210659000,3760.0,113090,1853964,4257107760.0,3761.0,222,3760.0,57
rb1805,20171107,20171106,210659500,3760.0,113110,1853972,4257859900.0,3761.0,217,3760.0,65
rb1805,20171107,20171106,210700000,3761.0,113126,1853978,4258461600.0,3761.0,212,3760.0,64
rb1805,20171107,20171106,210700500,3761.0,113172,1853946,4260191240.0,3761.0,213,3760.0,48
rb1805,20171107,20171106,210701000,3761.0,113184,1853956,4260642520.0,3761.0,220,3760.0,125
rb1805,20171107,20171106,210701500,3760.0,113200,1853968,4261244220.0,3761.0,206,3760.0,128
rb1805,20171107,20171106,210702000,3761.0,113244,1853996,4262899000.0,3761.0,245,3760.0,139
rb1805,20171107,20171106,210702500,3761.0,113330,1853992,4266133440.0,3761.0,205,3760.0,242
rb1805,20171107,20171106,210703000,3761.0,113394,1854030,4268540440.0,3761.0,138,3760.0,250
rb1805,20171107,20171106,210703500,3761.0,113448,1854056,4270571200.0,3761.0,122,3760.0,243
rb1805,20171107,20171106,210704000,3761.0,113550,1854064,4274407340.0,3761.0,76,3760.0,241
rb1805,20171107,20171106,210704500,3761.0,113612,1854066,4276739160.0,3761.0,147,3760.0,248
rb1805,20171107,20171106,210705000,3761.0,113630,1854060,4277416120.0,3761.0,146,3760.0,250
rb1805,20171107,20171106,210705500,3760.0,114200,1854458,4298848380.0,3760.0,233,3759.0,489
rb1805,20171107,20171106,210706000,3760.0,114210,1854464,4299224360.0,3760.0,236,3759.0,489
rb1805,20171107,20171106,210706500,3760.0,114212,1854466,4299299560.0,3760.0,245,3759.0,488
rb1805,20171107,20171106,210707000,3761.0,114728,1854952,4318701240.0,3761.0,189,3760.0,48
rb1805,20171107,20171106,210707500,3761.0,114740,1854942,4319152560.0,3761.0,194,3760.0,88
rb1805,20171107,20171106,210708000,3760.0,114750,1854944,4319528640.0,3761.0,191,3760.0,104
rb1805,20171107,20171106,210708500,3760.0,114760,1854946,4319904680.0,3761.0,190,3760.0,103
rb1805,20171107,20171106,210709000,3761.0,114776,1854944,4320506440.0,3761.0,182,3760.0,114
rb1805,20171107,20171106,210709500,3761.0,114804,1854944,4321559280.0,3761.0,180,3760.0,106
rb1805,20171107,20171106,210710000,3760.0,114860,1854984,4323664960.0,3761.0,177,3760.0,87
rb1805,20171107,20171106,210710500,3760.0,114892,1854984,4324868380.0,3761.0,176,3760.0,83
rb1805,20171107,20171106,210711000,3761.0,114920,1854982,4325921240.0,3761.0,173,3760.0,74
rb1805,20171107,20171106,210711500,3760.0,114924,1854980,4326071660.0,3761.0,177,3760.0,75
rb1805,20171107,20171106,210712000,3760.0,114960,1854964,4327425380.0,3761.0,177,3760.0,72
rb1805,20171107,20171106,210712500,3761.0,114980,1854964,4328177540.0,3761.0,169,3760.0,73
rb1805,20171107,20171106,210713000,3761.0,114988,1854962,4328478380.0,3761.0,171,3760.0,103
rb1805,20171107,20171106,210713500,3761.0,115002,1854962,4329004860.0,3761.0,169,3760.0,100
rb1805,20171107,20171106,210714000,3761.0,115004,1854962,4329080080.0,3761.0,168,3760.0,164
rb1805,20171107,20171106,210714500,3761.0,115022,1854952,4329757060.0,3761.0,160,3760.0,179
rb1805,20171107,20171106,210715000,3761.0,115050,1854950,4330810120.0,3761.0,147,3760.0,225
rb1805,20171107,20171106,210715500,3760.0,115064,1854940,4331336540.0,3761.0,137,3760.0,220
rb1805,20171107,20171106,210716000,3760.0,115072,1854944,4331637340.0,3761.0,152,3760.0,215
rb1805,20171107,20171106,210716500,3761.0,115094,1854940,4332464760.0,3761.0,141,3760.0,251
rb1805,20171107,20171106,210717000,3760.0,115128,1854934,4333743480.0,3761.0,125,3760.0,254
rb1805,20171107,20171106,210717500,3761.0,115184,1854974,4335849320.0,3761.0,113,3760.0,240
rb1805,20171107,20171106,210718000,3761.0,115188,1854978,4335999760.0,3761.0,113,3760.0,241
rb1805,20171107,20171106,210718500,3761.0,115194,1854982,4336225420.0,3761.0,113,3760.0,243
rb1805,20171107,20171106,210719000,3761.0,115218,1854986,4337128060.0,3761.0,123,3760.0,240
rb1805,20171107,20171106,210719500,3761.0,115244,1854986,4338105900.0,3761.0,114,3760.0,239
rb1805,20171107,20171106,210720000,3761.0,115246,1854986,4338181120.0,3761.0,113,3760.0,241
rb1805,20171107,20171106,210720500,3761.0,115290,1855010,4339835660.0,3761.0,126,3760.0,228
rb1805,20171107,20171106,210721000,3761.0,115304,1855022,4340362120.0,3761.0,124,3760.0,229
rb1805,20171107,20171106,210721500,3761.0,115336,1855050,4341565600.0,3761.0,121,3760.0,227
rb1805,20171107,20171106,210722000,3761.0,115358,1855056,4342392820.0,3761.0,122,3760.0,221
rb1805,20171107,20171106,210722500,3761.0,115368,1855062,4342768920.0,3761.0,122,3760.0,223
rb1805,20171107,20171106,210723000,3761.0,115416,1855076,4344574200.0,3761.0,99,3760.0,223
rb1805,20171107,20171106,210723500,3761.0,115434,1855078,4345251100.0,3761.0,94,3760.0,221
rb1805,20171107,20171106,210724000,3761.0,115456,1855096,4346078520.0,3761.0,99,3760.0,221
rb1805,20171107,20171106,210724500,3761.0,115484,1855106,4347131540.0,3761.0,77,3760.0,221
rb1805,20171107,20171106,210725000,3761.0,115554,1855140,4349764220.0,3761.0,46,3760.0,222
rb1805,20171107,20171106,210725500,3761.0,115560,1855140,4349989880.0,3761.0,71,3760.0,222
rb1805,20171107,20171106,210726000,3760.0,115590,1855150,4351118080.0,3761.0,161,3760.0,310
rb1805,20171107,20171106,210726500,3761.0,115894,1855404,4362548520.0,3761.0,294,3760.0,160
rb1805,20171107,20171106,210727000,3760.0,116322,1855088,4378641320.0,3760.0,277,3759.0,585
rb1805,20171107,20171106,210727500,3760.0,116342,1855088,4379393320.0,3760.0,316,3759.0,583
rb1805,20171107,20171106,210728000,3760.0,116572,1855172,4388041320.0,3760.0,153,3759.0,583
rb1805,20171107,20171106,210728500,3760.0,116594,1855164,4388868520.0,3760.0,164,3759.0,583
rb1805,20171107,20171106,210729000,3760.0,116746,1855028,4394582520.0,3760.0,148,3759.0,524
rb1805,20171107,20171106,210729500,3759.0,116774,1855028,4395635280.0,3760.0,145,3759.0,522
rb1805,20171107,20171106,210730000,3759.0,116796,1855020,4396462380.0,3760.0,141,3759.0,519
rb1805,20171107,20171106,210730500,3760.0,116800,1855020,4396612780.0,3760.0,139,3759.0,519
rb1805,20171107,20171106,210731000,3760.0,116810,1855020,4396988760.0,3760.0,135,3759.0,518
rb1805,20171107,20171106,210731500,3760.0,116810,1855020,4396988760.0,3760.0,143,3759.0,519
rb1805,20171107,20171106,210732000,3760.0,116948,1855020,4402177520.0,3760.0,78,3759.0,518
rb1805,20171107,20171106,210732500,3760.0,116972,1855020,4403079880.0,3760.0,59,3759.0,537
rb1805,20171107,20171106,210733000,3760.0,116996,1855000,4403982280.0,3760.0,48,3759.0,538
rb1805,20171107,20171106,210733500,3760.0,117174,1855030,4410674680.0,3761.0,343,3760.0,22
rb1805,20171107,20171106,210734000,3760.0,117180,1855030,4410900300.0,3761.0,342,3760.0,128
rb1805,20171107,20171106,210734500,3760.0,117182,1855030,4410975500.0,3761.0,291,3760.0,132
rb1805,20171107,20171106,210735000,3760.0,117188,1855036,4411201100.0,3761.0,291,3760.0,137
rb1805,20171107,20171106,210735500,3761.0,117774,1855122,4433240560.0,3762.0,377,3761.0,7
rb1805,20171107,20171106,210736000,3760.0,117818,1855122,4434895200.0,3762.0,380,3761.0,2
rb1805,20171107,20171106,210736500,3761.0,117824,1855120,4435120860.0,3762.0,382,3761.0,6
rb1805,20171107,20171106,210737000,3761.0,117838,1855132,4435647400.0,3762.0,389,3761.0,5
rb1805,20171107,20171106,210737500,3761.0,117844,1855132,4435873060.0,3762.0,389,3761.0,2
rb1805,20171107,20171106,210738000,3761.0,117852,1855132,4436174000.0,3762.0,386,3761.0,1
rb1805,20171107,20171106,210738500,3761.0,117854,1855132,4436249220.0,3761.0,1,3760.0,181
rb1805,20171107,20171106,210739000,3761.0,117876,1855152,4437076660.0,3761.0,5,3760.0,182
rb1805,20171107,20171106,210739500,3761.0,117896,1855152,4437828880.0,3762.0,469,3761.0,73
rb1805,20171107,20171106,210740000,3760.0,118446,1855536,4458510480.0,3760.0,152,3759.0,539
rb1805,20171107,20171106,210740500,3760.0,118466,1855550,4459262480.0,3760.0,142,3759.0,574
rb1805,20171107,20171106,210741000,3760.0,118682,1855564,4467384060.0,3760.0,35,3759.0,572
rb1805,20171107,20171106,210741500,3760.0,118700,1855568,4468060860.0,3760.0,26,3759.0,574
rb1805,20171107,20171106,210742000,3760.0,118754,1855570,4470091260.0,3761.0,115,3760.0,182
rb1805,20171107,20171106,210742500,3761.0,118756,1855568,4470166480.0,3761.0,117,3760.0,186
rb1805,20171107,20171106,210743000,3760.0,118762,1855566,4470392120.0,3761.0,127,3760.0,188
rb1805,20171107,20171106,210743500,3761.0,118770,1855560,4470693000.0,3761.0,125,3760.0,242
rb1805,20171107,20171106,210744000,3760.0,118774,1855558,4470843400.0,3761.0,136,3760.0,245
rb1805,20171107,20171106,210744500,3761.0,118832,1855554,4473024580.0,3761.0,118,3760.0,239
rb1805,20171107,20171106,210745000,3760.0,118940,1855456,4477085400.0,3761.0,121,3760.0,164
rb1805,20171107,20171106,210745500,3761.0,118972,1855488,4478288920.0,3761.0,106,3760.0,166
rb1805,20171107,20171106,210746000,3761.0,119336,1855666,4491980440.0,3762.0,410,3761.0,1
rb1805,20171107,20171106,210746500,3761.0,119346,1855668,4492356540.0,3762.0,413,3761.0,2
rb1805,20171107,20171106,210747000,3761.0,119354,1855674,4492657420.0,3762.0,410,3761.0,2
rb1805,20171107,20171106,210747500,3761.0,119354,1855674,4492657420.0,3762.0,412,3761.0,12
rb1805,20171107,20171106,210748000,3761.0,119354,1855674,4492657420.0,3762.0,412,3761.0,43
rb1805,20171107,20171106,210748500,3761.0,119382,1855672,4493710560.0,3762.0,407,3761.0,55
rb1805,20171107,20171106,210749000,3761.0,119398,1855678,4494312320.0,3762.0,407,3761.0,46
rb1805,20171107,20171106,210749500,3762.0,119470,1855744,4497020280.0,3762.0,412,3761.0,15
rb1805,20171107,20171106,210750000,3761.0,119484,1855744,4497546920.0,3762.0,407,3761.0,14
rb1805,20171107,20171106,210750500,3761.0,119506,1855742,4498374340.0,3762.0,413,3761.0,31
rb1805,20171107,20171106,210751000,3761.0,119572,1855728,4500856600.0,3761.0,70,3760.0,314
rb1805,20171107,20171106,210751500,3761.0,119614,1855724,4502436140.0,3761.0,54,3760.0,194
rb1805,20171107,20171106,210752000,3761.0,119616,1855724,4502511360.0,3761.0,53,3760.0,198
rb1805,20171107,20171106,210752500,3761.0,119628,1855724,4502962680.0,3761.0,99,3760.0,162
rb1805,20171107,20171106,210753000,3761.0,119640,1855718,4503414000.0,3761.0,93,3760.0,163
rb1805,20171107,20171106,210753500,3761.0,119826,1855640,4510409460.0,3762.0,433,3761.0,27
rb1805,20171107,20171106,210754000,3761.0,119838,1855632,4510860800.0,3762.0,453,3761.0,35
rb1805,20171107,20171106,210754500,3761.0,119840,1855632,4510936020.0,3762.0,454,3761.0,66
rb1805,20171107,20171106,210755000,3761.0,119878,1855594,4512365220.0,3762.0,452,3761.0,60
rb1805,20171107,20171106,210755500,3762.0,119882,1855590,4512515680.0,3762.0,452,3761.0,57
rb1805,20171107,20171106,210756000,3761.0,119890,1855598,4512816560.0,3762.0,452,3761.0,68
rb1805,20171107,20171106,210756500,3761.0,119896,1855602,4513042240.0,3762.0,431,3761.0,75
rb1805,20171107,20171106,210757000,3761.0,119918,1855620,4513869680.0,3762.0,431,3761.0,68
rb1805,20171107,20171106,210757500,3762.0,119936,1855620,4514546680.0,3762.0,428,3761.0,67
rb1805,20171107,20171106,210758000,3761.0,119964,1855626,4515599820.0,3762.0,425,3761.0,43
rb1805,20171107,20171106,210758500,3762.0,119982,1855624,4516276880.0,3762.0,427,3761.0,42
rb1805,20171107,20171106,210759000,3762.0,119998,1855614,4516878800.0,3762.0,419,3761.0,47
rb1805,20171107,20171106,210759500,3761.0,120038,1855618,4518383540.0,3762.0,403,3761.0,57
rb1805,20171107,20171106,210800000,3761.0,120042,1855618,4518534000.0,3762.0,401,3761.0,56
rb1805,20171107,20171106,210800500,3761.0,120056,1855628,4519060660.0,3762.0,392,3761.0,64
rb1805,20171107,20171106,210801000,3762.0,120070,1855632,4519587240.0,3762.0,390,3761.0,76
rb1805,20171107,20171106,210801500,3762.0,120140,1855630,4522220640.0,3762.0,357,3761.0,75
rb1805,20171107,20171106,210802000,3762.0,120156,1855640,4522822440.0,3762.0,367,3761.0,72
rb1805,20171107,20171106,210802500,3762.0,120232,1855608,4525681060.0,3762.0,354,3761.0,48
rb1805,20171107,20171106,210803000,3762.0,120340,1855588,4529743400.0,3762.0,330,3761.0,9
rb1805,20171107,20171106,210803500,3761.0,120366,1855582,4530721300.0,3761.0,116,3760.0,296
rb1805,20171107,20171106,210804000,3761.0,120544,1855668,4537415880.0,3761.0,47,3760.0,294
rb1805,20171107,20171106,210804500,3761.0,120572,1855674,4538468960.0,3761.0,38,3760.0,255
rb1805,20171107,20171106,210805000,3761.0,120588,1855684,4539070700.0,3761.0,35,3760.0,257
rb1805,20171107,20171106,210805500,3762.0,120762,1855810,4545614880.0,3762.0,318,3761.0,95
rb1805,20171107,20171106,210806000,3761.0,120764,1855810,4545690100.0,3762.0,324,3761.0,97
rb1805,20171107,20171106,210806500,3761.0,120770,1855810,4545915760.0,3762.0,334,3761.0,101
rb1805,20171107,20171106,210807000,3761.0,120778,1855810,4546216640.0,3762.0,334,3761.0,99
rb1805,20171107,20171106,210807500,3761.0,120810,1855802,4547420160.0,3762.0,334,3761.0,86
rb1805,20171107,20171106,210808000,3761.0,120920,1855856,4551558280.0,3762.0,287,3761.0,83
rb1805,20171107,20171106,210808500,3761.0,120940,1855844,4552310600.0,3762.0,289,3761.0,79
rb1805,20171107,20171106,210809000,3762.0,120954,1855844,4552837280.0,3762.0,282,3761.0,79
rb1805,20171107,20171106,210809500,3762.0,120962,1855838,4553138220.0,3762.0,279,3761.0,129
rb1805,20171107,20171106,210810000,3761.0,120968,1855836,4553363900.0,3762.0,278,3761.0,247
rb1805,20171107,20171106,210810500,3762.0,120978,1855828,4553740100.0,3762.0,276,3761.0,248
rb1805,20171107,20171106,210811000,3762.0,120998,1855834,4554492480.0,3762.0,267,3761.0,248
rb1805,20171107,20171106,210811500,3762.0,121000,1855836,4554567720.0,3762.0,266,3761.0,344
rb1805,20171107,20171106,210812000,3761.0,121106,1855848,4558554520.0,3762.0,259,3761.0,328
rb1805,20171107,20171106,210812500,3762.0,121116,1855854,4558930700.0,3762.0,256,3761.0,338
rb1805,20171107,20171106,210813000,3761.0,121128,1855844,4559382040.0,3762.0,255,3761.0,337
rb1805,20171107,20171106,210813500,3762.0,121136,1855846,4559682960.0,3762.0,252,3761.0,335
rb1805,20171107,20171106,210814000,3762.0,121240,1855884,4563595040.0,3762.0,221,3761.0,315
rb1805,20171107,20171106,210814500,3761.0,121254,1855894,4564121680.0,3762.0,216,3761.0,314
rb1805,20171107,20171106,210815000,3762.0,121478,1855930,4572548560.0,3762.0,104,3761.0,332
rb1805,20171107,20171106,210815500,3762.0,121688,1855962,4580448760.0,3763.0,478,3762.0,94
rb1805,20171107,20171106,210816000,3763.0,121950,1855970,4590306280.0,3763.0,424,3762.0,28
rb1805,20171107,20171106,210816500,3762.0,121986,1855990,4591660900.0,3763.0,409,3762.0,111
rb1805,20171107,20171106,210817000,3763.0,121994,1855998,4591961940.0,3763.0,400,3762.0,144
rb1805,20171107,20171106,210817500,3763.0,121994,1855998,4591961940.0,3763.0,401,3762.0,175
rb1805,20171107,20171106,210818000,3762.0,121996,1855998,4592037180.0,3763.0,401,3762.0,172
rb1805,20171107,20171106,210818500,3763.0,122000,1855998,4592187700.0,3763.0,403,3762.0,174
rb1805,20171107,20171106,210819000,3763.0,122030,1856012,4593316340.0,3763.0,403,3762.0,172
rb1805,20171107,20171106,210819500,3762.0,122110,1855956,4596326040.0,3763.0,405,3762.0,138
rb1805,20171107,20171106,210820000,3763.0,122152,1855916,4597906500.0,3763.0,386,3762.0,139
rb1805,20171107,20171106,210820500,3763.0,122176,1855916,4598809600.0,3763.0,374,3762.0,142
rb1805,20171107,20171106,210821000,3762.0,122200,1855916,4599712680.0,3763.0,374,3762.0,207
rb1805,20171107,20171106,210821500,3763.0,122226,1855910,4600691020.0,3763.0,363,3762.0,208
rb1805,20171107,20171106,210822000,3763.0,122432,1855778,4608442760.0,3763.0,263,3762.0,207
rb1805,20171107,20171106,210822500,3763.0,122502,1855786,4611076840.0,3763.0,229,3762.0,207
rb1805,20171107,20171106,210823000,3763.0,122536,1855792,4612356120.0,3763.0,229,3762.0,211
rb1805,20171107,20171106,210823500,3763.0,122614,1855862,4615291260.0,3763.0,190,3762.0,203
rb1805,20171107,20171106,210824000,3762.0,122628,1855854,4615818000.0,3763.0,197,3762.0,200
rb1805,20171107,20171106,210824500,3762.0,122796,1855886,4622138480.0,3763.0,181,3762.0,136
rb1805,20171107,20171106,210825000,3763.0,122802,1855892,4622364240.0,3763.0,194,3762.0,128
rb1805,20171107,20171106,210825500,3762.0,123092,1855816,4633274300.0,3762.0,267,3761.0,325
rb1805,20171107,20171106,210826000,3762.0,123094,1855816,4633349540.0,3762.0,268,3761.0,329
rb1805,20171107,20171106,210826500,3762.0,123108,1855808,4633876200.0,3762.0,266,3761.0,328
rb1805,20171107,20171106,210827000,3762.0,123116,1855808,4634177160.0,3762.0,267,3761.0,328
rb1805,20171107,20171106,210827500,3762.0,123162,1855806,4635907500.0,3762.0,259,3761.0,320
rb1805,20171107,20171106,210828000,3762.0,123164,1855806,4635982740.0,3762.0,258,3761.0,331
rb1805,20171107,20171106,210828500,3762.0,123168,1855804,4636133220.0,3762.0,256,3761.0,330
rb1805,20171107,20171106,210829000,3762.0,123240,1855802,4638841860.0,3762.0,220,3761.0,285
rb1805,20171107,20171106,210829500,3761.0,123388,1855802,4644408620.0,3762.0,204,3761.0,235
rb1805,20171107,20171106,210830000,3762.0,123396,1855800,4644709540.0,3762.0,206,3761.0,233
rb1805,20171107,20171106,210830500,3762.0,123430,1855812,4645988420.0,3762.0,200,3761.0,224
rb1805,20171107,20171106,210831000,3761.0,123466,1855802,4647342660.0,3762.0,215,3761.0,227
rb1805,20171107,20171106,210831500,3761.0,123466,1855802,4647342660.0,3762.0,226,3761.0,226
rb1805,20171107,20171106,210832000,3761.0,123490,1855794,4648245400.0,3762.0,229,3761.0,219
rb1805,20171107,20171106,210832500,3762.0,123496,1855790,4648471120.0,3762.0,229,3761.0,272
rb1805,20171107,20171106,210833000,3761.0,123596,1855790,4652232520.0,3762.0,209,3761.0,245
rb1805,20171107,20171106,210833500,3762.0,123662,1855788,4654714800.0,3762.0,210,3761.0,215
rb1805,20171107,20171106,210834000,3762.0,123672,1855788,4655091000.0,3762.0,255,3761.0,215
rb1805,20171107,20171106,210834500,3761.0,123682,1855794,4655467140.0,3762.0,252,3761.0,215
rb1805,20171107,20171106,210835000,3762.0,123722,1855814,4656971740.0,3762.0,244,3761.0,206
rb1805,20171107,20171106,210835500,3762.0,123724,1855814,4657046980.0,3762.0,246,3761.0,207
rb1805,20171107,20171106,210836000,3762.0,123764,1855774,4658551780.0,3762.0,246,3761.0,257
rb1805,20171107,20171106,210836500,3761.0,123766,1855776,4658627000.0,3762.0,253,3761.0,257
rb1805,20171107,20171106,210837000,3761.0,123778,1855786,4659078320.0,3762.0,354,3761.0,251
rb1805,20171107,20171106,210837500,3762.0,123780,1855784,4659153560.0,3762.0,359,3761.0,252
rb1805,20171107,20171106,210838000,3761.0,123786,1855786,4659379240.0,3762.0,360,3761.0,251
rb1805,20171107,20171106,210838500,3761.0,123816,1855794,4660507600.0,3762.0,369,3761.0,239
rb1805,20171107,20171106,210839000,3761.0,123824,1855788,4660808480.0,3762.0,371,3761.0,235
rb1805,20171107,20171106,210839500,3761.0,123848,1855776,4661711140.0,3762.0,370,3761.0,225
rb1805,20171107,20171106,210840000,3762.0,123854,1855776,4661936860.0,3762.0,368,3761.0,225
rb1805,20171107,20171106,210840500,3761.0,123878,1855772,4662839620.0,3762.0,375,3761.0,219
rb1805,20171107,20171106,210841000,3762.0,123882,1855770,4662990080.0,3762.0,374,3761.0,222
rb1805,20171107,20171106,210841500,3761.0,123926,1855726,4664645340.0,3762.0,354,3761.0,222
rb1805,20171107,20171106,210842000,3762.0,123988,1855784,4666977180.0,3762.0,357,3761.0,222
rb1805,20171107,20171106,210842500,3762.0,124002,1855784,4667503840.0,3762.0,350,3761.0,221
rb1805,20171107,20171106,210843000,3762.0,124006,1855782,4667654300.0,3762.0,349,3761.0,222
rb1805,20171107,20171106,210843500,3761.0,124008,1855784,4667729520.0,3762.0,350,3761.0,225
rb1805,20171107,20171106,210844000,3762.0,124048,1855772,4669234120.0,3762.0,341,3761.0,216
rb1805,20171107,20171106,210844500,3762.0,124050,1855772,4669309360.0,3762.0,340,3761.0,216
rb1805,20171107,20171106,210845000,3762.0,124090,1855732,4670814160.0,3762.0,322,3761.0,216
rb1805,20171107,20171106,210845500,3761.0,124116,1855734,4671792040.0,3762.0,321,3761.0,204
rb1805,20171107,20171106,210846000,3762.0,124122,1855730,4672017760.0,3762.0,322,3761.0,204
rb1805,20171107,20171106,210846500,3761.0,124132,1855732,4672393900.0,3762.0,320,3761.0,374
rb1805,20171107,20171106,210847000,3762.0,124154,1855730,4673221340.0,3762.0,319,3761.0,369
rb1805,20171107,20171106,210847500,3762.0,124168,1855740,4673747920.0,3762.0,316,3761.0,364
rb1805,20171107,20171106,210848000,3762.0,124170,1855740,4673823160.0,3762.0,318,3761.0,366
rb1805,20171107,20171106,210848500,3761.0,124174,1855738,4673973600.0,3762.0,338,3761.0,364
rb1805,20171107,20171106,210849000,3761.0,124192,1855730,4674650640.0,3762.0,336,3761.0,359
rb1805,20171107,20171106,210849500,3762.0,124202,1855720,4675026840.0,3762.0,334,3761.0,359
rb1805,20171107,20171106,210850000,3762.0,124202,1855720,4675026840.0,3762.0,335,3761.0,359
rb1805,20171107,20171106,210850500,3762.0,124204,1855718,4675102080.0,3762.0,316,3761.0,360
rb1805,20171107,20171106,210851000,3762.0,124208,1855720,4675252540.0,3762.0,315,3761.0,359
rb1805,20171107,20171106,210851500,3762.0,124220,1855720,4675703960.0,3762.0,310,3761.0,358
rb1805,20171107,20171106,210852000,3761.0,124238,1855718,4676380960.0,3762.0,315,3761.0,350
rb1805,20171107,20171106,210852500,3761.0,124252,1855718,4676907520.0,3762.0,317,3761.0,345
rb1805,20171107,20171106,210853000,3762.0,124280,1855736,4677960840.0,3762.0,315,3761.0,363
rb1805,20171107,20171106,210853500,3761.0,124294,1855738,4678487420.0,3762.0,324,3761.0,360
rb1805,20171107,20171106,210854000,3761.0,124296,1855740,4678562640.0,3762.0,324,3761.0,422
rb1805,20171107,20171106,210854500,3761.0,124344,1855728,4680368140.0,3762.0,313,3761.0,411
rb1805,20171107,20171106,210855000,3761.0,124350,1855730,4680593820.0,3762.0,312,3761.0,409
rb1805,20171107,20171106,210855500,3761.0,124378,1855712,4681647140.0,3762.0,300,3761.0,412
rb1805,20171107,20171106,210856000,3761.0,124460,1855646,4684731960.0,3762.0,262,3761.0,413
rb1805,20171107,20171106,210856500,3762.0,124606,1855654,4690224440.0,3762.0,193,3761.0,411
rb1805,20171107,20171106,210857000,3761.0,124780,1855600,4696770260.0,3762.0,109,3761.0,410
rb1805,20171107,20171106,210857500,3762.0,125024,1855700,4705949540.0,3763.0,247,3762.0,96
rb1805,20171107,20171106,210858000,3762.0,125142,1855816,4710389860.0,3763.0,189,3762.0,126
rb1805,20171107,20171106,210858500,3762.0,125150,1855818,4710690820.0,3763.0,189,3762.0,124
rb1805,20171107,20171106,210859000,3762.0,125178,1855796,4711744180.0,3763.0,189,3762.0,151
rb1805,20171107,20171106,210859500,3762.0,125202,1855804,4712647100.0,3763.0,191,3762.0,146
rb1805,20171107,20171106,210900000,3762.0,125210,1855806,4712948080.0,3763.0,200,3762.0,146
rb1805,20171107,20171106,210900500,3762.0,125226,1855820,4713550000.0,3763.0,201,3762.0,152
rb1805,20171107,20171106,210901000,3762.0,125232,1855824,4713775720.0,3763.0,201,3762.0,164
rb1805,20171107,20171106,210901500,3762.0,125250,1855830,4714453020.0,3763.0,194,3762.0,163
rb1805,20171107,20171106,210902000,3763.0,125300,1855834,4716334440.0,3763.0,190,3762.0,159
rb1805,20171107,20171106,210902500,3762.0,125314,1855844,4716861160.0,3763.0,189,3762.0,164
rb1805,20171107,20171106,210903000,3762.0,125326,1855854,4717312600.0,3763.0,189,3762.0,160
rb1805,20171107,20171106,210903500,3763.0,125350,1855862,4718215680.0,3763.0,179,3762.0,158
rb1805,20171107,20171106,210904000,3762.0,125356,1855862,4718441400.0,3763.0,186,3762.0,156
rb1805,20171107,20171106,210904500,3762.0,125556,1855870,4725965400.0,3763.0,195,3762.0,86
rb1805,20171107,20171106,210905000,3763.0,125638,1855916,4729051040.0,3763.0,179,3762.0,86
rb1805,20171107,20171106,210905500,3763.0,125644,1855920,4729276800.0,3763.0,179,3762.0,142
rb1805,20171107,20171106,210906000,3762.0,125662,1855916,4729953960.0,3763.0,180,3762.0,133
rb1805,20171107,20171106,210906500,3763.0,125670,1855920,4730254960.0,3763.0,181,3762.0,132
rb1805,20171107,20171106,210907000,3763.0,125672,1855922,4730330220.0,3763.0,180,3762.0,132
rb1805,20171107,20171106,210907500,3763.0,125676,1855924,4730480720.0,3763.0,179,3762.0,134
rb1805,20171107,20171106,210908000,3763.0,125678,1855926,4730555980.0,3763.0,179,3762.0,136
rb1805,20171107,20171106,210908500,3763.0,125760,1855964,4733641620.0,3763.0,141,3762.0,135
rb1805,20171107,20171106,210909000,3762.0,125772,1855964,4734093120.0,3763.0,139,3762.0,132
rb1805,20171107,20171106,210909500,3763.0,125794,1855952,4734920980.0,3763.0,129,3762.0,136
rb1805,20171107,20171106,210910000,3762.0,125818,1855930,4735824080.0,3763.0,118,3762.0,138
rb1805,20171107,20171106,210910500,3763.0,125854,1855910,4737178760.0,3763.0,100,3762.0,138
rb1805,20171107,20171106,210911000,3763.0,126076,1855772,4745532420.0,3764.0,352,3763.0,50
