instrument,tradingday,calendarday,time,lastp,volume,openinterest,turnover,ask1,asksz1,bid1,bidsz1
rb1805,20170719,20170718,183234500,3242.0,0,85938,0.0,0.0,0,0.0,0
rb1805,20170719,20170718,205900500,3242.0,32,85932,1037440.0,3244.0,3,3240.0,1
rb1805,20170719,20170718,210000500,3244.0,48,85942,1556720.0,3247.0,4,3244.0,6
rb1805,20170719,20170718,210001000,3247.0,58,85952,1881360.0,3250.0,2,3246.0,18
rb1805,20170719,20170718,210001500,3247.0,58,85952,1881360.0,3250.0,2,3249.0,3
rb1805,20170719,20170718,210002000,3249.0,64,85952,2076300.0,3250.0,2,3246.0,10
rb1805,20170719,20170718,210002500,3249.0,66,85952,2141280.0,3250.0,2,3246.0,10
rb1805,20170719,20170718,210003000,3249.0,66,85952,2141280.0,3250.0,2,3246.0,10
rb1805,20170719,20170718,210003500,3249.0,66,85952,2141280.0,3250.0,2,3246.0,10
rb1805,20170719,20170718,210004000,3249.0,66,85952,2141280.0,3250.0,2,3246.0,10
rb1805,20170719,20170718,210004500,3249.0,66,85952,2141280.0,3250.0,2,3246.0,10
rb1805,20170719,20170718,210005000,3250.0,70,85954,2271280.0,3251.0,1,3250.0,2
rb1805,20170719,20170718,210005500,3250.0,76,85958,2466280.0,3249.0,1,3246.0,10
rb1805,20170719,20170718,210006000,3250.0,76,85958,2466280.0,3249.0,1,3246.0,10
rb1805,20170719,20170718,210006500,3250.0,76,85958,2466280.0,3249.0,1,3246.0,10
rb1805,20170719,20170718,210007000,3249.0,78,85958,2531260.0,3251.0,3,3249.0,1
rb1805,20170719,20170718,210007500,3249.0,78,85958,2531260.0,3251.0,3,3246.0,10
rb1805,20170719,20170718,210008000,3249.0,78,85958,2531260.0,3251.0,3,3246.0,10
rb1805,20170719,20170718,210008500,3246.0,80,85958,2596180.0,3250.0,1,3246.0,9
rb1805,20170719,20170718,210009000,3250.0,82,85958,2661180.0,3251.0,3,3246.0,9
rb1805,20170719,20170718,210009500,3250.0,82,85958,2661180.0,3251.0,3,3246.0,15
rb1805,20170719,20170718,210010000,3250.0,82,85958,2661180.0,3251.0,1,3246.0,15
rb1805,20170719,20170718,210010500,3250.0,82,85958,2661180.0,3251.0,1,3246.0,13
rb1805,20170719,20170718,210011000,3250.0,82,85958,2661180.0,3251.0,2,3246.0,21
rb1805,20170719,20170718,210011500,3250.0,82,85958,2661180.0,3251.0,2,3246.0,13
rb1805,20170719,20170718,210012000,3250.0,82,85958,2661180.0,3251.0,2,3246.0,13
rb1805,20170719,20170718,210013000,3250.0,82,85958,2661180.0,3251.0,2,3246.0,13
rb1805,20170719,20170718,210013500,3250.0,82,85958,2661180.0,3251.0,2,3246.0,13
rb1805,20170719,20170718,210014000,3250.0,82,85958,2661180.0,3251.0,2,3246.0,13
rb1805,20170719,20170718,210014500,3250.0,82,85958,2661180.0,3251.0,2,3246.0,13
rb1805,20170719,20170718,210015000,3250.0,82,85958,2661180.0,3251.0,2,3246.0,9
rb1805,20170719,20170718,210015500,3250.0,82,85958,2661180.0,3250.0,2,3247.0,3
rb1805,20170719,20170718,210016000,3250.0,82,85958,2661180.0,3250.0,2,3248.0,1
rb1805,20170719,20170718,210016500,3250.0,82,85958,2661180.0,3250.0,7,3249.0,3
rb1805,20170719,20170718,210017000,3248.0,90,85952,2921080.0,3250.0,7,3246.0,10
rb1805,20170719,20170718,210017500,3247.0,92,85952,2986020.0,3250.0,7,3247.0,2
rb1805,20170719,20170718,210018000,3247.0,92,85952,2986020.0,3248.0,1,3247.0,2
rb1805,20170719,20170718,210018500,3248.0,94,85954,3050980.0,3250.0,7,3248.0,2
rb1805,20170719,20170718,210019000,3248.0,94,85954,3050980.0,3250.0,7,3246.0,10
rb1805,20170719,20170718,210019500,3248.0,94,85954,3050980.0,3250.0,7,3247.0,3
rb1805,20170719,20170718,210020000,3248.0,94,85954,3050980.0,3250.0,7,3246.0,10
rb1805,20170719,20170718,210020500,3248.0,94,85954,3050980.0,3250.0,7,3246.0,10
rb1805,20170719,20170718,210021000,3248.0,94,85954,3050980.0,3250.0,7,3247.0,1
rb1805,20170719,20170718,210021500,3248.0,94,85954,3050980.0,3249.0,2,3247.0,1
rb1805,20170719,20170718,210022000,3247.0,96,85952,3115920.0,3247.0,2,3246.0,10
rb1805,20170719,20170718,210022500,3247.0,100,85950,3245800.0,3249.0,2,3246.0,10
rb1805,20170719,20170718,210023000,3247.0,100,85950,3245800.0,3249.0,2,3246.0,10
rb1805,20170719,20170718,210023500,3247.0,100,85950,3245800.0,3249.0,2,3246.0,12
rb1805,20170719,20170718,210024000,3247.0,100,85950,3245800.0,3249.0,2,3246.0,12
rb1805,20170719,20170718,210024500,3247.0,100,85950,3245800.0,3249.0,2,3246.0,13
rb1805,20170719,20170718,210025000,3246.0,102,85948,3310720.0,3249.0,2,3246.0,12
rb1805,20170719,20170718,210025500,3246.0,102,85948,3310720.0,3249.0,2,3246.0,12
rb1805,20170719,20170718,210026000,3246.0,102,85948,3310720.0,3248.0,2,3247.0,1
rb1805,20170719,20170718,210027000,3246.0,102,85948,3310720.0,3248.0,2,3247.0,1
rb1805,20170719,20170718,210028000,3247.0,104,85948,3375660.0,3247.0,2,3246.0,11
rb1805,20170719,20170718,210028500,3247.0,104,85948,3375660.0,3247.0,2,3246.0,11
rb1805,20170719,20170718,210029000,3247.0,104,85948,3375660.0,3247.0,5,3246.0,11
rb1805,20170719,20170718,210029500,3247.0,104,85948,3375660.0,3247.0,5,3246.0,11
rb1805,20170719,20170718,210030000,3247.0,104,85948,3375660.0,3247.0,5,3246.0,11
rb1805,20170719,20170718,210030500,3247.0,104,85948,3375660.0,3247.0,5,3246.0,11
rb1805,20170719,20170718,210031000,3247.0,106,85950,3440600.0,3247.0,4,3246.0,11
rb1805,20170719,20170718,210031500,3247.0,106,85950,3440600.0,3247.0,4,3246.0,11
rb1805,20170719,20170718,210032000,3247.0,108,85952,3505540.0,3247.0,4,3246.0,11
rb1805,20170719,20170718,210032500,3248.0,120,85958,3895220.0,3249.0,2,3247.0,5
rb1805,20170719,20170718,210033000,3248.0,120,85958,3895220.0,3250.0,8,3246.0,12
rb1805,20170719,20170718,210033500,3248.0,120,85958,3895220.0,3250.0,8,3247.0,1
rb1805,20170719,20170718,210034000,3248.0,120,85958,3895220.0,3249.0,2,3247.0,1
rb1805,20170719,20170718,210034500,3248.0,120,85958,3895220.0,3249.0,2,3247.0,1
rb1805,20170719,20170718,210036000,3248.0,120,85958,3895220.0,3249.0,2,3247.0,1
rb1805,20170719,20170718,210036500,3248.0,120,85958,3895220.0,3249.0,2,3247.0,1
rb1805,20170719,20170718,210037000,3248.0,120,85958,3895220.0,3249.0,4,3247.0,1
rb1805,20170719,20170718,210037500,3247.0,122,85958,3960160.0,3249.0,4,3246.0,11
rb1805,20170719,20170718,210039000,3247.0,122,85958,3960160.0,3249.0,4,3246.0,11
rb1805,20170719,20170718,210039500,3247.0,122,85958,3960160.0,3249.0,4,3246.0,11
rb1805,20170719,20170718,210041000,3247.0,122,85958,3960160.0,3249.0,4,3246.0,11
rb1805,20170719,20170718,210041500,3249.0,124,85958,4025140.0,3249.0,1,3247.0,1
rb1805,20170719,20170718,210042000,3249.0,124,85958,4025140.0,3249.0,2,3247.0,1
rb1805,20170719,20170718,210043000,3249.0,124,85958,4025140.0,3249.0,2,3247.0,1
rb1805,20170719,20170718,210044000,3249.0,124,85958,4025140.0,3249.0,2,3247.0,2
rb1805,20170719,20170718,210044500,3249.0,124,85958,4025140.0,3249.0,2,3247.0,2
rb1805,20170719,20170718,210045500,3249.0,124,85958,4025140.0,3249.0,2,3247.0,2
rb1805,20170719,20170718,210047500,3249.0,130,85960,4220000.0,3249.0,2,3246.0,11
rb1805,20170719,20170718,210049000,3249.0,130,85960,4220000.0,3249.0,2,3246.0,11
rb1805,20170719,20170718,210049500,3249.0,130,85960,4220000.0,3249.0,2,3247.0,2
rb1805,20170719,20170718,210051000,3249.0,130,85960,4220000.0,3249.0,2,3247.0,2
rb1805,20170719,20170718,210051500,3249.0,130,85960,4220000.0,3249.0,2,3247.0,2
rb1805,20170719,20170718,210052000,3249.0,130,85960,4220000.0,3249.0,2,3247.0,2
rb1805,20170719,20170718,210053000,3249.0,130,85960,4220000.0,3249.0,2,3247.0,2
rb1805,20170719,20170718,210054000,3249.0,130,85960,4220000.0,3249.0,2,3247.0,2
rb1805,20170719,20170718,210054500,3249.0,130,85960,4220000.0,3249.0,3,3247.0,2
rb1805,20170719,20170718,210056500,3249.0,130,85960,4220000.0,3249.0,3,3247.0,2
rb1805,20170719,20170718,210058000,3249.0,136,85958,4414940.0,3250.0,8,3247.0,2
rb1805,20170719,20170718,210058500,3249.0,136,85958,4414940.0,3249.0,2,3247.0,2
rb1805,20170719,20170718,210059000,3247.0,140,85958,4544820.0,3249.0,2,3246.0,10
rb1805,20170719,20170718,210059500,3247.0,140,85958,4544820.0,3249.0,2,3246.0,10
rb1805,20170719,20170718,210100000,3247.0,140,85958,4544820.0,3249.0,2,3246.0,10
rb1805,20170719,20170718,210101500,3247.0,140,85958,4544820.0,3249.0,2,3246.0,15
rb1805,20170719,20170718,210102000,3247.0,140,85958,4544820.0,3249.0,8,3246.0,15
rb1805,20170719,20170718,210103500,3247.0,140,85958,4544820.0,3249.0,8,3246.0,15
rb1805,20170719,20170718,210104000,3247.0,140,85958,4544820.0,3249.0,8,3246.0,15
rb1805,20170719,20170718,210105000,3247.0,140,85958,4544820.0,3247.0,6,3246.0,15
rb1805,20170719,20170718,210105500,3247.0,142,85956,4609760.0,3247.0,5,3246.0,15
rb1805,20170719,20170718,210106000,3247.0,144,85956,4674700.0,3247.0,4,3246.0,15
rb1805,20170719,20170718,210106500,3247.0,152,85956,4934460.0,3249.0,6,3247.0,6
rb1805,20170719,20170718,210107000,3247.0,152,85956,4934460.0,3249.0,1,3247.0,5
rb1805,20170719,20170718,210108000,3247.0,152,85956,4934460.0,3249.0,1,3247.0,6
rb1805,20170719,20170718,210109000,3247.0,152,85956,4934460.0,3249.0,1,3247.0,6
rb1805,20170719,20170718,210109500,3247.0,152,85956,4934460.0,3249.0,1,3247.0,6
rb1805,20170719,20170718,210110000,3249.0,154,85954,4999440.0,3250.0,9,3249.0,2
rb1805,20170719,20170718,210110500,3249.0,156,85952,5064420.0,3250.0,9,3249.0,1
rb1805,20170719,20170718,210111000,3249.0,158,85950,5129400.0,3249.0,1,3247.0,6
rb1805,20170719,20170718,210111500,3249.0,158,85950,5129400.0,3250.0,9,3247.0,6
rb1805,20170719,20170718,210112000,3249.0,158,85950,5129400.0,3250.0,14,3247.0,6
rb1805,20170719,20170718,210112500,3249.0,158,85950,5129400.0,3249.0,2,3247.0,6
rb1805,20170719,20170718,210117500,3249.0,158,85950,5129400.0,3249.0,2,3247.0,6
rb1805,20170719,20170718,210118000,3249.0,158,85950,5129400.0,3249.0,2,3247.0,6
rb1805,20170719,20170718,210118500,3249.0,162,85950,5259360.0,3250.0,14,3249.0,2
rb1805,20170719,20170718,210119000,3249.0,166,85948,5389320.0,3249.0,3,3247.0,6
rb1805,20170719,20170718,210119500,3249.0,166,85948,5389320.0,3250.0,10,3247.0,6
rb1805,20170719,20170718,210120000,3249.0,166,85948,5389320.0,3250.0,15,3247.0,6
rb1805,20170719,20170718,210120500,3249.0,166,85948,5389320.0,3250.0,14,3247.0,6
rb1805,20170719,20170718,210121500,3249.0,166,85948,5389320.0,3250.0,14,3247.0,6
rb1805,20170719,20170718,210122000,3249.0,166,85948,5389320.0,3250.0,14,3247.0,6
rb1805,20170719,20170718,210122500,3249.0,166,85948,5389320.0,3250.0,14,3247.0,6
rb1805,20170719,20170718,210123500,3250.0,168,85950,5454320.0,3250.0,13,3247.0,6
rb1805,20170719,20170718,210124000,3250.0,168,85950,5454320.0,3249.0,5,3247.0,6
rb1805,20170719,20170718,210125000,3250.0,168,85950,5454320.0,3249.0,5,3247.0,6
rb1805,20170719,20170718,210127000,3249.0,170,85950,5519300.0,3249.0,4,3247.0,6
rb1805,20170719,20170718,210128000,3249.0,170,85950,5519300.0,3249.0,4,3247.0,9
rb1805,20170719,20170718,210128500,3249.0,170,85950,5519300.0,3249.0,4,3247.0,9
rb1805,20170719,20170718,210130000,3249.0,172,85950,5584280.0,3249.0,3,3247.0,9
rb1805,20170719,20170718,210130500,3249.0,176,85948,5714240.0,3249.0,1,3247.0,9
rb1805,20170719,20170718,210131500,3249.0,176,85948,5714240.0,3249.0,1,3248.0,1
rb1805,20170719,20170718,210134000,3249.0,176,85948,5714240.0,3249.0,1,3248.0,1
rb1805,20170719,20170718,210135000,3249.0,176,85948,5714240.0,3249.0,1,3248.0,1
rb1805,20170719,20170718,210135500,3248.0,178,85946,5779200.0,3249.0,1,3247.0,9
rb1805,20170719,20170718,210136000,3247.0,180,85946,5844140.0,3249.0,1,3247.0,8
rb1805,20170719,20170718,210138000,3247.0,180,85946,5844140.0,3249.0,1,3247.0,8
rb1805,20170719,20170718,210139500,3247.0,180,85946,5844140.0,3249.0,1,3247.0,8
rb1805,20170719,20170718,210140500,3247.0,180,85946,5844140.0,3249.0,1,3247.0,8
rb1805,20170719,20170718,210141000,3247.0,180,85946,5844140.0,3249.0,4,3247.0,8
rb1805,20170719,20170718,210141500,3247.0,180,85946,5844140.0,3249.0,4,3247.0,8
rb1805,20170719,20170718,210143000,3247.0,180,85946,5844140.0,3249.0,4,3247.0,8
rb1805,20170719,20170718,210144500,3247.0,180,85946,5844140.0,3249.0,4,3247.0,8
rb1805,20170719,20170718,210145500,3247.0,186,85946,6038960.0,3249.0,4,3247.0,5
rb1805,20170719,20170718,210146000,3247.0,186,85946,6038960.0,3249.0,4,3247.0,5
rb1805,20170719,20170718,210149000,3247.0,186,85946,6038960.0,3249.0,10,3247.0,5
rb1805,20170719,20170718,210149500,3247.0,186,85946,6038960.0,3249.0,9,3247.0,5
rb1805,20170719,20170718,210154500,3247.0,190,85942,6168840.0,3249.0,9,3247.0,5
rb1805,20170719,20170718,210156000,3247.0,190,85942,6168840.0,3249.0,9,3247.0,6
rb1805,20170719,20170718,210157500,3247.0,190,85942,6168840.0,3248.0,1,3247.0,6
rb1805,20170719,20170718,210158000,3248.0,192,85940,6233800.0,3249.0,9,3247.0,6
rb1805,20170719,20170718,210158500,3248.0,192,85940,6233800.0,3249.0,9,3247.0,6
rb1805,20170719,20170718,210202000,3249.0,196,85940,6363760.0,3249.0,7,3247.0,6
rb1805,20170719,20170718,210202500,3249.0,196,85940,6363760.0,3249.0,7,3247.0,6
rb1805,20170719,20170718,210204500,3249.0,196,85940,6363760.0,3249.0,7,3247.0,6
rb1805,20170719,20170718,210205000,3249.0,196,85940,6363760.0,3248.0,4,3247.0,5
rb1805,20170719,20170718,210206000,3249.0,196,85940,6363760.0,3248.0,5,3247.0,5
rb1805,20170719,20170718,210209500,3247.0,206,85950,6688460.0,3248.0,6,3246.0,16
rb1805,20170719,20170718,210210000,3247.0,206,85950,6688460.0,3248.0,6,3246.0,11
rb1805,20170719,20170718,210210500,3246.0,210,85946,6818300.0,3247.0,4,3246.0,9
rb1805,20170719,20170718,210211000,3247.0,214,85948,6948160.0,3247.0,8,3246.0,8
rb1805,20170719,20170718,210211500,3246.0,230,85952,7467520.0,3246.0,10,3245.0,3
rb1805,20170719,20170718,210212000,3246.0,230,85952,7467520.0,3246.0,3,3245.0,3
rb1805,20170719,20170718,210213000,3246.0,230,85952,7467520.0,3247.0,8,3245.0,3
rb1805,20170719,20170718,210214500,3246.0,230,85952,7467520.0,3247.0,3,3245.0,9
rb1805,20170719,20170718,210216500,3246.0,230,85952,7467520.0,3247.0,3,3245.0,9
rb1805,20170719,20170718,210217000,3246.0,230,85952,7467520.0,3247.0,3,3245.0,9
rb1805,20170719,20170718,210219000,3246.0,230,85952,7467520.0,3247.0,3,3245.0,9
rb1805,20170719,20170718,210221000,3246.0,230,85952,7467520.0,3247.0,3,3245.0,8
rb1805,20170719,20170718,210221500,3246.0,230,85952,7467520.0,3247.0,3,3245.0,9
rb1805,20170719,20170718,210222500,3246.0,230,85952,7467520.0,3248.0,5,3245.0,10
rb1805,20170719,20170718,210223000,3246.0,230,85952,7467520.0,3248.0,5,3246.0,2
rb1805,20170719,20170718,210223500,3246.0,230,85952,7467520.0,3248.0,5,3246.0,3
rb1805,20170719,20170718,210225000,3246.0,230,85952,7467520.0,3249.0,7,3246.0,8
rb1805,20170719,20170718,210225500,3246.0,230,85952,7467520.0,3249.0,7,3246.0,8
rb1805,20170719,20170718,210226000,3246.0,230,85952,7467520.0,3249.0,7,3246.0,8
rb1805,20170719,20170718,210226500,3246.0,230,85952,7467520.0,3249.0,7,3246.0,8
rb1805,20170719,20170718,210228500,3246.0,230,85952,7467520.0,3249.0,7,3246.0,8
rb1805,20170719,20170718,210229000,3246.0,230,85952,7467520.0,3249.0,7,3246.0,9
rb1805,20170719,20170718,210229500,3246.0,230,85952,7467520.0,3249.0,7,3246.0,8
rb1805,20170719,20170718,210231000,3246.0,230,85952,7467520.0,3249.0,7,3247.0,1
rb1805,20170719,20170718,210231500,3246.0,230,85952,7467520.0,3249.0,7,3247.0,1
rb1805,20170719,20170718,210232500,3246.0,230,85952,7467520.0,3249.0,8,3247.0,1
rb1805,20170719,20170718,210234000,3246.0,230,85952,7467520.0,3249.0,8,3247.0,2
rb1805,20170719,20170718,210235000,3246.0,230,85952,7467520.0,3249.0,6,3247.0,2
rb1805,20170719,20170718,210235500,3246.0,230,85952,7467520.0,3249.0,8,3247.0,2
rb1805,20170719,20170718,210236000,3246.0,230,85952,7467520.0,3249.0,8,3247.0,2
rb1805,20170719,20170718,210236500,3246.0,230,85952,7467520.0,3249.0,8,3247.0,2
rb1805,20170719,20170718,210237000,3246.0,230,85952,7467520.0,3249.0,8,3247.0,2
rb1805,20170719,20170718,210240000,3246.0,230,85952,7467520.0,3249.0,8,3247.0,8
rb1805,20170719,20170718,210240500,3246.0,230,85952,7467520.0,3249.0,18,3247.0,8
rb1805,20170719,20170718,210241000,3246.0,230,85952,7467520.0,3249.0,18,3247.0,8
rb1805,20170719,20170718,210241500,3246.0,230,85952,7467520.0,3249.0,18,3247.0,8
rb1805,20170719,20170718,210242000,3246.0,234,85950,7597360.0,3249.0,18,3247.0,6
rb1805,20170719,20170718,210242500,3246.0,234,85950,7597360.0,3249.0,18,3247.0,6
rb1805,20170719,20170718,210244500,3246.0,234,85950,7597360.0,3249.0,18,3247.0,6
rb1805,20170719,20170718,210245500,3246.0,234,85950,7597360.0,3249.0,18,3247.0,5
rb1805,20170719,20170718,210248000,3246.0,234,85950,7597360.0,3249.0,18,3246.0,6
rb1805,20170719,20170718,210248500,3246.0,234,85950,7597360.0,3249.0,19,3246.0,6
rb1805,20170719,20170718,210250500,3246.0,234,85950,7597360.0,3249.0,19,3246.0,6
rb1805,20170719,20170718,210251000,3246.0,234,85950,7597360.0,3249.0,19,3247.0,2
rb1805,20170719,20170718,210251500,3246.0,234,85950,7597360.0,3249.0,19,3247.0,2
rb1805,20170719,20170718,210252000,3246.0,234,85950,7597360.0,3249.0,19,3247.0,2
rb1805,20170719,20170718,210253000,3246.0,234,85950,7597360.0,3249.0,14,3247.0,8
rb1805,20170719,20170718,210253500,3246.0,234,85950,7597360.0,3249.0,13,3247.0,8
rb1805,20170719,20170718,210255000,3246.0,234,85950,7597360.0,3249.0,13,3247.0,8
rb1805,20170719,20170718,210256500,3246.0,234,85950,7597360.0,3249.0,13,3247.0,9
rb1805,20170719,20170718,210257500,3246.0,234,85950,7597360.0,3249.0,13,3247.0,9
rb1805,20170719,20170718,210258000,3246.0,234,85950,7597360.0,3249.0,13,3247.0,9
rb1805,20170719,20170718,210258500,3249.0,236,85950,7662340.0,3249.0,12,3248.0,6
rb1805,20170719,20170718,210259000,3249.0,240,85948,7792300.0,3249.0,10,3248.0,11
rb1805,20170719,20170718,210259500,3249.0,240,85948,7792300.0,3249.0,10,3248.0,11
rb1805,20170719,20170718,210300000,3247.0,274,85948,8896500.0,3247.0,283,3246.0,6
rb1805,20170719,20170718,210300500,3247.0,408,85904,13247480.0,3247.0,216,3246.0,6
rb1805,20170719,20170718,210301000,3247.0,408,85904,13247480.0,3247.0,216,3246.0,6
rb1805,20170719,20170718,210301500,3247.0,408,85904,13247480.0,3247.0,216,3246.0,6
rb1805,20170719,20170718,210303000,3247.0,408,85904,13247480.0,3247.0,216,3246.0,6
rb1805,20170719,20170718,210303500,3247.0,408,85904,13247480.0,3247.0,216,3246.0,6
rb1805,20170719,20170718,210304000,3247.0,408,85904,13247480.0,3247.0,216,3246.0,6
rb1805,20170719,20170718,210304500,3247.0,408,85904,13247480.0,3247.0,216,3246.0,6
rb1805,20170719,20170718,210306000,3247.0,408,85904,13247480.0,3247.0,216,3246.0,1
rb1805,20170719,20170718,210306500,3247.0,408,85904,13247480.0,3247.0,216,3246.0,1
rb1805,20170719,20170718,210307000,3247.0,426,85886,13831940.0,3247.0,207,3246.0,1
rb1805,20170719,20170718,210307500,3247.0,426,85886,13831940.0,3247.0,213,3246.0,1
rb1805,20170719,20170718,210308000,3247.0,426,85886,13831940.0,3247.0,213,3246.0,2
rb1805,20170719,20170718,210309000,3247.0,426,85886,13831940.0,3247.0,213,3246.0,3
rb1805,20170719,20170718,210309500,3247.0,426,85886,13831940.0,3247.0,208,3246.0,3
rb1805,20170719,20170718,210310000,3247.0,426,85886,13831940.0,3247.0,208,3246.0,3
rb1805,20170719,20170718,210310500,3247.0,430,85882,13961820.0,3247.0,205,3246.0,3
rb1805,20170719,20170718,210311500,3246.0,436,85882,14156580.0,3247.0,211,3245.0,8
rb1805,20170719,20170718,210312000,3246.0,436,85882,14156580.0,3246.0,35,3245.0,8
rb1805,20170719,20170718,210312500,3246.0,438,85880,14221500.0,3246.0,35,3245.0,8
rb1805,20170719,20170718,210313000,3244.0,456,85882,14805580.0,3244.0,1,3242.0,2
rb1805,20170719,20170718,210313500,3244.0,458,85884,14870460.0,3246.0,39,3244.0,1
rb1805,20170719,20170718,210314000,3245.0,462,85880,15000260.0,3246.0,39,3245.0,9
rb1805,20170719,20170718,210314500,3245.0,464,85878,15065160.0,3246.0,39,3245.0,8
rb1805,20170719,20170718,210315500,3245.0,468,85876,15194960.0,3246.0,39,3245.0,6
rb1805,20170719,20170718,210316000,3245.0,480,85876,15584360.0,3245.0,6,3243.0,3
rb1805,20170719,20170718,210316500,3245.0,480,85876,15584360.0,3246.0,39,3243.0,3
rb1805,20170719,20170718,210317000,3243.0,486,85876,15778940.0,3246.0,39,3242.0,2
rb1805,20170719,20170718,210317500,3243.0,486,85876,15778940.0,3246.0,39,3242.0,2
rb1805,20170719,20170718,210318500,3246.0,492,85870,15973700.0,3246.0,36,3242.0,5
rb1805,20170719,20170718,210319000,3246.0,492,85870,15973700.0,3246.0,36,3242.0,2
rb1805,20170719,20170718,210319500,3246.0,492,85870,15973700.0,3246.0,36,3242.0,3
rb1805,20170719,20170718,210320000,3246.0,492,85870,15973700.0,3246.0,36,3242.0,3
rb1805,20170719,20170718,210320500,3246.0,492,85870,15973700.0,3246.0,36,3242.0,2
rb1805,20170719,20170718,210321500,3246.0,492,85870,15973700.0,3246.0,36,3242.0,3
rb1805,20170719,20170718,210322000,3242.0,496,85868,16103380.0,3242.0,16,3241.0,1
rb1805,20170719,20170718,210322500,3242.0,528,85850,17140820.0,3246.0,36,3243.0,1
rb1805,20170719,20170718,210323000,3246.0,532,85846,17270640.0,3246.0,36,3242.0,1
rb1805,20170719,20170718,210324000,3246.0,532,85846,17270640.0,3246.0,37,3242.0,1
rb1805,20170719,20170718,210324500,3246.0,532,85846,17270640.0,3246.0,37,3242.0,1
rb1805,20170719,20170718,210326500,3246.0,532,85846,17270640.0,3246.0,37,3242.0,1
rb1805,20170719,20170718,210327000,3246.0,532,85846,17270640.0,3245.0,7,3242.0,1
rb1805,20170719,20170718,210328000,3246.0,532,85846,17270640.0,3245.0,7,3242.0,6
rb1805,20170719,20170718,210328500,3245.0,546,85846,17724940.0,3246.0,37,3243.0,3
rb1805,20170719,20170718,210329000,3245.0,546,85846,17724940.0,3246.0,37,3243.0,3
rb1805,20170719,20170718,210329500,3245.0,546,85846,17724940.0,3246.0,37,3243.0,3
rb1805,20170719,20170718,210331000,3245.0,546,85846,17724940.0,3246.0,37,3243.0,3
rb1805,20170719,20170718,210331500,3245.0,546,85846,17724940.0,3246.0,37,3243.0,4
rb1805,20170719,20170718,210333500,3245.0,546,85846,17724940.0,3246.0,37,3243.0,5
rb1805,20170719,20170718,210334000,3245.0,546,85846,17724940.0,3246.0,37,3243.0,5
rb1805,20170719,20170718,210334500,3246.0,550,85846,17854780.0,3246.0,35,3243.0,4
rb1805,20170719,20170718,210335000,3246.0,550,85846,17854780.0,3246.0,35,3243.0,4
rb1805,20170719,20170718,210335500,3246.0,550,85846,17854780.0,3246.0,35,3243.0,4
rb1805,20170719,20170718,210336000,3246.0,550,85846,17854780.0,3246.0,35,3243.0,2
rb1805,20170719,20170718,210336500,3246.0,550,85846,17854780.0,3246.0,35,3244.0,2
rb1805,20170719,20170718,210338500,3244.0,552,85844,17919660.0,3246.0,35,3244.0,1
rb1805,20170719,20170718,210339000,3246.0,556,85844,18049500.0,3246.0,33,3244.0,1
rb1805,20170719,20170718,210339500,3246.0,556,85844,18049500.0,3246.0,33,3244.0,1
rb1805,20170719,20170718,210340000,3246.0,556,85844,18049500.0,3246.0,33,3244.0,1
rb1805,20170719,20170718,210340500,3246.0,556,85844,18049500.0,3246.0,33,3244.0,2
rb1805,20170719,20170718,210341000,3246.0,556,85844,18049500.0,3246.0,33,3245.0,4
rb1805,20170719,20170718,210341500,3246.0,556,85844,18049500.0,3246.0,28,3245.0,4
rb1805,20170719,20170718,210342000,3246.0,556,85844,18049500.0,3246.0,28,3245.0,4
rb1805,20170719,20170718,210342500,3246.0,556,85844,18049500.0,3246.0,28,3245.0,4
rb1805,20170719,20170718,210343000,3246.0,556,85844,18049500.0,3246.0,28,3245.0,4
rb1805,20170719,20170718,210343500,3246.0,556,85844,18049500.0,3246.0,28,3245.0,4
rb1805,20170719,20170718,210344000,3245.0,558,85844,18114400.0,3246.0,28,3245.0,3
rb1805,20170719,20170718,210345500,3245.0,564,85850,18309100.0,3245.0,6,3243.0,5
rb1805,20170719,20170718,210346500,3245.0,564,85850,18309100.0,3245.0,6,3243.0,5
rb1805,20170719,20170718,210347000,3245.0,576,85862,18698500.0,3246.0,28,3243.0,6
rb1805,20170719,20170718,210347500,3245.0,576,85862,18698500.0,3246.0,33,3243.0,6
rb1805,20170719,20170718,210348000,3245.0,576,85862,18698500.0,3246.0,33,3244.0,1
rb1805,20170719,20170718,210348500,3245.0,576,85862,18698500.0,3246.0,33,3244.0,1
rb1805,20170719,20170718,210349000,3245.0,576,85862,18698500.0,3246.0,34,3244.0,5
rb1805,20170719,20170718,210349500,3245.0,576,85862,18698500.0,3246.0,34,3244.0,5
rb1805,20170719,20170718,210351000,3245.0,576,85862,18698500.0,3246.0,34,3244.0,1
rb1805,20170719,20170718,210351500,3245.0,576,85862,18698500.0,3246.0,34,3244.0,1
rb1805,20170719,20170718,210352000,3244.0,578,85860,18763380.0,3246.0,34,3243.0,10
rb1805,20170719,20170718,210352500,3244.0,578,85860,18763380.0,3246.0,34,3243.0,10
rb1805,20170719,20170718,210353000,3244.0,578,85860,18763380.0,3245.0,2,3243.0,10
rb1805,20170719,20170718,210354500,3244.0,578,85860,18763380.0,3245.0,2,3243.0,10
rb1805,20170719,20170718,210356000,3244.0,578,85860,18763380.0,3245.0,2,3243.0,10
rb1805,20170719,20170718,210357000,3244.0,578,85860,18763380.0,3245.0,2,3243.0,10
rb1805,20170719,20170718,210358000,3244.0,578,85860,18763380.0,3245.0,2,3243.0,10
rb1805,20170719,20170718,210400500,3244.0,578,85860,18763380.0,3246.0,35,3243.0,10
rb1805,20170719,20170718,210401000,3244.0,578,85860,18763380.0,3245.0,2,3243.0,10
rb1805,20170719,20170718,210402000,3244.0,578,85860,18763380.0,3245.0,2,3243.0,10
rb1805,20170719,20170718,210407500,3244.0,578,85860,18763380.0,3245.0,2,3243.0,10
rb1805,20170719,20170718,210408000,3244.0,578,85860,18763380.0,3245.0,2,3243.0,10
rb1805,20170719,20170718,210408500,3244.0,578,85860,18763380.0,3246.0,35,3243.0,10
rb1805,20170719,20170718,210409000,3244.0,578,85860,18763380.0,3245.0,2,3243.0,10
rb1805,20170719,20170718,210411000,3244.0,578,85860,18763380.0,3245.0,2,3243.0,10
rb1805,20170719,20170718,210412000,3244.0,578,85860,18763380.0,3245.0,2,3244.0,3
rb1805,20170719,20170718,210412500,3244.0,584,85866,18958020.0,3245.0,2,3244.0,1
rb1805,20170719,20170718,210413000,3244.0,586,85868,19022900.0,3244.0,2,3243.0,10
rb1805,20170719,20170718,210413500,3244.0,586,85868,19022900.0,3244.0,5,3243.0,10
rb1805,20170719,20170718,210414000,3244.0,586,85868,19022900.0,3244.0,6,3243.0,10
rb1805,20170719,20170718,210415000,3243.0,588,85868,19087760.0,3244.0,6,3243.0,9
rb1805,20170719,20170718,210415500,3243.0,608,85876,19736360.0,3243.0,1,3242.0,9
rb1805,20170719,20170718,210416000,3243.0,608,85876,19736360.0,3244.0,9,3242.0,9
rb1805,20170719,20170718,210416500,3243.0,608,85876,19736360.0,3243.0,2,3242.0,9
rb1805,20170719,20170718,210418500,3243.0,610,85878,19801220.0,3243.0,1,3242.0,10
rb1805,20170719,20170718,210419000,3242.0,612,85880,19866060.0,3243.0,1,3242.0,9
rb1805,20170719,20170718,210420000,3242.0,612,85880,19866060.0,3243.0,1,3242.0,9
rb1805,20170719,20170718,210420500,3242.0,612,85880,19866060.0,3243.0,1,3242.0,4
rb1805,20170719,20170718,210422000,3242.0,612,85880,19866060.0,3243.0,6,3242.0,4
rb1805,20170719,20170718,210422500,3242.0,612,85880,19866060.0,3243.0,6,3242.0,2
rb1805,20170719,20170718,210423500,3242.0,612,85880,19866060.0,3243.0,5,3242.0,2
rb1805,20170719,20170718,210425000,3242.0,612,85880,19866060.0,3243.0,5,3242.0,2
rb1805,20170719,20170718,210426500,3242.0,616,85880,19995740.0,3243.0,5,3241.0,1
rb1805,20170719,20170718,210427500,3242.0,616,85880,19995740.0,3243.0,6,3241.0,1
rb1805,20170719,20170718,210428000,3242.0,616,85880,19995740.0,3242.0,7,3241.0,1
rb1805,20170719,20170718,210428500,3241.0,618,85880,20060560.0,3241.0,1,3240.0,7
rb1805,20170719,20170718,210429000,3243.0,658,85890,21357520.0,3244.0,9,3241.0,10
rb1805,20170719,20170718,210429500,3243.0,658,85890,21357520.0,3242.0,4,3241.0,10
rb1805,20170719,20170718,210430000,3243.0,658,85890,21357520.0,3242.0,4,3241.0,10
rb1805,20170719,20170718,210430500,3241.0,666,85898,21616800.0,3242.0,4,3241.0,6
rb1805,20170719,20170718,210431000,3241.0,666,85898,21616800.0,3242.0,4,3241.0,6
rb1805,20170719,20170718,210431500,3241.0,666,85898,21616800.0,3242.0,4,3241.0,11
rb1805,20170719,20170718,210432000,3241.0,666,85898,21616800.0,3242.0,7,3241.0,11
rb1805,20170719,20170718,210432500,3242.0,676,85896,21941000.0,3242.0,2,3241.0,11
rb1805,20170719,20170718,210433000,3242.0,676,85896,21941000.0,3242.0,2,3241.0,11
rb1805,20170719,20170718,210433500,3242.0,676,85896,21941000.0,3242.0,2,3241.0,6
rb1805,20170719,20170718,210434000,3242.0,676,85896,21941000.0,3243.0,1,3241.0,6
rb1805,20170719,20170718,210434500,3242.0,676,85896,21941000.0,3243.0,1,3241.0,16
rb1805,20170719,20170718,210435000,3242.0,676,85896,21941000.0,3243.0,1,3241.0,16
rb1805,20170719,20170718,210435500,3242.0,676,85896,21941000.0,3243.0,1,3241.0,20
rb1805,20170719,20170718,210436000,3242.0,676,85896,21941000.0,3243.0,1,3241.0,20
rb1805,20170719,20170718,210437000,3242.0,676,85896,21941000.0,3244.0,6,3241.0,20
rb1805,20170719,20170718,210437500,3242.0,676,85896,21941000.0,3243.0,1,3241.0,25
rb1805,20170719,20170718,210438000,3242.0,678,85898,22005840.0,3243.0,1,3241.0,25
rb1805,20170719,20170718,210439500,3242.0,678,85898,22005840.0,3243.0,1,3241.0,17
rb1805,20170719,20170718,210440000,3242.0,678,85898,22005840.0,3243.0,1,3242.0,11
rb1805,20170719,20170718,210441500,3242.0,678,85898,22005840.0,3243.0,3,3242.0,1
rb1805,20170719,20170718,210442000,3242.0,678,85898,22005840.0,3243.0,3,3242.0,1
rb1805,20170719,20170718,210442500,3242.0,678,85898,22005840.0,3243.0,4,3242.0,1
rb1805,20170719,20170718,210444000,3242.0,680,85898,22070680.0,3243.0,4,3241.0,16
rb1805,20170719,20170718,210444500,3242.0,680,85898,22070680.0,3243.0,3,3241.0,25
rb1805,20170719,20170718,210445000,3242.0,680,85898,22070680.0,3243.0,4,3241.0,25
rb1805,20170719,20170718,210445500,3242.0,680,85898,22070680.0,3242.0,1,3241.0,25
rb1805,20170719,20170718,210446000,3242.0,680,85898,22070680.0,3242.0,1,3241.0,26
rb1805,20170719,20170718,210446500,3242.0,680,85898,22070680.0,3242.0,1,3241.0,26
rb1805,20170719,20170718,210447000,3242.0,680,85898,22070680.0,3242.0,1,3241.0,21
rb1805,20170719,20170718,210447500,3242.0,680,85898,22070680.0,3242.0,2,3241.0,21
rb1805,20170719,20170718,210449000,3242.0,680,85898,22070680.0,3242.0,2,3241.0,22
rb1805,20170719,20170718,210449500,3242.0,680,85898,22070680.0,3242.0,2,3241.0,21
rb1805,20170719,20170718,210450000,3242.0,680,85898,22070680.0,3242.0,2,3241.0,11
rb1805,20170719,20170718,210454500,3242.0,684,85902,22200360.0,3243.0,3,3241.0,11
rb1805,20170719,20170718,210455000,3241.0,686,85904,22265180.0,3243.0,6,3241.0,10
rb1805,20170719,20170718,210455500,3242.0,688,85906,22330020.0,3243.0,6,3241.0,10
rb1805,20170719,20170718,210456000,3242.0,688,85906,22330020.0,3242.0,1,3241.0,10
rb1805,20170719,20170718,210456500,3242.0,688,85906,22330020.0,3242.0,1,3241.0,10
rb1805,20170719,20170718,210457000,3242.0,688,85906,22330020.0,3242.0,4,3241.0,10
rb1805,20170719,20170718,210457500,3242.0,688,85906,22330020.0,3242.0,4,3241.0,30
rb1805,20170719,20170718,210459000,3242.0,690,85908,22394860.0,3242.0,3,3241.0,30
rb1805,20170719,20170718,210500000,3242.0,690,85908,22394860.0,3242.0,3,3241.0,30
rb1805,20170719,20170718,210500500,3242.0,690,85908,22394860.0,3243.0,3,3241.0,31
rb1805,20170719,20170718,210501000,3242.0,690,85908,22394860.0,3243.0,6,3241.0,36
rb1805,20170719,20170718,210501500,3242.0,690,85908,22394860.0,3243.0,6,3242.0,1
rb1805,20170719,20170718,210502000,3242.0,690,85908,22394860.0,3243.0,3,3242.0,2
rb1805,20170719,20170718,210502500,3242.0,690,85908,22394860.0,3243.0,3,3242.0,2
rb1805,20170719,20170718,210504000,3242.0,694,85906,22524540.0,3243.0,3,3241.0,36
rb1805,20170719,20170718,210505000,3242.0,694,85906,22524540.0,3243.0,3,3241.0,36
rb1805,20170719,20170718,210506500,3242.0,694,85906,22524540.0,3243.0,3,3241.0,35
rb1805,20170719,20170718,210507500,3242.0,694,85906,22524540.0,3243.0,3,3241.0,35
rb1805,20170719,20170718,210510000,3242.0,694,85906,22524540.0,3243.0,4,3241.0,35
rb1805,20170719,20170718,210510500,3242.0,694,85906,22524540.0,3242.0,1,3241.0,35
rb1805,20170719,20170718,210511000,3242.0,696,85904,22589380.0,3243.0,4,3241.0,35
rb1805,20170719,20170718,210511500,3242.0,696,85904,22589380.0,3243.0,4,3241.0,30
rb1805,20170719,20170718,210512500,3242.0,696,85904,22589380.0,3243.0,4,3241.0,35
rb1805,20170719,20170718,210514500,3242.0,704,85896,22848740.0,3243.0,4,3242.0,6
rb1805,20170719,20170718,210515500,3242.0,704,85896,22848740.0,3243.0,4,3242.0,6
rb1805,20170719,20170718,210516500,3242.0,706,85894,22913580.0,3243.0,4,3242.0,5
rb1805,20170719,20170718,210517000,3242.0,706,85894,22913580.0,3243.0,4,3242.0,5
rb1805,20170719,20170718,210518500,3242.0,706,85894,22913580.0,3243.0,4,3242.0,5
rb1805,20170719,20170718,210520000,3242.0,706,85894,22913580.0,3243.0,4,3241.0,35
rb1805,20170719,20170718,210520500,3242.0,706,85894,22913580.0,3243.0,4,3241.0,40
rb1805,20170719,20170718,210521500,3242.0,706,85894,22913580.0,3242.0,12,3241.0,35
rb1805,20170719,20170718,210523000,3242.0,706,85894,22913580.0,3242.0,12,3241.0,30
rb1805,20170719,20170718,210524000,3242.0,708,85896,22978420.0,3242.0,12,3241.0,35
rb1805,20170719,20170718,210526500,3242.0,708,85896,22978420.0,3242.0,12,3241.0,30
rb1805,20170719,20170718,210527000,3241.0,710,85896,23043240.0,3242.0,12,3241.0,29
rb1805,20170719,20170718,210528000,3242.0,714,85900,23172920.0,3242.0,10,3241.0,29
rb1805,20170719,20170718,210528500,3242.0,714,85900,23172920.0,3242.0,10,3241.0,29
rb1805,20170719,20170718,210529000,3242.0,734,85900,23821320.0,3243.0,5,3242.0,90
rb1805,20170719,20170718,210529500,3242.0,794,85880,25766520.0,3243.0,5,3242.0,60
rb1805,20170719,20170718,210530500,3242.0,794,85880,25766520.0,3243.0,5,3242.0,60
rb1805,20170719,20170718,210532000,3242.0,816,85880,26479760.0,3243.0,8,3242.0,49
rb1805,20170719,20170718,210532500,3242.0,902,85834,29267880.0,3243.0,9,3242.0,6
rb1805,20170719,20170718,210533000,3242.0,914,85822,29656920.0,3242.0,1,3241.0,29
rb1805,20170719,20170718,210533500,3242.0,914,85822,29656920.0,3243.0,5,3241.0,29
rb1805,20170719,20170718,210534000,3242.0,914,85822,29656920.0,3243.0,8,3241.0,30
rb1805,20170719,20170718,210536000,3241.0,918,85822,29786560.0,3243.0,8,3241.0,28
rb1805,20170719,20170718,210537500,3243.0,940,85840,30499780.0,3243.0,4,3241.0,22
rb1805,20170719,20170718,210538000,3241.0,946,85846,30694240.0,3243.0,7,3241.0,19
rb1805,20170719,20170718,210539000,3241.0,946,85846,30694240.0,3243.0,7,3241.0,19
rb1805,20170719,20170718,210539500,3241.0,946,85846,30694240.0,3243.0,7,3241.0,19
rb1805,20170719,20170718,210540000,3243.0,948,85844,30759100.0,3243.0,6,3241.0,19
rb1805,20170719,20170718,210540500,3243.0,948,85844,30759100.0,3243.0,4,3241.0,19
rb1805,20170719,20170718,210541000,3243.0,948,85844,30759100.0,3243.0,9,3241.0,19
rb1805,20170719,20170718,210542000,3241.0,970,85844,31472120.0,3243.0,9,3241.0,8
rb1805,20170719,20170718,210542500,3241.0,970,85844,31472120.0,3243.0,9,3241.0,13
rb1805,20170719,20170718,210543000,3241.0,970,85844,31472120.0,3243.0,8,3241.0,13
rb1805,20170719,20170718,210543500,3241.0,970,85844,31472120.0,3243.0,7,3241.0,13
rb1805,20170719,20170718,210544500,3241.0,970,85844,31472120.0,3243.0,8,3241.0,13
rb1805,20170719,20170718,210545000,3241.0,970,85844,31472120.0,3242.0,3,3241.0,13
rb1805,20170719,20170718,210545500,3241.0,970,85844,31472120.0,3242.0,3,3241.0,13
rb1805,20170719,20170718,210546500,3241.0,970,85844,31472120.0,3242.0,3,3241.0,8
rb1805,20170719,20170718,210547000,3241.0,970,85844,31472120.0,3242.0,3,3241.0,8
rb1805,20170719,20170718,210549000,3241.0,970,85844,31472120.0,3242.0,3,3241.0,8
rb1805,20170719,20170718,210550500,3241.0,970,85844,31472120.0,3242.0,3,3241.0,8
rb1805,20170719,20170718,210554500,3241.0,986,85860,31990680.0,3241.0,2,3240.0,11
rb1805,20170719,20170718,210555000,3240.0,990,85858,32120300.0,3242.0,3,3240.0,10
rb1805,20170719,20170718,210555500,3240.0,990,85858,32120300.0,3241.0,2,3240.0,10
rb1805,20170719,20170718,210556000,3240.0,990,85858,32120300.0,3241.0,2,3240.0,10
rb1805,20170719,20170718,210556500,3240.0,998,85858,32379500.0,3241.0,2,3240.0,6
rb1805,20170719,20170718,210558500,3240.0,998,85858,32379500.0,3241.0,2,3240.0,6
rb1805,20170719,20170718,210559000,3240.0,998,85858,32379500.0,3241.0,3,3240.0,11
rb1805,20170719,20170718,210600000,3240.0,998,85858,32379500.0,3241.0,3,3240.0,11
rb1805,20170719,20170718,210601500,3240.0,998,85858,32379500.0,3241.0,3,3240.0,6
rb1805,20170719,20170718,210602500,3240.0,998,85858,32379500.0,3241.0,3,3240.0,7
rb1805,20170719,20170718,210603000,3241.0,1004,85852,32573960.0,3242.0,3,3241.0,2
rb1805,20170719,20170718,210603500,3241.0,1010,85854,32768420.0,3241.0,1,3240.0,6
rb1805,20170719,20170718,210604000,3241.0,1010,85854,32768420.0,3241.0,1,3240.0,6
rb1805,20170719,20170718,210605500,3240.0,1012,85854,32833220.0,3241.0,2,3240.0,10
rb1805,20170719,20170718,210606500,3240.0,1012,85854,32833220.0,3241.0,2,3240.0,10
rb1805,20170719,20170718,210607000,3241.0,1016,85852,32962860.0,3242.0,3,3241.0,2
rb1805,20170719,20170718,210607500,3241.0,1016,85852,32962860.0,3242.0,3,3240.0,10
rb1805,20170719,20170718,210608000,3240.0,1018,85854,33027660.0,3242.0,3,3240.0,9
rb1805,20170719,20170718,210609000,3240.0,1018,85854,33027660.0,3242.0,5,3240.0,9
rb1805,20170719,20170718,210613000,3240.0,1018,85854,33027660.0,3242.0,5,3240.0,19
rb1805,20170719,20170718,210614500,3240.0,1018,85854,33027660.0,3242.0,5,3240.0,19
rb1805,20170719,20170718,210616500,3240.0,1018,85854,33027660.0,3242.0,5,3241.0,1
rb1805,20170719,20170718,210617500,3240.0,1022,85858,33157260.0,3242.0,5,3240.0,19
rb1805,20170719,20170718,210618500,3240.0,1022,85858,33157260.0,3241.0,2,3240.0,19
rb1805,20170719,20170718,210619000,3240.0,1022,85858,33157260.0,3241.0,2,3240.0,14
rb1805,20170719,20170718,210621000,3240.0,1022,85858,33157260.0,3241.0,2,3240.0,14
rb1805,20170719,20170718,210622500,3241.0,1026,85858,33286900.0,3242.0,3,3240.0,14
rb1805,20170719,20170718,210623000,3241.0,1026,85858,33286900.0,3242.0,5,3240.0,14
rb1805,20170719,20170718,210624500,3241.0,1026,85858,33286900.0,3242.0,5,3240.0,13
rb1805,20170719,20170718,210625000,3241.0,1026,85858,33286900.0,3241.0,2,3240.0,13
rb1805,20170719,20170718,210625500,3241.0,1030,85856,33416540.0,3242.0,3,3240.0,19
rb1805,20170719,20170718,210626000,3241.0,1030,85856,33416540.0,3242.0,3,3240.0,19
rb1805,20170719,20170718,210626500,3241.0,1030,85856,33416540.0,3241.0,1,3240.0,19
rb1805,20170719,20170718,210627000,3241.0,1032,85856,33481360.0,3242.0,3,3241.0,1
rb1805,20170719,20170718,210627500,3241.0,1032,85856,33481360.0,3242.0,3,3240.0,20
rb1805,20170719,20170718,210628000,3241.0,1032,85856,33481360.0,3242.0,3,3240.0,20
rb1805,20170719,20170718,210628500,3241.0,1032,85856,33481360.0,3241.0,2,3240.0,20
rb1805,20170719,20170718,210629000,3241.0,1032,85856,33481360.0,3241.0,2,3240.0,15
rb1805,20170719,20170718,210629500,3241.0,1032,85856,33481360.0,3241.0,2,3240.0,18
rb1805,20170719,20170718,210630000,3241.0,1032,85856,33481360.0,3241.0,2,3240.0,18
rb1805,20170719,20170718,210632000,3241.0,1036,85856,33611000.0,3242.0,3,3241.0,3
rb1805,20170719,20170718,210632500,3241.0,1036,85856,33611000.0,3242.0,3,3241.0,3
rb1805,20170719,20170718,210633500,3241.0,1040,85858,33740640.0,3242.0,5,3241.0,1
rb1805,20170719,20170718,210634000,3241.0,1040,85858,33740640.0,3242.0,5,3241.0,1
rb1805,20170719,20170718,210634500,3241.0,1040,85858,33740640.0,3242.0,5,3241.0,1
rb1805,20170719,20170718,210635000,3241.0,1040,85858,33740640.0,3242.0,5,3241.0,1
rb1805,20170719,20170718,210635500,3241.0,1042,85860,33805460.0,3241.0,28,3240.0,17
rb1805,20170719,20170718,210636000,3241.0,1042,85860,33805460.0,3241.0,28,3240.0,18
rb1805,20170719,20170718,210636500,3241.0,1042,85860,33805460.0,3241.0,28,3240.0,14
rb1805,20170719,20170718,210637000,3241.0,1042,85860,33805460.0,3241.0,28,3240.0,17
rb1805,20170719,20170718,210637500,3241.0,1042,85860,33805460.0,3241.0,28,3240.0,14
rb1805,20170719,20170718,210638000,3241.0,1042,85860,33805460.0,3241.0,28,3240.0,14
rb1805,20170719,20170718,210639000,3240.0,1046,85860,33935060.0,3241.0,28,3240.0,12
rb1805,20170719,20170718,210641000,3241.0,1048,85860,33999880.0,3241.0,27,3240.0,12
rb1805,20170719,20170718,210643000,3241.0,1048,85860,33999880.0,3241.0,25,3240.0,12
rb1805,20170719,20170718,210644500,3241.0,1050,85858,34064700.0,3241.0,24,3240.0,12
rb1805,20170719,20170718,210646000,3240.0,1052,85858,34129500.0,3241.0,24,3240.0,11
rb1805,20170719,20170718,210648000,3240.0,1054,85860,34194300.0,3241.0,24,3240.0,10
rb1805,20170719,20170718,210649000,3240.0,1054,85860,34194300.0,3241.0,24,3240.0,10
rb1805,20170719,20170718,210649500,3240.0,1054,85860,34194300.0,3241.0,26,3240.0,10
rb1805,20170719,20170718,210650500,3240.0,1054,85860,34194300.0,3241.0,24,3240.0,10
rb1805,20170719,20170718,210651000,3240.0,1054,85860,34194300.0,3241.0,24,3240.0,11
rb1805,20170719,20170718,210652500,3240.0,1054,85860,34194300.0,3241.0,24,3240.0,11
rb1805,20170719,20170718,210653500,3240.0,1054,85860,34194300.0,3241.0,24,3240.0,11
rb1805,20170719,20170718,210654000,3240.0,1054,85860,34194300.0,3241.0,24,3240.0,11
rb1805,20170719,20170718,210655500,3240.0,1054,85860,34194300.0,3241.0,24,3240.0,16
rb1805,20170719,20170718,210656000,3240.0,1054,85860,34194300.0,3241.0,24,3240.0,20
rb1805,20170719,20170718,210657000,3241.0,1056,85860,34259120.0,3241.0,23,3240.0,20
rb1805,20170719,20170718,210657500,3241.0,1056,85860,34259120.0,3241.0,23,3240.0,20
rb1805,20170719,20170718,210658500,3241.0,1056,85860,34259120.0,3241.0,23,3240.0,20
rb1805,20170719,20170718,210659500,3241.0,1056,85860,34259120.0,3241.0,23,3240.0,20
rb1805,20170719,20170718,210700000,3241.0,1076,85840,34907320.0,3241.0,13,3240.0,20
rb1805,20170719,20170718,210701000,3241.0,1076,85840,34907320.0,3241.0,13,3240.0,20
rb1805,20170719,20170718,210701500,3241.0,1098,85820,35620340.0,3241.0,2,3240.0,20
rb1805,20170719,20170718,210702000,3241.0,1102,85816,35749980.0,3242.0,3,3241.0,2
rb1805,20170719,20170718,210702500,3241.0,1102,85816,35749980.0,3242.0,3,3240.0,20
rb1805,20170719,20170718,210703500,3241.0,1102,85816,35749980.0,3242.0,3,3240.0,20
rb1805,20170719,20170718,210704000,3241.0,1102,85816,35749980.0,3242.0,3,3241.0,1
rb1805,20170719,20170718,210705500,3241.0,1102,85816,35749980.0,3242.0,3,3241.0,1
rb1805,20170719,20170718,210706000,3241.0,1102,85816,35749980.0,3242.0,3,3241.0,1
rb1805,20170719,20170718,210707000,3241.0,1104,85818,35814800.0,3242.0,3,3240.0,20
rb1805,20170719,20170718,210707500,3241.0,1104,85818,35814800.0,3242.0,3,3240.0,21
rb1805,20170719,20170718,210708500,3241.0,1104,85818,35814800.0,3242.0,3,3240.0,21
rb1805,20170719,20170718,210709000,3241.0,1104,85818,35814800.0,3242.0,3,3240.0,21
rb1805,20170719,20170718,210710000,3241.0,1104,85818,35814800.0,3242.0,3,3240.0,21
rb1805,20170719,20170718,210710500,3241.0,1104,85818,35814800.0,3242.0,3,3240.0,21
rb1805,20170719,20170718,210712000,3241.0,1104,85818,35814800.0,3242.0,3,3240.0,22
rb1805,20170719,20170718,210712500,3241.0,1104,85818,35814800.0,3242.0,3,3240.0,22
rb1805,20170719,20170718,210713000,3242.0,1110,85818,36009320.0,3244.0,5,3242.0,3
rb1805,20170719,20170718,210713500,3242.0,1110,85818,36009320.0,3244.0,7,3241.0,24
rb1805,20170719,20170718,210714000,3242.0,1110,85818,36009320.0,3244.0,7,3241.0,29
rb1805,20170719,20170718,210714500,3242.0,1110,85818,36009320.0,3244.0,7,3241.0,29
rb1805,20170719,20170718,210715500,3242.0,1110,85818,36009320.0,3244.0,5,3241.0,29
rb1805,20170719,20170718,210716000,3242.0,1110,85818,36009320.0,3244.0,5,3241.0,29
rb1805,20170719,20170718,210717000,3242.0,1110,85818,36009320.0,3244.0,5,3241.0,30
rb1805,20170719,20170718,210718500,3242.0,1110,85818,36009320.0,3244.0,5,3241.0,30
rb1805,20170719,20170718,210719500,3242.0,1110,85818,36009320.0,3245.0,2,3241.0,30
rb1805,20170719,20170718,210720000,3242.0,1110,85818,36009320.0,3245.0,2,3241.0,30
rb1805,20170719,20170718,210720500,3242.0,1110,85818,36009320.0,3245.0,2,3242.0,1
rb1805,20170719,20170718,210721000,3242.0,1110,85818,36009320.0,3245.0,2,3242.0,6
rb1805,20170719,20170718,210721500,3242.0,1110,85818,36009320.0,3245.0,2,3242.0,6
rb1805,20170719,20170718,210723000,3242.0,1110,85818,36009320.0,3245.0,2,3242.0,6
rb1805,20170719,20170718,210724000,3242.0,1110,85818,36009320.0,3245.0,4,3242.0,6
rb1805,20170719,20170718,210724500,3242.0,1110,85818,36009320.0,3245.0,2,3242.0,6
rb1805,20170719,20170718,210725000,3242.0,1110,85818,36009320.0,3245.0,2,3242.0,6
rb1805,20170719,20170718,210725500,3242.0,1110,85818,36009320.0,3245.0,4,3244.0,3
rb1805,20170719,20170718,210726000,3242.0,1110,85818,36009320.0,3245.0,2,3244.0,3
rb1805,20170719,20170718,210726500,3242.0,1110,85818,36009320.0,3245.0,4,3244.0,3
rb1805,20170719,20170718,210727000,3242.0,1110,85818,36009320.0,3245.0,4,3244.0,3
rb1805,20170719,20170718,210728000,3242.0,1110,85818,36009320.0,3245.0,4,3242.0,6
rb1805,20170719,20170718,210728500,3242.0,1110,85818,36009320.0,3245.0,4,3242.0,6
rb1805,20170719,20170718,210729000,3242.0,1110,85818,36009320.0,3244.0,2,3243.0,3
rb1805,20170719,20170718,210729500,3242.0,1110,85818,36009320.0,3244.0,2,3243.0,3
rb1805,20170719,20170718,210731500,3242.0,1110,85818,36009320.0,3244.0,2,3243.0,3
rb1805,20170719,20170718,210733500,3243.0,1116,85812,36203900.0,3243.0,302,3242.0,7
rb1805,20170719,20170718,210734000,3243.0,1118,85810,36268760.0,3243.0,301,3242.0,7
rb1805,20170719,20170718,210734500,3243.0,1120,85808,36333620.0,3243.0,300,3242.0,7
rb1805,20170719,20170718,210735000,3243.0,1120,85808,36333620.0,3243.0,300,3242.0,7
rb1805,20170719,20170718,210735500,3243.0,1120,85808,36333620.0,3243.0,300,3242.0,10
rb1805,20170719,20170718,210736500,3243.0,1130,85798,36657920.0,3243.0,295,3242.0,10
rb1805,20170719,20170718,210737000,3243.0,1140,85788,36982220.0,3243.0,290,3242.0,10
rb1805,20170719,20170718,210737500,3243.0,1152,85778,37371380.0,3243.0,284,3242.0,10
rb1805,20170719,20170718,210738500,3243.0,1152,85778,37371380.0,3243.0,284,3242.0,10
rb1805,20170719,20170718,210739500,3242.0,1156,85780,37501060.0,3243.0,284,3241.0,26
rb1805,20170719,20170718,210740000,3243.0,1182,85774,38344240.0,3243.0,271,3242.0,4
rb1805,20170719,20170718,210740500,3243.0,1182,85774,38344240.0,3243.0,271,3242.0,4
rb1805,20170719,20170718,210741000,3243.0,1182,85774,38344240.0,3243.0,271,3242.0,4
rb1805,20170719,20170718,210741500,3243.0,1182,85774,38344240.0,3243.0,271,3242.0,4
rb1805,20170719,20170718,210742500,3243.0,1182,85774,38344240.0,3243.0,271,3242.0,4
rb1805,20170719,20170718,210743000,3243.0,1182,85774,38344240.0,3243.0,271,3242.0,4
rb1805,20170719,20170718,210744500,3243.0,1194,85774,38733400.0,3243.0,265,3242.0,4
rb1805,20170719,20170718,210745500,3243.0,1196,85774,38798260.0,3243.0,264,3242.0,4
rb1805,20170719,20170718,210747000,3243.0,1196,85774,38798260.0,3243.0,264,3242.0,4
rb1805,20170719,20170718,210747500,3243.0,1196,85774,38798260.0,3243.0,264,3242.0,4
rb1805,20170719,20170718,210750500,3243.0,1196,85774,38798260.0,3243.0,264,3242.0,4
rb1805,20170719,20170718,210754000,3243.0,1196,85774,38798260.0,3243.0,264,3242.0,4
rb1805,20170719,20170718,210754500,3243.0,1196,85774,38798260.0,3243.0,264,3242.0,4
rb1805,20170719,20170718,210759000,3243.0,1202,85768,38992840.0,3243.0,261,3242.0,9
rb1805,20170719,20170718,210800000,3243.0,1204,85768,39057700.0,3243.0,260,3242.0,9
rb1805,20170719,20170718,210801000,3243.0,1204,85768,39057700.0,3243.0,260,3242.0,9
rb1805,20170719,20170718,210801500,3243.0,1204,85768,39057700.0,3243.0,260,3242.0,9
rb1805,20170719,20170718,210802000,3243.0,1206,85768,39122560.0,3243.0,259,3242.0,9
rb1805,20170719,20170718,210802500,3243.0,1206,85768,39122560.0,3243.0,259,3242.0,9
rb1805,20170719,20170718,210804000,3243.0,1208,85768,39187420.0,3243.0,258,3242.0,9
rb1805,20170719,20170718,210805000,3243.0,1228,85760,39836020.0,3243.0,248,3242.0,9
rb1805,20170719,20170718,210805500,3243.0,1230,85758,39900880.0,3243.0,247,3242.0,9
rb1805,20170719,20170718,210806500,3243.0,1232,85758,39965740.0,3243.0,246,3242.0,9
rb1805,20170719,20170718,210808000,3243.0,1242,85748,40290040.0,3243.0,241,3242.0,10
rb1805,20170719,20170718,210810500,3243.0,1242,85748,40290040.0,3243.0,241,3242.0,10
rb1805,20170719,20170718,210812500,3243.0,1242,85748,40290040.0,3243.0,241,3242.0,10
rb1805,20170719,20170718,210813000,3243.0,1244,85748,40354900.0,3243.0,240,3242.0,10
rb1805,20170719,20170718,210814000,3243.0,1246,85748,40419760.0,3243.0,239,3242.0,5
rb1805,20170719,20170718,210815000,3243.0,1288,85748,41781820.0,3243.0,218,3242.0,5
rb1805,20170719,20170718,210819000,3243.0,1288,85748,41781820.0,3243.0,218,3242.0,1
rb1805,20170719,20170718,210819500,3243.0,1288,85748,41781820.0,3243.0,218,3242.0,1
rb1805,20170719,20170718,210820000,3242.0,1290,85748,41846660.0,3243.0,218,3241.0,11
rb1805,20170719,20170718,210820500,3242.0,1290,85748,41846660.0,3243.0,218,3241.0,6
rb1805,20170719,20170718,210821500,3242.0,1290,85748,41846660.0,3243.0,218,3241.0,6
rb1805,20170719,20170718,210823500,3242.0,1290,85748,41846660.0,3242.0,1,3241.0,6
rb1805,20170719,20170718,210824000,3242.0,1292,85746,41911500.0,3243.0,218,3242.0,14
rb1805,20170719,20170718,210824500,3242.0,1292,85746,41911500.0,3243.0,218,3241.0,6
rb1805,20170719,20170718,210826500,3242.0,1292,85746,41911500.0,3243.0,218,3241.0,6
rb1805,20170719,20170718,210828500,3242.0,1292,85746,41911500.0,3243.0,218,3241.0,6
rb1805,20170719,20170718,210831000,3242.0,1292,85746,41911500.0,3243.0,218,3241.0,6
rb1805,20170719,20170718,210834000,3241.0,1300,85748,42170780.0,3243.0,218,3241.0,5
rb1805,20170719,20170718,210834500,3241.0,1300,85748,42170780.0,3243.0,218,3241.0,5
rb1805,20170719,20170718,210835000,3241.0,1300,85748,42170780.0,3243.0,218,3241.0,5
rb1805,20170719,20170718,210839000,3241.0,1300,85748,42170780.0,3243.0,218,3241.0,6
rb1805,20170719,20170718,210839500,3241.0,1300,85748,42170780.0,3243.0,218,3241.0,6
rb1805,20170719,20170718,210842000,3241.0,1300,85748,42170780.0,3243.0,218,3241.0,6
rb1805,20170719,20170718,210844000,3241.0,1300,85748,42170780.0,3243.0,218,3241.0,6
rb1805,20170719,20170718,210846000,3241.0,1300,85748,42170780.0,3243.0,218,3241.0,6
rb1805,20170719,20170718,210846500,3241.0,1300,85748,42170780.0,3243.0,218,3241.0,12
rb1805,20170719,20170718,210847500,3241.0,1300,85748,42170780.0,3243.0,218,3241.0,12
rb1805,20170719,20170718,210848500,3241.0,1300,85748,42170780.0,3243.0,218,3241.0,12
rb1805,20170719,20170718,210851500,3241.0,1300,85748,42170780.0,3243.0,218,3242.0,1
rb1805,20170719,20170718,210852000,3241.0,1300,85748,42170780.0,3243.0,218,3242.0,1
rb1805,20170719,20170718,210854000,3241.0,1300,85748,42170780.0,3243.0,218,3242.0,1
rb1805,20170719,20170718,210856000,3241.0,1300,85748,42170780.0,3243.0,218,3242.0,1
rb1805,20170719,20170718,210857000,3241.0,1300,85748,42170780.0,3243.0,218,3242.0,1
rb1805,20170719,20170718,210857500,3241.0,1300,85748,42170780.0,3243.0,218,3242.0,1
rb1805,20170719,20170718,210858500,3241.0,1300,85748,42170780.0,3243.0,218,3242.0,1
rb1805,20170719,20170718,210859000,3242.0,1302,85748,42235620.0,3243.0,218,3241.0,12
rb1805,20170719,20170718,210859500,3242.0,1302,85748,42235620.0,3243.0,218,3242.0,10
rb1805,20170719,20170718,210900000,3242.0,1302,85748,42235620.0,3243.0,218,3242.0,10
rb1805,20170719,20170718,210900500,3242.0,1302,85748,42235620.0,3243.0,218,3242.0,9
rb1805,20170719,20170718,210901000,3242.0,1302,85748,42235620.0,3243.0,218,3242.0,4
rb1805,20170719,20170718,210901500,3242.0,1302,85748,42235620.0,3243.0,218,3242.0,5
rb1805,20170719,20170718,210902000,3243.0,1310,85740,42495060.0,3243.0,214,3242.0,25
rb1805,20170719,20170718,210902500,3243.0,1310,85740,42495060.0,3243.0,214,3242.0,45
rb1805,20170719,20170718,210903500,3243.0,1310,85740,42495060.0,3243.0,214,3242.0,45
rb1805,20170719,20170718,210904000,3243.0,1434,85684,46516380.0,3243.0,152,3242.0,45
rb1805,20170719,20170718,210904500,3243.0,1434,85684,46516380.0,3243.0,152,3242.0,45
rb1805,20170719,20170718,210905500,3243.0,1434,85684,46516380.0,3243.0,152,3242.0,45
rb1805,20170719,20170718,210906000,3243.0,1516,85604,49175640.0,3243.0,111,3242.0,50
rb1805,20170719,20170718,210906500,3243.0,1556,85592,50472840.0,3243.0,91,3242.0,50
rb1805,20170719,20170718,210907000,3243.0,1656,85592,53715840.0,3243.0,41,3242.0,54
rb1805,20170719,20170718,210907500,3243.0,1690,85580,54818460.0,3243.0,24,3242.0,53
rb1805,20170719,20170718,210908000,3243.0,1698,85580,55077900.0,3243.0,20,3242.0,54
rb1805,20170719,20170718,210908500,3243.0,1726,85580,55985940.0,3243.0,6,3242.0,54
rb1805,20170719,20170718,210909000,3243.0,1738,85580,56375100.0,3245.0,2,3243.0,1
rb1805,20170719,20170718,210909500,3243.0,1738,85580,56375100.0,3245.0,2,3243.0,1
rb1805,20170719,20170718,210910000,3243.0,1738,85580,56375100.0,3245.0,2,3243.0,6
rb1805,20170719,20170718,210910500,3243.0,1738,85580,56375100.0,3245.0,2,3243.0,6
rb1805,20170719,20170718,210911500,3245.0,1740,85582,56440000.0,3245.0,1,3243.0,6
rb1805,20170719,20170718,210912000,3245.0,1740,85582,56440000.0,3245.0,1,3243.0,6
rb1805,20170719,20170718,210913500,3245.0,1740,85582,56440000.0,3245.0,1,3243.0,6
rb1805,20170719,20170718,210916000,3245.0,1740,85582,56440000.0,3245.0,1,3243.0,6
rb1805,20170719,20170718,210917000,3245.0,1740,85582,56440000.0,3245.0,1,3243.0,11
rb1805,20170719,20170718,210917500,3245.0,1740,85582,56440000.0,3245.0,1,3243.0,11
rb1805,20170719,20170718,210918000,3245.0,1742,85580,56504900.0,3246.0,3,3243.0,11
rb1805,20170719,20170718,210919000,3245.0,1742,85580,56504900.0,3246.0,3,3243.0,12
rb1805,20170719,20170718,210919500,3245.0,1742,85580,56504900.0,3246.0,3,3243.0,13
rb1805,20170719,20170718,210920000,3245.0,1742,85580,56504900.0,3246.0,3,3243.0,14
rb1805,20170719,20170718,210921000,3245.0,1742,85580,56504900.0,3246.0,3,3243.0,14
rb1805,20170719,20170718,210921500,3245.0,1742,85580,56504900.0,3246.0,3,3243.0,14
rb1805,20170719,20170718,210922000,3245.0,1742,85580,56504900.0,3246.0,3,3243.0,14
rb1805,20170719,20170718,210922500,3245.0,1742,85580,56504900.0,3246.0,3,3243.0,14
rb1805,20170719,20170718,210923000,3245.0,1742,85580,56504900.0,3246.0,3,3243.0,14
rb1805,20170719,20170718,210924000,3245.0,1742,85580,56504900.0,3246.0,3,3244.0,2
rb1805,20170719,20170718,210924500,3245.0,1742,85580,56504900.0,3246.0,3,3244.0,7
rb1805,20170719,20170718,210925500,3245.0,1742,85580,56504900.0,3246.0,3,3244.0,7
rb1805,20170719,20170718,210926500,3245.0,1742,85580,56504900.0,3246.0,2,3244.0,7
rb1805,20170719,20170718,210927000,3245.0,1742,85580,56504900.0,3246.0,2,3244.0,7
rb1805,20170719,20170718,210928000,3245.0,1742,85580,56504900.0,3246.0,2,3244.0,7
rb1805,20170719,20170718,210930000,3246.0,1746,85580,56634740.0,3247.0,1,3244.0,7
rb1805,20170719,20170718,210930500,3246.0,1746,85580,56634740.0,3247.0,1,3244.0,7
rb1805,20170719,20170718,210931000,3246.0,1746,85580,56634740.0,3247.0,1,3244.0,7
rb1805,20170719,20170718,210931500,3246.0,1748,85580,56699660.0,3247.0,1,3246.0,4
rb1805,20170719,20170718,210932500,3247.0,1750,85578,56764600.0,3248.0,21,3247.0,1
rb1805,20170719,20170718,210933000,3247.0,1752,85576,56829540.0,3247.0,7,3246.0,4
rb1805,20170719,20170718,210933500,3246.0,1760,85568,57089220.0,3247.0,5,3244.0,7
rb1805,20170719,20170718,210934000,3246.0,1760,85568,57089220.0,3248.0,21,3244.0,7
rb1805,20170719,20170718,210935000,3246.0,1760,85568,57089220.0,3247.0,1,3244.0,7
rb1805,20170719,20170718,210936500,3246.0,1760,85568,57089220.0,3247.0,1,3244.0,8
rb1805,20170719,20170718,210937000,3246.0,1760,85568,57089220.0,3247.0,1,3244.0,9
rb1805,20170719,20170718,210939000,3246.0,1760,85568,57089220.0,3247.0,4,3244.0,9
rb1805,20170719,20170718,210939500,3246.0,1760,85568,57089220.0,3247.0,4,3244.0,9
rb1805,20170719,20170718,210940500,3247.0,1762,85568,57154160.0,3247.0,3,3244.0,9
rb1805,20170719,20170718,210941500,3247.0,1762,85568,57154160.0,3247.0,3,3244.0,9
rb1805,20170719,20170718,210942500,3247.0,1762,85568,57154160.0,3247.0,3,3246.0,1
rb1805,20170719,20170718,210943500,3247.0,1762,85568,57154160.0,3247.0,3,3246.0,1
rb1805,20170719,20170718,210944000,3247.0,1764,85570,57219100.0,3247.0,2,3246.0,1
rb1805,20170719,20170718,210944500,3246.0,1770,85570,57413860.0,3247.0,4,3246.0,1
rb1805,20170719,20170718,210945000,3246.0,1770,85570,57413860.0,3247.0,4,3246.0,1
rb1805,20170719,20170718,210945500,3246.0,1772,85570,57478780.0,3246.0,1,3244.0,9
rb1805,20170719,20170718,210946000,3246.0,1772,85570,57478780.0,3247.0,5,3246.0,2
rb1805,20170719,20170718,210946500,3246.0,1776,85570,57608620.0,3246.0,5,3245.0,19
rb1805,20170719,20170718,210947000,3246.0,1776,85570,57608620.0,3247.0,5,3245.0,19
rb1805,20170719,20170718,210947500,3246.0,1776,85570,57608620.0,3247.0,5,3246.0,1
rb1805,20170719,20170718,210948000,3246.0,1778,85570,57673540.0,3246.0,1,3245.0,19
rb1805,20170719,20170718,210948500,3246.0,1778,85570,57673540.0,3247.0,5,3245.0,19
rb1805,20170719,20170718,210949000,3246.0,1778,85570,57673540.0,3247.0,4,3245.0,19
rb1805,20170719,20170718,210949500,3246.0,1778,85570,57673540.0,3247.0,4,3245.0,19
rb1805,20170719,20170718,210950000,3246.0,1778,85570,57673540.0,3247.0,4,3245.0,19
rb1805,20170719,20170718,210950500,3246.0,1778,85570,57673540.0,3247.0,4,3245.0,19
rb1805,20170719,20170718,210951000,3246.0,1778,85570,57673540.0,3247.0,4,3245.0,19
rb1805,20170719,20170718,210952500,3246.0,1778,85570,57673540.0,3247.0,4,3245.0,19
rb1805,20170719,20170718,210953000,3246.0,1778,85570,57673540.0,3247.0,4,3245.0,19
rb1805,20170719,20170718,210954000,3246.0,1778,85570,57673540.0,3247.0,4,3245.0,20
rb1805,20170719,20170718,210956000,3246.0,1778,85570,57673540.0,3247.0,4,3245.0,20
rb1805,20170719,20170718,210956500,3246.0,1778,85570,57673540.0,3247.0,5,3245.0,23
rb1805,20170719,20170718,210957500,3246.0,1778,85570,57673540.0,3247.0,5,3245.0,23
rb1805,20170719,20170718,210958500,3246.0,1778,85570,57673540.0,3247.0,5,3245.0,23
rb1805,20170719,20170718,210959000,3246.0,1778,85570,57673540.0,3247.0,5,3245.0,23
rb1805,20170719,20170718,210959500,3246.0,1778,85570,57673540.0,3247.0,6,3245.0,23
rb1805,20170719,20170718,211001000,3246.0,1778,85570,57673540.0,3247.0,5,3245.0,23
rb1805,20170719,20170718,211001500,3246.0,1778,85570,57673540.0,3247.0,5,3245.0,28
rb1805,20170719,20170718,211002500,3246.0,1778,85570,57673540.0,3247.0,5,3245.0,28
rb1805,20170719,20170718,211003000,3246.0,1778,85570,57673540.0,3247.0,5,3245.0,28
rb1805,20170719,20170718,211004000,3246.0,1778,85570,57673540.0,3247.0,5,3245.0,28
rb1805,20170719,20170718,211004500,3246.0,1778,85570,57673540.0,3247.0,5,3245.0,28
rb1805,20170719,20170718,211005500,3246.0,1778,85570,57673540.0,3247.0,5,3245.0,28
rb1805,20170719,20170718,211006500,3246.0,1778,85570,57673540.0,3247.0,6,3246.0,1
rb1805,20170719,20170718,211007000,3246.0,1780,85570,57738460.0,3247.0,6,3245.0,28
rb1805,20170719,20170718,211007500,3246.0,1780,85570,57738460.0,3247.0,7,3245.0,28
rb1805,20170719,20170718,211008000,3246.0,1780,85570,57738460.0,3247.0,7,3245.0,28
rb1805,20170719,20170718,211009500,3246.0,1780,85570,57738460.0,3247.0,6,3245.0,28
rb1805,20170719,20170718,211010000,3246.0,1780,85570,57738460.0,3247.0,6,3245.0,28
rb1805,20170719,20170718,211011000,3247.0,1782,85570,57803400.0,3247.0,5,3245.0,28
rb1805,20170719,20170718,211012500,3247.0,1782,85570,57803400.0,3247.0,5,3245.0,28
rb1805,20170719,20170718,211013500,3247.0,1782,85570,57803400.0,3247.0,5,3245.0,29
rb1805,20170719,20170718,211015000,3247.0,1784,85572,57868340.0,3247.0,5,3245.0,29
rb1805,20170719,20170718,211015500,3247.0,1784,85572,57868340.0,3247.0,4,3245.0,29
rb1805,20170719,20170718,211016000,3247.0,1788,85572,57998220.0,3247.0,2,3245.0,29
rb1805,20170719,20170718,211018000,3247.0,1788,85572,57998220.0,3247.0,2,3245.0,29
rb1805,20170719,20170718,211018500,3247.0,1788,85572,57998220.0,3247.0,2,3245.0,29
rb1805,20170719,20170718,211019000,3247.0,1788,85572,57998220.0,3247.0,2,3245.0,29
rb1805,20170719,20170718,211020000,3247.0,1788,85572,57998220.0,3246.0,1,3245.0,29
rb1805,20170719,20170718,211020500,3246.0,1790,85572,58063140.0,3247.0,2,3246.0,1
rb1805,20170719,20170718,211021000,3246.0,1790,85572,58063140.0,3246.0,5,3245.0,24
rb1805,20170719,20170718,211023000,3246.0,1790,85572,58063140.0,3247.0,2,3245.0,24
rb1805,20170719,20170718,211023500,3247.0,1794,85572,58193020.0,3248.0,22,3245.0,24
rb1805,20170719,20170718,211024000,3247.0,1794,85572,58193020.0,3247.0,2,3245.0,29
rb1805,20170719,20170718,211025000,3247.0,1794,85572,58193020.0,3247.0,2,3246.0,2
rb1805,20170719,20170718,211028500,3247.0,1794,85572,58193020.0,3247.0,2,3246.0,2
rb1805,20170719,20170718,211030000,3247.0,1794,85572,58193020.0,3247.0,2,3246.0,2
rb1805,20170719,20170718,211030500,3246.0,1798,85568,58322860.0,3247.0,2,3245.0,29
rb1805,20170719,20170718,211031000,3246.0,1798,85568,58322860.0,3248.0,22,3245.0,29
rb1805,20170719,20170718,211031500,3246.0,1798,85568,58322860.0,3247.0,2,3245.0,29
rb1805,20170719,20170718,211032000,3246.0,1798,85568,58322860.0,3247.0,2,3245.0,29
rb1805,20170719,20170718,211032500,3246.0,1798,85568,58322860.0,3247.0,2,3245.0,29
rb1805,20170719,20170718,211033000,3246.0,1798,85568,58322860.0,3247.0,2,3245.0,29
rb1805,20170719,20170718,211034500,3246.0,1798,85568,58322860.0,3247.0,2,3245.0,28
rb1805,20170719,20170718,211035000,3246.0,1798,85568,58322860.0,3247.0,2,3245.0,28
rb1805,20170719,20170718,211036500,3246.0,1798,85568,58322860.0,3247.0,2,3245.0,28
rb1805,20170719,20170718,211037000,3246.0,1798,85568,58322860.0,3247.0,3,3245.0,28
rb1805,20170719,20170718,211038500,3246.0,1798,85568,58322860.0,3247.0,4,3246.0,1
rb1805,20170719,20170718,211039000,3246.0,1798,85568,58322860.0,3247.0,2,3246.0,1
rb1805,20170719,20170718,211040000,3246.0,1798,85568,58322860.0,3247.0,2,3246.0,3
rb1805,20170719,20170718,211041000,3246.0,1798,85568,58322860.0,3247.0,2,3246.0,4
rb1805,20170719,20170718,211042500,3246.0,1798,85568,58322860.0,3247.0,2,3246.0,4
rb1805,20170719,20170718,211043000,3246.0,1798,85568,58322860.0,3247.0,2,3246.0,4
rb1805,20170719,20170718,211043500,3246.0,1798,85568,58322860.0,3247.0,2,3246.0,4
rb1805,20170719,20170718,211045000,3246.0,1800,85568,58387780.0,3247.0,3,3246.0,3
rb1805,20170719,20170718,211045500,3246.0,1806,85564,58582540.0,3246.0,3,3245.0,30
rb1805,20170719,20170718,211046000,3246.0,1806,85564,58582540.0,3246.0,3,3245.0,25
rb1805,20170719,20170718,211047000,3246.0,1806,85564,58582540.0,3246.0,3,3245.0,25
rb1805,20170719,20170718,211047500,3246.0,1806,85564,58582540.0,3246.0,3,3245.0,22
rb1805,20170719,20170718,211048500,3246.0,1806,85564,58582540.0,3246.0,3,3245.0,22
rb1805,20170719,20170718,211049000,3246.0,1806,85564,58582540.0,3246.0,3,3245.0,23
rb1805,20170719,20170718,211052500,3246.0,1806,85564,58582540.0,3246.0,3,3245.0,23
rb1805,20170719,20170718,211053000,3246.0,1806,85564,58582540.0,3247.0,3,3245.0,23
rb1805,20170719,20170718,211053500,3246.0,1806,85564,58582540.0,3247.0,2,3246.0,1
rb1805,20170719,20170718,211054500,3246.0,1806,85564,58582540.0,3247.0,2,3246.0,1
rb1805,20170719,20170718,211055000,3246.0,1806,85564,58582540.0,3247.0,2,3246.0,6
rb1805,20170719,20170718,211055500,3248.0,1818,85566,58972260.0,3248.0,22,3246.0,6
rb1805,20170719,20170718,211056000,3248.0,1828,85566,59297060.0,3248.0,13,3246.0,6
rb1805,20170719,20170718,211057000,3248.0,1850,85566,60011620.0,3248.0,2,3247.0,1
rb1805,20170719,20170718,211057500,3248.0,1850,85566,60011620.0,3248.0,2,3247.0,6
rb1805,20170719,20170718,211058000,3248.0,1854,85568,60141540.0,3249.0,11,3248.0,1
rb1805,20170719,20170718,211058500,3249.0,1858,85564,60271500.0,3249.0,9,3248.0,4
rb1805,20170719,20170718,211059000,3249.0,1858,85564,60271500.0,3249.0,9,3248.0,3
rb1805,20170719,20170718,211059500,3249.0,1858,85564,60271500.0,3249.0,9,3248.0,4
rb1805,20170719,20170718,211100500,3249.0,1860,85562,60336480.0,3249.0,8,3248.0,4
rb1805,20170719,20170718,211101500,3249.0,1860,85562,60336480.0,3249.0,8,3248.0,5
rb1805,20170719,20170718,211102000,3249.0,1860,85562,60336480.0,3249.0,8,3248.0,6
rb1805,20170719,20170718,211102500,3249.0,1860,85562,60336480.0,3249.0,8,3248.0,9
rb1805,20170719,20170718,211104000,3249.0,1860,85562,60336480.0,3249.0,8,3248.0,5
rb1805,20170719,20170718,211105000,3249.0,1860,85562,60336480.0,3249.0,8,3248.0,6
rb1805,20170719,20170718,211105500,3249.0,1860,85562,60336480.0,3249.0,8,3248.0,6
rb1805,20170719,20170718,211106000,3249.0,1860,85562,60336480.0,3249.0,11,3248.0,6
rb1805,20170719,20170718,211108000,3249.0,1868,85560,60596400.0,3249.0,7,3248.0,6
rb1805,20170719,20170718,211108500,3249.0,1870,85560,60661380.0,3249.0,6,3248.0,8
rb1805,20170719,20170718,211109000,3249.0,1882,85566,61051260.0,3250.0,11,3249.0,5
rb1805,20170719,20170718,211109500,3249.0,1882,85566,61051260.0,3250.0,11,3249.0,15
rb1805,20170719,20170718,211110000,3249.0,1882,85566,61051260.0,3250.0,11,3249.0,15
rb1805,20170719,20170718,211110500,3250.0,1898,85576,61571260.0,3250.0,3,3249.0,11
rb1805,20170719,20170718,211111000,3250.0,1904,85582,61766260.0,3251.0,3,3250.0,2
rb1805,20170719,20170718,211111500,3251.0,1910,85582,61961280.0,3251.0,8,3249.0,7
rb1805,20170719,20170718,211112000,3251.0,1910,85582,61961280.0,3251.0,7,3250.0,1
rb1805,20170719,20170718,211112500,3251.0,1910,85582,61961280.0,3251.0,8,3250.0,2
rb1805,20170719,20170718,211113000,3251.0,1910,85582,61961280.0,3251.0,8,3250.0,1
rb1805,20170719,20170718,211113500,3251.0,1912,85582,62026300.0,3251.0,2,3250.0,1
rb1805,20170719,20170718,211114000,3251.0,1912,85582,62026300.0,3251.0,7,3250.0,1
rb1805,20170719,20170718,211114500,3251.0,1912,85582,62026300.0,3251.0,7,3250.0,1
rb1805,20170719,20170718,211115500,3251.0,1924,85584,62416420.0,3251.0,1,3250.0,2
rb1805,20170719,20170718,211116000,3251.0,1926,85582,62481440.0,3252.0,1,3250.0,2
rb1805,20170719,20170718,211116500,3251.0,1926,85582,62481440.0,3252.0,1,3250.0,2
rb1805,20170719,20170718,211117000,3251.0,1926,85582,62481440.0,3252.0,1,3251.0,19
rb1805,20170719,20170718,211117500,3252.0,1936,85586,62806560.0,3253.0,2,3251.0,15
rb1805,20170719,20170718,211118000,3252.0,1938,85584,62871600.0,3252.0,5,3251.0,15
rb1805,20170719,20170718,211118500,3252.0,1938,85584,62871600.0,3252.0,5,3251.0,15
rb1805,20170719,20170718,211119000,3251.0,1966,85584,63781880.0,3252.0,5,3251.0,1
rb1805,20170719,20170718,211119500,3251.0,1966,85584,63781880.0,3252.0,5,3251.0,1
rb1805,20170719,20170718,211120000,3251.0,1968,85586,63846900.0,3251.0,2,3250.0,2
rb1805,20170719,20170718,211120500,3251.0,1968,85586,63846900.0,3252.0,6,3250.0,2
rb1805,20170719,20170718,211121000,3251.0,1968,85586,63846900.0,3252.0,6,3250.0,8
rb1805,20170719,20170718,211121500,3251.0,1968,85586,63846900.0,3252.0,5,3250.0,8
rb1805,20170719,20170718,211122500,3251.0,1968,85586,63846900.0,3252.0,5,3250.0,8
rb1805,20170719,20170718,211123000,3251.0,1968,85586,63846900.0,3252.0,5,3250.0,8
rb1805,20170719,20170718,211124000,3252.0,1978,85586,64172100.0,3253.0,3,3252.0,1
rb1805,20170719,20170718,211124500,3252.0,1980,85586,64237140.0,3252.0,5,3250.0,8
rb1805,20170719,20170718,211125000,3250.0,1982,85588,64302140.0,3252.0,2,3251.0,1
rb1805,20170719,20170718,211125500,3250.0,1982,85588,64302140.0,3252.0,3,3251.0,1
rb1805,20170719,20170718,211126000,3250.0,1982,85588,64302140.0,3252.0,3,3251.0,1
rb1805,20170719,20170718,211126500,3252.0,1984,85588,64367180.0,3252.0,2,3251.0,1
rb1805,20170719,20170718,211127000,3252.0,1984,85588,64367180.0,3252.0,3,3251.0,1
rb1805,20170719,20170718,211128000,3252.0,1984,85588,64367180.0,3252.0,3,3251.0,2
rb1805,20170719,20170718,211128500,3252.0,1984,85588,64367180.0,3252.0,2,3251.0,2
rb1805,20170719,20170718,211129000,3252.0,1984,85588,64367180.0,3252.0,2,3251.0,2
rb1805,20170719,20170718,211129500,3252.0,1984,85588,64367180.0,3252.0,3,3251.0,2
rb1805,20170719,20170718,211130500,3252.0,1984,85588,64367180.0,3252.0,2,3251.0,2
rb1805,20170719,20170718,211131000,3252.0,1984,85588,64367180.0,3252.0,3,3251.0,2
rb1805,20170719,20170718,211131500,3252.0,1984,85588,64367180.0,3252.0,3,3251.0,2
rb1805,20170719,20170718,211132500,3252.0,1990,85590,64562300.0,3253.0,22,3252.0,2
rb1805,20170719,20170718,211133000,3252.0,1994,85590,64692380.0,3253.0,22,3251.0,2
rb1805,20170719,20170718,211133500,3252.0,1994,85590,64692380.0,3253.0,25,3251.0,2
rb1805,20170719,20170718,211134000,3252.0,1994,85590,64692380.0,3253.0,26,3251.0,2
rb1805,20170719,20170718,211134500,3252.0,1994,85590,64692380.0,3252.0,10,3251.0,2
rb1805,20170719,20170718,211135000,3252.0,1994,85590,64692380.0,3252.0,11,3251.0,2
rb1805,20170719,20170718,211135500,3252.0,1994,85590,64692380.0,3252.0,10,3251.0,2
rb1805,20170719,20170718,211136500,3252.0,1994,85590,64692380.0,3252.0,10,3251.0,2
rb1805,20170719,20170718,211137000,3252.0,1994,85590,64692380.0,3252.0,10,3251.0,2
rb1805,20170719,20170718,211137500,3251.0,1996,85590,64757400.0,3252.0,18,3251.0,1
rb1805,20170719,20170718,211138000,3251.0,1996,85590,64757400.0,3252.0,18,3251.0,6
rb1805,20170719,20170718,211138500,3252.0,2016,85608,65407800.0,3252.0,8,3251.0,6
rb1805,20170719,20170718,211139000,3252.0,2016,85608,65407800.0,3252.0,8,3251.0,6
rb1805,20170719,20170718,211139500,3252.0,2018,85606,65472840.0,3252.0,12,3251.0,6
rb1805,20170719,20170718,211140000,3252.0,2042,85582,66253320.0,3253.0,22,3252.0,8
rb1805,20170719,20170718,211141000,3252.0,2042,85582,66253320.0,3253.0,21,3252.0,8
rb1805,20170719,20170718,211142000,3252.0,2042,85582,66253320.0,3253.0,21,3252.0,8
rb1805,20170719,20170718,211142500,3250.0,2088,85542,67748780.0,3253.0,21,3250.0,39
rb1805,20170719,20170718,211143000,3250.0,2088,85542,67748780.0,3253.0,26,3251.0,2
rb1805,20170719,20170718,211143500,3250.0,2088,85542,67748780.0,3253.0,26,3251.0,2
rb1805,20170719,20170718,211144000,3250.0,2088,85542,67748780.0,3253.0,21,3251.0,7
rb1805,20170719,20170718,211144500,3250.0,2088,85542,67748780.0,3253.0,21,3251.0,7
rb1805,20170719,20170718,211145000,3250.0,2088,85542,67748780.0,3253.0,22,3251.0,7
rb1805,20170719,20170718,211145500,3253.0,2090,85540,67813840.0,3253.0,21,3251.0,7
rb1805,20170719,20170718,211146000,3253.0,2090,85540,67813840.0,3253.0,21,3251.0,7
rb1805,20170719,20170718,211146500,3253.0,2094,85538,67943960.0,3253.0,19,3251.0,10
rb1805,20170719,20170718,211147000,3253.0,2094,85538,67943960.0,3253.0,19,3251.0,10
rb1805,20170719,20170718,211147500,3253.0,2094,85538,67943960.0,3253.0,19,3251.0,7
rb1805,20170719,20170718,211148000,3253.0,2104,85538,68269260.0,3253.0,14,3251.0,10
rb1805,20170719,20170718,211148500,3253.0,2104,85538,68269260.0,3253.0,14,3252.0,1
rb1805,20170719,20170718,211149500,3253.0,2104,85538,68269260.0,3253.0,14,3252.0,1
rb1805,20170719,20170718,211150000,3253.0,2104,85538,68269260.0,3253.0,14,3252.0,1
rb1805,20170719,20170718,211150500,3253.0,2104,85538,68269260.0,3253.0,14,3252.0,11
rb1805,20170719,20170718,211151000,3253.0,2104,85538,68269260.0,3253.0,15,3252.0,11
rb1805,20170719,20170718,211151500,3253.0,2104,85538,68269260.0,3253.0,15,3252.0,11
rb1805,20170719,20170718,211152000,3253.0,2104,85538,68269260.0,3253.0,15,3252.0,11
rb1805,20170719,20170718,211152500,3253.0,2104,85538,68269260.0,3253.0,15,3252.0,11
rb1805,20170719,20170718,211153500,3253.0,2126,85518,68984920.0,3253.0,3,3252.0,11
rb1805,20170719,20170718,211154000,3253.0,2126,85518,68984920.0,3253.0,3,3252.0,14
rb1805,20170719,20170718,211155000,3253.0,2126,85518,68984920.0,3253.0,3,3252.0,14
rb1805,20170719,20170718,211155500,3253.0,2126,85518,68984920.0,3253.0,3,3252.0,14
rb1805,20170719,20170718,211156000,3252.0,2128,85518,69049960.0,3253.0,9,3252.0,13
rb1805,20170719,20170718,211156500,3252.0,2128,85518,69049960.0,3253.0,9,3252.0,14
rb1805,20170719,20170718,211157000,3252.0,2128,85518,69049960.0,3253.0,10,3252.0,13
rb1805,20170719,20170718,211157500,3252.0,2128,85518,69049960.0,3253.0,10,3252.0,14
rb1805,20170719,20170718,211158000,3252.0,2128,85518,69049960.0,3253.0,10,3252.0,13
rb1805,20170719,20170718,211158500,3252.0,2128,85518,69049960.0,3253.0,10,3252.0,13
rb1805,20170719,20170718,211159500,3252.0,2128,85518,69049960.0,3253.0,9,3252.0,13
rb1805,20170719,20170718,211200000,3252.0,2128,85518,69049960.0,3253.0,13,3252.0,13
rb1805,20170719,20170718,211200500,3253.0,2148,85500,69700560.0,3253.0,3,3252.0,13
rb1805,20170719,20170718,211202000,3253.0,2150,85500,69765620.0,3253.0,2,3252.0,13
rb1805,20170719,20170718,211202500,3253.0,2154,85500,69895740.0,3253.0,1,3252.0,13
rb1805,20170719,20170718,211203000,3253.0,2154,85500,69895740.0,3253.0,1,3252.0,13
rb1805,20170719,20170718,211203500,3252.0,2156,85500,69960780.0,3253.0,1,3252.0,12
rb1805,20170719,20170718,211205000,3252.0,2156,85500,69960780.0,3253.0,2,3252.0,12
rb1805,20170719,20170718,211205500,3252.0,2156,85500,69960780.0,3253.0,3,3252.0,12
rb1805,20170719,20170718,211206000,3252.0,2160,85502,70090860.0,3253.0,3,3252.0,10
rb1805,20170719,20170718,211206500,3252.0,2160,85502,70090860.0,3253.0,3,3252.0,10
rb1805,20170719,20170718,211207500,3253.0,2162,85502,70155920.0,3253.0,1,3252.0,10
rb1805,20170719,20170718,211208000,3253.0,2164,85500,70220980.0,3254.0,11,3252.0,10
rb1805,20170719,20170718,211208500,3253.0,2164,85500,70220980.0,3253.0,1,3252.0,15
rb1805,20170719,20170718,211209000,3253.0,2164,85500,70220980.0,3253.0,1,3252.0,15
rb1805,20170719,20170718,211209500,3253.0,2168,85500,70351080.0,3254.0,12,3252.0,14
rb1805,20170719,20170718,211211000,3253.0,2168,85500,70351080.0,3254.0,12,3252.0,14
rb1805,20170719,20170718,211212000,3253.0,2168,85500,70351080.0,3254.0,12,3252.0,14
rb1805,20170719,20170718,211212500,3252.0,2170,85500,70416120.0,3254.0,15,3252.0,13
rb1805,20170719,20170718,211213500,3254.0,2174,85502,70546260.0,3254.0,13,3252.0,13
rb1805,20170719,20170718,211214000,3254.0,2174,85502,70546260.0,3254.0,14,3252.0,13
rb1805,20170719,20170718,211215500,3254.0,2174,85502,70546260.0,3254.0,14,3252.0,13
rb1805,20170719,20170718,211216000,3254.0,2174,85502,70546260.0,3254.0,14,3252.0,8
rb1805,20170719,20170718,211218000,3254.0,2174,85502,70546260.0,3254.0,13,3252.0,13
rb1805,20170719,20170718,211218500,3254.0,2174,85502,70546260.0,3254.0,13,3252.0,14
rb1805,20170719,20170718,211219500,3254.0,2174,85502,70546260.0,3254.0,13,3252.0,16
rb1805,20170719,20170718,211221000,3254.0,2174,85502,70546260.0,3253.0,4,3252.0,11
rb1805,20170719,20170718,211222000,3254.0,2174,85502,70546260.0,3254.0,14,3252.0,16
rb1805,20170719,20170718,211222500,3252.0,2178,85502,70676380.0,3254.0,12,3252.0,15
rb1805,20170719,20170718,211224500,3252.0,2178,85502,70676380.0,3254.0,12,3252.0,16
rb1805,20170719,20170718,211225000,3254.0,2180,85502,70741460.0,3254.0,12,3252.0,17
rb1805,20170719,20170718,211225500,3254.0,2180,85502,70741460.0,3254.0,12,3252.0,17
rb1805,20170719,20170718,211226000,3254.0,2180,85502,70741460.0,3254.0,12,3252.0,18
rb1805,20170719,20170718,211227500,3254.0,2180,85502,70741460.0,3254.0,12,3253.0,20
rb1805,20170719,20170718,211228000,3254.0,2180,85502,70741460.0,3254.0,12,3253.0,20
rb1805,20170719,20170718,211228500,3254.0,2180,85502,70741460.0,3254.0,12,3253.0,40
rb1805,20170719,20170718,211229000,3254.0,2180,85502,70741460.0,3254.0,13,3253.0,40
rb1805,20170719,20170718,211229500,3254.0,2180,85502,70741460.0,3254.0,13,3253.0,40
rb1805,20170719,20170718,211230000,3254.0,2182,85502,70806540.0,3254.0,12,3253.0,40
rb1805,20170719,20170718,211230500,3254.0,2182,85502,70806540.0,3254.0,11,3253.0,40
rb1805,20170719,20170718,211231000,3254.0,2182,85502,70806540.0,3254.0,11,3253.0,41
rb1805,20170719,20170718,211231500,3254.0,2204,85490,71522420.0,3255.0,5,3254.0,9
rb1805,20170719,20170718,211232000,3255.0,2210,85490,71717700.0,3255.0,3,3254.0,8
rb1805,20170719,20170718,211232500,3255.0,2210,85490,71717700.0,3255.0,3,3254.0,8
rb1805,20170719,20170718,211233000,3255.0,2212,85488,71782800.0,3255.0,2,3254.0,8
rb1805,20170719,20170718,211234000,3254.0,2220,85480,72043120.0,3255.0,2,3254.0,4
rb1805,20170719,20170718,211235000,3254.0,2220,85480,72043120.0,3255.0,2,3254.0,4
rb1805,20170719,20170718,211236500,3254.0,2228,85472,72303440.0,3254.0,4,3253.0,40
rb1805,20170719,20170718,211237000,3254.0,2228,85472,72303440.0,3254.0,7,3253.0,40
rb1805,20170719,20170718,211240000,3254.0,2242,85462,72758880.0,3254.0,6,3253.0,34
rb1805,20170719,20170718,211240500,3254.0,2242,85462,72758880.0,3254.0,3,3253.0,34
rb1805,20170719,20170718,211242000,3254.0,2246,85466,72889040.0,3254.0,1,3253.0,34
rb1805,20170719,20170718,211243000,3254.0,2246,85466,72889040.0,3254.0,1,3253.0,34
rb1805,20170719,20170718,211243500,3254.0,2248,85468,72954120.0,3255.0,3,3253.0,34
rb1805,20170719,20170718,211244000,3254.0,2248,85468,72954120.0,3255.0,7,3253.0,34
rb1805,20170719,20170718,211245000,3254.0,2248,85468,72954120.0,3255.0,7,3253.0,34
rb1805,20170719,20170718,211245500,3254.0,2248,85468,72954120.0,3255.0,6,3253.0,39
rb1805,20170719,20170718,211246000,3254.0,2248,85468,72954120.0,3255.0,7,3253.0,39
rb1805,20170719,20170718,211246500,3254.0,2248,85468,72954120.0,3254.0,1,3253.0,39
rb1805,20170719,20170718,211247000,3254.0,2248,85468,72954120.0,3254.0,1,3253.0,39
rb1805,20170719,20170718,211248000,3254.0,2250,85468,73019200.0,3255.0,5,3253.0,35
rb1805,20170719,20170718,211248500,3254.0,2250,85468,73019200.0,3255.0,8,3253.0,35
rb1805,20170719,20170718,211249000,3253.0,2252,85466,73084260.0,3255.0,8,3253.0,34
rb1805,20170719,20170718,211250000,3253.0,2252,85466,73084260.0,3255.0,8,3254.0,1
rb1805,20170719,20170718,211250500,3254.0,2254,85466,73149340.0,3254.0,2,3253.0,34
rb1805,20170719,20170718,211251000,3254.0,2254,85466,73149340.0,3254.0,2,3253.0,34
rb1805,20170719,20170718,211253000,3254.0,2254,85466,73149340.0,3254.0,3,3253.0,34
rb1805,20170719,20170718,211254000,3254.0,2254,85466,73149340.0,3254.0,3,3253.0,34
rb1805,20170719,20170718,211254500,3254.0,2254,85466,73149340.0,3254.0,3,3253.0,1
rb1805,20170719,20170718,211255500,3254.0,2254,85466,73149340.0,3254.0,3,3253.0,1
rb1805,20170719,20170718,211256000,3254.0,2254,85466,73149340.0,3254.0,3,3253.0,1
rb1805,20170719,20170718,211257000,3253.0,2256,85466,73214400.0,3254.0,4,3252.0,17
rb1805,20170719,20170718,211257500,3253.0,2256,85466,73214400.0,3254.0,4,3252.0,17
rb1805,20170719,20170718,211258000,3254.0,2260,85466,73344560.0,3254.0,2,3252.0,17
rb1805,20170719,20170718,211258500,3254.0,2260,85466,73344560.0,3254.0,3,3252.0,17
rb1805,20170719,20170718,211259000,3254.0,2262,85466,73409640.0,3254.0,2,3252.0,17
rb1805,20170719,20170718,211259500,3254.0,2262,85466,73409640.0,3254.0,2,3252.0,17
rb1805,20170719,20170718,211300500,3254.0,2262,85466,73409640.0,3254.0,2,3252.0,17
rb1805,20170719,20170718,211302000,3254.0,2262,85466,73409640.0,3254.0,3,3252.0,17
rb1805,20170719,20170718,211302500,3254.0,2262,85466,73409640.0,3254.0,3,3252.0,17
rb1805,20170719,20170718,211303000,3252.0,2264,85466,73474680.0,3254.0,4,3252.0,16
rb1805,20170719,20170718,211304500,3252.0,2264,85466,73474680.0,3254.0,5,3252.0,16
rb1805,20170719,20170718,211305500,3254.0,2268,85466,73604840.0,3254.0,3,3252.0,16
rb1805,20170719,20170718,211306000,3254.0,2268,85466,73604840.0,3254.0,3,3253.0,1
rb1805,20170719,20170718,211308000,3254.0,2274,85462,73800080.0,3255.0,6,3253.0,6
rb1805,20170719,20170718,211309000,3254.0,2274,85462,73800080.0,3255.0,8,3253.0,6
rb1805,20170719,20170718,211310000,3254.0,2274,85462,73800080.0,3255.0,9,3253.0,6
rb1805,20170719,20170718,211310500,3254.0,2274,85462,73800080.0,3255.0,12,3253.0,3
rb1805,20170719,20170718,211311000,3254.0,2274,85462,73800080.0,3255.0,12,3254.0,1
rb1805,20170719,20170718,211311500,3254.0,2276,85462,73865160.0,3255.0,10,3253.0,3
rb1805,20170719,20170718,211313000,3254.0,2276,85462,73865160.0,3255.0,10,3254.0,1
rb1805,20170719,20170718,211313500,3254.0,2276,85462,73865160.0,3255.0,9,3254.0,1
rb1805,20170719,20170718,211314000,3254.0,2276,85462,73865160.0,3255.0,9,3254.0,1
rb1805,20170719,20170718,211314500,3254.0,2276,85462,73865160.0,3255.0,10,3254.0,1
rb1805,20170719,20170718,211315000,3254.0,2276,85462,73865160.0,3255.0,13,3254.0,1
rb1805,20170719,20170718,211315500,3254.0,2278,85464,73930240.0,3255.0,13,3253.0,6
rb1805,20170719,20170718,211316000,3253.0,2280,85464,73995300.0,3255.0,13,3253.0,5
rb1805,20170719,20170718,211317000,3253.0,2282,85464,74060360.0,3255.0,13,3253.0,4
rb1805,20170719,20170718,211317500,3253.0,2284,85466,74125420.0,3255.0,13,3253.0,3
rb1805,20170719,20170718,211318500,3255.0,2304,85476,74776420.0,3255.0,3,3253.0,3
rb1805,20170719,20170718,211319000,3253.0,2306,85476,74841480.0,3255.0,4,3253.0,2
rb1805,20170719,20170718,211319500,3253.0,2306,85476,74841480.0,3255.0,3,3253.0,2
rb1805,20170719,20170718,211320500,3253.0,2306,85476,74841480.0,3255.0,3,3253.0,7
rb1805,20170719,20170718,211321000,3253.0,2306,85476,74841480.0,3255.0,4,3253.0,7
rb1805,20170719,20170718,211321500,3253.0,2306,85476,74841480.0,3255.0,3,3253.0,7
rb1805,20170719,20170718,211322500,3253.0,2308,85478,74906540.0,3255.0,3,3253.0,6
rb1805,20170719,20170718,211323000,3253.0,2308,85478,74906540.0,3255.0,6,3253.0,1
rb1805,20170719,20170718,211324000,3253.0,2308,85478,74906540.0,3255.0,3,3253.0,6
rb1805,20170719,20170718,211324500,3253.0,2308,85478,74906540.0,3256.0,4,3253.0,6
rb1805,20170719,20170718,211325000,3253.0,2308,85478,74906540.0,3256.0,4,3254.0,10
rb1805,20170719,20170718,211325500,3253.0,2308,85478,74906540.0,3256.0,4,3254.0,15
rb1805,20170719,20170718,211326000,3253.0,2308,85478,74906540.0,3256.0,4,3254.0,15
rb1805,20170719,20170718,211328000,3253.0,2308,85478,74906540.0,3256.0,4,3255.0,1
rb1805,20170719,20170718,211329000,3253.0,2308,85478,74906540.0,3256.0,7,3255.0,1
rb1805,20170719,20170718,211330000,3253.0,2308,85478,74906540.0,3256.0,7,3255.0,1
rb1805,20170719,20170718,211331500,3253.0,2308,85478,74906540.0,3256.0,7,3255.0,1
rb1805,20170719,20170718,211332000,3255.0,2310,85480,74971640.0,3255.0,1,3254.0,15
rb1805,20170719,20170718,211332500,3255.0,2312,85482,75036740.0,3256.0,4,3254.0,15
rb1805,20170719,20170718,211333000,3255.0,2312,85482,75036740.0,3256.0,4,3255.0,1
rb1805,20170719,20170718,211333500,3255.0,2314,85480,75101840.0,3255.0,7,3254.0,15
rb1805,20170719,20170718,211334000,3255.0,2316,85480,75166940.0,3255.0,6,3254.0,15
rb1805,20170719,20170718,211334500,3255.0,2318,85478,75232040.0,3255.0,5,3254.0,15
rb1805,20170719,20170718,211335000,3255.0,2324,85478,75427340.0,3256.0,4,3254.0,15
rb1805,20170719,20170718,211336000,3255.0,2324,85478,75427340.0,3256.0,4,3255.0,20
rb1805,20170719,20170718,211336500,3255.0,2324,85478,75427340.0,3256.0,4,3255.0,20
rb1805,20170719,20170718,211337500,3255.0,2324,85478,75427340.0,3256.0,4,3255.0,20
rb1805,20170719,20170718,211339000,3255.0,2324,85478,75427340.0,3256.0,4,3255.0,20
rb1805,20170719,20170718,211340500,3256.0,2332,85470,75687820.0,3257.0,6,3255.0,20
rb1805,20170719,20170718,211341000,3256.0,2332,85470,75687820.0,3257.0,6,3255.0,25
rb1805,20170719,20170718,211341500,3256.0,2332,85470,75687820.0,3256.0,1,3255.0,26
rb1805,20170719,20170718,211342000,3256.0,2332,85470,75687820.0,3256.0,1,3255.0,21
rb1805,20170719,20170718,211342500,3256.0,2332,85470,75687820.0,3256.0,2,3255.0,21
rb1805,20170719,20170718,211344000,3256.0,2332,85470,75687820.0,3256.0,3,3255.0,21
rb1805,20170719,20170718,211348000,3256.0,2332,85470,75687820.0,3256.0,3,3255.0,21
rb1805,20170719,20170718,211348500,3256.0,2338,85472,75883180.0,3257.0,6,3255.0,21
rb1805,20170719,20170718,211349500,3256.0,2338,85472,75883180.0,3257.0,6,3255.0,26
rb1805,20170719,20170718,211350000,3256.0,2338,85472,75883180.0,3257.0,6,3255.0,26
rb1805,20170719,20170718,211351000,3256.0,2338,85472,75883180.0,3257.0,6,3255.0,27
rb1805,20170719,20170718,211351500,3256.0,2338,85472,75883180.0,3257.0,6,3256.0,3
rb1805,20170719,20170718,211354500,3256.0,2338,85472,75883180.0,3257.0,10,3256.0,3
rb1805,20170719,20170718,211355000,3256.0,2340,85472,75948300.0,3257.0,10,3256.0,3
rb1805,20170719,20170718,211355500,3256.0,2346,85468,76143660.0,3256.0,1,3255.0,27
rb1805,20170719,20170718,211356000,3256.0,2346,85468,76143660.0,3257.0,10,3255.0,27
rb1805,20170719,20170718,211356500,3256.0,2346,85468,76143660.0,3257.0,10,3255.0,27
rb1805,20170719,20170718,211358000,3256.0,2346,85468,76143660.0,3257.0,9,3255.0,27
rb1805,20170719,20170718,211358500,3256.0,2346,85468,76143660.0,3257.0,6,3256.0,2
rb1805,20170719,20170718,211400500,3256.0,2350,85468,76273900.0,3257.0,6,3256.0,1
rb1805,20170719,20170718,211403000,3256.0,2350,85468,76273900.0,3257.0,7,3256.0,1
rb1805,20170719,20170718,211403500,3256.0,2350,85468,76273900.0,3257.0,7,3256.0,6
rb1805,20170719,20170718,211404000,3257.0,2358,85464,76534460.0,3257.0,3,3256.0,6
rb1805,20170719,20170718,211404500,3257.0,2360,85464,76599600.0,3257.0,2,3256.0,6
rb1805,20170719,20170718,211405000,3257.0,2364,85464,76729880.0,3258.0,6,3257.0,3
rb1805,20170719,20170718,211405500,3257.0,2364,85464,76729880.0,3258.0,6,3257.0,1
rb1805,20170719,20170718,211406000,3257.0,2364,85464,76729880.0,3258.0,6,3257.0,1
rb1805,20170719,20170718,211406500,3257.0,2366,85462,76795020.0,3258.0,6,3257.0,1
rb1805,20170719,20170718,211407000,3257.0,2366,85462,76795020.0,3258.0,6,3257.0,11
rb1805,20170719,20170718,211407500,3257.0,2366,85462,76795020.0,3258.0,6,3257.0,11
rb1805,20170719,20170718,211408000,3258.0,2368,85462,76860180.0,3258.0,5,3257.0,11
rb1805,20170719,20170718,211408500,3257.0,2374,85460,77055640.0,3258.0,3,3257.0,10
rb1805,20170719,20170718,211409000,3258.0,2380,85454,77251120.0,3259.0,10,3258.0,17
rb1805,20170719,20170718,211410500,3258.0,2380,85454,77251120.0,3259.0,10,3258.0,22
rb1805,20170719,20170718,211411000,3258.0,2380,85454,77251120.0,3259.0,10,3258.0,22
rb1805,20170719,20170718,211411500,3258.0,2380,85454,77251120.0,3259.0,12,3258.0,24
rb1805,20170719,20170718,211412000,3258.0,2380,85454,77251120.0,3259.0,12,3258.0,24
rb1805,20170719,20170718,211412500,3259.0,2396,85456,77772560.0,3259.0,4,3258.0,24
rb1805,20170719,20170718,211413000,3259.0,2404,85456,78033280.0,3260.0,20,3259.0,6
rb1805,20170719,20170718,211413500,3260.0,2410,85458,78228880.0,3260.0,17,3259.0,8
rb1805,20170719,20170718,211414000,3261.0,2452,85478,79598180.0,3262.0,6,3259.0,5
rb1805,20170719,20170718,211414500,3262.0,2464,85470,79989620.0,3263.0,8,3261.0,3
rb1805,20170719,20170718,211415000,3262.0,2464,85470,79989620.0,3263.0,8,3261.0,8
rb1805,20170719,20170718,211415500,3261.0,2476,85474,80380940.0,3261.0,2,3259.0,5
rb1805,20170719,20170718,211416000,3262.0,2480,85470,80511400.0,3263.0,14,3261.0,4
rb1805,20170719,20170718,211416500,3263.0,2484,85466,80641920.0,3263.0,12,3259.0,5
rb1805,20170719,20170718,211417000,3263.0,2488,85466,80772360.0,3263.0,10,3259.0,5
rb1805,20170719,20170718,211417500,3263.0,2488,85466,80772360.0,3263.0,10,3259.0,5
rb1805,20170719,20170718,211418000,3263.0,2488,85466,80772360.0,3263.0,10,3260.0,3
rb1805,20170719,20170718,211419000,3263.0,2496,85466,81033400.0,3262.0,2,3261.0,1
rb1805,20170719,20170718,211419500,3263.0,2496,85466,81033400.0,3262.0,2,3261.0,1
rb1805,20170719,20170718,211420000,3263.0,2496,85466,81033400.0,3262.0,2,3261.0,1
rb1805,20170719,20170718,211420500,3262.0,2500,85466,81163880.0,3263.0,6,3262.0,1
rb1805,20170719,20170718,211421000,3262.0,2526,85456,82012000.0,3263.0,1,3262.0,2
rb1805,20170719,20170718,211421500,3262.0,2532,85454,82207720.0,3263.0,1,3262.0,10
rb1805,20170719,20170718,211422000,3262.0,2532,85454,82207720.0,3263.0,2,3262.0,10
rb1805,20170719,20170718,211423000,3263.0,2546,85458,82664420.0,3263.0,1,3262.0,4
rb1805,20170719,20170718,211423500,3263.0,2546,85458,82664420.0,3263.0,1,3262.0,5
rb1805,20170719,20170718,211424000,3263.0,2546,85458,82664420.0,3263.0,1,3262.0,5
rb1805,20170719,20170718,211425500,3263.0,2546,85458,82664420.0,3263.0,1,3262.0,5
rb1805,20170719,20170718,211426000,3263.0,2548,85458,82729680.0,3264.0,6,3263.0,5
rb1805,20170719,20170718,211426500,3263.0,2558,85460,83055980.0,3263.0,10,3262.0,5
rb1805,20170719,20170718,211427000,3263.0,2558,85460,83055980.0,3263.0,8,3262.0,5
rb1805,20170719,20170718,211427500,3262.0,2560,85460,83121220.0,3263.0,8,3262.0,4
rb1805,20170719,20170718,211428500,3262.0,2560,85460,83121220.0,3263.0,8,3262.0,4
rb1805,20170719,20170718,211429000,3262.0,2560,85460,83121220.0,3263.0,8,3262.0,4
rb1805,20170719,20170718,211429500,3262.0,2560,85460,83121220.0,3263.0,8,3262.0,4
rb1805,20170719,20170718,211430000,3262.0,2560,85460,83121220.0,3263.0,8,3262.0,4
rb1805,20170719,20170718,211431000,3262.0,2562,85460,83186460.0,3263.0,8,3262.0,3
rb1805,20170719,20170718,211431500,3262.0,2562,85460,83186460.0,3263.0,8,3262.0,3
rb1805,20170719,20170718,211432000,3262.0,2564,85460,83251700.0,3263.0,8,3262.0,2
rb1805,20170719,20170718,211432500,3262.0,2564,85460,83251700.0,3263.0,7,3262.0,2
rb1805,20170719,20170718,211433000,3262.0,2564,85460,83251700.0,3263.0,7,3262.0,2
rb1805,20170719,20170718,211433500,3262.0,2564,85460,83251700.0,3263.0,7,3262.0,2
rb1805,20170719,20170718,211434000,3262.0,2564,85460,83251700.0,3263.0,7,3262.0,2
rb1805,20170719,20170718,211434500,3262.0,2564,85460,83251700.0,3263.0,7,3262.0,2
rb1805,20170719,20170718,211435000,3262.0,2566,85462,83316940.0,3263.0,7,3262.0,1
rb1805,20170719,20170718,211435500,3262.0,2566,85462,83316940.0,3263.0,8,3262.0,1
rb1805,20170719,20170718,211436000,3262.0,2568,85462,83382180.0,3263.0,8,3261.0,2
rb1805,20170719,20170718,211436500,3262.0,2568,85462,83382180.0,3263.0,7,3261.0,3
rb1805,20170719,20170718,211437500,3262.0,2568,85462,83382180.0,3263.0,7,3261.0,3
rb1805,20170719,20170718,211438000,3262.0,2568,85462,83382180.0,3262.0,2,3261.0,3
rb1805,20170719,20170718,211438500,3262.0,2572,85460,83512660.0,3263.0,7,3262.0,2
rb1805,20170719,20170718,211439000,3262.0,2572,85460,83512660.0,3263.0,7,3262.0,2
rb1805,20170719,20170718,211439500,3262.0,2572,85460,83512660.0,3263.0,7,3262.0,3
rb1805,20170719,20170718,211440500,3262.0,2572,85460,83512660.0,3263.0,7,3262.0,5
rb1805,20170719,20170718,211441500,3262.0,2572,85460,83512660.0,3263.0,9,3262.0,3
rb1805,20170719,20170718,211442000,3262.0,2572,85460,83512660.0,3263.0,4,3262.0,3
rb1805,20170719,20170718,211442500,3262.0,2584,85454,83904100.0,3263.0,4,3262.0,17
rb1805,20170719,20170718,211444000,3263.0,2586,85454,83969360.0,3263.0,3,3262.0,17
rb1805,20170719,20170718,211445000,3263.0,2592,85454,84165140.0,3264.0,5,3263.0,21
rb1805,20170719,20170718,211445500,3263.0,2594,85454,84230400.0,3264.0,5,3263.0,20
rb1805,20170719,20170718,211446500,3263.0,2594,85454,84230400.0,3264.0,5,3263.0,20
rb1805,20170719,20170718,211447000,3263.0,2634,85414,85535600.0,3262.0,80,3261.0,3
rb1805,20170719,20170718,211447500,3262.0,2650,85412,86057520.0,3262.0,72,3261.0,5
rb1805,20170719,20170718,211448000,3262.0,2650,85412,86057520.0,3262.0,73,3261.0,3
rb1805,20170719,20170718,211448500,3262.0,2650,85412,86057520.0,3262.0,78,3261.0,3
rb1805,20170719,20170718,211449000,3262.0,2650,85412,86057520.0,3262.0,78,3261.0,3
rb1805,20170719,20170718,211449500,3262.0,2650,85412,86057520.0,3262.0,72,3261.0,3
rb1805,20170719,20170718,211450500,3262.0,2650,85412,86057520.0,3262.0,73,3261.0,3
rb1805,20170719,20170718,211451000,3262.0,2652,85412,86122760.0,3262.0,72,3261.0,3
rb1805,20170719,20170718,211451500,3262.0,2652,85412,86122760.0,3262.0,72,3261.0,3
rb1805,20170719,20170718,211452500,3261.0,2654,85412,86187980.0,3262.0,72,3261.0,2
rb1805,20170719,20170718,211453000,3261.0,2654,85412,86187980.0,3262.0,73,3261.0,7
rb1805,20170719,20170718,211454000,3261.0,2656,85410,86253200.0,3262.0,78,3261.0,6
rb1805,20170719,20170718,211454500,3261.0,2668,85422,86644520.0,3261.0,8,3260.0,8
rb1805,20170719,20170718,211455000,3261.0,2668,85422,86644520.0,3261.0,1,3260.0,8
rb1805,20170719,20170718,211455500,3261.0,2668,85422,86644520.0,3261.0,1,3260.0,8
rb1805,20170719,20170718,211456500,3260.0,2670,85420,86709720.0,3261.0,1,3260.0,7
rb1805,20170719,20170718,211457000,3261.0,2672,85420,86774940.0,3262.0,78,3260.0,7
rb1805,20170719,20170718,211457500,3261.0,2672,85420,86774940.0,3261.0,1,3260.0,7
rb1805,20170719,20170718,211459000,3261.0,2672,85420,86774940.0,3261.0,1,3260.0,10
rb1805,20170719,20170718,211459500,3261.0,2674,85420,86840160.0,3262.0,78,3260.0,10
rb1805,20170719,20170718,211500000,3261.0,2674,85420,86840160.0,3262.0,77,3260.0,10
rb1805,20170719,20170718,211501000,3261.0,2674,85420,86840160.0,3262.0,77,3260.0,30
rb1805,20170719,20170718,211502000,3261.0,2674,85420,86840160.0,3262.0,74,3260.0,30
rb1805,20170719,20170718,211502500,3260.0,2676,85418,86905360.0,3262.0,74,3260.0,27
rb1805,20170719,20170718,211503000,3260.0,2676,85418,86905360.0,3262.0,75,3260.0,27
rb1805,20170719,20170718,211503500,3260.0,2682,85422,87100960.0,3262.0,75,3260.0,24
rb1805,20170719,20170718,211504000,3260.0,2682,85422,87100960.0,3262.0,80,3260.0,24
rb1805,20170719,20170718,211505000,3260.0,2682,85422,87100960.0,3262.0,80,3260.0,24
rb1805,20170719,20170718,211506500,3260.0,2682,85422,87100960.0,3262.0,81,3261.0,2
rb1805,20170719,20170718,211507000,3261.0,2686,85418,87231400.0,3262.0,81,3260.0,24
rb1805,20170719,20170718,211509500,3261.0,2686,85418,87231400.0,3262.0,83,3260.0,24
rb1805,20170719,20170718,211510000,3261.0,2708,85424,87948620.0,3262.0,83,3260.0,14
rb1805,20170719,20170718,211511000,3261.0,2708,85424,87948620.0,3262.0,83,3260.0,14
rb1805,20170719,20170718,211511500,3260.0,2710,85422,88013820.0,3262.0,83,3260.0,12
rb1805,20170719,20170718,211512000,3260.0,2726,85406,88535420.0,3262.0,83,3260.0,4
rb1805,20170719,20170718,211512500,3260.0,2726,85406,88535420.0,3261.0,1,3260.0,4
rb1805,20170719,20170718,211513000,3260.0,2726,85406,88535420.0,3261.0,1,3260.0,4
rb1805,20170719,20170718,211513500,3260.0,2726,85406,88535420.0,3261.0,1,3260.0,14
rb1805,20170719,20170718,211515000,3260.0,2726,85406,88535420.0,3261.0,2,3260.0,14
rb1805,20170719,20170718,211516500,3260.0,2726,85406,88535420.0,3261.0,2,3260.0,14
rb1805,20170719,20170718,211517000,3260.0,2730,85402,88665820.0,3261.0,2,3260.0,12
rb1805,20170719,20170718,211517500,3260.0,2732,85402,88731020.0,3261.0,2,3260.0,11
rb1805,20170719,20170718,211518000,3261.0,2734,85400,88796240.0,3261.0,3,3260.0,11
rb1805,20170719,20170718,211519000,3261.0,2734,85400,88796240.0,3261.0,3,3260.0,12
rb1805,20170719,20170718,211520000,3261.0,2746,85388,89187460.0,3261.0,3,3260.0,7
rb1805,20170719,20170718,211520500,3261.0,2746,85388,89187460.0,3261.0,2,3260.0,8
rb1805,20170719,20170718,211521000,3261.0,2746,85388,89187460.0,3261.0,2,3260.0,8
rb1805,20170719,20170718,211521500,3261.0,2748,85388,89252680.0,3261.0,1,3260.0,8
rb1805,20170719,20170718,211524000,3261.0,2748,85388,89252680.0,3261.0,1,3260.0,8
rb1805,20170719,20170718,211524500,3260.0,2758,85378,89578680.0,3261.0,1,3260.0,3
rb1805,20170719,20170718,211525000,3260.0,2758,85378,89578680.0,3261.0,1,3260.0,3
rb1805,20170719,20170718,211525500,3261.0,2760,85376,89643900.0,3262.0,83,3261.0,1
rb1805,20170719,20170718,211526000,3261.0,2760,85376,89643900.0,3261.0,1,3260.0,3
rb1805,20170719,20170718,211526500,3261.0,2762,85374,89709120.0,3262.0,78,3261.0,2
rb1805,20170719,20170718,211527000,3261.0,2762,85374,89709120.0,3262.0,78,3260.0,3
rb1805,20170719,20170718,211529000,3261.0,2762,85374,89709120.0,3261.0,1,3260.0,3
rb1805,20170719,20170718,211529500,3261.0,2762,85374,89709120.0,3261.0,1,3260.0,4
rb1805,20170719,20170718,211530000,3261.0,2762,85374,89709120.0,3261.0,1,3260.0,7
rb1805,20170719,20170718,211531000,3261.0,2762,85374,89709120.0,3261.0,1,3260.0,7
rb1805,20170719,20170718,211531500,3261.0,2764,85376,89774340.0,3262.0,78,3260.0,7
rb1805,20170719,20170718,211532000,3262.0,2770,85376,89970060.0,3262.0,75,3260.0,7
rb1805,20170719,20170718,211532500,3262.0,2770,85376,89970060.0,3262.0,75,3260.0,8
rb1805,20170719,20170718,211533000,3262.0,2770,85376,89970060.0,3262.0,77,3260.0,8
rb1805,20170719,20170718,211533500,3262.0,2770,85376,89970060.0,3261.0,1,3260.0,8
rb1805,20170719,20170718,211534000,3261.0,2772,85374,90035280.0,3262.0,77,3260.0,8
rb1805,20170719,20170718,211535000,3261.0,2772,85374,90035280.0,3262.0,77,3260.0,28
rb1805,20170719,20170718,211536000,3262.0,2776,85374,90165740.0,3262.0,76,3260.0,28
rb1805,20170719,20170718,211536500,3262.0,2776,85374,90165740.0,3262.0,76,3260.0,28
rb1805,20170719,20170718,211537500,3262.0,2776,85374,90165740.0,3262.0,76,3260.0,28
rb1805,20170719,20170718,211538500,3262.0,2776,85374,90165740.0,3262.0,76,3260.0,28
rb1805,20170719,20170718,211540000,3262.0,2776,85374,90165740.0,3261.0,1,3260.0,27
rb1805,20170719,20170718,211541000,3262.0,2776,85374,90165740.0,3261.0,1,3260.0,27
rb1805,20170719,20170718,211542000,3262.0,2776,85374,90165740.0,3261.0,1,3260.0,27
rb1805,20170719,20170718,211542500,3262.0,2776,85374,90165740.0,3261.0,1,3260.0,27
rb1805,20170719,20170718,211544000,3262.0,2776,85374,90165740.0,3261.0,1,3260.0,28
rb1805,20170719,20170718,211545500,3261.0,2778,85374,90230960.0,3262.0,87,3261.0,1
rb1805,20170719,20170718,211546000,3261.0,2778,85374,90230960.0,3262.0,82,3261.0,1
rb1805,20170719,20170718,211547000,3262.0,2942,85220,95580640.0,3263.0,7,3262.0,18
rb1805,20170719,20170718,211547500,3262.0,2974,85216,96624480.0,3263.0,7,3262.0,2
rb1805,20170719,20170718,211548000,3262.0,2978,85212,96754960.0,3262.0,1,3261.0,2
rb1805,20170719,20170718,211548500,3262.0,2978,85212,96754960.0,3262.0,1,3261.0,4
rb1805,20170719,20170718,211550000,3262.0,2978,85212,96754960.0,3262.0,1,3261.0,8
rb1805,20170719,20170718,211551000,3262.0,2978,85212,96754960.0,3262.0,1,3261.0,9
rb1805,20170719,20170718,211552500,3262.0,2980,85212,96820200.0,3263.0,10,3262.0,1
rb1805,20170719,20170718,211553000,3262.0,2982,85210,96885440.0,3263.0,10,3261.0,8
rb1805,20170719,20170718,211553500,3262.0,2982,85210,96885440.0,3263.0,5,3261.0,8
rb1805,20170719,20170718,211554000,3262.0,2982,85210,96885440.0,3263.0,5,3262.0,1
rb1805,20170719,20170718,211554500,3262.0,2982,85210,96885440.0,3263.0,2,3262.0,1
rb1805,20170719,20170718,211556000,3262.0,2982,85210,96885440.0,3263.0,3,3262.0,2
rb1805,20170719,20170718,211558000,3262.0,2982,85210,96885440.0,3263.0,3,3262.0,2
rb1805,20170719,20170718,211558500,3262.0,2984,85212,96950680.0,3263.0,3,3262.0,1
rb1805,20170719,20170718,211559500,3262.0,2984,85212,96950680.0,3263.0,3,3262.0,1
rb1805,20170719,20170718,211600500,3263.0,2990,85212,97146460.0,3264.0,11,3262.0,1
rb1805,20170719,20170718,211601000,3262.0,2992,85212,97211700.0,3262.0,9,3261.0,13
rb1805,20170719,20170718,211601500,3262.0,3010,85198,97798860.0,3264.0,11,3263.0,5
rb1805,20170719,20170718,211602000,3263.0,3012,85198,97864120.0,3264.0,11,3263.0,4
rb1805,20170719,20170718,211602500,3263.0,3014,85198,97929380.0,3264.0,6,3263.0,3
rb1805,20170719,20170718,211604500,3264.0,3016,85198,97994660.0,3264.0,5,3263.0,3
rb1805,20170719,20170718,211605000,3263.0,3022,85204,98190440.0,3263.0,6,3261.0,13
rb1805,20170719,20170718,211605500,3264.0,3026,85202,98320940.0,3264.0,17,3261.0,7
rb1805,20170719,20170718,211606000,3263.0,3028,85204,98386200.0,3263.0,6,3261.0,7
rb1805,20170719,20170718,211606500,3263.0,3028,85204,98386200.0,3263.0,11,3261.0,7
rb1805,20170719,20170718,211607000,3263.0,3030,85204,98451460.0,3263.0,10,3261.0,7
rb1805,20170719,20170718,211608500,3263.0,3030,85204,98451460.0,3263.0,10,3261.0,7
rb1805,20170719,20170718,211609000,3263.0,3030,85204,98451460.0,3263.0,10,3261.0,7
rb1805,20170719,20170718,211610000,3263.0,3030,85204,98451460.0,3263.0,11,3262.0,1
rb1805,20170719,20170718,211610500,3262.0,3032,85204,98516700.0,3263.0,11,3261.0,6
rb1805,20170719,20170718,211612000,3262.0,3032,85204,98516700.0,3263.0,11,3261.0,2
rb1805,20170719,20170718,211612500,3262.0,3032,85204,98516700.0,3262.0,4,3261.0,2
rb1805,20170719,20170718,211613000,3262.0,3032,85204,98516700.0,3262.0,4,3261.0,19
rb1805,20170719,20170718,211613500,3262.0,3032,85204,98516700.0,3262.0,8,3261.0,19
rb1805,20170719,20170718,211614000,3262.0,3032,85204,98516700.0,3262.0,8,3261.0,19
rb1805,20170719,20170718,211614500,3262.0,3034,85204,98581940.0,3262.0,7,3261.0,19
rb1805,20170719,20170718,211615000,3262.0,3034,85204,98581940.0,3262.0,7,3261.0,19
rb1805,20170719,20170718,211616500,3262.0,3036,85204,98647180.0,3262.0,6,3261.0,19
rb1805,20170719,20170718,211617000,3262.0,3036,85204,98647180.0,3262.0,2,3261.0,19
rb1805,20170719,20170718,211617500,3262.0,3040,85200,98777660.0,3263.0,11,3261.0,19
rb1805,20170719,20170718,211618500,3262.0,3040,85200,98777660.0,3263.0,11,3261.0,19
rb1805,20170719,20170718,211619000,3262.0,3040,85200,98777660.0,3263.0,13,3261.0,19
rb1805,20170719,20170718,211619500,3262.0,3040,85200,98777660.0,3263.0,17,3261.0,19
rb1805,20170719,20170718,211620000,3262.0,3040,85200,98777660.0,3263.0,18,3261.0,19
rb1805,20170719,20170718,211620500,3261.0,3078,85166,100016840.0,3261.0,20,3260.0,29
rb1805,20170719,20170718,211621000,3261.0,3080,85164,100082060.0,3261.0,5,3260.0,24
rb1805,20170719,20170718,211621500,3260.0,3086,85160,100277660.0,3261.0,5,3260.0,21
rb1805,20170719,20170718,211622000,3260.0,3086,85160,100277660.0,3262.0,4,3260.0,21
rb1805,20170719,20170718,211623000,3260.0,3086,85160,100277660.0,3262.0,4,3260.0,20
rb1805,20170719,20170718,211624000,3260.0,3098,85160,100668860.0,3262.0,5,3260.0,14
rb1805,20170719,20170718,211625000,3262.0,3108,85168,100995060.0,3263.0,18,3262.0,5
rb1805,20170719,20170718,211625500,3262.0,3118,85178,101321260.0,3262.0,23,3260.0,14
rb1805,20170719,20170718,211626000,3262.0,3118,85178,101321260.0,3262.0,8,3260.0,14
rb1805,20170719,20170718,211626500,3262.0,3118,85178,101321260.0,3262.0,5,3260.0,14
rb1805,20170719,20170718,211628500,3262.0,3118,85178,101321260.0,3262.0,6,3260.0,14
rb1805,20170719,20170718,211629000,3262.0,3118,85178,101321260.0,3262.0,6,3260.0,14
rb1805,20170719,20170718,211630000,3262.0,3118,85178,101321260.0,3262.0,1,3260.0,19
rb1805,20170719,20170718,211631000,3262.0,3118,85178,101321260.0,3262.0,2,3260.0,19
rb1805,20170719,20170718,211634000,3262.0,3118,85178,101321260.0,3262.0,2,3260.0,19
rb1805,20170719,20170718,211635000,3260.0,3124,85172,101516860.0,3262.0,2,3260.0,16
rb1805,20170719,20170718,211636500,3260.0,3124,85172,101516860.0,3262.0,11,3260.0,16
