instrument,tradingday,calendarday,time,lastp,volume,openinterest,turnover,ask1,asksz1,bid1,bidsz1
rb1805,20170605,20170602,192420500,2702.0,0,68518,0.0,0.0,0,0.0,0
rb1805,20170605,20170602,205900500,2700.0,48,68532,1296000.0,2705.0,2,2700.0,6
rb1805,20170605,20170602,210000500,2700.0,116,68596,3130600.0,2700.0,6,2696.0,8
rb1805,20170605,20170602,210001000,2693.0,142,68614,3831340.0,2697.0,7,2695.0,1
rb1805,20170605,20170602,210001500,2694.0,156,68622,4208420.0,2694.0,3,2693.0,6
rb1805,20170605,20170602,210002000,2694.0,156,68622,4208420.0,2694.0,5,2693.0,6
rb1805,20170605,20170602,210002500,2692.0,198,68644,5339180.0,2692.0,2,2691.0,3
rb1805,20170605,20170602,210003000,2692.0,200,68644,5393020.0,2692.0,3,2691.0,4
rb1805,20170605,20170602,210003500,2692.0,202,68644,5446860.0,2692.0,3,2691.0,4
rb1805,20170605,20170602,210004000,2691.0,218,68640,5877460.0,2691.0,1,2688.0,6
rb1805,20170605,20170602,210004500,2693.0,228,68640,6146680.0,2693.0,1,2688.0,6
rb1805,20170605,20170602,210005000,2693.0,230,68640,6200540.0,2698.0,2,2694.0,50
rb1805,20170605,20170602,210005500,2694.0,316,68724,8517380.0,2699.0,2,2694.0,7
rb1805,20170605,20170602,210006000,2694.0,316,68724,8517380.0,2697.0,11,2694.0,7
rb1805,20170605,20170602,210006500,2694.0,316,68724,8517380.0,2697.0,11,2694.0,9
rb1805,20170605,20170602,210007000,2694.0,316,68724,8517380.0,2697.0,11,2694.0,9
rb1805,20170605,20170602,210007500,2694.0,316,68724,8517380.0,2697.0,11,2694.0,9
rb1805,20170605,20170602,210008000,2694.0,316,68724,8517380.0,2697.0,12,2694.0,10
rb1805,20170605,20170602,210008500,2694.0,316,68724,8517380.0,2697.0,12,2694.0,10
rb1805,20170605,20170602,210009000,2694.0,316,68724,8517380.0,2697.0,12,2694.0,10
rb1805,20170605,20170602,210009500,2694.0,318,68724,8571260.0,2697.0,12,2694.0,9
rb1805,20170605,20170602,210010000,2694.0,318,68724,8571260.0,2697.0,1,2695.0,1
rb1805,20170605,20170602,210010500,2694.0,320,68724,8625140.0,2697.0,1,2694.0,9
rb1805,20170605,20170602,210011500,2694.0,320,68724,8625140.0,2695.0,1,2694.0,10
rb1805,20170605,20170602,210012000,2695.0,322,68724,8679040.0,2699.0,1,2695.0,1
rb1805,20170605,20170602,210012500,2695.0,322,68724,8679040.0,2696.0,1,2694.0,10
rb1805,20170605,20170602,210013000,2696.0,324,68724,8732960.0,2699.0,1,2694.0,10
rb1805,20170605,20170602,210013500,2696.0,324,68724,8732960.0,2697.0,2,2694.0,10
rb1805,20170605,20170602,210014000,2700.0,332,68726,8948840.0,2703.0,12,2700.0,1
rb1805,20170605,20170602,210014500,2700.0,334,68726,9002840.0,2700.0,2,2696.0,1
rb1805,20170605,20170602,210015000,2700.0,334,68726,9002840.0,2702.0,2,2696.0,1
rb1805,20170605,20170602,210015500,2700.0,334,68726,9002840.0,2698.0,1,2696.0,1
rb1805,20170605,20170602,210016000,2698.0,336,68726,9056800.0,2701.0,1,2696.0,1
rb1805,20170605,20170602,210016500,2699.0,338,68726,9110780.0,2701.0,1,2696.0,1
rb1805,20170605,20170602,210017000,2699.0,338,68726,9110780.0,2701.0,1,2696.0,1
rb1805,20170605,20170602,210017500,2699.0,338,68726,9110780.0,2701.0,1,2697.0,2
rb1805,20170605,20170602,210018000,2697.0,340,68726,9164720.0,2700.0,1,2697.0,1
rb1805,20170605,20170602,210018500,2697.0,340,68726,9164720.0,2699.0,1,2697.0,2
rb1805,20170605,20170602,210019000,2697.0,340,68726,9164720.0,2699.0,1,2697.0,2
rb1805,20170605,20170602,210019500,2697.0,340,68726,9164720.0,2699.0,1,2697.0,1
rb1805,20170605,20170602,210020000,2697.0,340,68726,9164720.0,2700.0,4,2698.0,1
rb1805,20170605,20170602,210020500,2697.0,340,68726,9164720.0,2700.0,4,2698.0,1
rb1805,20170605,20170602,210021000,2697.0,350,68720,9434420.0,2697.0,4,2696.0,1
rb1805,20170605,20170602,210021500,2700.0,368,68716,9920160.0,2701.0,1,2697.0,14
rb1805,20170605,20170602,210022000,2700.0,368,68716,9920160.0,2700.0,2,2696.0,1
rb1805,20170605,20170602,210022500,2700.0,368,68716,9920160.0,2700.0,3,2697.0,1
rb1805,20170605,20170602,210023000,2700.0,368,68716,9920160.0,2699.0,2,2697.0,1
rb1805,20170605,20170602,210023500,2700.0,368,68716,9920160.0,2699.0,2,2697.0,1
rb1805,20170605,20170602,210024000,2697.0,370,68718,9974100.0,2700.0,2,2696.0,1
rb1805,20170605,20170602,210024500,2697.0,370,68718,9974100.0,2700.0,2,2696.0,2
rb1805,20170605,20170602,210025500,2697.0,370,68718,9974100.0,2697.0,2,2696.0,1
rb1805,20170605,20170602,210026000,2697.0,372,68718,10028040.0,2697.0,1,2696.0,1
rb1805,20170605,20170602,210026500,2697.0,372,68718,10028040.0,2697.0,1,2696.0,2
rb1805,20170605,20170602,210027000,2697.0,374,68718,10081980.0,2700.0,4,2696.0,2
rb1805,20170605,20170602,210027500,2697.0,374,68718,10081980.0,2700.0,4,2697.0,1
rb1805,20170605,20170602,210028000,2697.0,374,68718,10081980.0,2699.0,1,2697.0,3
rb1805,20170605,20170602,210028500,2700.0,380,68718,10243960.0,2700.0,1,2697.0,3
rb1805,20170605,20170602,210029000,2700.0,380,68718,10243960.0,2700.0,1,2698.0,1
rb1805,20170605,20170602,210029500,2700.0,380,68718,10243960.0,2700.0,1,2699.0,1
rb1805,20170605,20170602,210030000,2699.0,382,68720,10297940.0,2699.0,1,2698.0,1
rb1805,20170605,20170602,210031000,2699.0,382,68720,10297940.0,2699.0,1,2698.0,1
rb1805,20170605,20170602,210031500,2699.0,382,68720,10297940.0,2699.0,1,2698.0,1
rb1805,20170605,20170602,210032000,2699.0,382,68720,10297940.0,2699.0,1,2698.0,1
rb1805,20170605,20170602,210033000,2699.0,382,68720,10297940.0,2699.0,1,2698.0,1
rb1805,20170605,20170602,210034000,2699.0,384,68722,10351920.0,2700.0,1,2699.0,2
rb1805,20170605,20170602,210034500,2699.0,384,68722,10351920.0,2700.0,2,2699.0,3
rb1805,20170605,20170602,210035500,2699.0,384,68722,10351920.0,2700.0,1,2699.0,4
rb1805,20170605,20170602,210036000,2700.0,386,68722,10405920.0,2700.0,1,2699.0,4
rb1805,20170605,20170602,210036500,2698.0,396,68720,10675800.0,2700.0,1,2699.0,1
rb1805,20170605,20170602,210037000,2699.0,398,68720,10729780.0,2699.0,2,2697.0,5
rb1805,20170605,20170602,210037500,2699.0,398,68720,10729780.0,2700.0,2,2697.0,5
rb1805,20170605,20170602,210038000,2700.0,402,68720,10837780.0,2701.0,1,2700.0,1
rb1805,20170605,20170602,210038500,2700.0,404,68720,10891780.0,2700.0,3,2697.0,3
rb1805,20170605,20170602,210039000,2700.0,404,68720,10891780.0,2701.0,2,2697.0,3
rb1805,20170605,20170602,210039500,2700.0,404,68720,10891780.0,2701.0,2,2697.0,2
rb1805,20170605,20170602,210040000,2700.0,404,68720,10891780.0,2701.0,2,2697.0,2
rb1805,20170605,20170602,210041000,2700.0,404,68720,10891780.0,2701.0,3,2697.0,4
rb1805,20170605,20170602,210041500,2700.0,404,68720,10891780.0,2701.0,3,2697.0,6
rb1805,20170605,20170602,210042500,2700.0,404,68720,10891780.0,2701.0,3,2698.0,1
rb1805,20170605,20170602,210043000,2700.0,404,68720,10891780.0,2701.0,3,2698.0,1
rb1805,20170605,20170602,210043500,2700.0,404,68720,10891780.0,2701.0,3,2698.0,1
rb1805,20170605,20170602,210044500,2700.0,404,68720,10891780.0,2700.0,1,2698.0,1
rb1805,20170605,20170602,210045000,2700.0,404,68720,10891780.0,2700.0,1,2697.0,6
rb1805,20170605,20170602,210045500,2700.0,404,68720,10891780.0,2700.0,2,2697.0,6
rb1805,20170605,20170602,210046000,2700.0,404,68720,10891780.0,2700.0,3,2697.0,6
rb1805,20170605,20170602,210046500,2700.0,404,68720,10891780.0,2700.0,15,2697.0,6
rb1805,20170605,20170602,210047000,2697.0,412,68720,11107560.0,2700.0,4,2697.0,3
rb1805,20170605,20170602,210048000,2700.0,414,68722,11161560.0,2700.0,3,2697.0,3
rb1805,20170605,20170602,210048500,2700.0,416,68724,11215560.0,2700.0,13,2697.0,3
rb1805,20170605,20170602,210049000,2700.0,416,68724,11215560.0,2700.0,13,2697.0,3
rb1805,20170605,20170602,210049500,2700.0,416,68724,11215560.0,2700.0,13,2697.0,3
rb1805,20170605,20170602,210051000,2700.0,416,68724,11215560.0,2700.0,13,2697.0,4
rb1805,20170605,20170602,210051500,2700.0,416,68724,11215560.0,2700.0,13,2697.0,4
rb1805,20170605,20170602,210052000,2700.0,416,68724,11215560.0,2700.0,13,2697.0,8
rb1805,20170605,20170602,210052500,2700.0,416,68724,11215560.0,2700.0,13,2697.0,8
rb1805,20170605,20170602,210053000,2697.0,418,68724,11269500.0,2700.0,13,2697.0,7
rb1805,20170605,20170602,210053500,2700.0,420,68726,11323500.0,2700.0,11,2697.0,7
rb1805,20170605,20170602,210054000,2700.0,428,68734,11539500.0,2700.0,8,2697.0,7
rb1805,20170605,20170602,210054500,2700.0,428,68734,11539500.0,2700.0,1,2697.0,7
rb1805,20170605,20170602,210055000,2700.0,428,68734,11539500.0,2700.0,11,2698.0,2
rb1805,20170605,20170602,210056000,2698.0,432,68730,11647420.0,2698.0,3,2697.0,7
rb1805,20170605,20170602,210056500,2698.0,434,68730,11701380.0,2698.0,2,2697.0,8
rb1805,20170605,20170602,210057000,2698.0,434,68730,11701380.0,2698.0,2,2697.0,8
rb1805,20170605,20170602,210057500,2698.0,434,68730,11701380.0,2698.0,2,2697.0,8
rb1805,20170605,20170602,210058000,2698.0,438,68730,11809300.0,2701.0,1,2698.0,2
rb1805,20170605,20170602,210058500,2698.0,438,68730,11809300.0,2701.0,1,2697.0,8
rb1805,20170605,20170602,210059000,2698.0,438,68730,11809300.0,2701.0,1,2697.0,8
rb1805,20170605,20170602,210059500,2698.0,438,68730,11809300.0,2700.0,2,2697.0,8
rb1805,20170605,20170602,210100000,2698.0,438,68730,11809300.0,2700.0,2,2698.0,2
rb1805,20170605,20170602,210100500,2698.0,438,68730,11809300.0,2701.0,1,2698.0,2
rb1805,20170605,20170602,210101500,2698.0,438,68730,11809300.0,2701.0,1,2698.0,2
rb1805,20170605,20170602,210102000,2698.0,438,68730,11809300.0,2701.0,6,2698.0,2
rb1805,20170605,20170602,210102500,2698.0,438,68730,11809300.0,2700.0,11,2698.0,2
rb1805,20170605,20170602,210103000,2698.0,438,68730,11809300.0,2699.0,1,2698.0,2
rb1805,20170605,20170602,210104000,2698.0,438,68730,11809300.0,2699.0,1,2698.0,2
rb1805,20170605,20170602,210104500,2698.0,438,68730,11809300.0,2699.0,6,2698.0,2
rb1805,20170605,20170602,210105000,2698.0,440,68730,11863260.0,2699.0,6,2698.0,1
rb1805,20170605,20170602,210105500,2699.0,442,68730,11917240.0,2699.0,5,2698.0,1
rb1805,20170605,20170602,210106000,2698.0,444,68732,11971200.0,2699.0,15,2697.0,8
rb1805,20170605,20170602,210106500,2698.0,444,68732,11971200.0,2699.0,15,2697.0,13
rb1805,20170605,20170602,210107000,2698.0,444,68732,11971200.0,2698.0,1,2697.0,13
rb1805,20170605,20170602,210107500,2698.0,446,68734,12025160.0,2699.0,5,2697.0,13
rb1805,20170605,20170602,210108000,2698.0,446,68734,12025160.0,2698.0,1,2697.0,13
rb1805,20170605,20170602,210108500,2698.0,448,68734,12079120.0,2699.0,5,2698.0,2
rb1805,20170605,20170602,210109000,2699.0,450,68734,12133100.0,2699.0,4,2698.0,5
rb1805,20170605,20170602,210110500,2699.0,458,68734,12349020.0,2701.0,6,2700.0,5
rb1805,20170605,20170602,210111000,2701.0,460,68734,12403040.0,2702.0,3,2701.0,1
rb1805,20170605,20170602,210111500,2701.0,460,68734,12403040.0,2702.0,3,2701.0,6
rb1805,20170605,20170602,210112500,2701.0,468,68740,12619120.0,2702.0,3,2701.0,2
rb1805,20170605,20170602,210114000,2701.0,472,68742,12727160.0,2702.0,13,2698.0,5
rb1805,20170605,20170602,210114500,2701.0,472,68742,12727160.0,2702.0,18,2698.0,5
rb1805,20170605,20170602,210116000,2701.0,472,68742,12727160.0,2701.0,1,2699.0,2
rb1805,20170605,20170602,210116500,2701.0,472,68742,12727160.0,2701.0,1,2699.0,7
rb1805,20170605,20170602,210117000,2701.0,472,68742,12727160.0,2701.0,1,2699.0,6
rb1805,20170605,20170602,210118000,2701.0,472,68742,12727160.0,2701.0,1,2699.0,6
rb1805,20170605,20170602,210119000,2701.0,472,68742,12727160.0,2701.0,1,2699.0,6
rb1805,20170605,20170602,210119500,2701.0,472,68742,12727160.0,2701.0,6,2699.0,1
rb1805,20170605,20170602,210120000,2701.0,484,68742,13051280.0,2702.0,8,2701.0,1
rb1805,20170605,20170602,210120500,2699.0,488,68746,13159280.0,2701.0,3,2698.0,6
rb1805,20170605,20170602,210121000,2699.0,488,68746,13159280.0,2700.0,1,2698.0,1
rb1805,20170605,20170602,210121500,2699.0,488,68746,13159280.0,2700.0,2,2698.0,1
rb1805,20170605,20170602,210122000,2700.0,490,68746,13213280.0,2699.0,3,2698.0,1
rb1805,20170605,20170602,210122500,2700.0,490,68746,13213280.0,2699.0,3,2698.0,6
rb1805,20170605,20170602,210123000,2700.0,490,68746,13213280.0,2699.0,3,2698.0,6
rb1805,20170605,20170602,210123500,2700.0,490,68746,13213280.0,2699.0,3,2698.0,7
rb1805,20170605,20170602,210124500,2700.0,490,68746,13213280.0,2699.0,3,2698.0,7
rb1805,20170605,20170602,210125000,2699.0,496,68746,13375220.0,2700.0,1,2698.0,8
rb1805,20170605,20170602,210126500,2699.0,496,68746,13375220.0,2702.0,9,2698.0,8
rb1805,20170605,20170602,210127000,2699.0,496,68746,13375220.0,2702.0,9,2698.0,8
rb1805,20170605,20170602,210127500,2699.0,496,68746,13375220.0,2702.0,9,2698.0,9
rb1805,20170605,20170602,210128000,2699.0,496,68746,13375220.0,2701.0,10,2698.0,9
rb1805,20170605,20170602,210128500,2699.0,496,68746,13375220.0,2702.0,10,2698.0,9
rb1805,20170605,20170602,210129000,2699.0,496,68746,13375220.0,2702.0,10,2700.0,1
rb1805,20170605,20170602,210129500,2699.0,496,68746,13375220.0,2702.0,19,2700.0,1
rb1805,20170605,20170602,210130000,2699.0,496,68746,13375220.0,2702.0,19,2700.0,1
rb1805,20170605,20170602,210130500,2699.0,496,68746,13375220.0,2702.0,20,2700.0,1
rb1805,20170605,20170602,210131000,2699.0,496,68746,13375220.0,2702.0,19,2700.0,1
rb1805,20170605,20170602,210131500,2699.0,498,68746,13429200.0,2701.0,2,2699.0,1
rb1805,20170605,20170602,210132000,2699.0,498,68746,13429200.0,2701.0,2,2699.0,2
rb1805,20170605,20170602,210132500,2699.0,498,68746,13429200.0,2701.0,12,2699.0,3
rb1805,20170605,20170602,210133000,2699.0,498,68746,13429200.0,2701.0,12,2699.0,3
rb1805,20170605,20170602,210133500,2699.0,498,68746,13429200.0,2701.0,12,2699.0,8
rb1805,20170605,20170602,210134000,2699.0,498,68746,13429200.0,2701.0,2,2699.0,8
rb1805,20170605,20170602,210134500,2699.0,498,68746,13429200.0,2701.0,12,2699.0,8
rb1805,20170605,20170602,210135000,2699.0,498,68746,13429200.0,2700.0,5,2699.0,8
rb1805,20170605,20170602,210135500,2700.0,500,68746,13483200.0,2700.0,4,2699.0,8
rb1805,20170605,20170602,210136500,2700.0,500,68746,13483200.0,2700.0,4,2699.0,4
rb1805,20170605,20170602,210137500,2699.0,502,68746,13537180.0,2700.0,4,2699.0,3
rb1805,20170605,20170602,210138000,2699.0,502,68746,13537180.0,2700.0,5,2699.0,3
rb1805,20170605,20170602,210138500,2699.0,502,68746,13537180.0,2700.0,21,2699.0,3
rb1805,20170605,20170602,210139500,2699.0,502,68746,13537180.0,2700.0,21,2699.0,3
rb1805,20170605,20170602,210140000,2699.0,502,68746,13537180.0,2700.0,22,2699.0,3
rb1805,20170605,20170602,210141000,2699.0,502,68746,13537180.0,2700.0,22,2699.0,3
rb1805,20170605,20170602,210141500,2699.0,502,68746,13537180.0,2700.0,22,2699.0,8
rb1805,20170605,20170602,210142000,2699.0,508,68752,13699120.0,2700.0,22,2698.0,8
rb1805,20170605,20170602,210142500,2699.0,508,68752,13699120.0,2700.0,21,2699.0,2
rb1805,20170605,20170602,210143000,2699.0,514,68758,13861060.0,2700.0,22,2698.0,8
rb1805,20170605,20170602,210143500,2699.0,514,68758,13861060.0,2700.0,21,2698.0,8
rb1805,20170605,20170602,210144000,2699.0,514,68758,13861060.0,2699.0,3,2698.0,8
rb1805,20170605,20170602,210144500,2699.0,514,68758,13861060.0,2699.0,3,2698.0,3
rb1805,20170605,20170602,210145000,2699.0,516,68760,13915040.0,2699.0,2,2698.0,4
rb1805,20170605,20170602,210146500,2699.0,516,68760,13915040.0,2699.0,2,2698.0,4
rb1805,20170605,20170602,210147000,2699.0,520,68764,14023000.0,2700.0,20,2699.0,2
rb1805,20170605,20170602,210147500,2699.0,524,68764,14130960.0,2699.0,2,2698.0,4
rb1805,20170605,20170602,210148000,2699.0,524,68764,14130960.0,2700.0,20,2698.0,4
rb1805,20170605,20170602,210149000,2699.0,524,68764,14130960.0,2700.0,22,2698.0,3
rb1805,20170605,20170602,210149500,2699.0,524,68764,14130960.0,2700.0,22,2698.0,3
rb1805,20170605,20170602,210150000,2698.0,530,68770,14292840.0,2700.0,24,2697.0,19
rb1805,20170605,20170602,210150500,2698.0,530,68770,14292840.0,2700.0,22,2697.0,19
rb1805,20170605,20170602,210151000,2699.0,532,68772,14346820.0,2700.0,22,2699.0,9
rb1805,20170605,20170602,210151500,2699.0,550,68788,14832640.0,2700.0,23,2698.0,1
rb1805,20170605,20170602,210152000,2699.0,550,68788,14832640.0,2700.0,20,2698.0,1
rb1805,20170605,20170602,210152500,2699.0,550,68788,14832640.0,2700.0,21,2698.0,6
rb1805,20170605,20170602,210153000,2699.0,550,68788,14832640.0,2700.0,20,2698.0,1
rb1805,20170605,20170602,210154000,2699.0,550,68788,14832640.0,2700.0,20,2699.0,2
rb1805,20170605,20170602,210154500,2699.0,550,68788,14832640.0,2700.0,20,2698.0,8
rb1805,20170605,20170602,210155000,2699.0,550,68788,14832640.0,2700.0,20,2698.0,7
rb1805,20170605,20170602,210155500,2699.0,550,68788,14832640.0,2700.0,20,2699.0,1
rb1805,20170605,20170602,210156000,2698.0,566,68794,15264340.0,2699.0,2,2697.0,19
rb1805,20170605,20170602,210156500,2698.0,566,68794,15264340.0,2700.0,20,2697.0,19
rb1805,20170605,20170602,210157000,2698.0,566,68794,15264340.0,2700.0,25,2698.0,2
rb1805,20170605,20170602,210157500,2698.0,566,68794,15264340.0,2700.0,25,2699.0,25
rb1805,20170605,20170602,210158000,2698.0,566,68794,15264340.0,2700.0,10,2698.0,2
rb1805,20170605,20170602,210158500,2698.0,566,68794,15264340.0,2699.0,10,2698.0,3
rb1805,20170605,20170602,210159000,2699.0,570,68796,15372300.0,2699.0,8,2698.0,3
rb1805,20170605,20170602,210159500,2699.0,570,68796,15372300.0,2700.0,10,2698.0,3
rb1805,20170605,20170602,210200500,2699.0,570,68796,15372300.0,2700.0,15,2698.0,27
rb1805,20170605,20170602,210201000,2698.0,578,68792,15588140.0,2700.0,25,2698.0,23
rb1805,20170605,20170602,210202000,2698.0,578,68792,15588140.0,2700.0,25,2697.0,19
rb1805,20170605,20170602,210202500,2700.0,580,68792,15642140.0,2700.0,24,2697.0,19
rb1805,20170605,20170602,210203000,2700.0,580,68792,15642140.0,2700.0,24,2697.0,19
rb1805,20170605,20170602,210203500,2700.0,580,68792,15642140.0,2700.0,25,2697.0,19
rb1805,20170605,20170602,210206000,2700.0,580,68792,15642140.0,2700.0,24,2697.0,19
rb1805,20170605,20170602,210206500,2700.0,580,68792,15642140.0,2700.0,24,2697.0,19
rb1805,20170605,20170602,210207000,2700.0,580,68792,15642140.0,2700.0,25,2697.0,19
rb1805,20170605,20170602,210207500,2700.0,580,68792,15642140.0,2699.0,2,2697.0,20
rb1805,20170605,20170602,210209000,2700.0,580,68792,15642140.0,2699.0,2,2697.0,21
rb1805,20170605,20170602,210209500,2699.0,584,68792,15750100.0,2700.0,24,2699.0,1
rb1805,20170605,20170602,210210000,2699.0,584,68792,15750100.0,2700.0,19,2698.0,2
rb1805,20170605,20170602,210210500,2699.0,584,68792,15750100.0,2700.0,19,2698.0,3
rb1805,20170605,20170602,210211000,2699.0,584,68792,15750100.0,2700.0,19,2698.0,8
rb1805,20170605,20170602,210211500,2700.0,586,68790,15804100.0,2700.0,18,2699.0,4
rb1805,20170605,20170602,210212000,2700.0,586,68790,15804100.0,2700.0,18,2699.0,5
rb1805,20170605,20170602,210212500,2700.0,586,68790,15804100.0,2700.0,18,2699.0,10
rb1805,20170605,20170602,210213000,2700.0,586,68790,15804100.0,2700.0,18,2699.0,10
rb1805,20170605,20170602,210213500,2700.0,590,68786,15912100.0,2700.0,16,2699.0,10
rb1805,20170605,20170602,210214000,2700.0,602,68794,16236100.0,2700.0,10,2699.0,10
rb1805,20170605,20170602,210214500,2700.0,622,68814,16776100.0,2702.0,9,2700.0,2
rb1805,20170605,20170602,210215000,2700.0,626,68818,16884100.0,2700.0,1,2699.0,10
rb1805,20170605,20170602,210215500,2699.0,628,68816,16938080.0,2702.0,9,2699.0,9
rb1805,20170605,20170602,210216000,2699.0,628,68816,16938080.0,2700.0,10,2699.0,8
rb1805,20170605,20170602,210217500,2699.0,628,68816,16938080.0,2700.0,10,2699.0,8
rb1805,20170605,20170602,210218000,2699.0,628,68816,16938080.0,2700.0,10,2699.0,3
rb1805,20170605,20170602,210218500,2699.0,628,68816,16938080.0,2700.0,15,2699.0,3
rb1805,20170605,20170602,210219000,2700.0,634,68822,17100080.0,2700.0,7,2699.0,3
rb1805,20170605,20170602,210219500,2700.0,634,68822,17100080.0,2702.0,9,2699.0,3
rb1805,20170605,20170602,210220000,2700.0,634,68822,17100080.0,2701.0,10,2699.0,3
rb1805,20170605,20170602,210220500,2699.0,640,68826,17262020.0,2699.0,1,2698.0,38
rb1805,20170605,20170602,210221000,2699.0,640,68826,17262020.0,2701.0,5,2698.0,38
rb1805,20170605,20170602,210221500,2699.0,640,68826,17262020.0,2700.0,10,2698.0,38
rb1805,20170605,20170602,210222000,2699.0,640,68826,17262020.0,2700.0,5,2698.0,33
rb1805,20170605,20170602,210222500,2699.0,640,68826,17262020.0,2700.0,15,2698.0,33
rb1805,20170605,20170602,210223000,2698.0,658,68826,17747660.0,2699.0,5,2698.0,24
rb1805,20170605,20170602,210223500,2698.0,658,68826,17747660.0,2699.0,5,2698.0,24
rb1805,20170605,20170602,210224000,2698.0,678,68826,18287260.0,2699.0,5,2698.0,14
rb1805,20170605,20170602,210225000,2698.0,678,68826,18287260.0,2700.0,5,2698.0,14
rb1805,20170605,20170602,210225500,2698.0,678,68826,18287260.0,2700.0,10,2698.0,14
rb1805,20170605,20170602,210226000,2698.0,678,68826,18287260.0,2700.0,10,2698.0,15
rb1805,20170605,20170602,210226500,2698.0,678,68826,18287260.0,2700.0,10,2698.0,15
rb1805,20170605,20170602,210227000,2698.0,678,68826,18287260.0,2700.0,10,2698.0,15
rb1805,20170605,20170602,210228000,2698.0,678,68826,18287260.0,2700.0,10,2699.0,1
rb1805,20170605,20170602,210228500,2698.0,678,68826,18287260.0,2700.0,5,2699.0,1
rb1805,20170605,20170602,210229000,2698.0,678,68826,18287260.0,2700.0,5,2699.0,1
rb1805,20170605,20170602,210229500,2698.0,678,68826,18287260.0,2700.0,5,2699.0,1
rb1805,20170605,20170602,210230500,2700.0,680,68828,18341260.0,2700.0,4,2699.0,1
rb1805,20170605,20170602,210231000,2700.0,680,68828,18341260.0,2700.0,4,2699.0,1
rb1805,20170605,20170602,210232500,2700.0,680,68828,18341260.0,2700.0,6,2699.0,1
rb1805,20170605,20170602,210233000,2699.0,682,68830,18395240.0,2699.0,19,2698.0,16
rb1805,20170605,20170602,210233500,2699.0,682,68830,18395240.0,2699.0,22,2698.0,19
rb1805,20170605,20170602,210234000,2699.0,682,68830,18395240.0,2699.0,23,2698.0,19
rb1805,20170605,20170602,210234500,2699.0,682,68830,18395240.0,2699.0,23,2698.0,15
rb1805,20170605,20170602,210235000,2699.0,684,68832,18449220.0,2699.0,26,2698.0,15
rb1805,20170605,20170602,210236000,2699.0,684,68832,18449220.0,2699.0,22,2698.0,20
rb1805,20170605,20170602,210237000,2699.0,684,68832,18449220.0,2699.0,26,2698.0,20
rb1805,20170605,20170602,210238000,2699.0,684,68832,18449220.0,2699.0,23,2698.0,15
rb1805,20170605,20170602,210238500,2698.0,690,68832,18611100.0,2699.0,24,2698.0,12
rb1805,20170605,20170602,210239000,2698.0,690,68832,18611100.0,2699.0,24,2698.0,17
rb1805,20170605,20170602,210239500,2698.0,690,68832,18611100.0,2699.0,19,2698.0,17
rb1805,20170605,20170602,210240000,2698.0,690,68832,18611100.0,2699.0,19,2698.0,12
rb1805,20170605,20170602,210240500,2698.0,690,68832,18611100.0,2699.0,19,2698.0,12
rb1805,20170605,20170602,210241000,2698.0,690,68832,18611100.0,2699.0,19,2698.0,12
rb1805,20170605,20170602,210241500,2698.0,690,68832,18611100.0,2699.0,23,2698.0,12
rb1805,20170605,20170602,210242000,2698.0,690,68832,18611100.0,2699.0,23,2698.0,12
rb1805,20170605,20170602,210243000,2698.0,698,68832,18826940.0,2699.0,23,2698.0,8
rb1805,20170605,20170602,210243500,2698.0,698,68832,18826940.0,2699.0,24,2698.0,8
rb1805,20170605,20170602,210245000,2699.0,700,68834,18880920.0,2699.0,23,2698.0,8
rb1805,20170605,20170602,210246500,2699.0,700,68834,18880920.0,2699.0,23,2698.0,8
rb1805,20170605,20170602,210248500,2699.0,700,68834,18880920.0,2699.0,23,2698.0,8
rb1805,20170605,20170602,210249000,2699.0,700,68834,18880920.0,2699.0,23,2698.0,8
rb1805,20170605,20170602,210250000,2699.0,700,68834,18880920.0,2699.0,23,2698.0,8
rb1805,20170605,20170602,210251500,2699.0,700,68834,18880920.0,2699.0,23,2698.0,9
rb1805,20170605,20170602,210252500,2698.0,718,68852,19366560.0,2698.0,2,2697.0,23
rb1805,20170605,20170602,210253000,2698.0,718,68852,19366560.0,2698.0,5,2697.0,18
rb1805,20170605,20170602,210253500,2698.0,718,68852,19366560.0,2698.0,2,2697.0,18
rb1805,20170605,20170602,210254000,2698.0,718,68852,19366560.0,2698.0,2,2697.0,18
rb1805,20170605,20170602,210254500,2698.0,718,68852,19366560.0,2698.0,2,2697.0,19
rb1805,20170605,20170602,210255000,2698.0,718,68852,19366560.0,2698.0,2,2697.0,19
rb1805,20170605,20170602,210255500,2698.0,718,68852,19366560.0,2698.0,2,2697.0,19
rb1805,20170605,20170602,210256000,2698.0,718,68852,19366560.0,2698.0,2,2697.0,19
rb1805,20170605,20170602,210256500,2698.0,722,68856,19474480.0,2699.0,23,2697.0,19
rb1805,20170605,20170602,210257500,2698.0,722,68856,19474480.0,2699.0,23,2697.0,20
rb1805,20170605,20170602,210258000,2698.0,722,68856,19474480.0,2699.0,23,2697.0,20
rb1805,20170605,20170602,210258500,2698.0,722,68856,19474480.0,2699.0,28,2697.0,20
rb1805,20170605,20170602,210259000,2698.0,722,68856,19474480.0,2699.0,28,2697.0,20
rb1805,20170605,20170602,210300000,2698.0,722,68856,19474480.0,2699.0,28,2697.0,20
rb1805,20170605,20170602,210300500,2698.0,722,68856,19474480.0,2699.0,28,2697.0,20
rb1805,20170605,20170602,210301500,2697.0,728,68856,19636300.0,2698.0,2,2697.0,17
rb1805,20170605,20170602,210302000,2697.0,728,68856,19636300.0,2698.0,8,2697.0,17
rb1805,20170605,20170602,210303000,2697.0,728,68856,19636300.0,2698.0,6,2697.0,17
rb1805,20170605,20170602,210303500,2697.0,730,68858,19690240.0,2698.0,6,2697.0,16
rb1805,20170605,20170602,210304500,2697.0,730,68858,19690240.0,2698.0,1,2697.0,16
rb1805,20170605,20170602,210305000,2697.0,730,68858,19690240.0,2698.0,1,2697.0,21
rb1805,20170605,20170602,210305500,2699.0,732,68860,19744220.0,2699.0,26,2697.0,21
rb1805,20170605,20170602,210306000,2697.0,734,68860,19798160.0,2699.0,17,2697.0,20
rb1805,20170605,20170602,210306500,2697.0,734,68860,19798160.0,2699.0,17,2697.0,21
rb1805,20170605,20170602,210307000,2697.0,734,68860,19798160.0,2699.0,17,2698.0,2
rb1805,20170605,20170602,210307500,2699.0,742,68860,20014080.0,2699.0,13,2698.0,3
rb1805,20170605,20170602,210308000,2699.0,742,68860,20014080.0,2699.0,13,2698.0,3
rb1805,20170605,20170602,210309500,2699.0,742,68860,20014080.0,2699.0,13,2698.0,3
rb1805,20170605,20170602,210310000,2699.0,742,68860,20014080.0,2699.0,13,2698.0,3
rb1805,20170605,20170602,210310500,2699.0,742,68860,20014080.0,2699.0,13,2698.0,3
rb1805,20170605,20170602,210311000,2699.0,746,68864,20122020.0,2699.0,12,2698.0,2
rb1805,20170605,20170602,210311500,2699.0,746,68864,20122020.0,2699.0,12,2698.0,2
rb1805,20170605,20170602,210312000,2699.0,746,68864,20122020.0,2699.0,12,2698.0,7
rb1805,20170605,20170602,210313000,2699.0,746,68864,20122020.0,2699.0,12,2698.0,7
rb1805,20170605,20170602,210313500,2699.0,746,68864,20122020.0,2699.0,12,2698.0,7
rb1805,20170605,20170602,210315000,2699.0,770,68886,20769780.0,2700.0,6,2699.0,89
rb1805,20170605,20170602,210315500,2699.0,770,68886,20769780.0,2700.0,1,2699.0,89
rb1805,20170605,20170602,210316000,2699.0,770,68886,20769780.0,2700.0,1,2699.0,89
rb1805,20170605,20170602,210318000,2699.0,770,68886,20769780.0,2700.0,1,2699.0,94
rb1805,20170605,20170602,210318500,2699.0,770,68886,20769780.0,2700.0,1,2699.0,94
rb1805,20170605,20170602,210319000,2699.0,770,68886,20769780.0,2700.0,1,2699.0,95
rb1805,20170605,20170602,210319500,2699.0,770,68886,20769780.0,2700.0,1,2699.0,95
rb1805,20170605,20170602,210320000,2700.0,772,68886,20823780.0,2701.0,2,2699.0,95
rb1805,20170605,20170602,210320500,2700.0,772,68886,20823780.0,2700.0,4,2699.0,95
rb1805,20170605,20170602,210321000,2700.0,772,68886,20823780.0,2700.0,4,2699.0,90
rb1805,20170605,20170602,210321500,2700.0,772,68886,20823780.0,2700.0,4,2699.0,90
rb1805,20170605,20170602,210324000,2700.0,772,68886,20823780.0,2700.0,4,2699.0,90
rb1805,20170605,20170602,210324500,2700.0,772,68886,20823780.0,2700.0,4,2699.0,90
rb1805,20170605,20170602,210325500,2700.0,772,68886,20823780.0,2700.0,4,2699.0,100
rb1805,20170605,20170602,210326000,2700.0,780,68894,21039780.0,2701.0,2,2700.0,46
rb1805,20170605,20170602,210326500,2700.0,820,68934,22119780.0,2701.0,2,2700.0,26
rb1805,20170605,20170602,210327500,2700.0,820,68934,22119780.0,2701.0,2,2700.0,26
rb1805,20170605,20170602,210328000,2700.0,820,68934,22119780.0,2701.0,2,2700.0,26
rb1805,20170605,20170602,210328500,2700.0,820,68934,22119780.0,2701.0,2,2700.0,26
rb1805,20170605,20170602,210329000,2701.0,834,68946,22497800.0,2701.0,1,2700.0,20
rb1805,20170605,20170602,210329500,2700.0,840,68946,22659800.0,2701.0,1,2700.0,17
rb1805,20170605,20170602,210330000,2700.0,840,68946,22659800.0,2701.0,1,2700.0,17
rb1805,20170605,20170602,210330500,2700.0,840,68946,22659800.0,2701.0,1,2700.0,18
rb1805,20170605,20170602,210331000,2700.0,840,68946,22659800.0,2701.0,1,2700.0,18
rb1805,20170605,20170602,210331500,2700.0,876,68982,23631800.0,2700.0,4,2699.0,100
rb1805,20170605,20170602,210332500,2700.0,876,68982,23631800.0,2700.0,4,2699.0,105
rb1805,20170605,20170602,210333500,2700.0,876,68982,23631800.0,2700.0,4,2699.0,105
rb1805,20170605,20170602,210334000,2700.0,876,68982,23631800.0,2700.0,4,2699.0,105
rb1805,20170605,20170602,210334500,2700.0,884,68990,23847800.0,2701.0,1,2700.0,3
rb1805,20170605,20170602,210335000,2700.0,884,68990,23847800.0,2701.0,1,2700.0,3
rb1805,20170605,20170602,210335500,2700.0,884,68990,23847800.0,2701.0,1,2700.0,3
rb1805,20170605,20170602,210336500,2700.0,884,68990,23847800.0,2701.0,1,2700.0,4
rb1805,20170605,20170602,210337000,2700.0,884,68990,23847800.0,2701.0,1,2700.0,5
rb1805,20170605,20170602,210337500,2700.0,884,68990,23847800.0,2701.0,1,2700.0,5
rb1805,20170605,20170602,210338000,2700.0,884,68990,23847800.0,2701.0,1,2700.0,5
rb1805,20170605,20170602,210338500,2700.0,884,68990,23847800.0,2701.0,1,2700.0,3
rb1805,20170605,20170602,210339500,2700.0,884,68990,23847800.0,2701.0,1,2700.0,3
rb1805,20170605,20170602,210340000,2700.0,884,68990,23847800.0,2701.0,1,2700.0,8
rb1805,20170605,20170602,210341000,2700.0,884,68990,23847800.0,2701.0,1,2700.0,4
rb1805,20170605,20170602,210341500,2700.0,884,68990,23847800.0,2701.0,1,2700.0,5
rb1805,20170605,20170602,210342000,2700.0,884,68990,23847800.0,2702.0,3,2700.0,5
rb1805,20170605,20170602,210342500,2700.0,884,68990,23847800.0,2702.0,3,2701.0,20
rb1805,20170605,20170602,210343500,2700.0,884,68990,23847800.0,2702.0,3,2701.0,20
rb1805,20170605,20170602,210344500,2700.0,884,68990,23847800.0,2702.0,3,2701.0,20
rb1805,20170605,20170602,210345500,2701.0,888,68994,23955840.0,2702.0,3,2701.0,18
rb1805,20170605,20170602,210346000,2701.0,888,68994,23955840.0,2702.0,3,2701.0,18
rb1805,20170605,20170602,210347500,2702.0,890,68994,24009880.0,2702.0,2,2701.0,18
rb1805,20170605,20170602,210348000,2702.0,890,68994,24009880.0,2702.0,2,2701.0,18
rb1805,20170605,20170602,210348500,2702.0,890,68994,24009880.0,2702.0,2,2701.0,19
rb1805,20170605,20170602,210349000,2702.0,890,68994,24009880.0,2702.0,2,2701.0,20
rb1805,20170605,20170602,210349500,2702.0,890,68994,24009880.0,2702.0,2,2701.0,20
rb1805,20170605,20170602,210350000,2702.0,890,68994,24009880.0,2702.0,2,2701.0,20
rb1805,20170605,20170602,210350500,2702.0,890,68994,24009880.0,2702.0,2,2701.0,20
rb1805,20170605,20170602,210351000,2702.0,890,68994,24009880.0,2702.0,2,2701.0,20
rb1805,20170605,20170602,210351500,2702.0,890,68994,24009880.0,2702.0,2,2701.0,20
rb1805,20170605,20170602,210352000,2702.0,890,68994,24009880.0,2702.0,2,2701.0,20
rb1805,20170605,20170602,210352500,2702.0,890,68994,24009880.0,2702.0,2,2701.0,20
rb1805,20170605,20170602,210353000,2702.0,890,68994,24009880.0,2702.0,2,2701.0,20
rb1805,20170605,20170602,210354000,2702.0,890,68994,24009880.0,2702.0,2,2701.0,20
rb1805,20170605,20170602,210354500,2702.0,892,68994,24063920.0,2702.0,1,2701.0,20
rb1805,20170605,20170602,210355000,2702.0,892,68994,24063920.0,2702.0,7,2701.0,20
rb1805,20170605,20170602,210355500,2702.0,894,68994,24117960.0,2702.0,6,2701.0,20
rb1805,20170605,20170602,210356500,2701.0,896,68994,24171980.0,2702.0,6,2701.0,19
rb1805,20170605,20170602,210357000,2702.0,900,68998,24280060.0,2702.0,10,2701.0,20
rb1805,20170605,20170602,210357500,2702.0,900,68998,24280060.0,2702.0,11,2701.0,20
rb1805,20170605,20170602,210358000,2701.0,940,69000,25360460.0,2701.0,3,2700.0,50
rb1805,20170605,20170602,210358500,2700.0,942,69002,25414460.0,2702.0,10,2700.0,49
rb1805,20170605,20170602,210359000,2700.0,942,69002,25414460.0,2702.0,9,2700.0,49
rb1805,20170605,20170602,210359500,2700.0,942,69002,25414460.0,2702.0,9,2700.0,48
rb1805,20170605,20170602,210400000,2700.0,944,69002,25468460.0,2702.0,9,2700.0,47
rb1805,20170605,20170602,210400500,2700.0,944,69002,25468460.0,2702.0,9,2700.0,47
rb1805,20170605,20170602,210402000,2700.0,944,69002,25468460.0,2702.0,9,2700.0,53
rb1805,20170605,20170602,210403000,2700.0,944,69002,25468460.0,2702.0,9,2700.0,54
rb1805,20170605,20170602,210404000,2702.0,954,69010,25738660.0,2702.0,4,2700.0,54
rb1805,20170605,20170602,210404500,2702.0,954,69010,25738660.0,2703.0,4,2700.0,54
rb1805,20170605,20170602,210405000,2702.0,954,69010,25738660.0,2703.0,8,2700.0,54
rb1805,20170605,20170602,210406000,2702.0,954,69010,25738660.0,2703.0,8,2700.0,54
rb1805,20170605,20170602,210406500,2702.0,954,69010,25738660.0,2702.0,6,2700.0,54
rb1805,20170605,20170602,210408000,2702.0,954,69010,25738660.0,2702.0,6,2700.0,53
rb1805,20170605,20170602,210408500,2702.0,954,69010,25738660.0,2702.0,7,2700.0,53
rb1805,20170605,20170602,210409000,2702.0,954,69010,25738660.0,2702.0,6,2700.0,48
rb1805,20170605,20170602,210409500,2702.0,954,69010,25738660.0,2701.0,22,2700.0,48
rb1805,20170605,20170602,210410000,2702.0,954,69010,25738660.0,2701.0,22,2700.0,48
rb1805,20170605,20170602,210410500,2700.0,968,69024,26116660.0,2701.0,22,2700.0,41
rb1805,20170605,20170602,210411000,2700.0,968,69024,26116660.0,2701.0,22,2700.0,46
rb1805,20170605,20170602,210411500,2700.0,968,69024,26116660.0,2701.0,22,2700.0,46
rb1805,20170605,20170602,210412000,2700.0,968,69024,26116660.0,2701.0,22,2700.0,47
rb1805,20170605,20170602,210413000,2700.0,968,69024,26116660.0,2701.0,22,2700.0,48
rb1805,20170605,20170602,210413500,2700.0,968,69024,26116660.0,2701.0,23,2700.0,48
rb1805,20170605,20170602,210414500,2700.0,968,69024,26116660.0,2701.0,22,2700.0,48
rb1805,20170605,20170602,210415000,2700.0,968,69024,26116660.0,2701.0,22,2700.0,43
rb1805,20170605,20170602,210415500,2700.0,968,69024,26116660.0,2701.0,26,2700.0,43
rb1805,20170605,20170602,210416500,2700.0,1012,69068,27304660.0,2701.0,26,2700.0,21
rb1805,20170605,20170602,210417000,2701.0,1014,69070,27358680.0,2701.0,25,2700.0,21
rb1805,20170605,20170602,210417500,2701.0,1014,69070,27358680.0,2701.0,21,2700.0,20
rb1805,20170605,20170602,210418000,2701.0,1014,69070,27358680.0,2701.0,21,2700.0,21
rb1805,20170605,20170602,210418500,2700.0,1020,69070,27520680.0,2701.0,25,2700.0,18
rb1805,20170605,20170602,210419000,2700.0,1056,69104,28492680.0,2701.0,25,2699.0,114
rb1805,20170605,20170602,210419500,2700.0,1056,69104,28492680.0,2701.0,25,2699.0,115
rb1805,20170605,20170602,210420000,2700.0,1056,69104,28492680.0,2701.0,25,2699.0,115
rb1805,20170605,20170602,210420500,2700.0,1056,69104,28492680.0,2701.0,25,2699.0,115
rb1805,20170605,20170602,210421000,2700.0,1056,69104,28492680.0,2701.0,26,2700.0,1
rb1805,20170605,20170602,210421500,2700.0,1058,69106,28546680.0,2701.0,26,2699.0,115
rb1805,20170605,20170602,210422000,2700.0,1058,69106,28546680.0,2701.0,25,2699.0,115
rb1805,20170605,20170602,210422500,2699.0,1184,69232,31947420.0,2700.0,1,2699.0,52
rb1805,20170605,20170602,210423000,2699.0,1194,69242,32217320.0,2700.0,1,2699.0,42
rb1805,20170605,20170602,210423500,2699.0,1194,69242,32217320.0,2700.0,1,2699.0,43
rb1805,20170605,20170602,210424500,2701.0,1234,69282,33297700.0,2701.0,6,2699.0,43
rb1805,20170605,20170602,210426000,2701.0,1234,69282,33297700.0,2700.0,6,2699.0,43
rb1805,20170605,20170602,210427000,2701.0,1234,69282,33297700.0,2700.0,6,2699.0,43
rb1805,20170605,20170602,210427500,2701.0,1234,69282,33297700.0,2700.0,10,2699.0,43
rb1805,20170605,20170602,210429500,2699.0,1246,69288,33621580.0,2700.0,10,2699.0,37
rb1805,20170605,20170602,210430000,2700.0,1248,69290,33675580.0,2700.0,9,2699.0,37
rb1805,20170605,20170602,210430500,2700.0,1248,69290,33675580.0,2700.0,9,2699.0,37
rb1805,20170605,20170602,210432000,2700.0,1248,69290,33675580.0,2700.0,9,2699.0,37
rb1805,20170605,20170602,210433000,2700.0,1248,69290,33675580.0,2700.0,9,2699.0,37
rb1805,20170605,20170602,210433500,2700.0,1248,69290,33675580.0,2700.0,9,2699.0,37
rb1805,20170605,20170602,210434500,2699.0,1288,69330,34755180.0,2700.0,9,2699.0,17
rb1805,20170605,20170602,210435000,2699.0,1288,69330,34755180.0,2700.0,9,2699.0,17
rb1805,20170605,20170602,210435500,2700.0,1290,69332,34809180.0,2700.0,8,2699.0,17
rb1805,20170605,20170602,210436000,2698.0,1332,69374,35942680.0,2699.0,1,2698.0,8
rb1805,20170605,20170602,210436500,2698.0,1332,69374,35942680.0,2700.0,5,2698.0,8
rb1805,20170605,20170602,210438500,2698.0,1332,69374,35942680.0,2699.0,2,2698.0,6
rb1805,20170605,20170602,210439500,2698.0,1332,69374,35942680.0,2699.0,2,2698.0,6
rb1805,20170605,20170602,210440000,2698.0,1332,69374,35942680.0,2699.0,2,2698.0,6
rb1805,20170605,20170602,210441000,2698.0,1332,69374,35942680.0,2699.0,2,2698.0,6
rb1805,20170605,20170602,210441500,2699.0,1334,69376,35996660.0,2699.0,1,2698.0,6
rb1805,20170605,20170602,210442500,2698.0,1346,69388,36320420.0,2698.0,1,2697.0,20
rb1805,20170605,20170602,210443000,2698.0,1348,69390,36374380.0,2699.0,1,2698.0,2
rb1805,20170605,20170602,210443500,2699.0,1350,69392,36428360.0,2700.0,13,2699.0,1
rb1805,20170605,20170602,210444000,2699.0,1352,69394,36482340.0,2700.0,10,2697.0,20
rb1805,20170605,20170602,210444500,2699.0,1352,69394,36482340.0,2700.0,10,2697.0,20
rb1805,20170605,20170602,210445000,2699.0,1352,69394,36482340.0,2700.0,10,2697.0,20
rb1805,20170605,20170602,210445500,2700.0,1356,69394,36590340.0,2700.0,8,2699.0,5
rb1805,20170605,20170602,210446000,2699.0,1366,69404,36860240.0,2700.0,8,2697.0,20
rb1805,20170605,20170602,210446500,2699.0,1366,69404,36860240.0,2699.0,2,2697.0,21
rb1805,20170605,20170602,210447000,2699.0,1366,69404,36860240.0,2699.0,7,2697.0,20
rb1805,20170605,20170602,210447500,2699.0,1366,69404,36860240.0,2699.0,7,2697.0,20
rb1805,20170605,20170602,210448000,2699.0,1366,69404,36860240.0,2698.0,2,2697.0,20
rb1805,20170605,20170602,210450000,2697.0,1406,69442,37939040.0,2697.0,2,2696.0,6
rb1805,20170605,20170602,210450500,2697.0,1406,69442,37939040.0,2697.0,2,2696.0,6
rb1805,20170605,20170602,210451000,2697.0,1406,69442,37939040.0,2697.0,2,2696.0,6
rb1805,20170605,20170602,210451500,2697.0,1406,69442,37939040.0,2697.0,2,2696.0,6
rb1805,20170605,20170602,210452000,2697.0,1410,69444,38046920.0,2698.0,2,2696.0,6
rb1805,20170605,20170602,210452500,2697.0,1410,69444,38046920.0,2698.0,2,2696.0,6
rb1805,20170605,20170602,210453000,2696.0,1414,69444,38154760.0,2698.0,2,2696.0,7
rb1805,20170605,20170602,210453500,2696.0,1414,69444,38154760.0,2698.0,2,2696.0,7
rb1805,20170605,20170602,210454500,2696.0,1414,69444,38154760.0,2699.0,7,2696.0,7
rb1805,20170605,20170602,210455500,2696.0,1414,69444,38154760.0,2698.0,1,2696.0,8
rb1805,20170605,20170602,210456000,2696.0,1414,69444,38154760.0,2698.0,6,2697.0,1
rb1805,20170605,20170602,210458000,2696.0,1414,69444,38154760.0,2698.0,6,2697.0,1
rb1805,20170605,20170602,210459000,2698.0,1428,69456,38532440.0,2699.0,7,2696.0,8
rb1805,20170605,20170602,210459500,2698.0,1428,69456,38532440.0,2699.0,7,2696.0,8
rb1805,20170605,20170602,210500000,2698.0,1428,69456,38532440.0,2699.0,7,2696.0,8
rb1805,20170605,20170602,210501500,2698.0,1428,69456,38532440.0,2699.0,7,2696.0,5
rb1805,20170605,20170602,210502000,2698.0,1428,69456,38532440.0,2697.0,2,2696.0,6
rb1805,20170605,20170602,210502500,2698.0,1428,69456,38532440.0,2697.0,2,2696.0,6
rb1805,20170605,20170602,210503000,2698.0,1428,69456,38532440.0,2698.0,2,2696.0,6
rb1805,20170605,20170602,210503500,2698.0,1432,69460,38640360.0,2699.0,5,2698.0,1
rb1805,20170605,20170602,210504000,2698.0,1434,69460,38694320.0,2698.0,2,2696.0,6
rb1805,20170605,20170602,210504500,2698.0,1434,69460,38694320.0,2698.0,1,2696.0,11
rb1805,20170605,20170602,210505000,2698.0,1434,69460,38694320.0,2698.0,1,2697.0,2
rb1805,20170605,20170602,210505500,2698.0,1434,69460,38694320.0,2698.0,1,2697.0,8
rb1805,20170605,20170602,210506000,2698.0,1436,69460,38748280.0,2700.0,9,2698.0,3
rb1805,20170605,20170602,210506500,2698.0,1436,69460,38748280.0,2700.0,9,2698.0,3
rb1805,20170605,20170602,210507000,2698.0,1436,69460,38748280.0,2700.0,9,2697.0,8
rb1805,20170605,20170602,210508000,2698.0,1436,69460,38748280.0,2700.0,9,2697.0,8
rb1805,20170605,20170602,210508500,2698.0,1436,69460,38748280.0,2700.0,9,2697.0,8
rb1805,20170605,20170602,210509000,2698.0,1436,69460,38748280.0,2699.0,1,2697.0,8
rb1805,20170605,20170602,210509500,2698.0,1436,69460,38748280.0,2699.0,1,2697.0,7
rb1805,20170605,20170602,210510000,2698.0,1436,69460,38748280.0,2699.0,3,2697.0,7
rb1805,20170605,20170602,210511000,2698.0,1436,69460,38748280.0,2699.0,3,2697.0,8
rb1805,20170605,20170602,210512000,2698.0,1436,69460,38748280.0,2699.0,3,2697.0,8
rb1805,20170605,20170602,210516500,2698.0,1436,69460,38748280.0,2699.0,1,2697.0,8
rb1805,20170605,20170602,210517500,2698.0,1436,69460,38748280.0,2699.0,1,2697.0,9
rb1805,20170605,20170602,210518000,2699.0,1438,69462,38802260.0,2700.0,9,2699.0,19
rb1805,20170605,20170602,210519000,2699.0,1438,69462,38802260.0,2700.0,9,2699.0,19
rb1805,20170605,20170602,210519500,2699.0,1438,69462,38802260.0,2700.0,7,2699.0,19
rb1805,20170605,20170602,210520000,2699.0,1438,69462,38802260.0,2700.0,2,2699.0,19
rb1805,20170605,20170602,210520500,2699.0,1438,69462,38802260.0,2700.0,4,2699.0,19
rb1805,20170605,20170602,210523000,2699.0,1438,69462,38802260.0,2700.0,34,2699.0,19
rb1805,20170605,20170602,210524000,2699.0,1438,69462,38802260.0,2700.0,34,2699.0,19
rb1805,20170605,20170602,210524500,2699.0,1438,69462,38802260.0,2700.0,34,2699.0,19
rb1805,20170605,20170602,210525000,2700.0,1458,69482,39342260.0,2700.0,24,2699.0,19
rb1805,20170605,20170602,210525500,2699.0,1460,69482,39396240.0,2700.0,24,2699.0,18
rb1805,20170605,20170602,210526500,2699.0,1460,69482,39396240.0,2700.0,24,2699.0,18
rb1805,20170605,20170602,210527000,2699.0,1460,69482,39396240.0,2700.0,24,2699.0,18
rb1805,20170605,20170602,210527500,2699.0,1460,69482,39396240.0,2700.0,24,2699.0,18
rb1805,20170605,20170602,210528000,2699.0,1466,69488,39558180.0,2700.0,24,2699.0,16
rb1805,20170605,20170602,210528500,2699.0,1466,69488,39558180.0,2700.0,24,2699.0,16
rb1805,20170605,20170602,210529000,2700.0,1470,69492,39666180.0,2700.0,22,2699.0,16
rb1805,20170605,20170602,210530000,2700.0,1472,69494,39720180.0,2700.0,21,2699.0,16
rb1805,20170605,20170602,210531500,2699.0,1492,69514,40259980.0,2700.0,21,2699.0,6
rb1805,20170605,20170602,210533000,2699.0,1492,69514,40259980.0,2700.0,21,2699.0,6
rb1805,20170605,20170602,210533500,2700.0,1494,69514,40313980.0,2700.0,20,2699.0,6
rb1805,20170605,20170602,210534000,2700.0,1494,69514,40313980.0,2700.0,20,2699.0,6
rb1805,20170605,20170602,210534500,2700.0,1496,69516,40367980.0,2700.0,19,2699.0,6
rb1805,20170605,20170602,210535000,2700.0,1496,69516,40367980.0,2700.0,19,2699.0,6
rb1805,20170605,20170602,210535500,2700.0,1496,69516,40367980.0,2700.0,19,2699.0,6
rb1805,20170605,20170602,210536000,2700.0,1534,69554,41393980.0,2701.0,2,2700.0,31
rb1805,20170605,20170602,210536500,2700.0,1590,69608,42905980.0,2701.0,3,2700.0,3
rb1805,20170605,20170602,210537000,2700.0,1596,69614,43067980.0,2700.0,19,2699.0,6
rb1805,20170605,20170602,210537500,2700.0,1596,69614,43067980.0,2700.0,11,2699.0,6
rb1805,20170605,20170602,210538000,2700.0,1596,69614,43067980.0,2700.0,11,2699.0,6
rb1805,20170605,20170602,210538500,2699.0,1608,69626,43391860.0,2699.0,16,2698.0,6
rb1805,20170605,20170602,210539000,2699.0,1608,69626,43391860.0,2699.0,16,2698.0,6
rb1805,20170605,20170602,210540500,2699.0,1608,69626,43391860.0,2699.0,16,2698.0,6
rb1805,20170605,20170602,210541000,2699.0,1610,69628,43445840.0,2699.0,15,2698.0,6
rb1805,20170605,20170602,210541500,2699.0,1612,69628,43499820.0,2699.0,14,2698.0,6
rb1805,20170605,20170602,210542000,2699.0,1614,69630,43553800.0,2699.0,13,2698.0,6
rb1805,20170605,20170602,210543000,2699.0,1614,69630,43553800.0,2699.0,13,2698.0,6
rb1805,20170605,20170602,210544000,2699.0,1616,69632,43607780.0,2699.0,15,2698.0,6
rb1805,20170605,20170602,210544500,2699.0,1616,69632,43607780.0,2699.0,15,2698.0,6
rb1805,20170605,20170602,210545000,2699.0,1626,69642,43877680.0,2699.0,10,2698.0,6
rb1805,20170605,20170602,210547500,2698.0,1632,69648,44039560.0,2699.0,10,2698.0,53
rb1805,20170605,20170602,210548000,2698.0,1632,69648,44039560.0,2699.0,10,2698.0,53
rb1805,20170605,20170602,210548500,2698.0,1632,69648,44039560.0,2699.0,10,2698.0,53
rb1805,20170605,20170602,210550000,2698.0,1632,69648,44039560.0,2699.0,10,2698.0,53
rb1805,20170605,20170602,210551500,2698.0,1632,69648,44039560.0,2699.0,10,2698.0,53
rb1805,20170605,20170602,210552500,2698.0,1654,69670,44633120.0,2699.0,10,2698.0,42
rb1805,20170605,20170602,210553500,2698.0,1654,69670,44633120.0,2699.0,12,2698.0,42
rb1805,20170605,20170602,210554000,2698.0,1654,69670,44633120.0,2699.0,12,2698.0,42
rb1805,20170605,20170602,210554500,2699.0,1656,69672,44687100.0,2699.0,11,2698.0,42
rb1805,20170605,20170602,210555500,2698.0,1658,69672,44741060.0,2699.0,11,2698.0,41
rb1805,20170605,20170602,210556000,2698.0,1702,69716,45928180.0,2699.0,11,2698.0,19
rb1805,20170605,20170602,210556500,2698.0,1740,69744,46953420.0,2698.0,4,2697.0,6
rb1805,20170605,20170602,210557000,2698.0,1740,69744,46953420.0,2698.0,4,2697.0,1
rb1805,20170605,20170602,210559000,2698.0,1748,69752,47169260.0,2699.0,12,2697.0,1
rb1805,20170605,20170602,210559500,2698.0,1748,69752,47169260.0,2699.0,12,2698.0,1
rb1805,20170605,20170602,210600000,2698.0,1748,69752,47169260.0,2699.0,9,2698.0,3
rb1805,20170605,20170602,210600500,2698.0,1748,69752,47169260.0,2699.0,9,2698.0,8
rb1805,20170605,20170602,210601500,2699.0,1766,69756,47655080.0,2700.0,8,2698.0,9
rb1805,20170605,20170602,210602000,2700.0,1782,69756,48087080.0,2701.0,2,2699.0,5
rb1805,20170605,20170602,210602500,2700.0,1782,69756,48087080.0,2701.0,2,2700.0,3
rb1805,20170605,20170602,210603000,2701.0,1786,69760,48195120.0,2703.0,4,2701.0,12
rb1805,20170605,20170602,210603500,2701.0,1786,69760,48195120.0,2703.0,7,2701.0,22
rb1805,20170605,20170602,210604000,2701.0,1834,69770,49491600.0,2702.0,1,2701.0,1
rb1805,20170605,20170602,210604500,2702.0,1836,69770,49545640.0,2703.0,8,2702.0,2
rb1805,20170605,20170602,210605000,2702.0,1836,69770,49545640.0,2702.0,10,2700.0,5
rb1805,20170605,20170602,210605500,2702.0,1836,69770,49545640.0,2702.0,10,2700.0,5
rb1805,20170605,20170602,210606000,2702.0,1836,69770,49545640.0,2703.0,13,2700.0,5
rb1805,20170605,20170602,210606500,2702.0,1838,69770,49599680.0,2703.0,7,2700.0,5
rb1805,20170605,20170602,210607000,2703.0,1840,69768,49653740.0,2703.0,6,2700.0,6
rb1805,20170605,20170602,210607500,2703.0,1852,69762,49978100.0,2704.0,3,2703.0,6
rb1805,20170605,20170602,210608000,2704.0,1858,69762,50140340.0,2705.0,3,2704.0,6
rb1805,20170605,20170602,210608500,2704.0,1858,69762,50140340.0,2704.0,1,2702.0,2
rb1805,20170605,20170602,210609000,2704.0,1858,69762,50140340.0,2704.0,6,2703.0,3
rb1805,20170605,20170602,210610000,2704.0,1858,69762,50140340.0,2704.0,6,2702.0,2
rb1805,20170605,20170602,210610500,2704.0,1858,69762,50140340.0,2703.0,3,2702.0,1
rb1805,20170605,20170602,210611000,2702.0,1860,69762,50194380.0,2702.0,2,2700.0,5
rb1805,20170605,20170602,210611500,2702.0,1860,69762,50194380.0,2702.0,2,2700.0,6
rb1805,20170605,20170602,210612000,2702.0,1860,69762,50194380.0,2702.0,1,2700.0,6
rb1805,20170605,20170602,210612500,2702.0,1860,69762,50194380.0,2702.0,1,2701.0,1
rb1805,20170605,20170602,210613000,2702.0,1860,69762,50194380.0,2702.0,1,2701.0,1
rb1805,20170605,20170602,210614500,2702.0,1860,69762,50194380.0,2702.0,1,2701.0,2
rb1805,20170605,20170602,210615000,2702.0,1862,69762,50248420.0,2703.0,3,2702.0,9
rb1805,20170605,20170602,210615500,2702.0,1862,69762,50248420.0,2704.0,2,2702.0,3
rb1805,20170605,20170602,210616500,2702.0,1862,69762,50248420.0,2704.0,8,2701.0,2
rb1805,20170605,20170602,210617000,2701.0,1866,69766,50356460.0,2701.0,5,2700.0,6
rb1805,20170605,20170602,210617500,2701.0,1876,69776,50626560.0,2703.0,6,2701.0,7
rb1805,20170605,20170602,210618000,2701.0,1876,69776,50626560.0,2703.0,6,2700.0,56
rb1805,20170605,20170602,210618500,2701.0,1876,69776,50626560.0,2703.0,3,2700.0,57
rb1805,20170605,20170602,210619000,2701.0,1876,69776,50626560.0,2702.0,50,2700.0,57
rb1805,20170605,20170602,210619500,2702.0,1882,69776,50788680.0,2702.0,47,2700.0,57
rb1805,20170605,20170602,210620000,2702.0,1882,69776,50788680.0,2702.0,47,2701.0,2
rb1805,20170605,20170602,210620500,2702.0,1882,69776,50788680.0,2702.0,47,2701.0,2
rb1805,20170605,20170602,210621000,2702.0,1882,69776,50788680.0,2702.0,47,2701.0,2
rb1805,20170605,20170602,210622000,2702.0,1882,69776,50788680.0,2702.0,47,2701.0,3
rb1805,20170605,20170602,210622500,2702.0,1882,69776,50788680.0,2702.0,47,2701.0,3
rb1805,20170605,20170602,210624000,2702.0,1914,69802,51653320.0,2702.0,31,2701.0,3
rb1805,20170605,20170602,210624500,2702.0,1918,69806,51761400.0,2702.0,29,2701.0,3
rb1805,20170605,20170602,210625000,2702.0,1926,69814,51977560.0,2702.0,25,2701.0,3
rb1805,20170605,20170602,210625500,2702.0,1938,69826,52301800.0,2702.0,19,2701.0,1
rb1805,20170605,20170602,210626000,2702.0,1976,69864,53328560.0,2703.0,3,2702.0,1
rb1805,20170605,20170602,210626500,2702.0,1976,69864,53328560.0,2703.0,3,2702.0,5
rb1805,20170605,20170602,210627000,2702.0,1976,69864,53328560.0,2703.0,3,2702.0,1
rb1805,20170605,20170602,210627500,2702.0,1976,69864,53328560.0,2703.0,3,2702.0,1
rb1805,20170605,20170602,210628000,2702.0,1976,69864,53328560.0,2703.0,3,2702.0,1
rb1805,20170605,20170602,210628500,2702.0,1976,69864,53328560.0,2703.0,3,2702.0,1
rb1805,20170605,20170602,210629000,2702.0,1976,69864,53328560.0,2703.0,3,2702.0,1
rb1805,20170605,20170602,210629500,2703.0,1982,69858,53490740.0,2704.0,6,2703.0,1
rb1805,20170605,20170602,210630000,2704.0,1984,69856,53544820.0,2705.0,3,2701.0,1
rb1805,20170605,20170602,210630500,2704.0,1984,69856,53544820.0,2705.0,3,2702.0,2
rb1805,20170605,20170602,210631000,2704.0,1984,69856,53544820.0,2705.0,3,2702.0,6
rb1805,20170605,20170602,210631500,2705.0,1992,69856,53761220.0,2706.0,8,2703.0,4
rb1805,20170605,20170602,210632000,2705.0,1992,69856,53761220.0,2706.0,9,2704.0,2
rb1805,20170605,20170602,210632500,2705.0,1992,69856,53761220.0,2706.0,14,2704.0,2
rb1805,20170605,20170602,210633000,2705.0,1992,69856,53761220.0,2706.0,14,2704.0,2
rb1805,20170605,20170602,210634500,2705.0,1992,69856,53761220.0,2706.0,14,2704.0,2
rb1805,20170605,20170602,210635000,2704.0,1996,69856,53869380.0,2704.0,8,2703.0,5
rb1805,20170605,20170602,210635500,2704.0,1996,69856,53869380.0,2704.0,8,2703.0,5
rb1805,20170605,20170602,210636000,2703.0,2006,69848,54139680.0,2703.0,7,2702.0,5
rb1805,20170605,20170602,210636500,2703.0,2006,69848,54139680.0,2704.0,8,2702.0,5
rb1805,20170605,20170602,210637000,2703.0,2006,69848,54139680.0,2704.0,7,2702.0,5
rb1805,20170605,20170602,210638000,2703.0,2006,69848,54139680.0,2704.0,7,2703.0,1
rb1805,20170605,20170602,210638500,2703.0,2008,69846,54193740.0,2704.0,2,2702.0,5
rb1805,20170605,20170602,210639000,2703.0,2008,69846,54193740.0,2704.0,2,2702.0,5
rb1805,20170605,20170602,210639500,2703.0,2008,69846,54193740.0,2704.0,2,2702.0,7
rb1805,20170605,20170602,210640000,2703.0,2008,69846,54193740.0,2704.0,2,2702.0,7
rb1805,20170605,20170602,210640500,2703.0,2008,69846,54193740.0,2704.0,2,2703.0,1
rb1805,20170605,20170602,210641000,2703.0,2008,69846,54193740.0,2704.0,2,2703.0,1
rb1805,20170605,20170602,210641500,2703.0,2008,69846,54193740.0,2704.0,5,2703.0,1
rb1805,20170605,20170602,210642500,2703.0,2008,69846,54193740.0,2704.0,5,2703.0,51
rb1805,20170605,20170602,210643000,2703.0,2008,69846,54193740.0,2704.0,4,2703.0,51
rb1805,20170605,20170602,210645000,2703.0,2018,69850,54464040.0,2704.0,10,2703.0,46
rb1805,20170605,20170602,210645500,2703.0,2022,69852,54572160.0,2704.0,11,2703.0,44
rb1805,20170605,20170602,210646000,2703.0,2092,69886,56464260.0,2704.0,11,2703.0,9
rb1805,20170605,20170602,210646500,2703.0,2110,69900,56950800.0,2703.0,7,2702.0,7
rb1805,20170605,20170602,210647000,2702.0,2120,69900,57221000.0,2702.0,1,2701.0,2
rb1805,20170605,20170602,210647500,2702.0,2120,69900,57221000.0,2702.0,1,2701.0,2
rb1805,20170605,20170602,210648500,2702.0,2120,69900,57221000.0,2702.0,1,2701.0,2
rb1805,20170605,20170602,210649000,2702.0,2120,69900,57221000.0,2702.0,1,2701.0,7
rb1805,20170605,20170602,210649500,2702.0,2122,69898,57275040.0,2703.0,5,2702.0,2
rb1805,20170605,20170602,210650000,2702.0,2122,69898,57275040.0,2704.0,10,2701.0,8
rb1805,20170605,20170602,210650500,2702.0,2122,69898,57275040.0,2704.0,11,2701.0,8
rb1805,20170605,20170602,210651500,2702.0,2122,69898,57275040.0,2704.0,11,2701.0,8
rb1805,20170605,20170602,210652000,2702.0,2122,69898,57275040.0,2704.0,6,2702.0,2
rb1805,20170605,20170602,210653000,2702.0,2122,69898,57275040.0,2704.0,10,2702.0,2
rb1805,20170605,20170602,210653500,2702.0,2122,69898,57275040.0,2704.0,11,2702.0,2
rb1805,20170605,20170602,210654000,2702.0,2122,69898,57275040.0,2704.0,12,2702.0,2
rb1805,20170605,20170602,210655000,2702.0,2122,69898,57275040.0,2704.0,12,2702.0,2
rb1805,20170605,20170602,210656000,2702.0,2122,69898,57275040.0,2704.0,12,2702.0,2
rb1805,20170605,20170602,210657000,2702.0,2122,69898,57275040.0,2704.0,12,2702.0,4
rb1805,20170605,20170602,210657500,2702.0,2122,69898,57275040.0,2704.0,12,2702.0,6
rb1805,20170605,20170602,210658000,2702.0,2122,69898,57275040.0,2704.0,11,2702.0,11
rb1805,20170605,20170602,210658500,2702.0,2122,69898,57275040.0,2704.0,11,2702.0,11
rb1805,20170605,20170602,210700500,2702.0,2122,69898,57275040.0,2704.0,12,2702.0,11
rb1805,20170605,20170602,210701000,2702.0,2122,69898,57275040.0,2704.0,12,2702.0,11
rb1805,20170605,20170602,210701500,2702.0,2122,69898,57275040.0,2704.0,7,2702.0,11
rb1805,20170605,20170602,210702000,2704.0,2124,69898,57329120.0,2704.0,5,2702.0,11
rb1805,20170605,20170602,210702500,2704.0,2124,69898,57329120.0,2704.0,5,2702.0,11
rb1805,20170605,20170602,210703000,2704.0,2124,69898,57329120.0,2704.0,5,2702.0,11
rb1805,20170605,20170602,210703500,2704.0,2124,69898,57329120.0,2704.0,5,2702.0,11
rb1805,20170605,20170602,210704000,2704.0,2124,69898,57329120.0,2704.0,5,2702.0,11
rb1805,20170605,20170602,210704500,2704.0,2124,69898,57329120.0,2704.0,5,2702.0,11
rb1805,20170605,20170602,210706000,2704.0,2124,69898,57329120.0,2704.0,5,2702.0,11
rb1805,20170605,20170602,210706500,2704.0,2124,69898,57329120.0,2704.0,5,2702.0,11
rb1805,20170605,20170602,210708000,2704.0,2134,69890,57599520.0,2705.0,3,2702.0,12
rb1805,20170605,20170602,210709000,2704.0,2134,69890,57599520.0,2705.0,3,2702.0,12
rb1805,20170605,20170602,210710000,2704.0,2134,69890,57599520.0,2705.0,3,2702.0,12
rb1805,20170605,20170602,210710500,2704.0,2134,69890,57599520.0,2705.0,8,2702.0,12
rb1805,20170605,20170602,210711000,2704.0,2134,69890,57599520.0,2705.0,8,2702.0,12
rb1805,20170605,20170602,210711500,2704.0,2134,69890,57599520.0,2705.0,8,2702.0,6
rb1805,20170605,20170602,210712000,2704.0,2134,69890,57599520.0,2705.0,8,2704.0,1
rb1805,20170605,20170602,210712500,2704.0,2134,69890,57599520.0,2705.0,3,2704.0,1
rb1805,20170605,20170602,210713000,2705.0,2138,69890,57707720.0,2705.0,1,2704.0,1
rb1805,20170605,20170602,210713500,2705.0,2138,69890,57707720.0,2705.0,1,2704.0,1
rb1805,20170605,20170602,210715000,2705.0,2138,69890,57707720.0,2705.0,2,2704.0,7
rb1805,20170605,20170602,210715500,2705.0,2138,69890,57707720.0,2705.0,2,2704.0,7
rb1805,20170605,20170602,210716000,2705.0,2142,69886,57815920.0,2706.0,13,2705.0,6
rb1805,20170605,20170602,210716500,2705.0,2142,69886,57815920.0,2706.0,8,2704.0,7
rb1805,20170605,20170602,210717000,2705.0,2142,69886,57815920.0,2706.0,8,2704.0,7
rb1805,20170605,20170602,210718000,2705.0,2142,69886,57815920.0,2706.0,9,2704.0,7
rb1805,20170605,20170602,210719000,2705.0,2142,69886,57815920.0,2706.0,9,2704.0,7
rb1805,20170605,20170602,210719500,2705.0,2142,69886,57815920.0,2706.0,9,2704.0,7
rb1805,20170605,20170602,210720000,2705.0,2142,69886,57815920.0,2705.0,2,2704.0,7
rb1805,20170605,20170602,210720500,2705.0,2142,69886,57815920.0,2705.0,2,2704.0,7
rb1805,20170605,20170602,210721000,2705.0,2142,69886,57815920.0,2705.0,2,2704.0,7
rb1805,20170605,20170602,210721500,2705.0,2142,69886,57815920.0,2705.0,2,2704.0,7
rb1805,20170605,20170602,210722500,2705.0,2142,69886,57815920.0,2705.0,2,2704.0,7
rb1805,20170605,20170602,210723000,2705.0,2142,69886,57815920.0,2705.0,2,2704.0,7
rb1805,20170605,20170602,210724000,2705.0,2142,69886,57815920.0,2705.0,3,2704.0,7
rb1805,20170605,20170602,210724500,2705.0,2142,69886,57815920.0,2705.0,3,2704.0,2
rb1805,20170605,20170602,210725000,2705.0,2142,69886,57815920.0,2705.0,3,2704.0,2
rb1805,20170605,20170602,210725500,2705.0,2142,69886,57815920.0,2705.0,13,2704.0,2
rb1805,20170605,20170602,210726000,2705.0,2142,69886,57815920.0,2705.0,13,2704.0,1
rb1805,20170605,20170602,210727000,2705.0,2142,69886,57815920.0,2705.0,3,2704.0,6
rb1805,20170605,20170602,210727500,2705.0,2146,69888,57924120.0,2705.0,1,2704.0,6
rb1805,20170605,20170602,210728000,2705.0,2148,69886,57978220.0,2706.0,40,2705.0,2
rb1805,20170605,20170602,210728500,2705.0,2148,69886,57978220.0,2706.0,40,2705.0,8
rb1805,20170605,20170602,210729000,2706.0,2154,69886,58140580.0,2706.0,37,2705.0,5
rb1805,20170605,20170602,210729500,2706.0,2154,69886,58140580.0,2706.0,37,2705.0,5
rb1805,20170605,20170602,210731000,2706.0,2154,69886,58140580.0,2706.0,37,2705.0,5
rb1805,20170605,20170602,210731500,2706.0,2154,69886,58140580.0,2706.0,37,2705.0,5
rb1805,20170605,20170602,210732000,2706.0,2154,69886,58140580.0,2706.0,38,2705.0,5
rb1805,20170605,20170602,210733000,2706.0,2154,69886,58140580.0,2706.0,40,2705.0,5
rb1805,20170605,20170602,210733500,2706.0,2154,69886,58140580.0,2706.0,40,2705.0,5
rb1805,20170605,20170602,210734500,2706.0,2154,69886,58140580.0,2706.0,10,2705.0,5
rb1805,20170605,20170602,210735000,2706.0,2154,69886,58140580.0,2706.0,10,2704.0,8
rb1805,20170605,20170602,210735500,2706.0,2154,69886,58140580.0,2706.0,10,2704.0,8
rb1805,20170605,20170602,210737500,2706.0,2154,69886,58140580.0,2706.0,10,2704.0,8
rb1805,20170605,20170602,210738000,2706.0,2154,69886,58140580.0,2706.0,11,2704.0,8
rb1805,20170605,20170602,210739500,2706.0,2154,69886,58140580.0,2706.0,11,2704.0,17
rb1805,20170605,20170602,210742500,2706.0,2154,69886,58140580.0,2706.0,16,2704.0,12
rb1805,20170605,20170602,210743000,2706.0,2154,69886,58140580.0,2706.0,17,2704.0,12
rb1805,20170605,20170602,210743500,2706.0,2154,69886,58140580.0,2706.0,17,2704.0,12
rb1805,20170605,20170602,210744500,2706.0,2154,69886,58140580.0,2706.0,17,2704.0,13
rb1805,20170605,20170602,210746000,2706.0,2154,69886,58140580.0,2706.0,17,2704.0,12
rb1805,20170605,20170602,210746500,2706.0,2156,69888,58194700.0,2706.0,17,2704.0,12
rb1805,20170605,20170602,210747500,2706.0,2156,69888,58194700.0,2705.0,20,2704.0,12
rb1805,20170605,20170602,210748000,2704.0,2162,69892,58356940.0,2705.0,20,2704.0,10
rb1805,20170605,20170602,210748500,2704.0,2162,69892,58356940.0,2705.0,20,2704.0,10
rb1805,20170605,20170602,210749000,2704.0,2162,69892,58356940.0,2705.0,20,2704.0,10
rb1805,20170605,20170602,210750500,2704.0,2162,69892,58356940.0,2705.0,20,2704.0,15
rb1805,20170605,20170602,210751500,2704.0,2162,69892,58356940.0,2705.0,30,2704.0,15
rb1805,20170605,20170602,210752500,2704.0,2162,69892,58356940.0,2705.0,30,2704.0,15
rb1805,20170605,20170602,210753500,2705.0,2164,69894,58411040.0,2705.0,29,2704.0,15
rb1805,20170605,20170602,210754000,2704.0,2194,69896,59222240.0,2704.0,5,2702.0,10
rb1805,20170605,20170602,210754500,2704.0,2194,69896,59222240.0,2704.0,14,2702.0,5
rb1805,20170605,20170602,210755000,2704.0,2194,69896,59222240.0,2704.0,11,2702.0,5
rb1805,20170605,20170602,210755500,2704.0,2194,69896,59222240.0,2704.0,11,2702.0,5
rb1805,20170605,20170602,210756000,2704.0,2194,69896,59222240.0,2704.0,11,2702.0,4
rb1805,20170605,20170602,210756500,2704.0,2194,69896,59222240.0,2704.0,11,2702.0,4
rb1805,20170605,20170602,210758000,2704.0,2196,69898,59276320.0,2704.0,10,2702.0,4
rb1805,20170605,20170602,210758500,2704.0,2196,69898,59276320.0,2704.0,10,2702.0,4
rb1805,20170605,20170602,210759000,2704.0,2196,69898,59276320.0,2704.0,10,2702.0,4
rb1805,20170605,20170602,210801000,2704.0,2198,69900,59330400.0,2704.0,9,2702.0,4
rb1805,20170605,20170602,210801500,2704.0,2198,69900,59330400.0,2704.0,9,2702.0,4
rb1805,20170605,20170602,210802000,2704.0,2198,69900,59330400.0,2704.0,9,2702.0,4
rb1805,20170605,20170602,210803000,2704.0,2198,69900,59330400.0,2704.0,9,2702.0,4
rb1805,20170605,20170602,210804500,2704.0,2198,69900,59330400.0,2704.0,9,2702.0,5
rb1805,20170605,20170602,210805000,2704.0,2198,69900,59330400.0,2704.0,9,2702.0,5
rb1805,20170605,20170602,210806500,2704.0,2198,69900,59330400.0,2704.0,9,2702.0,4
rb1805,20170605,20170602,210807500,2704.0,2198,69900,59330400.0,2704.0,9,2702.0,4
rb1805,20170605,20170602,210808500,2704.0,2198,69900,59330400.0,2704.0,9,2702.0,4
rb1805,20170605,20170602,210809000,2704.0,2200,69902,59384480.0,2704.0,8,2702.0,4
rb1805,20170605,20170602,210811500,2704.0,2200,69902,59384480.0,2704.0,8,2702.0,4
rb1805,20170605,20170602,210812500,2704.0,2200,69902,59384480.0,2704.0,8,2702.0,5
rb1805,20170605,20170602,210814000,2704.0,2200,69902,59384480.0,2704.0,8,2702.0,4
rb1805,20170605,20170602,210814500,2704.0,2200,69902,59384480.0,2704.0,8,2702.0,4
rb1805,20170605,20170602,210816000,2704.0,2200,69902,59384480.0,2703.0,1,2702.0,4
rb1805,20170605,20170602,210818000,2704.0,2200,69902,59384480.0,2703.0,1,2702.0,4
rb1805,20170605,20170602,210818500,2704.0,2200,69902,59384480.0,2703.0,1,2702.0,5
rb1805,20170605,20170602,210819000,2702.0,2202,69902,59438520.0,2703.0,1,2702.0,4
rb1805,20170605,20170602,210819500,2702.0,2202,69902,59438520.0,2703.0,1,2702.0,4
rb1805,20170605,20170602,210820000,2702.0,2202,69902,59438520.0,2703.0,1,2702.0,4
rb1805,20170605,20170602,210820500,2702.0,2202,69902,59438520.0,2703.0,1,2702.0,4
rb1805,20170605,20170602,210821500,2702.0,2202,69902,59438520.0,2703.0,1,2702.0,5
rb1805,20170605,20170602,210822500,2702.0,2202,69902,59438520.0,2703.0,1,2702.0,5
rb1805,20170605,20170602,210823000,2703.0,2204,69900,59492580.0,2704.0,8,2703.0,3
rb1805,20170605,20170602,210823500,2703.0,2204,69900,59492580.0,2704.0,3,2702.0,5
rb1805,20170605,20170602,210824500,2703.0,2204,69900,59492580.0,2704.0,3,2702.0,17
rb1805,20170605,20170602,210825500,2703.0,2204,69900,59492580.0,2704.0,3,2703.0,1
rb1805,20170605,20170602,210826500,2703.0,2204,69900,59492580.0,2704.0,3,2703.0,1
rb1805,20170605,20170602,210827000,2703.0,2204,69900,59492580.0,2704.0,3,2702.0,17
rb1805,20170605,20170602,210828000,2703.0,2204,69900,59492580.0,2704.0,3,2702.0,17
rb1805,20170605,20170602,210828500,2703.0,2204,69900,59492580.0,2704.0,3,2702.0,17
rb1805,20170605,20170602,210829500,2703.0,2204,69900,59492580.0,2704.0,3,2703.0,1
rb1805,20170605,20170602,210830000,2703.0,2204,69900,59492580.0,2704.0,24,2703.0,1
rb1805,20170605,20170602,210830500,2703.0,2204,69900,59492580.0,2704.0,24,2703.0,1
rb1805,20170605,20170602,210831000,2703.0,2204,69900,59492580.0,2704.0,24,2702.0,17
rb1805,20170605,20170602,210831500,2703.0,2204,69900,59492580.0,2704.0,4,2702.0,17
rb1805,20170605,20170602,210833000,2703.0,2204,69900,59492580.0,2704.0,4,2702.0,17
rb1805,20170605,20170602,210833500,2703.0,2204,69900,59492580.0,2704.0,4,2703.0,1
rb1805,20170605,20170602,210835500,2703.0,2204,69900,59492580.0,2704.0,4,2703.0,1
rb1805,20170605,20170602,210836000,2704.0,2206,69902,59546660.0,2704.0,3,2702.0,17
rb1805,20170605,20170602,210836500,2704.0,2206,69902,59546660.0,2704.0,3,2702.0,17
rb1805,20170605,20170602,210837000,2704.0,2206,69902,59546660.0,2704.0,3,2702.0,16
rb1805,20170605,20170602,210838000,2704.0,2206,69902,59546660.0,2704.0,3,2703.0,1
rb1805,20170605,20170602,210838500,2704.0,2206,69902,59546660.0,2704.0,3,2703.0,4
rb1805,20170605,20170602,210839000,2704.0,2206,69902,59546660.0,2704.0,3,2703.0,5
rb1805,20170605,20170602,210839500,2704.0,2206,69902,59546660.0,2704.0,3,2703.0,4
rb1805,20170605,20170602,210840000,2704.0,2208,69904,59600740.0,2704.0,2,2703.0,4
rb1805,20170605,20170602,210840500,2704.0,2208,69904,59600740.0,2704.0,2,2703.0,1
rb1805,20170605,20170602,210841000,2704.0,2208,69904,59600740.0,2704.0,2,2703.0,3
rb1805,20170605,20170602,210841500,2704.0,2208,69904,59600740.0,2704.0,2,2703.0,1
rb1805,20170605,20170602,210842000,2704.0,2212,69904,59708900.0,2705.0,12,2703.0,1
rb1805,20170605,20170602,210843000,2704.0,2212,69904,59708900.0,2705.0,12,2703.0,4
rb1805,20170605,20170602,210843500,2704.0,2212,69904,59708900.0,2705.0,12,2703.0,2
rb1805,20170605,20170602,210844000,2704.0,2212,69904,59708900.0,2705.0,17,2703.0,2
rb1805,20170605,20170602,210845000,2704.0,2212,69904,59708900.0,2705.0,17,2703.0,2
rb1805,20170605,20170602,210845500,2704.0,2212,69904,59708900.0,2705.0,18,2703.0,2
rb1805,20170605,20170602,210846500,2703.0,2216,69904,59817020.0,2704.0,20,2702.0,17
rb1805,20170605,20170602,210847500,2703.0,2216,69904,59817020.0,2704.0,20,2702.0,16
rb1805,20170605,20170602,210848000,2703.0,2216,69904,59817020.0,2704.0,20,2702.0,16
rb1805,20170605,20170602,210850000,2703.0,2216,69904,59817020.0,2704.0,20,2702.0,17
rb1805,20170605,20170602,210851000,2703.0,2216,69904,59817020.0,2704.0,20,2702.0,17
rb1805,20170605,20170602,210851500,2703.0,2216,69904,59817020.0,2704.0,20,2702.0,16
rb1805,20170605,20170602,210852000,2703.0,2216,69904,59817020.0,2704.0,25,2702.0,16
rb1805,20170605,20170602,210855000,2703.0,2216,69904,59817020.0,2704.0,25,2703.0,30
rb1805,20170605,20170602,210858000,2703.0,2276,69964,61438820.0,2703.0,20,2702.0,16
rb1805,20170605,20170602,210858500,2703.0,2276,69964,61438820.0,2703.0,20,2702.0,16
rb1805,20170605,20170602,210859000,2703.0,2276,69964,61438820.0,2703.0,20,2702.0,16
rb1805,20170605,20170602,210859500,2703.0,2276,69964,61438820.0,2703.0,20,2702.0,16
rb1805,20170605,20170602,210901500,2703.0,2276,69964,61438820.0,2703.0,20,2702.0,16
rb1805,20170605,20170602,210902000,2703.0,2276,69964,61438820.0,2703.0,20,2702.0,16
rb1805,20170605,20170602,210903000,2703.0,2276,69964,61438820.0,2703.0,20,2702.0,17
rb1805,20170605,20170602,210903500,2703.0,2276,69964,61438820.0,2703.0,20,2702.0,17
rb1805,20170605,20170602,210905000,2703.0,2278,69966,61492880.0,2703.0,19,2702.0,16
rb1805,20170605,20170602,210906000,2703.0,2278,69966,61492880.0,2703.0,19,2702.0,17
rb1805,20170605,20170602,210906500,2703.0,2278,69966,61492880.0,2703.0,19,2702.0,17
rb1805,20170605,20170602,210907500,2703.0,2278,69966,61492880.0,2703.0,19,2702.0,17
rb1805,20170605,20170602,210909000,2703.0,2278,69966,61492880.0,2703.0,19,2702.0,17
rb1805,20170605,20170602,210909500,2703.0,2278,69966,61492880.0,2703.0,24,2702.0,17
rb1805,20170605,20170602,210910500,2702.0,2298,69952,62033280.0,2703.0,24,2702.0,7
rb1805,20170605,20170602,210911500,2702.0,2298,69952,62033280.0,2703.0,20,2702.0,6
rb1805,20170605,20170602,210913000,2702.0,2298,69952,62033280.0,2703.0,20,2702.0,2
rb1805,20170605,20170602,210914500,2703.0,2300,69954,62087340.0,2703.0,19,2702.0,2
rb1805,20170605,20170602,210915000,2703.0,2300,69954,62087340.0,2703.0,19,2702.0,1
rb1805,20170605,20170602,210915500,2703.0,2300,69954,62087340.0,2703.0,19,2702.0,1
rb1805,20170605,20170602,210916500,2703.0,2300,69954,62087340.0,2703.0,19,2702.0,1
rb1805,20170605,20170602,210917500,2703.0,2300,69954,62087340.0,2703.0,19,2702.0,1
rb1805,20170605,20170602,210918000,2702.0,2302,69954,62141380.0,2702.0,6,2701.0,2
rb1805,20170605,20170602,210918500,2702.0,2302,69954,62141380.0,2702.0,3,2701.0,2
rb1805,20170605,20170602,210919000,2702.0,2302,69954,62141380.0,2702.0,8,2701.0,2
rb1805,20170605,20170602,210919500,2702.0,2302,69954,62141380.0,2702.0,8,2701.0,3
rb1805,20170605,20170602,210920500,2702.0,2302,69954,62141380.0,2702.0,8,2701.0,3
rb1805,20170605,20170602,210922000,2702.0,2302,69954,62141380.0,2702.0,5,2701.0,3
rb1805,20170605,20170602,210922500,2702.0,2302,69954,62141380.0,2702.0,5,2701.0,2
rb1805,20170605,20170602,210924000,2701.0,2306,69958,62249420.0,2701.0,16,2700.0,115
rb1805,20170605,20170602,210924500,2701.0,2306,69958,62249420.0,2701.0,16,2700.0,113
rb1805,20170605,20170602,210925000,2701.0,2320,69958,62627560.0,2701.0,9,2700.0,113
rb1805,20170605,20170602,210925500,2701.0,2338,69976,63113740.0,2703.0,23,2701.0,3
rb1805,20170605,20170602,210926000,2701.0,2338,69976,63113740.0,2703.0,6,2701.0,3
rb1805,20170605,20170602,210926500,2701.0,2338,69976,63113740.0,2703.0,6,2702.0,1
rb1805,20170605,20170602,210927000,2701.0,2338,69976,63113740.0,2703.0,5,2702.0,1
rb1805,20170605,20170602,210928000,2701.0,2338,69976,63113740.0,2703.0,5,2702.0,2
rb1805,20170605,20170602,210928500,2701.0,2338,69976,63113740.0,2703.0,5,2702.0,1
rb1805,20170605,20170602,210929000,2702.0,2340,69974,63167780.0,2702.0,2,2700.0,113
rb1805,20170605,20170602,210929500,2702.0,2340,69974,63167780.0,2702.0,2,2700.0,113
rb1805,20170605,20170602,210930000,2702.0,2342,69972,63221820.0,2702.0,1,2700.0,113
rb1805,20170605,20170602,210930500,2702.0,2342,69972,63221820.0,2702.0,1,2700.0,113
rb1805,20170605,20170602,210931000,2702.0,2342,69972,63221820.0,2703.0,6,2700.0,113
rb1805,20170605,20170602,210933500,2702.0,2342,69972,63221820.0,2703.0,6,2700.0,113
rb1805,20170605,20170602,210935000,2702.0,2342,69972,63221820.0,2703.0,6,2701.0,1
rb1805,20170605,20170602,210936000,2702.0,2342,69972,63221820.0,2703.0,6,2701.0,2
rb1805,20170605,20170602,210936500,2702.0,2342,69972,63221820.0,2703.0,6,2701.0,2
rb1805,20170605,20170602,210939000,2703.0,2354,69972,63546180.0,2704.0,5,2703.0,14
rb1805,20170605,20170602,210939500,2703.0,2382,69982,64303020.0,2704.0,6,2701.0,2
rb1805,20170605,20170602,210940000,2703.0,2382,69982,64303020.0,2703.0,2,2701.0,7
rb1805,20170605,20170602,210940500,2703.0,2382,69982,64303020.0,2703.0,4,2701.0,7
rb1805,20170605,20170602,210941000,2703.0,2382,69982,64303020.0,2703.0,2,2701.0,7
rb1805,20170605,20170602,210942000,2703.0,2382,69982,64303020.0,2703.0,2,2701.0,7
rb1805,20170605,20170602,210942500,2703.0,2382,69982,64303020.0,2703.0,2,2701.0,7
rb1805,20170605,20170602,210943000,2703.0,2382,69982,64303020.0,2703.0,2,2701.0,7
rb1805,20170605,20170602,210943500,2703.0,2382,69982,64303020.0,2703.0,2,2701.0,8
rb1805,20170605,20170602,210944000,2703.0,2382,69982,64303020.0,2704.0,5,2701.0,8
rb1805,20170605,20170602,210944500,2703.0,2382,69982,64303020.0,2704.0,5,2702.0,2
rb1805,20170605,20170602,210947000,2703.0,2382,69982,64303020.0,2704.0,5,2702.0,2
rb1805,20170605,20170602,210947500,2703.0,2382,69982,64303020.0,2704.0,6,2702.0,2
rb1805,20170605,20170602,210948000,2703.0,2382,69982,64303020.0,2704.0,6,2702.0,6
rb1805,20170605,20170602,210948500,2703.0,2382,69982,64303020.0,2704.0,6,2702.0,6
rb1805,20170605,20170602,210950000,2703.0,2382,69982,64303020.0,2704.0,6,2702.0,6
rb1805,20170605,20170602,210950500,2703.0,2382,69982,64303020.0,2703.0,1,2702.0,6
rb1805,20170605,20170602,210951000,2703.0,2382,69982,64303020.0,2703.0,1,2702.0,7
rb1805,20170605,20170602,210954500,2703.0,2384,69982,64357080.0,2703.0,1,2702.0,12
rb1805,20170605,20170602,210955000,2703.0,2386,69982,64411140.0,2704.0,6,2703.0,1
rb1805,20170605,20170602,210955500,2703.0,2386,69982,64411140.0,2704.0,1,2702.0,12
rb1805,20170605,20170602,210958500,2703.0,2386,69982,64411140.0,2704.0,1,2702.0,12
rb1805,20170605,20170602,211000500,2703.0,2386,69982,64411140.0,2704.0,1,2702.0,12
rb1805,20170605,20170602,211001500,2704.0,2388,69980,64465220.0,2705.0,2,2702.0,12
rb1805,20170605,20170602,211002000,2704.0,2388,69980,64465220.0,2705.0,13,2702.0,12
rb1805,20170605,20170602,211002500,2704.0,2388,69980,64465220.0,2705.0,3,2703.0,1
rb1805,20170605,20170602,211003000,2704.0,2388,69980,64465220.0,2705.0,2,2703.0,6
rb1805,20170605,20170602,211003500,2704.0,2388,69980,64465220.0,2705.0,2,2703.0,6
rb1805,20170605,20170602,211004000,2704.0,2388,69980,64465220.0,2705.0,2,2703.0,6
rb1805,20170605,20170602,211005500,2704.0,2388,69980,64465220.0,2705.0,52,2703.0,1
rb1805,20170605,20170602,211006500,2704.0,2388,69980,64465220.0,2705.0,52,2703.0,1
rb1805,20170605,20170602,211007000,2704.0,2388,69980,64465220.0,2705.0,52,2703.0,1
rb1805,20170605,20170602,211007500,2703.0,2390,69980,64519280.0,2703.0,1,2702.0,13
rb1805,20170605,20170602,211008000,2703.0,2390,69980,64519280.0,2705.0,53,2702.0,8
rb1805,20170605,20170602,211008500,2703.0,2390,69980,64519280.0,2705.0,53,2702.0,7
rb1805,20170605,20170602,211009000,2703.0,2390,69980,64519280.0,2705.0,53,2702.0,12
rb1805,20170605,20170602,211010000,2703.0,2390,69980,64519280.0,2704.0,1,2702.0,12
rb1805,20170605,20170602,211010500,2703.0,2390,69980,64519280.0,2704.0,1,2702.0,14
rb1805,20170605,20170602,211011000,2703.0,2390,69980,64519280.0,2704.0,2,2702.0,14
rb1805,20170605,20170602,211011500,2704.0,2392,69980,64573360.0,2704.0,1,2702.0,14
rb1805,20170605,20170602,211012000,2704.0,2392,69980,64573360.0,2704.0,1,2702.0,14
rb1805,20170605,20170602,211013500,2704.0,2392,69980,64573360.0,2704.0,2,2702.0,14
rb1805,20170605,20170602,211014500,2704.0,2392,69980,64573360.0,2704.0,2,2702.0,14
rb1805,20170605,20170602,211015000,2704.0,2392,69980,64573360.0,2704.0,2,2702.0,14
rb1805,20170605,20170602,211016000,2704.0,2396,69980,64681520.0,2705.0,2,2704.0,4
rb1805,20170605,20170602,211016500,2704.0,2396,69980,64681520.0,2705.0,2,2702.0,14
rb1805,20170605,20170602,211017000,2704.0,2396,69980,64681520.0,2705.0,2,2702.0,15
rb1805,20170605,20170602,211018500,2704.0,2396,69980,64681520.0,2705.0,2,2703.0,20
rb1805,20170605,20170602,211020000,2704.0,2396,69980,64681520.0,2705.0,8,2703.0,20
rb1805,20170605,20170602,211020500,2704.0,2396,69980,64681520.0,2705.0,2,2703.0,30
rb1805,20170605,20170602,211021000,2704.0,2396,69980,64681520.0,2705.0,2,2703.0,30
rb1805,20170605,20170602,211021500,2704.0,2396,69980,64681520.0,2705.0,2,2703.0,31
rb1805,20170605,20170602,211022000,2704.0,2396,69980,64681520.0,2705.0,3,2703.0,31
rb1805,20170605,20170602,211025000,2704.0,2396,69980,64681520.0,2705.0,3,2703.0,36
rb1805,20170605,20170602,211026500,2704.0,2396,69980,64681520.0,2705.0,3,2703.0,36
rb1805,20170605,20170602,211027500,2704.0,2396,69980,64681520.0,2705.0,3,2703.0,36
rb1805,20170605,20170602,211028500,2704.0,2396,69980,64681520.0,2705.0,3,2703.0,36
rb1805,20170605,20170602,211029000,2704.0,2396,69980,64681520.0,2705.0,3,2703.0,31
rb1805,20170605,20170602,211029500,2703.0,2436,70020,65762720.0,2705.0,14,2703.0,11
rb1805,20170605,20170602,211030000,2703.0,2438,70022,65816780.0,2705.0,12,2703.0,10
rb1805,20170605,20170602,211030500,2703.0,2446,70022,66033020.0,2705.0,11,2703.0,6
rb1805,20170605,20170602,211031000,2703.0,2458,70026,66357380.0,2705.0,2,2702.0,16
rb1805,20170605,20170602,211031500,2703.0,2458,70026,66357380.0,2703.0,2,2702.0,16
rb1805,20170605,20170602,211032000,2703.0,2458,70026,66357380.0,2704.0,12,2702.0,11
rb1805,20170605,20170602,211032500,2703.0,2458,70026,66357380.0,2704.0,12,2702.0,11
rb1805,20170605,20170602,211033500,2703.0,2458,70026,66357380.0,2704.0,12,2702.0,16
rb1805,20170605,20170602,211034000,2703.0,2458,70026,66357380.0,2704.0,10,2702.0,16
rb1805,20170605,20170602,211034500,2703.0,2458,70026,66357380.0,2705.0,2,2702.0,16
rb1805,20170605,20170602,211035000,2703.0,2458,70026,66357380.0,2705.0,3,2702.0,16
rb1805,20170605,20170602,211035500,2703.0,2458,70026,66357380.0,2705.0,2,2702.0,16
rb1805,20170605,20170602,211036500,2703.0,2458,70026,66357380.0,2705.0,2,2702.0,16
rb1805,20170605,20170602,211037500,2703.0,2458,70026,66357380.0,2705.0,14,2702.0,16
rb1805,20170605,20170602,211038000,2703.0,2458,70026,66357380.0,2705.0,14,2702.0,16
rb1805,20170605,20170602,211039000,2703.0,2458,70026,66357380.0,2705.0,14,2703.0,2
rb1805,20170605,20170602,211039500,2703.0,2458,70026,66357380.0,2705.0,64,2703.0,2
rb1805,20170605,20170602,211040000,2703.0,2458,70026,66357380.0,2705.0,64,2703.0,1
rb1805,20170605,20170602,211040500,2703.0,2458,70026,66357380.0,2704.0,1,2703.0,1
rb1805,20170605,20170602,211041000,2703.0,2458,70026,66357380.0,2704.0,51,2703.0,1
rb1805,20170605,20170602,211041500,2703.0,2458,70026,66357380.0,2704.0,50,2703.0,1
rb1805,20170605,20170602,211043000,2703.0,2458,70026,66357380.0,2704.0,50,2703.0,18
rb1805,20170605,20170602,211044000,2703.0,2458,70026,66357380.0,2704.0,50,2703.0,18
rb1805,20170605,20170602,211044500,2703.0,2458,70026,66357380.0,2704.0,50,2703.0,18
rb1805,20170605,20170602,211045500,2703.0,2494,70028,67330460.0,2703.0,32,2702.0,17
rb1805,20170605,20170602,211046000,2703.0,2494,70028,67330460.0,2703.0,32,2702.0,12
rb1805,20170605,20170602,211046500,2703.0,2494,70028,67330460.0,2703.0,32,2702.0,11
rb1805,20170605,20170602,211047000,2703.0,2494,70028,67330460.0,2704.0,50,2702.0,11
rb1805,20170605,20170602,211048000,2703.0,2494,70028,67330460.0,2704.0,51,2702.0,11
rb1805,20170605,20170602,211049500,2703.0,2494,70028,67330460.0,2704.0,51,2702.0,11
rb1805,20170605,20170602,211050000,2703.0,2494,70028,67330460.0,2704.0,51,2702.0,11
rb1805,20170605,20170602,211050500,2703.0,2494,70028,67330460.0,2704.0,51,2702.0,16
rb1805,20170605,20170602,211051500,2703.0,2494,70028,67330460.0,2704.0,51,2702.0,16
rb1805,20170605,20170602,211056000,2703.0,2494,70028,67330460.0,2704.0,51,2703.0,1
rb1805,20170605,20170602,211056500,2703.0,2496,70030,67384520.0,2704.0,51,2702.0,16
rb1805,20170605,20170602,211057000,2703.0,2496,70030,67384520.0,2704.0,51,2702.0,16
rb1805,20170605,20170602,211059000,2703.0,2496,70030,67384520.0,2704.0,51,2702.0,16
rb1805,20170605,20170602,211100500,2703.0,2496,70030,67384520.0,2703.0,1,2702.0,17
rb1805,20170605,20170602,211101000,2703.0,2498,70030,67438580.0,2704.0,51,2703.0,12
rb1805,20170605,20170602,211101500,2703.0,2498,70030,67438580.0,2704.0,51,2703.0,6
rb1805,20170605,20170602,211102000,2703.0,2498,70030,67438580.0,2704.0,51,2702.0,17
rb1805,20170605,20170602,211104000,2703.0,2498,70030,67438580.0,2703.0,4,2702.0,17
rb1805,20170605,20170602,211104500,2703.0,2498,70030,67438580.0,2703.0,4,2702.0,18
rb1805,20170605,20170602,211106500,2703.0,2498,70030,67438580.0,2703.0,4,2702.0,13
rb1805,20170605,20170602,211107000,2703.0,2500,70032,67492640.0,2703.0,3,2702.0,13
rb1805,20170605,20170602,211107500,2703.0,2506,70038,67654820.0,2704.0,51,2703.0,10
rb1805,20170605,20170602,211108000,2703.0,2506,70038,67654820.0,2704.0,51,2703.0,3
rb1805,20170605,20170602,211109500,2703.0,2506,70038,67654820.0,2704.0,51,2703.0,5
rb1805,20170605,20170602,211111500,2703.0,2506,70038,67654820.0,2704.0,51,2703.0,5
rb1805,20170605,20170602,211112500,2703.0,2506,70038,67654820.0,2704.0,1,2703.0,5
rb1805,20170605,20170602,211115500,2703.0,2506,70038,67654820.0,2704.0,1,2703.0,2
rb1805,20170605,20170602,211117000,2703.0,2506,70038,67654820.0,2704.0,1,2703.0,5
rb1805,20170605,20170602,211117500,2703.0,2506,70038,67654820.0,2704.0,1,2703.0,6
rb1805,20170605,20170602,211119000,2703.0,2506,70038,67654820.0,2704.0,1,2703.0,6
rb1805,20170605,20170602,211120000,2703.0,2506,70038,67654820.0,2704.0,1,2703.0,6
rb1805,20170605,20170602,211120500,2703.0,2506,70038,67654820.0,2704.0,1,2703.0,6
rb1805,20170605,20170602,211121000,2704.0,2508,70038,67708900.0,2705.0,12,2704.0,49
rb1805,20170605,20170602,211122500,2704.0,2512,70038,67817060.0,2705.0,12,2704.0,47
rb1805,20170605,20170602,211123000,2704.0,2512,70038,67817060.0,2705.0,12,2704.0,47
rb1805,20170605,20170602,211123500,2704.0,2520,70038,68033380.0,2705.0,12,2704.0,43
rb1805,20170605,20170602,211124000,2704.0,2526,70044,68195620.0,2705.0,12,2704.0,40
rb1805,20170605,20170602,211126000,2704.0,2606,70124,70358820.0,2704.0,10,2703.0,6
rb1805,20170605,20170602,211126500,2704.0,2606,70124,70358820.0,2704.0,10,2703.0,7
rb1805,20170605,20170602,211129500,2704.0,2606,70124,70358820.0,2704.0,10,2703.0,7
rb1805,20170605,20170602,211130000,2704.0,2606,70124,70358820.0,2704.0,10,2703.0,7
rb1805,20170605,20170602,211132500,2704.0,2608,70126,70412900.0,2704.0,9,2703.0,7
rb1805,20170605,20170602,211133000,2704.0,2608,70126,70412900.0,2704.0,9,2703.0,7
rb1805,20170605,20170602,211133500,2704.0,2608,70126,70412900.0,2704.0,9,2703.0,7
rb1805,20170605,20170602,211135000,2703.0,2622,70140,70791320.0,2703.0,13,2702.0,11
rb1805,20170605,20170602,211135500,2703.0,2622,70140,70791320.0,2703.0,16,2702.0,11
rb1805,20170605,20170602,211137000,2703.0,2622,70140,70791320.0,2703.0,16,2702.0,11
rb1805,20170605,20170602,211137500,2703.0,2624,70142,70845380.0,2703.0,15,2702.0,11
rb1805,20170605,20170602,211138500,2703.0,2624,70142,70845380.0,2703.0,15,2702.0,11
rb1805,20170605,20170602,211139000,2703.0,2632,70148,71061620.0,2703.0,11,2702.0,11
rb1805,20170605,20170602,211140500,2703.0,2632,70148,71061620.0,2703.0,11,2702.0,11
rb1805,20170605,20170602,211141000,2703.0,2632,70148,71061620.0,2703.0,11,2702.0,11
rb1805,20170605,20170602,211141500,2703.0,2636,70152,71169740.0,2703.0,9,2702.0,11
rb1805,20170605,20170602,211142000,2703.0,2638,70154,71223800.0,2703.0,8,2702.0,11
rb1805,20170605,20170602,211142500,2702.0,2658,70174,71764200.0,2703.0,8,2702.0,1
rb1805,20170605,20170602,211144000,2702.0,2660,70176,71818240.0,2702.0,2,2701.0,9
rb1805,20170605,20170602,211144500,2702.0,2660,70176,71818240.0,2702.0,2,2701.0,4
rb1805,20170605,20170602,211145500,2702.0,2660,70176,71818240.0,2702.0,2,2701.0,4
rb1805,20170605,20170602,211146000,2702.0,2662,70178,71872280.0,2702.0,1,2701.0,4
rb1805,20170605,20170602,211146500,2702.0,2662,70178,71872280.0,2702.0,1,2701.0,3
rb1805,20170605,20170602,211147000,2702.0,2664,70178,71926320.0,2703.0,8,2701.0,3
rb1805,20170605,20170602,211147500,2702.0,2664,70178,71926320.0,2703.0,8,2702.0,12
rb1805,20170605,20170602,211148000,2702.0,2664,70178,71926320.0,2703.0,8,2702.0,6
rb1805,20170605,20170602,211148500,2703.0,2680,70192,72358800.0,2704.0,9,2703.0,7
rb1805,20170605,20170602,211149000,2703.0,2680,70192,72358800.0,2704.0,9,2703.0,6
rb1805,20170605,20170602,211149500,2703.0,2680,70192,72358800.0,2704.0,9,2703.0,11
rb1805,20170605,20170602,211151000,2703.0,2680,70192,72358800.0,2704.0,9,2703.0,8
rb1805,20170605,20170602,211151500,2703.0,2682,70192,72412860.0,2704.0,9,2703.0,4
rb1805,20170605,20170602,211152500,2703.0,2690,70200,72629100.0,2703.0,6,2702.0,5
rb1805,20170605,20170602,211153000,2703.0,2692,70202,72683160.0,2703.0,5,2702.0,5
rb1805,20170605,20170602,211153500,2703.0,2692,70202,72683160.0,2703.0,5,2702.0,5
rb1805,20170605,20170602,211154000,2703.0,2692,70202,72683160.0,2703.0,5,2701.0,8
rb1805,20170605,20170602,211154500,2703.0,2692,70202,72683160.0,2703.0,5,2701.0,8
rb1805,20170605,20170602,211155000,2703.0,2692,70202,72683160.0,2703.0,5,2701.0,8
rb1805,20170605,20170602,211156500,2703.0,2692,70202,72683160.0,2703.0,5,2701.0,8
rb1805,20170605,20170602,211157500,2703.0,2692,70202,72683160.0,2703.0,5,2701.0,8
rb1805,20170605,20170602,211158500,2703.0,2692,70202,72683160.0,2703.0,5,2701.0,8
rb1805,20170605,20170602,211159000,2703.0,2694,70204,72737220.0,2703.0,4,2702.0,1
rb1805,20170605,20170602,211201000,2703.0,2694,70204,72737220.0,2703.0,5,2702.0,1
rb1805,20170605,20170602,211201500,2703.0,2694,70204,72737220.0,2703.0,5,2702.0,1
rb1805,20170605,20170602,211202000,2703.0,2694,70204,72737220.0,2703.0,5,2702.0,1
rb1805,20170605,20170602,211203500,2702.0,2696,70206,72791260.0,2703.0,5,2701.0,8
rb1805,20170605,20170602,211205000,2702.0,2696,70206,72791260.0,2703.0,5,2701.0,8
rb1805,20170605,20170602,211206500,2702.0,2696,70206,72791260.0,2703.0,5,2701.0,8
rb1805,20170605,20170602,211207000,2703.0,2706,70214,73061560.0,2704.0,10,2703.0,1
rb1805,20170605,20170602,211207500,2703.0,2706,70214,73061560.0,2704.0,10,2703.0,5
rb1805,20170605,20170602,211208500,2703.0,2706,70214,73061560.0,2704.0,10,2703.0,6
rb1805,20170605,20170602,211211000,2704.0,2708,70216,73115640.0,2704.0,9,2703.0,8
rb1805,20170605,20170602,211211500,2704.0,2726,70226,73602360.0,2705.0,13,2703.0,8
rb1805,20170605,20170602,211212000,2704.0,2726,70226,73602360.0,2705.0,13,2703.0,9
rb1805,20170605,20170602,211212500,2704.0,2726,70226,73602360.0,2705.0,13,2703.0,9
rb1805,20170605,20170602,211213000,2704.0,2726,70226,73602360.0,2705.0,13,2703.0,9
rb1805,20170605,20170602,211213500,2704.0,2726,70226,73602360.0,2705.0,13,2703.0,8
rb1805,20170605,20170602,211214000,2704.0,2726,70226,73602360.0,2705.0,13,2703.0,6
rb1805,20170605,20170602,211215500,2704.0,2726,70226,73602360.0,2705.0,13,2703.0,6
rb1805,20170605,20170602,211218500,2703.0,2728,70228,73656420.0,2705.0,13,2703.0,5
rb1805,20170605,20170602,211219000,2703.0,2728,70228,73656420.0,2705.0,18,2703.0,6
rb1805,20170605,20170602,211219500,2703.0,2728,70228,73656420.0,2705.0,18,2703.0,6
rb1805,20170605,20170602,211221000,2703.0,2728,70228,73656420.0,2705.0,13,2703.0,6
rb1805,20170605,20170602,211223000,2703.0,2728,70228,73656420.0,2705.0,13,2703.0,7
rb1805,20170605,20170602,211224000,2703.0,2728,70228,73656420.0,2705.0,13,2703.0,8
rb1805,20170605,20170602,211225500,2703.0,2728,70228,73656420.0,2705.0,13,2703.0,8
rb1805,20170605,20170602,211226000,2703.0,2728,70228,73656420.0,2705.0,13,2703.0,9
rb1805,20170605,20170602,211226500,2703.0,2728,70228,73656420.0,2705.0,13,2703.0,9
rb1805,20170605,20170602,211227000,2703.0,2728,70228,73656420.0,2705.0,13,2703.0,12
rb1805,20170605,20170602,211228000,2703.0,2728,70228,73656420.0,2705.0,13,2704.0,3
rb1805,20170605,20170602,211228500,2703.0,2728,70228,73656420.0,2705.0,13,2704.0,3
rb1805,20170605,20170602,211229000,2705.0,2740,70216,73981020.0,2705.0,7,2704.0,3
rb1805,20170605,20170602,211229500,2705.0,2740,70216,73981020.0,2705.0,7,2704.0,7
rb1805,20170605,20170602,211232000,2705.0,2740,70216,73981020.0,2705.0,6,2704.0,7
rb1805,20170605,20170602,211232500,2705.0,2740,70216,73981020.0,2705.0,6,2704.0,3
rb1805,20170605,20170602,211233500,2705.0,2740,70216,73981020.0,2705.0,6,2704.0,3
rb1805,20170605,20170602,211234500,2704.0,2742,70218,74035100.0,2705.0,6,2704.0,2
rb1805,20170605,20170602,211235000,2705.0,2746,70218,74143300.0,2705.0,4,2704.0,2
rb1805,20170605,20170602,211235500,2704.0,2750,70220,74251460.0,2705.0,5,2703.0,12
rb1805,20170605,20170602,211236000,2704.0,2750,70220,74251460.0,2705.0,5,2703.0,12
rb1805,20170605,20170602,211236500,2704.0,2750,70220,74251460.0,2705.0,10,2703.0,5
rb1805,20170605,20170602,211237000,2704.0,2750,70220,74251460.0,2705.0,10,2703.0,5
rb1805,20170605,20170602,211237500,2704.0,2750,70220,74251460.0,2705.0,10,2703.0,8
rb1805,20170605,20170602,211238000,2704.0,2750,70220,74251460.0,2705.0,10,2703.0,5
rb1805,20170605,20170602,211238500,2704.0,2750,70220,74251460.0,2705.0,10,2703.0,8
rb1805,20170605,20170602,211239000,2704.0,2750,70220,74251460.0,2705.0,10,2703.0,5
rb1805,20170605,20170602,211239500,2705.0,2752,70220,74305560.0,2705.0,9,2703.0,5
rb1805,20170605,20170602,211240500,2705.0,2752,70220,74305560.0,2705.0,4,2703.0,14
rb1805,20170605,20170602,211242000,2705.0,2752,70220,74305560.0,2705.0,3,2703.0,14
rb1805,20170605,20170602,211243500,2705.0,2752,70220,74305560.0,2705.0,3,2703.0,19
rb1805,20170605,20170602,211246500,2705.0,2752,70220,74305560.0,2705.0,3,2703.0,19
rb1805,20170605,20170602,211247000,2705.0,2752,70220,74305560.0,2705.0,3,2703.0,19
rb1805,20170605,20170602,211247500,2705.0,2752,70220,74305560.0,2705.0,5,2703.0,19
rb1805,20170605,20170602,211249000,2705.0,2752,70220,74305560.0,2705.0,15,2704.0,1
rb1805,20170605,20170602,211250000,2705.0,2752,70220,74305560.0,2705.0,21,2704.0,1
rb1805,20170605,20170602,211250500,2705.0,2752,70220,74305560.0,2705.0,21,2704.0,1
rb1805,20170605,20170602,211251000,2705.0,2752,70220,74305560.0,2705.0,11,2704.0,1
rb1805,20170605,20170602,211252000,2705.0,2752,70220,74305560.0,2705.0,11,2704.0,1
rb1805,20170605,20170602,211252500,2705.0,2752,70220,74305560.0,2705.0,6,2704.0,1
rb1805,20170605,20170602,211254000,2705.0,2752,70220,74305560.0,2705.0,6,2704.0,1
rb1805,20170605,20170602,211254500,2704.0,2754,70222,74359640.0,2705.0,6,2703.0,21
rb1805,20170605,20170602,211255000,2704.0,2754,70222,74359640.0,2705.0,5,2703.0,21
rb1805,20170605,20170602,211255500,2704.0,2754,70222,74359640.0,2705.0,5,2703.0,21
rb1805,20170605,20170602,211258500,2704.0,2754,70222,74359640.0,2705.0,6,2703.0,21
rb1805,20170605,20170602,211259000,2704.0,2754,70222,74359640.0,2705.0,6,2704.0,1
rb1805,20170605,20170602,211259500,2704.0,2754,70222,74359640.0,2705.0,6,2704.0,1
rb1805,20170605,20170602,211300000,2704.0,2754,70222,74359640.0,2705.0,6,2704.0,1
rb1805,20170605,20170602,211301500,2704.0,2756,70224,74413720.0,2705.0,6,2703.0,21
rb1805,20170605,20170602,211302000,2704.0,2756,70224,74413720.0,2705.0,11,2703.0,21
rb1805,20170605,20170602,211302500,2703.0,2758,70226,74467780.0,2705.0,11,2703.0,20
rb1805,20170605,20170602,211303000,2703.0,2758,70226,74467780.0,2705.0,11,2703.0,16
rb1805,20170605,20170602,211303500,2703.0,2760,70228,74521840.0,2705.0,11,2703.0,15
rb1805,20170605,20170602,211304500,2703.0,2760,70228,74521840.0,2705.0,12,2703.0,15
rb1805,20170605,20170602,211305000,2703.0,2762,70230,74575900.0,2705.0,12,2703.0,14
rb1805,20170605,20170602,211305500,2704.0,2764,70232,74629980.0,2704.0,2,2703.0,14
rb1805,20170605,20170602,211306000,2704.0,2764,70232,74629980.0,2705.0,12,2703.0,14
rb1805,20170605,20170602,211306500,2704.0,2764,70232,74629980.0,2705.0,12,2703.0,18
rb1805,20170605,20170602,211308500,2704.0,2764,70232,74629980.0,2705.0,11,2703.0,18
rb1805,20170605,20170602,211309000,2704.0,2764,70232,74629980.0,2705.0,11,2703.0,13
rb1805,20170605,20170602,211309500,2704.0,2764,70232,74629980.0,2705.0,11,2704.0,1
rb1805,20170605,20170602,211310000,2704.0,2766,70232,74684060.0,2704.0,2,2703.0,13
rb1805,20170605,20170602,211310500,2704.0,2766,70232,74684060.0,2705.0,7,2703.0,13
rb1805,20170605,20170602,211311000,2704.0,2766,70232,74684060.0,2705.0,12,2703.0,13
rb1805,20170605,20170602,211311500,2703.0,2768,70234,74738120.0,2705.0,12,2703.0,8
rb1805,20170605,20170602,211313000,2703.0,2770,70236,74792180.0,2704.0,4,2703.0,7
rb1805,20170605,20170602,211314000,2703.0,2770,70236,74792180.0,2704.0,12,2703.0,7
rb1805,20170605,20170602,211315000,2703.0,2770,70236,74792180.0,2704.0,13,2703.0,7
rb1805,20170605,20170602,211315500,2703.0,2770,70236,74792180.0,2704.0,5,2703.0,7
rb1805,20170605,20170602,211316500,2703.0,2772,70238,74846240.0,2704.0,5,2703.0,6
rb1805,20170605,20170602,211317000,2703.0,2774,70240,74900300.0,2704.0,5,2703.0,5
rb1805,20170605,20170602,211319000,2703.0,2774,70240,74900300.0,2704.0,5,2703.0,5
rb1805,20170605,20170602,211319500,2703.0,2774,70240,74900300.0,2704.0,5,2703.0,5
rb1805,20170605,20170602,211321000,2703.0,2774,70240,74900300.0,2704.0,5,2703.0,5
rb1805,20170605,20170602,211321500,2703.0,2774,70240,74900300.0,2704.0,5,2703.0,5
rb1805,20170605,20170602,211322000,2704.0,2778,70236,75008460.0,2704.0,3,2703.0,5
rb1805,20170605,20170602,211322500,2704.0,2778,70236,75008460.0,2704.0,12,2703.0,5
rb1805,20170605,20170602,211323000,2703.0,2780,70238,75062520.0,2704.0,13,2703.0,4
rb1805,20170605,20170602,211323500,2703.0,2788,70238,75278760.0,2703.0,5,2701.0,9
rb1805,20170605,20170602,211324000,2703.0,2788,70238,75278760.0,2703.0,10,2701.0,9
rb1805,20170605,20170602,211325000,2703.0,2788,70238,75278760.0,2703.0,10,2701.0,9
rb1805,20170605,20170602,211326500,2703.0,2808,70240,75819360.0,2704.0,5,2703.0,40
rb1805,20170605,20170602,211327000,2703.0,2820,70252,76143720.0,2704.0,4,2703.0,34
rb1805,20170605,20170602,211327500,2703.0,2830,70252,76414020.0,2704.0,10,2703.0,29
rb1805,20170605,20170602,211328500,2703.0,2830,70252,76414020.0,2704.0,10,2703.0,29
rb1805,20170605,20170602,211329000,2703.0,2830,70252,76414020.0,2704.0,10,2703.0,29
rb1805,20170605,20170602,211330000,2703.0,2832,70254,76468080.0,2704.0,10,2703.0,28
rb1805,20170605,20170602,211330500,2703.0,2842,70254,76738380.0,2704.0,10,2703.0,23
rb1805,20170605,20170602,211332500,2704.0,2848,70250,76900620.0,2704.0,7,2703.0,23
rb1805,20170605,20170602,211333000,2704.0,2848,70250,76900620.0,2704.0,7,2703.0,23
rb1805,20170605,20170602,211333500,2703.0,2858,70250,77170920.0,2704.0,7,2703.0,18
rb1805,20170605,20170602,211334500,2703.0,2860,70252,77224980.0,2704.0,7,2703.0,17
rb1805,20170605,20170602,211335000,2703.0,2894,70286,78144000.0,2704.0,1,2702.0,1
rb1805,20170605,20170602,211335500,2703.0,2894,70286,78144000.0,2703.0,26,2702.0,1
rb1805,20170605,20170602,211336000,2703.0,2894,70286,78144000.0,2703.0,26,2702.0,1
rb1805,20170605,20170602,211336500,2703.0,2894,70286,78144000.0,2703.0,26,2702.0,1
rb1805,20170605,20170602,211337000,2703.0,2894,70286,78144000.0,2703.0,26,2702.0,1
rb1805,20170605,20170602,211338500,2703.0,2894,70286,78144000.0,2703.0,26,2702.0,2
rb1805,20170605,20170602,211339500,2703.0,2894,70286,78144000.0,2703.0,26,2702.0,3
rb1805,20170605,20170602,211341500,2703.0,2894,70286,78144000.0,2703.0,26,2702.0,3
rb1805,20170605,20170602,211342500,2703.0,2898,70290,78252120.0,2703.0,24,2702.0,3
rb1805,20170605,20170602,211343000,2702.0,2904,70288,78414240.0,2702.0,2,2701.0,13
rb1805,20170605,20170602,211343500,2702.0,2908,70288,78522320.0,2703.0,24,2702.0,10
rb1805,20170605,20170602,211344000,2702.0,2908,70288,78522320.0,2703.0,24,2701.0,13
rb1805,20170605,20170602,211345500,2701.0,2918,70284,78792420.0,2703.0,24,2701.0,8
rb1805,20170605,20170602,211346000,2701.0,2918,70284,78792420.0,2702.0,3,2701.0,8
rb1805,20170605,20170602,211346500,2702.0,2924,70284,78954540.0,2703.0,24,2702.0,5
rb1805,20170605,20170602,211347000,2702.0,2924,70284,78954540.0,2703.0,24,2701.0,9
rb1805,20170605,20170602,211349000,2702.0,2924,70284,78954540.0,2703.0,24,2701.0,10
rb1805,20170605,20170602,211351000,2702.0,2924,70284,78954540.0,2702.0,1,2701.0,10
rb1805,20170605,20170602,211352500,2702.0,2924,70284,78954540.0,2702.0,1,2701.0,10
rb1805,20170605,20170602,211353000,2702.0,2924,70284,78954540.0,2702.0,1,2701.0,10
rb1805,20170605,20170602,211353500,2702.0,2924,70284,78954540.0,2702.0,1,2701.0,7
rb1805,20170605,20170602,211355000,2702.0,2924,70284,78954540.0,2702.0,1,2701.0,7
rb1805,20170605,20170602,211355500,2701.0,2926,70286,79008560.0,2702.0,1,2701.0,6
rb1805,20170605,20170602,211356000,2701.0,2926,70286,79008560.0,2702.0,1,2701.0,6
rb1805,20170605,20170602,211357000,2701.0,2926,70286,79008560.0,2702.0,1,2701.0,8
rb1805,20170605,20170602,211357500,2702.0,2928,70286,79062600.0,2703.0,20,2701.0,8
rb1805,20170605,20170602,211358000,2702.0,2928,70286,79062600.0,2703.0,20,2701.0,12
rb1805,20170605,20170602,211400000,2702.0,2928,70286,79062600.0,2704.0,1,2701.0,12
rb1805,20170605,20170602,211400500,2702.0,2928,70286,79062600.0,2704.0,1,2703.0,6
rb1805,20170605,20170602,211401000,2702.0,2928,70286,79062600.0,2704.0,1,2703.0,3
rb1805,20170605,20170602,211401500,2702.0,2928,70286,79062600.0,2704.0,1,2702.0,8
rb1805,20170605,20170602,211402000,2702.0,2928,70286,79062600.0,2704.0,1,2702.0,8
rb1805,20170605,20170602,211403500,2702.0,2928,70286,79062600.0,2704.0,1,2702.0,8
rb1805,20170605,20170602,211404000,2702.0,2930,70286,79116640.0,2704.0,6,2702.0,7
rb1805,20170605,20170602,211404500,2702.0,2930,70286,79116640.0,2704.0,7,2702.0,7
rb1805,20170605,20170602,211405000,2702.0,2930,70286,79116640.0,2704.0,7,2702.0,7
rb1805,20170605,20170602,211405500,2702.0,2930,70286,79116640.0,2704.0,7,2702.0,7
rb1805,20170605,20170602,211406000,2702.0,2930,70286,79116640.0,2704.0,8,2702.0,7
rb1805,20170605,20170602,211407500,2702.0,2930,70286,79116640.0,2704.0,8,2702.0,17
rb1805,20170605,20170602,211409000,2702.0,2930,70286,79116640.0,2704.0,8,2703.0,1
rb1805,20170605,20170602,211412500,2703.0,2932,70288,79170700.0,2704.0,8,2702.0,17
rb1805,20170605,20170602,211414000,2704.0,2936,70290,79278860.0,2704.0,6,2702.0,17
rb1805,20170605,20170602,211415000,2704.0,2948,70286,79603340.0,2705.0,9,2702.0,17
rb1805,20170605,20170602,211415500,2704.0,2948,70286,79603340.0,2704.0,4,2702.0,22
rb1805,20170605,20170602,211417500,2704.0,2950,70286,79657420.0,2704.0,3,2702.0,22
rb1805,20170605,20170602,211418500,2702.0,2952,70286,79711460.0,2704.0,3,2702.0,21
rb1805,20170605,20170602,211419000,2702.0,2952,70286,79711460.0,2704.0,3,2702.0,26
rb1805,20170605,20170602,211420000,2704.0,2958,70286,79873700.0,2705.0,10,2704.0,3
rb1805,20170605,20170602,211420500,2704.0,2964,70286,80035940.0,2705.0,10,2702.0,26
rb1805,20170605,20170602,211421000,2704.0,2964,70286,80035940.0,2705.0,8,2702.0,26
rb1805,20170605,20170602,211423000,2704.0,2964,70286,80035940.0,2705.0,8,2702.0,26
rb1805,20170605,20170602,211424500,2704.0,2964,70286,80035940.0,2705.0,8,2702.0,27
rb1805,20170605,20170602,211425000,2704.0,2964,70286,80035940.0,2704.0,20,2702.0,27
rb1805,20170605,20170602,211425500,2704.0,2964,70286,80035940.0,2704.0,20,2702.0,27
rb1805,20170605,20170602,211426000,2704.0,2964,70286,80035940.0,2704.0,23,2702.0,22
rb1805,20170605,20170602,211426500,2702.0,2966,70286,80089980.0,2704.0,24,2702.0,21
rb1805,20170605,20170602,211428000,2702.0,2966,70286,80089980.0,2704.0,24,2702.0,21
rb1805,20170605,20170602,211429500,2702.0,2966,70286,80089980.0,2704.0,24,2702.0,21
rb1805,20170605,20170602,211430000,2702.0,2968,70286,80144020.0,2704.0,24,2702.0,20
rb1805,20170605,20170602,211433000,2702.0,2968,70286,80144020.0,2704.0,24,2702.0,20
rb1805,20170605,20170602,211434000,2702.0,2968,70286,80144020.0,2704.0,24,2702.0,21
rb1805,20170605,20170602,211434500,2702.0,2968,70286,80144020.0,2704.0,24,2702.0,21
rb1805,20170605,20170602,211435000,2702.0,2968,70286,80144020.0,2704.0,24,2702.0,21
rb1805,20170605,20170602,211436000,2702.0,2968,70286,80144020.0,2704.0,24,2702.0,21
rb1805,20170605,20170602,211436500,2702.0,2968,70286,80144020.0,2704.0,24,2702.0,21
rb1805,20170605,20170602,211437000,2702.0,2968,70286,80144020.0,2704.0,24,2702.0,24
rb1805,20170605,20170602,211438500,2702.0,2968,70286,80144020.0,2704.0,24,2702.0,26
rb1805,20170605,20170602,211440500,2702.0,2968,70286,80144020.0,2704.0,24,2702.0,27
rb1805,20170605,20170602,211441500,2702.0,2968,70286,80144020.0,2704.0,24,2702.0,27
rb1805,20170605,20170602,211442000,2702.0,2968,70286,80144020.0,2703.0,20,2702.0,27
rb1805,20170605,20170602,211442500,2702.0,2968,70286,80144020.0,2703.0,23,2702.0,27
rb1805,20170605,20170602,211443000,2702.0,2970,70286,80198060.0,2703.0,24,2702.0,26
rb1805,20170605,20170602,211443500,2702.0,2990,70294,80738460.0,2703.0,24,2702.0,16
rb1805,20170605,20170602,211444000,2702.0,3022,70320,81603100.0,2702.0,40,2701.0,13
rb1805,20170605,20170602,211444500,2702.0,3022,70320,81603100.0,2702.0,40,2701.0,11
rb1805,20170605,20170602,211445000,2702.0,3022,70320,81603100.0,2702.0,40,2701.0,11
rb1805,20170605,20170602,211447500,2702.0,3022,70320,81603100.0,2702.0,40,2701.0,11
rb1805,20170605,20170602,211448500,2701.0,3024,70322,81657120.0,2702.0,40,2701.0,10
rb1805,20170605,20170602,211449500,2701.0,3044,70342,82197320.0,2701.0,10,2700.0,82
rb1805,20170605,20170602,211450000,2701.0,3046,70342,82251340.0,2701.0,9,2700.0,82
rb1805,20170605,20170602,211450500,2700.0,3050,70342,82359340.0,2701.0,9,2700.0,81
rb1805,20170605,20170602,211451000,2701.0,3052,70344,82413360.0,2701.0,8,2700.0,82
rb1805,20170605,20170602,211452000,2700.0,3054,70346,82467360.0,2701.0,8,2700.0,81
rb1805,20170605,20170602,211452500,2701.0,3068,70360,82845500.0,2701.0,1,2700.0,81
rb1805,20170605,20170602,211453500,2702.0,3072,70364,82953560.0,2702.0,39,2700.0,81
rb1805,20170605,20170602,211455500,2702.0,3072,70364,82953560.0,2702.0,39,2700.0,81
rb1805,20170605,20170602,211456000,2702.0,3072,70364,82953560.0,2702.0,39,2700.0,82
rb1805,20170605,20170602,211458000,2702.0,3072,70364,82953560.0,2702.0,39,2700.0,82
rb1805,20170605,20170602,211500000,2700.0,3074,70366,83007560.0,2702.0,39,2700.0,81
rb1805,20170605,20170602,211500500,2700.0,3074,70366,83007560.0,2702.0,39,2700.0,82
rb1805,20170605,20170602,211501000,2700.0,3074,70366,83007560.0,2702.0,42,2700.0,82
rb1805,20170605,20170602,211502000,2700.0,3074,70366,83007560.0,2702.0,42,2700.0,81
rb1805,20170605,20170602,211504000,2700.0,3074,70366,83007560.0,2702.0,42,2700.0,81
rb1805,20170605,20170602,211504500,2700.0,3074,70366,83007560.0,2701.0,51,2700.0,81
rb1805,20170605,20170602,211505000,2700.0,3074,70366,83007560.0,2701.0,51,2700.0,81
rb1805,20170605,20170602,211506000,2700.0,3074,70366,83007560.0,2701.0,51,2700.0,81
rb1805,20170605,20170602,211509500,2700.0,3074,70366,83007560.0,2701.0,51,2700.0,81
rb1805,20170605,20170602,211510000,2700.0,3074,70366,83007560.0,2701.0,54,2700.0,81
rb1805,20170605,20170602,211510500,2701.0,3076,70368,83061580.0,2701.0,53,2700.0,81
rb1805,20170605,20170602,211511000,2701.0,3076,70368,83061580.0,2701.0,53,2700.0,86
rb1805,20170605,20170602,211511500,2700.0,3116,70408,84141580.0,2701.0,53,2700.0,66
rb1805,20170605,20170602,211513500,2700.0,3116,70408,84141580.0,2701.0,50,2700.0,66
rb1805,20170605,20170602,211515000,2700.0,3116,70408,84141580.0,2701.0,50,2700.0,66
rb1805,20170605,20170602,211516000,2700.0,3116,70408,84141580.0,2702.0,43,2700.0,66
rb1805,20170605,20170602,211517500,2700.0,3116,70408,84141580.0,2701.0,2,2700.0,66
rb1805,20170605,20170602,211518000,2700.0,3116,70408,84141580.0,2702.0,43,2701.0,1
rb1805,20170605,20170602,211518500,2701.0,3118,70408,84195600.0,2701.0,1,2700.0,66
rb1805,20170605,20170602,211519000,2701.0,3118,70408,84195600.0,2702.0,43,2700.0,67
rb1805,20170605,20170602,211519500,2701.0,3118,70408,84195600.0,2702.0,43,2700.0,67
