instrument,tradingday,calendarday,time,lastp,volume,openinterest,turnover,ask1,asksz1,bid1,bidsz1
rb1805,20170524,20170523,183428500,2894.0,0,31250,0.0,0.0,0,0.0,0
rb1805,20170524,20170523,205900500,2899.0,6,31248,173940.0,2900.0,10,2896.0,1
rb1805,20170524,20170523,210000500,2896.0,8,31250,231860.0,2896.0,3,2890.0,1
rb1805,20170524,20170523,210001000,2890.0,14,31256,405240.0,2890.0,1,2888.0,1
rb1805,20170524,20170523,210001500,2891.0,18,31252,520860.0,2891.0,4,2888.0,3
rb1805,20170524,20170523,210002000,2888.0,28,31254,809700.0,2891.0,4,2890.0,1
rb1805,20170524,20170523,210002500,2888.0,30,31256,867460.0,2891.0,4,2887.0,1
rb1805,20170524,20170523,210003000,2888.0,30,31256,867460.0,2891.0,4,2887.0,1
rb1805,20170524,20170523,210003500,2887.0,32,31256,925200.0,2891.0,4,2886.0,2
rb1805,20170524,20170523,210004000,2887.0,32,31256,925200.0,2890.0,2,2886.0,2
rb1805,20170524,20170523,210004500,2891.0,38,31258,1098460.0,2891.0,3,2885.0,1
rb1805,20170524,20170523,210005000,2891.0,38,31258,1098460.0,2890.0,2,2886.0,1
rb1805,20170524,20170523,210005500,2885.0,42,31256,1213880.0,2890.0,3,2884.0,1
rb1805,20170524,20170523,210006000,2877.0,48,31252,1386700.0,2890.0,3,2876.0,1
rb1805,20170524,20170523,210006500,2865.0,94,31250,2707960.0,2890.0,1,2865.0,2
rb1805,20170524,20170523,210007000,2890.0,136,31260,3916880.0,2896.0,2,2890.0,1
rb1805,20170524,20170523,210007500,2890.0,140,31260,4032480.0,2889.0,9,2866.0,72
rb1805,20170524,20170523,210008000,2890.0,140,31260,4032480.0,2889.0,1,2863.0,4
rb1805,20170524,20170523,210008500,2890.0,140,31260,4032480.0,2888.0,8,2867.0,46
rb1805,20170524,20170523,210009000,2890.0,140,31260,4032480.0,2887.0,1,2877.0,5
rb1805,20170524,20170523,210009500,2890.0,140,31260,4032480.0,2887.0,1,2877.0,5
rb1805,20170524,20170523,210010000,2890.0,140,31260,4032480.0,2887.0,1,2879.0,5
rb1805,20170524,20170523,210010500,2879.0,150,31250,4320380.0,2879.0,3,2874.0,8
rb1805,20170524,20170523,210011000,2879.0,156,31250,4493120.0,2884.0,8,2869.0,8
rb1805,20170524,20170523,210011500,2879.0,156,31250,4493120.0,2884.0,8,2870.0,2
rb1805,20170524,20170523,210012000,2879.0,156,31250,4493120.0,2882.0,5,2870.0,16
rb1805,20170524,20170523,210012500,2882.0,158,31252,4550760.0,2882.0,4,2870.0,16
rb1805,20170524,20170523,210013000,2882.0,158,31252,4550760.0,2884.0,8,2870.0,16
rb1805,20170524,20170523,210013500,2882.0,158,31252,4550760.0,2884.0,8,2876.0,1
rb1805,20170524,20170523,210014000,2882.0,158,31252,4550760.0,2884.0,8,2876.0,1
rb1805,20170524,20170523,210014500,2882.0,158,31252,4550760.0,2884.0,8,2876.0,1
rb1805,20170524,20170523,210015000,2882.0,158,31252,4550760.0,2884.0,8,2876.0,1
rb1805,20170524,20170523,210015500,2882.0,158,31252,4550760.0,2884.0,8,2876.0,1
rb1805,20170524,20170523,210016000,2882.0,158,31252,4550760.0,2884.0,8,2876.0,1
rb1805,20170524,20170523,210016500,2882.0,158,31252,4550760.0,2884.0,8,2877.0,2
rb1805,20170524,20170523,210017000,2882.0,158,31252,4550760.0,2884.0,8,2877.0,11
rb1805,20170524,20170523,210017500,2882.0,158,31252,4550760.0,2884.0,8,2878.0,1
rb1805,20170524,20170523,210018000,2882.0,158,31252,4550760.0,2888.0,8,2878.0,5
rb1805,20170524,20170523,210018500,2882.0,158,31252,4550760.0,2888.0,8,2878.0,1
rb1805,20170524,20170523,210019000,2882.0,158,31252,4550760.0,2888.0,8,2880.0,5
rb1805,20170524,20170523,210019500,2882.0,158,31252,4550760.0,2890.0,10,2880.0,5
rb1805,20170524,20170523,210020000,2882.0,158,31252,4550760.0,2889.0,2,2888.0,8
rb1805,20170524,20170523,210020500,2888.0,174,31268,5012840.0,2888.0,5,2881.0,1
rb1805,20170524,20170523,210021000,2888.0,174,31268,5012840.0,2890.0,10,2881.0,1
rb1805,20170524,20170523,210021500,2889.0,176,31268,5070620.0,2889.0,1,2881.0,1
rb1805,20170524,20170523,210022000,2889.0,176,31268,5070620.0,2888.0,1,2883.0,1
rb1805,20170524,20170523,210022500,2889.0,176,31268,5070620.0,2888.0,1,2883.0,1
rb1805,20170524,20170523,210023000,2889.0,176,31268,5070620.0,2888.0,1,2883.0,1
rb1805,20170524,20170523,210023500,2889.0,176,31268,5070620.0,2888.0,1,2883.0,1
rb1805,20170524,20170523,210025000,2889.0,176,31268,5070620.0,2888.0,1,2880.0,5
rb1805,20170524,20170523,210025500,2889.0,176,31268,5070620.0,2888.0,1,2880.0,6
rb1805,20170524,20170523,210026000,2889.0,176,31268,5070620.0,2887.0,1,2881.0,1
rb1805,20170524,20170523,210026500,2889.0,176,31268,5070620.0,2888.0,2,2881.0,1
rb1805,20170524,20170523,210027500,2889.0,176,31268,5070620.0,2888.0,2,2882.0,9
rb1805,20170524,20170523,210028000,2889.0,176,31268,5070620.0,2888.0,2,2882.0,9
rb1805,20170524,20170523,210029500,2889.0,176,31268,5070620.0,2888.0,2,2882.0,9
rb1805,20170524,20170523,210032000,2882.0,178,31266,5128260.0,2888.0,2,2882.0,8
rb1805,20170524,20170523,210032500,2882.0,180,31264,5185900.0,2888.0,2,2883.0,1
rb1805,20170524,20170523,210033500,2882.0,180,31264,5185900.0,2887.0,4,2883.0,1
rb1805,20170524,20170523,210034500,2887.0,188,31270,5416860.0,2888.0,2,2883.0,1
rb1805,20170524,20170523,210035000,2888.0,190,31270,5474620.0,2888.0,1,2883.0,2
rb1805,20170524,20170523,210035500,2883.0,194,31268,5590040.0,2890.0,10,2883.0,1
rb1805,20170524,20170523,210036000,2883.0,194,31268,5590040.0,2890.0,10,2883.0,1
rb1805,20170524,20170523,210036500,2883.0,194,31268,5590040.0,2890.0,11,2883.0,1
rb1805,20170524,20170523,210037000,2883.0,194,31268,5590040.0,2890.0,11,2885.0,5
rb1805,20170524,20170523,210038000,2883.0,194,31268,5590040.0,2889.0,1,2883.0,9
rb1805,20170524,20170523,210038500,2889.0,196,31268,5647820.0,2890.0,11,2883.0,9
rb1805,20170524,20170523,210039000,2889.0,196,31268,5647820.0,2890.0,11,2884.0,5
rb1805,20170524,20170523,210039500,2889.0,196,31268,5647820.0,2890.0,11,2885.0,1
rb1805,20170524,20170523,210040000,2889.0,196,31268,5647820.0,2890.0,11,2884.0,6
rb1805,20170524,20170523,210040500,2890.0,198,31266,5705620.0,2890.0,10,2885.0,1
rb1805,20170524,20170523,210041000,2890.0,198,31266,5705620.0,2890.0,9,2885.0,1
rb1805,20170524,20170523,210041500,2890.0,200,31266,5763420.0,2890.0,8,2885.0,1
rb1805,20170524,20170523,210042000,2890.0,202,31264,5821220.0,2890.0,7,2886.0,5
rb1805,20170524,20170523,210042500,2890.0,202,31264,5821220.0,2890.0,7,2887.0,1
rb1805,20170524,20170523,210043000,2890.0,202,31264,5821220.0,2890.0,7,2886.0,1
rb1805,20170524,20170523,210043500,2890.0,202,31264,5821220.0,2890.0,7,2886.0,2
rb1805,20170524,20170523,210046000,2890.0,204,31262,5879020.0,2890.0,6,2886.0,2
rb1805,20170524,20170523,210046500,2890.0,204,31262,5879020.0,2890.0,6,2886.0,2
rb1805,20170524,20170523,210047000,2890.0,206,31260,5936820.0,2890.0,5,2886.0,2
rb1805,20170524,20170523,210047500,2890.0,208,31258,5994620.0,2890.0,4,2886.0,2
rb1805,20170524,20170523,210048500,2890.0,210,31256,6052420.0,2890.0,3,2886.0,2
rb1805,20170524,20170523,210049000,2890.0,210,31256,6052420.0,2888.0,1,2886.0,2
rb1805,20170524,20170523,210049500,2888.0,212,31254,6110180.0,2890.0,3,2888.0,1
rb1805,20170524,20170523,210050000,2888.0,212,31254,6110180.0,2890.0,3,2889.0,1
rb1805,20170524,20170523,210050500,2888.0,212,31254,6110180.0,2890.0,3,2889.0,1
rb1805,20170524,20170523,210051000,2890.0,218,31248,6283580.0,2893.0,8,2889.0,1
rb1805,20170524,20170523,210051500,2890.0,218,31248,6283580.0,2895.0,1,2889.0,1
rb1805,20170524,20170523,210052000,2890.0,218,31248,6283580.0,2893.0,10,2889.0,1
rb1805,20170524,20170523,210052500,2890.0,218,31248,6283580.0,2893.0,10,2889.0,1
rb1805,20170524,20170523,210053500,2890.0,218,31248,6283580.0,2893.0,10,2889.0,1
rb1805,20170524,20170523,210054000,2890.0,218,31248,6283580.0,2893.0,10,2889.0,1
rb1805,20170524,20170523,210054500,2893.0,220,31246,6341440.0,2893.0,9,2889.0,1
rb1805,20170524,20170523,210055000,2893.0,222,31244,6399300.0,2893.0,8,2889.0,1
rb1805,20170524,20170523,210056000,2893.0,222,31244,6399300.0,2893.0,8,2889.0,1
rb1805,20170524,20170523,210057000,2893.0,222,31244,6399300.0,2893.0,8,2889.0,1
rb1805,20170524,20170523,210057500,2893.0,222,31244,6399300.0,2893.0,8,2890.0,6
rb1805,20170524,20170523,210058000,2893.0,222,31244,6399300.0,2893.0,8,2891.0,1
rb1805,20170524,20170523,210058500,2893.0,222,31244,6399300.0,2893.0,8,2890.0,6
rb1805,20170524,20170523,210059000,2893.0,224,31242,6457160.0,2893.0,7,2891.0,1
rb1805,20170524,20170523,210059500,2893.0,226,31240,6515020.0,2893.0,6,2890.0,5
rb1805,20170524,20170523,210100000,2893.0,226,31240,6515020.0,2893.0,6,2891.0,1
rb1805,20170524,20170523,210100500,2893.0,228,31238,6572880.0,2893.0,5,2891.0,1
rb1805,20170524,20170523,210101000,2893.0,228,31238,6572880.0,2893.0,5,2891.0,1
rb1805,20170524,20170523,210102500,2891.0,230,31236,6630700.0,2893.0,5,2890.0,5
rb1805,20170524,20170523,210103500,2890.0,232,31236,6688500.0,2893.0,5,2890.0,4
rb1805,20170524,20170523,210106000,2893.0,234,31234,6746360.0,2893.0,4,2890.0,4
rb1805,20170524,20170523,210107000,2893.0,236,31234,6804220.0,2893.0,3,2890.0,4
rb1805,20170524,20170523,210108000,2893.0,238,31232,6862080.0,2893.0,2,2890.0,4
rb1805,20170524,20170523,210108500,2893.0,238,31232,6862080.0,2893.0,2,2890.0,5
rb1805,20170524,20170523,210109000,2893.0,240,31230,6919940.0,2893.0,1,2890.0,5
rb1805,20170524,20170523,210110500,2893.0,240,31230,6919940.0,2893.0,1,2890.0,5
rb1805,20170524,20170523,210111000,2893.0,242,31228,6977800.0,2895.0,1,2890.0,5
rb1805,20170524,20170523,210112000,2893.0,242,31228,6977800.0,2895.0,1,2890.0,5
rb1805,20170524,20170523,210112500,2893.0,242,31228,6977800.0,2895.0,1,2890.0,4
rb1805,20170524,20170523,210113000,2893.0,242,31228,6977800.0,2895.0,1,2890.0,5
rb1805,20170524,20170523,210113500,2893.0,242,31228,6977800.0,2895.0,2,2893.0,2
rb1805,20170524,20170523,210114000,2893.0,246,31228,7093520.0,2895.0,2,2890.0,4
rb1805,20170524,20170523,210114500,2893.0,246,31228,7093520.0,2895.0,6,2890.0,4
rb1805,20170524,20170523,210115000,2893.0,246,31228,7093520.0,2895.0,6,2891.0,1
rb1805,20170524,20170523,210116500,2893.0,246,31228,7093520.0,2895.0,6,2890.0,4
rb1805,20170524,20170523,210117000,2893.0,246,31228,7093520.0,2894.0,1,2890.0,4
rb1805,20170524,20170523,210118000,2893.0,246,31228,7093520.0,2894.0,1,2890.0,4
rb1805,20170524,20170523,210119000,2893.0,246,31228,7093520.0,2893.0,8,2890.0,4
rb1805,20170524,20170523,210119500,2893.0,246,31228,7093520.0,2893.0,8,2890.0,4
rb1805,20170524,20170523,210120500,2893.0,246,31228,7093520.0,2893.0,8,2890.0,4
rb1805,20170524,20170523,210121000,2890.0,248,31230,7151320.0,2893.0,8,2890.0,3
rb1805,20170524,20170523,210122000,2890.0,248,31230,7151320.0,2895.0,6,2890.0,4
rb1805,20170524,20170523,210122500,2890.0,248,31230,7151320.0,2893.0,3,2890.0,4
rb1805,20170524,20170523,210123000,2890.0,248,31230,7151320.0,2893.0,3,2890.0,4
rb1805,20170524,20170523,210126500,2892.0,250,31232,7209160.0,2892.0,3,2890.0,4
rb1805,20170524,20170523,210127500,2892.0,250,31232,7209160.0,2892.0,3,2890.0,4
rb1805,20170524,20170523,210131000,2892.0,250,31232,7209160.0,2891.0,3,2890.0,4
rb1805,20170524,20170523,210136500,2891.0,252,31232,7266980.0,2891.0,2,2890.0,4
rb1805,20170524,20170523,210137000,2890.0,260,31232,7498180.0,2890.0,16,2887.0,8
rb1805,20170524,20170523,210137500,2890.0,260,31232,7498180.0,2890.0,16,2888.0,3
rb1805,20170524,20170523,210138000,2890.0,260,31232,7498180.0,2890.0,16,2887.0,1
rb1805,20170524,20170523,210139000,2890.0,260,31232,7498180.0,2890.0,18,2888.0,3
rb1805,20170524,20170523,210140500,2890.0,270,31228,7787180.0,2890.0,13,2889.0,2
rb1805,20170524,20170523,210141000,2890.0,274,31224,7902780.0,2890.0,11,2889.0,2
rb1805,20170524,20170523,210141500,2890.0,294,31214,8480780.0,2890.0,1,2889.0,2
rb1805,20170524,20170523,210142000,2890.0,296,31216,8538580.0,2892.0,3,2890.0,1
rb1805,20170524,20170523,210142500,2890.0,296,31216,8538580.0,2892.0,3,2889.0,3
rb1805,20170524,20170523,210143000,2892.0,298,31216,8596420.0,2892.0,2,2889.0,3
rb1805,20170524,20170523,210143500,2892.0,298,31216,8596420.0,2890.0,2,2889.0,3
rb1805,20170524,20170523,210144000,2890.0,302,31220,8712020.0,2892.0,2,2890.0,2
rb1805,20170524,20170523,210144500,2890.0,302,31220,8712020.0,2892.0,2,2889.0,3
rb1805,20170524,20170523,210147000,2890.0,302,31220,8712020.0,2892.0,2,2889.0,3
rb1805,20170524,20170523,210147500,2889.0,304,31222,8769800.0,2892.0,2,2889.0,2
rb1805,20170524,20170523,210148500,2889.0,304,31222,8769800.0,2892.0,2,2890.0,1
rb1805,20170524,20170523,210149000,2890.0,306,31220,8827600.0,2890.0,2,2889.0,2
rb1805,20170524,20170523,210149500,2890.0,310,31220,8943200.0,2892.0,2,2890.0,2
rb1805,20170524,20170523,210150000,2890.0,310,31220,8943200.0,2891.0,2,2889.0,2
rb1805,20170524,20170523,210151000,2890.0,310,31220,8943200.0,2891.0,2,2889.0,2
rb1805,20170524,20170523,210151500,2890.0,310,31220,8943200.0,2891.0,2,2889.0,2
rb1805,20170524,20170523,210152500,2890.0,310,31220,8943200.0,2891.0,2,2889.0,2
rb1805,20170524,20170523,210154000,2890.0,310,31220,8943200.0,2891.0,2,2889.0,2
rb1805,20170524,20170523,210156000,2890.0,310,31220,8943200.0,2891.0,2,2889.0,2
rb1805,20170524,20170523,210157000,2890.0,310,31220,8943200.0,2891.0,2,2890.0,1
rb1805,20170524,20170523,210159000,2890.0,312,31218,9001000.0,2892.0,3,2889.0,1
rb1805,20170524,20170523,210159500,2890.0,312,31218,9001000.0,2892.0,3,2891.0,1
rb1805,20170524,20170523,210200000,2890.0,312,31218,9001000.0,2892.0,3,2891.0,1
rb1805,20170524,20170523,210200500,2891.0,314,31218,9058820.0,2892.0,1,2889.0,1
rb1805,20170524,20170523,210204500,2891.0,314,31218,9058820.0,2892.0,1,2889.0,1
rb1805,20170524,20170523,210206000,2891.0,314,31218,9058820.0,2892.0,1,2889.0,1
rb1805,20170524,20170523,210209500,2891.0,314,31218,9058820.0,2892.0,1,2889.0,1
rb1805,20170524,20170523,210210000,2891.0,314,31218,9058820.0,2892.0,1,2891.0,1
rb1805,20170524,20170523,210211000,2891.0,314,31218,9058820.0,2892.0,1,2891.0,1
rb1805,20170524,20170523,210211500,2891.0,314,31218,9058820.0,2892.0,1,2891.0,1
rb1805,20170524,20170523,210212000,2891.0,314,31218,9058820.0,2892.0,1,2891.0,1
rb1805,20170524,20170523,210212500,2891.0,314,31218,9058820.0,2892.0,1,2891.0,1
rb1805,20170524,20170523,210213000,2891.0,314,31218,9058820.0,2892.0,1,2891.0,1
rb1805,20170524,20170523,210213500,2891.0,314,31218,9058820.0,2892.0,1,2891.0,1
rb1805,20170524,20170523,210214500,2891.0,314,31218,9058820.0,2892.0,1,2891.0,1
rb1805,20170524,20170523,210215000,2891.0,314,31218,9058820.0,2892.0,1,2891.0,1
rb1805,20170524,20170523,210216500,2891.0,314,31218,9058820.0,2892.0,1,2891.0,1
rb1805,20170524,20170523,210217000,2892.0,316,31220,9116660.0,2893.0,3,2891.0,1
rb1805,20170524,20170523,210217500,2892.0,316,31220,9116660.0,2893.0,3,2892.0,2
rb1805,20170524,20170523,210218000,2892.0,316,31220,9116660.0,2893.0,3,2892.0,1
rb1805,20170524,20170523,210218500,2892.0,316,31220,9116660.0,2893.0,4,2892.0,1
rb1805,20170524,20170523,210220000,2892.0,316,31220,9116660.0,2893.0,4,2892.0,1
rb1805,20170524,20170523,210224500,2892.0,316,31220,9116660.0,2893.0,4,2892.0,1
rb1805,20170524,20170523,210225500,2892.0,316,31220,9116660.0,2893.0,4,2892.0,1
rb1805,20170524,20170523,210226000,2893.0,324,31220,9348100.0,2895.0,1,2893.0,1
rb1805,20170524,20170523,210226500,2893.0,324,31220,9348100.0,2895.0,2,2893.0,1
rb1805,20170524,20170523,210227000,2893.0,324,31220,9348100.0,2895.0,2,2893.0,1
rb1805,20170524,20170523,210229500,2893.0,324,31220,9348100.0,2895.0,2,2893.0,1
rb1805,20170524,20170523,210230000,2893.0,324,31220,9348100.0,2895.0,1,2893.0,1
rb1805,20170524,20170523,210231500,2893.0,324,31220,9348100.0,2895.0,1,2893.0,1
rb1805,20170524,20170523,210232500,2893.0,324,31220,9348100.0,2895.0,1,2893.0,1
rb1805,20170524,20170523,210233000,2893.0,324,31220,9348100.0,2895.0,1,2893.0,1
rb1805,20170524,20170523,210235000,2893.0,324,31220,9348100.0,2894.0,5,2893.0,1
rb1805,20170524,20170523,210235500,2894.0,326,31220,9405980.0,2894.0,4,2893.0,1
rb1805,20170524,20170523,210239000,2894.0,326,31220,9405980.0,2894.0,4,2893.0,1
rb1805,20170524,20170523,210240000,2894.0,328,31220,9463860.0,2894.0,3,2893.0,1
rb1805,20170524,20170523,210242500,2894.0,328,31220,9463860.0,2895.0,2,2893.0,1
rb1805,20170524,20170523,210243500,2894.0,328,31220,9463860.0,2895.0,1,2893.0,1
rb1805,20170524,20170523,210245000,2894.0,328,31220,9463860.0,2895.0,1,2893.0,1
rb1805,20170524,20170523,210246500,2894.0,328,31220,9463860.0,2895.0,1,2893.0,1
rb1805,20170524,20170523,210249000,2894.0,328,31220,9463860.0,2895.0,1,2893.0,1
rb1805,20170524,20170523,210250500,2894.0,328,31220,9463860.0,2895.0,1,2893.0,1
rb1805,20170524,20170523,210253000,2894.0,328,31220,9463860.0,2895.0,1,2893.0,1
rb1805,20170524,20170523,210253500,2894.0,328,31220,9463860.0,2895.0,1,2893.0,2
rb1805,20170524,20170523,210254000,2895.0,330,31218,9521760.0,2896.0,11,2893.0,2
rb1805,20170524,20170523,210257500,2893.0,332,31218,9579620.0,2896.0,11,2893.0,1
rb1805,20170524,20170523,210258000,2896.0,334,31218,9637540.0,2896.0,10,2893.0,2
rb1805,20170524,20170523,210300000,2896.0,334,31218,9637540.0,2895.0,1,2893.0,2
rb1805,20170524,20170523,210300500,2896.0,334,31218,9637540.0,2895.0,1,2893.0,2
rb1805,20170524,20170523,210301000,2896.0,334,31218,9637540.0,2895.0,1,2893.0,2
rb1805,20170524,20170523,210304000,2895.0,336,31218,9695440.0,2896.0,10,2893.0,2
rb1805,20170524,20170523,210305000,2895.0,336,31218,9695440.0,2896.0,10,2893.0,2
rb1805,20170524,20170523,210305500,2895.0,336,31218,9695440.0,2896.0,10,2893.0,2
rb1805,20170524,20170523,210307500,2895.0,336,31218,9695440.0,2896.0,10,2893.0,2
rb1805,20170524,20170523,210308000,2895.0,336,31218,9695440.0,2896.0,10,2893.0,2
rb1805,20170524,20170523,210310500,2895.0,336,31218,9695440.0,2896.0,10,2893.0,2
rb1805,20170524,20170523,210311500,2896.0,338,31218,9753360.0,2896.0,9,2893.0,2
rb1805,20170524,20170523,210313500,2896.0,338,31218,9753360.0,2896.0,9,2893.0,3
rb1805,20170524,20170523,210316000,2896.0,338,31218,9753360.0,2896.0,8,2893.0,3
rb1805,20170524,20170523,210317000,2896.0,338,31218,9753360.0,2895.0,1,2893.0,3
rb1805,20170524,20170523,210318000,2896.0,338,31218,9753360.0,2895.0,1,2893.0,3
rb1805,20170524,20170523,210319000,2896.0,338,31218,9753360.0,2896.0,8,2893.0,3
rb1805,20170524,20170523,210322500,2896.0,338,31218,9753360.0,2896.0,8,2895.0,10
rb1805,20170524,20170523,210323000,2895.0,354,31224,10216560.0,2896.0,8,2895.0,2
rb1805,20170524,20170523,210324500,2895.0,354,31224,10216560.0,2896.0,8,2895.0,2
rb1805,20170524,20170523,210325000,2895.0,354,31224,10216560.0,2896.0,8,2895.0,2
rb1805,20170524,20170523,210327000,2895.0,358,31228,10332360.0,2896.0,8,2893.0,4
rb1805,20170524,20170523,210327500,2895.0,358,31228,10332360.0,2895.0,1,2893.0,4
rb1805,20170524,20170523,210333500,2893.0,360,31228,10390220.0,2895.0,1,2893.0,3
rb1805,20170524,20170523,210336000,2893.0,360,31228,10390220.0,2895.0,1,2893.0,3
rb1805,20170524,20170523,210336500,2893.0,360,31228,10390220.0,2895.0,1,2893.0,3
rb1805,20170524,20170523,210337500,2895.0,362,31228,10448120.0,2896.0,8,2893.0,3
rb1805,20170524,20170523,210339000,2895.0,362,31228,10448120.0,2896.0,8,2893.0,3
rb1805,20170524,20170523,210340500,2895.0,362,31228,10448120.0,2896.0,8,2893.0,4
rb1805,20170524,20170523,210343000,2895.0,362,31228,10448120.0,2895.0,2,2894.0,1
rb1805,20170524,20170523,210343500,2895.0,362,31228,10448120.0,2895.0,2,2894.0,1
rb1805,20170524,20170523,210345500,2895.0,364,31228,10506020.0,2895.0,1,2894.0,1
rb1805,20170524,20170523,210352500,2895.0,364,31228,10506020.0,2895.0,2,2894.0,1
rb1805,20170524,20170523,210355000,2895.0,364,31228,10506020.0,2895.0,2,2894.0,1
rb1805,20170524,20170523,210357000,2895.0,364,31228,10506020.0,2895.0,22,2894.0,5
rb1805,20170524,20170523,210358000,2895.0,364,31228,10506020.0,2895.0,22,2894.0,5
rb1805,20170524,20170523,210358500,2895.0,366,31226,10563920.0,2895.0,21,2894.0,5
rb1805,20170524,20170523,210359000,2894.0,378,31224,10911220.0,2895.0,20,2893.0,4
rb1805,20170524,20170523,210359500,2895.0,380,31224,10969120.0,2895.0,19,2893.0,4
rb1805,20170524,20170523,210400000,2895.0,380,31224,10969120.0,2895.0,19,2893.0,4
rb1805,20170524,20170523,210401000,2895.0,380,31224,10969120.0,2895.0,19,2893.0,4
rb1805,20170524,20170523,210402000,2895.0,380,31224,10969120.0,2895.0,19,2893.0,4
rb1805,20170524,20170523,210403000,2895.0,382,31226,11027020.0,2895.0,18,2893.0,4
rb1805,20170524,20170523,210405000,2895.0,382,31226,11027020.0,2895.0,18,2893.0,4
rb1805,20170524,20170523,210406000,2895.0,382,31226,11027020.0,2895.0,18,2893.0,4
rb1805,20170524,20170523,210407500,2895.0,384,31228,11084920.0,2895.0,17,2893.0,4
rb1805,20170524,20170523,210413500,2895.0,384,31228,11084920.0,2895.0,17,2893.0,5
rb1805,20170524,20170523,210414500,2895.0,386,31228,11142820.0,2895.0,16,2893.0,5
rb1805,20170524,20170523,210415000,2895.0,402,31244,11606020.0,2895.0,8,2894.0,2
rb1805,20170524,20170523,210415500,2894.0,406,31244,11721780.0,2894.0,8,2893.0,5
rb1805,20170524,20170523,210416000,2894.0,422,31242,12184820.0,2895.0,8,2893.0,4
rb1805,20170524,20170523,210416500,2894.0,422,31242,12184820.0,2895.0,8,2894.0,1
rb1805,20170524,20170523,210417000,2894.0,422,31242,12184820.0,2895.0,8,2893.0,4
rb1805,20170524,20170523,210417500,2894.0,422,31242,12184820.0,2895.0,8,2893.0,4
rb1805,20170524,20170523,210418000,2895.0,424,31242,12242720.0,2895.0,7,2893.0,4
rb1805,20170524,20170523,210418500,2895.0,438,31242,12648020.0,2896.0,10,2895.0,2
rb1805,20170524,20170523,210419000,2895.0,438,31242,12648020.0,2896.0,10,2895.0,1
rb1805,20170524,20170523,210420000,2895.0,438,31242,12648020.0,2896.0,10,2895.0,1
rb1805,20170524,20170523,210420500,2895.0,440,31240,12705920.0,2895.0,1,2894.0,1
rb1805,20170524,20170523,210421000,2895.0,442,31238,12763820.0,2896.0,10,2894.0,1
rb1805,20170524,20170523,210421500,2895.0,442,31238,12763820.0,2896.0,10,2895.0,1
rb1805,20170524,20170523,210422000,2895.0,442,31238,12763820.0,2896.0,10,2893.0,21
rb1805,20170524,20170523,210424000,2895.0,442,31238,12763820.0,2896.0,10,2894.0,1
rb1805,20170524,20170523,210425000,2895.0,442,31238,12763820.0,2896.0,8,2894.0,1
rb1805,20170524,20170523,210425500,2895.0,442,31238,12763820.0,2896.0,8,2894.0,1
rb1805,20170524,20170523,210428000,2896.0,444,31236,12821740.0,2896.0,7,2894.0,1
rb1805,20170524,20170523,210428500,2896.0,444,31236,12821740.0,2896.0,7,2893.0,21
rb1805,20170524,20170523,210429500,2896.0,446,31234,12879660.0,2896.0,6,2894.0,5
rb1805,20170524,20170523,210431000,2896.0,446,31234,12879660.0,2896.0,6,2894.0,6
rb1805,20170524,20170523,210433500,2896.0,446,31234,12879660.0,2896.0,6,2894.0,5
rb1805,20170524,20170523,210434000,2896.0,448,31232,12937580.0,2896.0,5,2894.0,5
rb1805,20170524,20170523,210434500,2896.0,458,31222,13227180.0,2897.0,1,2896.0,1
rb1805,20170524,20170523,210435000,2896.0,458,31222,13227180.0,2897.0,1,2895.0,1
rb1805,20170524,20170523,210436000,2896.0,458,31222,13227180.0,2897.0,1,2895.0,1
rb1805,20170524,20170523,210436500,2896.0,458,31222,13227180.0,2897.0,1,2895.0,1
rb1805,20170524,20170523,210438000,2896.0,458,31222,13227180.0,2897.0,1,2895.0,1
rb1805,20170524,20170523,210438500,2895.0,460,31222,13285080.0,2897.0,6,2894.0,1
rb1805,20170524,20170523,210440000,2895.0,460,31222,13285080.0,2897.0,6,2895.0,4
rb1805,20170524,20170523,210442000,2895.0,460,31222,13285080.0,2897.0,6,2895.0,4
rb1805,20170524,20170523,210443000,2895.0,460,31222,13285080.0,2896.0,1,2895.0,4
rb1805,20170524,20170523,210443500,2896.0,466,31222,13458840.0,2896.0,3,2895.0,4
rb1805,20170524,20170523,210444000,2896.0,472,31222,13632600.0,2897.0,6,2895.0,4
rb1805,20170524,20170523,210444500,2896.0,472,31222,13632600.0,2897.0,6,2895.0,4
rb1805,20170524,20170523,210445500,2896.0,472,31222,13632600.0,2897.0,6,2895.0,4
rb1805,20170524,20170523,210446500,2896.0,472,31222,13632600.0,2897.0,6,2895.0,5
rb1805,20170524,20170523,210447000,2896.0,472,31222,13632600.0,2897.0,6,2896.0,1
rb1805,20170524,20170523,210447500,2896.0,474,31222,13690520.0,2896.0,2,2895.0,5
rb1805,20170524,20170523,210448000,2896.0,474,31222,13690520.0,2897.0,6,2895.0,5
rb1805,20170524,20170523,210449000,2896.0,474,31222,13690520.0,2897.0,6,2895.0,10
rb1805,20170524,20170523,210449500,2896.0,474,31222,13690520.0,2897.0,6,2895.0,10
rb1805,20170524,20170523,210451500,2896.0,474,31222,13690520.0,2897.0,6,2895.0,10
rb1805,20170524,20170523,210452000,2896.0,474,31222,13690520.0,2897.0,6,2895.0,5
rb1805,20170524,20170523,210452500,2896.0,474,31222,13690520.0,2897.0,6,2895.0,5
rb1805,20170524,20170523,210454000,2896.0,474,31222,13690520.0,2896.0,5,2895.0,5
rb1805,20170524,20170523,210454500,2896.0,474,31222,13690520.0,2897.0,7,2895.0,5
rb1805,20170524,20170523,210455000,2896.0,484,31212,13980120.0,2897.0,7,2896.0,2
rb1805,20170524,20170523,210455500,2896.0,488,31208,14095960.0,2896.0,4,2895.0,10
rb1805,20170524,20170523,210456000,2896.0,488,31208,14095960.0,2897.0,3,2895.0,10
rb1805,20170524,20170523,210500500,2896.0,488,31208,14095960.0,2897.0,7,2895.0,10
rb1805,20170524,20170523,210501000,2896.0,488,31208,14095960.0,2897.0,7,2896.0,1
rb1805,20170524,20170523,210501500,2896.0,490,31208,14153880.0,2896.0,3,2895.0,10
rb1805,20170524,20170523,210502000,2896.0,490,31208,14153880.0,2897.0,2,2895.0,10
rb1805,20170524,20170523,210503000,2896.0,490,31208,14153880.0,2897.0,2,2895.0,10
rb1805,20170524,20170523,210504000,2896.0,490,31208,14153880.0,2896.0,2,2895.0,10
rb1805,20170524,20170523,210504500,2896.0,490,31208,14153880.0,2896.0,2,2895.0,5
rb1805,20170524,20170523,210508000,2896.0,490,31208,14153880.0,2896.0,2,2895.0,5
rb1805,20170524,20170523,210508500,2896.0,490,31208,14153880.0,2896.0,2,2895.0,5
rb1805,20170524,20170523,210510000,2895.0,496,31208,14327580.0,2896.0,2,2895.0,2
rb1805,20170524,20170523,210511500,2895.0,496,31208,14327580.0,2896.0,2,2895.0,2
rb1805,20170524,20170523,210512500,2895.0,496,31208,14327580.0,2896.0,3,2895.0,2
rb1805,20170524,20170523,210513000,2895.0,496,31208,14327580.0,2896.0,3,2895.0,2
rb1805,20170524,20170523,210514000,2895.0,496,31208,14327580.0,2896.0,1,2895.0,7
rb1805,20170524,20170523,210515000,2895.0,496,31208,14327580.0,2896.0,1,2895.0,7
rb1805,20170524,20170523,210515500,2895.0,496,31208,14327580.0,2897.0,8,2895.0,2
rb1805,20170524,20170523,210517000,2895.0,496,31208,14327580.0,2897.0,8,2895.0,2
rb1805,20170524,20170523,210518000,2895.0,498,31208,14385480.0,2897.0,8,2895.0,1
rb1805,20170524,20170523,210518500,2895.0,498,31208,14385480.0,2897.0,8,2895.0,1
rb1805,20170524,20170523,210519000,2895.0,498,31208,14385480.0,2896.0,2,2895.0,1
rb1805,20170524,20170523,210520000,2895.0,498,31208,14385480.0,2896.0,3,2895.0,1
rb1805,20170524,20170523,210520500,2895.0,498,31208,14385480.0,2896.0,3,2895.0,1
rb1805,20170524,20170523,210521500,2895.0,498,31208,14385480.0,2896.0,8,2895.0,1
rb1805,20170524,20170523,210522000,2895.0,500,31208,14443380.0,2896.0,8,2894.0,2
rb1805,20170524,20170523,210523500,2895.0,500,31208,14443380.0,2896.0,8,2894.0,2
rb1805,20170524,20170523,210525000,2895.0,500,31208,14443380.0,2896.0,8,2894.0,6
rb1805,20170524,20170523,210526000,2895.0,500,31208,14443380.0,2896.0,8,2894.0,1
rb1805,20170524,20170523,210527000,2895.0,500,31208,14443380.0,2896.0,10,2894.0,1
rb1805,20170524,20170523,210529500,2895.0,500,31208,14443380.0,2896.0,3,2894.0,6
rb1805,20170524,20170523,210530000,2895.0,500,31208,14443380.0,2896.0,5,2894.0,6
rb1805,20170524,20170523,210531000,2895.0,500,31208,14443380.0,2896.0,5,2894.0,6
rb1805,20170524,20170523,210534000,2895.0,500,31208,14443380.0,2896.0,5,2894.0,6
rb1805,20170524,20170523,210537500,2895.0,500,31208,14443380.0,2896.0,5,2894.0,6
rb1805,20170524,20170523,210539000,2895.0,500,31208,14443380.0,2896.0,5,2894.0,6
rb1805,20170524,20170523,210540500,2895.0,500,31208,14443380.0,2895.0,1,2894.0,6
rb1805,20170524,20170523,210541000,2895.0,502,31210,14501280.0,2896.0,5,2894.0,6
rb1805,20170524,20170523,210541500,2895.0,502,31210,14501280.0,2896.0,5,2894.0,6
rb1805,20170524,20170523,210543000,2895.0,502,31210,14501280.0,2896.0,10,2894.0,6
rb1805,20170524,20170523,210545500,2895.0,502,31210,14501280.0,2896.0,10,2895.0,1
rb1805,20170524,20170523,210547000,2895.0,502,31210,14501280.0,2896.0,10,2895.0,1
rb1805,20170524,20170523,210547500,2895.0,502,31210,14501280.0,2896.0,5,2895.0,1
rb1805,20170524,20170523,210548000,2895.0,502,31210,14501280.0,2896.0,6,2895.0,1
rb1805,20170524,20170523,210549000,2895.0,502,31210,14501280.0,2896.0,6,2895.0,1
rb1805,20170524,20170523,210549500,2895.0,502,31210,14501280.0,2896.0,6,2895.0,1
rb1805,20170524,20170523,210552000,2895.0,502,31210,14501280.0,2896.0,6,2895.0,1
rb1805,20170524,20170523,210552500,2895.0,502,31210,14501280.0,2896.0,6,2895.0,1
rb1805,20170524,20170523,210554500,2895.0,502,31210,14501280.0,2896.0,6,2895.0,1
rb1805,20170524,20170523,210557000,2895.0,502,31210,14501280.0,2896.0,6,2895.0,1
rb1805,20170524,20170523,210557500,2895.0,504,31210,14559180.0,2896.0,6,2894.0,6
rb1805,20170524,20170523,210559000,2895.0,504,31210,14559180.0,2896.0,11,2894.0,6
rb1805,20170524,20170523,210600000,2895.0,504,31210,14559180.0,2896.0,11,2894.0,6
rb1805,20170524,20170523,210602500,2895.0,504,31210,14559180.0,2896.0,11,2894.0,6
rb1805,20170524,20170523,210604500,2895.0,504,31210,14559180.0,2896.0,11,2894.0,6
rb1805,20170524,20170523,210605000,2895.0,504,31210,14559180.0,2896.0,11,2894.0,1
rb1805,20170524,20170523,210607000,2895.0,504,31210,14559180.0,2896.0,11,2894.0,1
rb1805,20170524,20170523,210608000,2895.0,504,31210,14559180.0,2896.0,12,2894.0,1
rb1805,20170524,20170523,210609000,2896.0,506,31210,14617100.0,2896.0,11,2894.0,1
rb1805,20170524,20170523,210610000,2896.0,506,31210,14617100.0,2896.0,11,2894.0,1
rb1805,20170524,20170523,210611000,2896.0,506,31210,14617100.0,2896.0,11,2894.0,1
rb1805,20170524,20170523,210611500,2896.0,506,31210,14617100.0,2896.0,20,2894.0,1
rb1805,20170524,20170523,210614000,2896.0,506,31210,14617100.0,2896.0,19,2894.0,1
rb1805,20170524,20170523,210614500,2896.0,518,31216,14964620.0,2896.0,13,2894.0,1
rb1805,20170524,20170523,210615000,2896.0,518,31216,14964620.0,2896.0,14,2894.0,1
rb1805,20170524,20170523,210616000,2896.0,518,31216,14964620.0,2896.0,10,2894.0,6
rb1805,20170524,20170523,210616500,2896.0,518,31216,14964620.0,2895.0,5,2894.0,6
rb1805,20170524,20170523,210617000,2896.0,518,31216,14964620.0,2895.0,1,2894.0,6
rb1805,20170524,20170523,210617500,2896.0,518,31216,14964620.0,2895.0,1,2894.0,6
rb1805,20170524,20170523,210618000,2896.0,518,31216,14964620.0,2895.0,1,2894.0,1
rb1805,20170524,20170523,210619000,2896.0,518,31216,14964620.0,2895.0,1,2894.0,1
rb1805,20170524,20170523,210621000,2896.0,518,31216,14964620.0,2895.0,1,2894.0,1
rb1805,20170524,20170523,210625000,2896.0,518,31216,14964620.0,2895.0,1,2894.0,1
rb1805,20170524,20170523,210625500,2896.0,518,31216,14964620.0,2895.0,1,2894.0,1
rb1805,20170524,20170523,210626000,2896.0,518,31216,14964620.0,2895.0,2,2894.0,1
rb1805,20170524,20170523,210628000,2896.0,518,31216,14964620.0,2895.0,2,2894.0,1
rb1805,20170524,20170523,210629000,2895.0,522,31218,15080420.0,2896.0,13,2895.0,3
rb1805,20170524,20170523,210629500,2895.0,528,31218,15254120.0,2896.0,12,2894.0,1
rb1805,20170524,20170523,210630000,2895.0,528,31218,15254120.0,2895.0,1,2894.0,1
rb1805,20170524,20170523,210630500,2895.0,528,31218,15254120.0,2895.0,1,2894.0,6
rb1805,20170524,20170523,210631500,2895.0,528,31218,15254120.0,2895.0,1,2894.0,1
rb1805,20170524,20170523,210633500,2896.0,532,31216,15369940.0,2896.0,11,2894.0,1
rb1805,20170524,20170523,210636000,2896.0,532,31216,15369940.0,2895.0,10,2894.0,1
rb1805,20170524,20170523,210638000,2896.0,532,31216,15369940.0,2895.0,10,2894.0,1
rb1805,20170524,20170523,210638500,2896.0,532,31216,15369940.0,2895.0,10,2894.0,1
rb1805,20170524,20170523,210639000,2896.0,532,31216,15369940.0,2895.0,10,2894.0,1
rb1805,20170524,20170523,210644000,2896.0,532,31216,15369940.0,2895.0,10,2894.0,1
rb1805,20170524,20170523,210647500,2896.0,532,31216,15369940.0,2895.0,10,2894.0,1
rb1805,20170524,20170523,210648500,2895.0,536,31216,15485740.0,2895.0,8,2894.0,1
rb1805,20170524,20170523,210649500,2895.0,536,31216,15485740.0,2895.0,8,2894.0,1
rb1805,20170524,20170523,210702000,2895.0,536,31216,15485740.0,2895.0,8,2894.0,2
rb1805,20170524,20170523,210704000,2895.0,536,31216,15485740.0,2895.0,8,2894.0,1
rb1805,20170524,20170523,210705000,2895.0,536,31216,15485740.0,2895.0,8,2894.0,1
rb1805,20170524,20170523,210708000,2895.0,536,31216,15485740.0,2895.0,8,2894.0,1
rb1805,20170524,20170523,210710000,2895.0,536,31216,15485740.0,2895.0,8,2894.0,1
rb1805,20170524,20170523,210722000,2895.0,536,31216,15485740.0,2895.0,8,2894.0,1
rb1805,20170524,20170523,210723500,2895.0,536,31216,15485740.0,2895.0,9,2894.0,1
rb1805,20170524,20170523,210727500,2895.0,536,31216,15485740.0,2895.0,9,2894.0,2
rb1805,20170524,20170523,210728000,2895.0,536,31216,15485740.0,2895.0,9,2894.0,2
rb1805,20170524,20170523,210730500,2895.0,538,31216,15543640.0,2895.0,9,2894.0,2
rb1805,20170524,20170523,210734000,2895.0,538,31216,15543640.0,2895.0,9,2894.0,2
rb1805,20170524,20170523,210734500,2895.0,538,31216,15543640.0,2895.0,9,2894.0,2
rb1805,20170524,20170523,210735500,2895.0,538,31216,15543640.0,2895.0,13,2894.0,2
rb1805,20170524,20170523,210736000,2894.0,542,31216,15659400.0,2895.0,13,2893.0,18
rb1805,20170524,20170523,210738000,2894.0,542,31216,15659400.0,2895.0,13,2893.0,18
rb1805,20170524,20170523,210738500,2895.0,552,31216,15948900.0,2895.0,8,2893.0,19
rb1805,20170524,20170523,210739000,2895.0,552,31216,15948900.0,2895.0,8,2893.0,18
rb1805,20170524,20170523,210740500,2895.0,552,31216,15948900.0,2894.0,2,2893.0,18
rb1805,20170524,20170523,210743500,2895.0,552,31216,15948900.0,2894.0,2,2893.0,21
rb1805,20170524,20170523,210744000,2895.0,552,31216,15948900.0,2894.0,6,2893.0,21
rb1805,20170524,20170523,210745000,2895.0,552,31216,15948900.0,2894.0,6,2893.0,20
rb1805,20170524,20170523,210748500,2893.0,562,31208,16238200.0,2894.0,6,2893.0,15
rb1805,20170524,20170523,210749000,2893.0,566,31208,16353920.0,2894.0,6,2893.0,13
rb1805,20170524,20170523,210751000,2893.0,566,31208,16353920.0,2894.0,6,2893.0,13
rb1805,20170524,20170523,210751500,2894.0,568,31206,16411800.0,2894.0,5,2893.0,13
rb1805,20170524,20170523,210752000,2894.0,570,31204,16469680.0,2894.0,4,2893.0,13
rb1805,20170524,20170523,210753500,2894.0,572,31204,16527560.0,2894.0,3,2893.0,13
rb1805,20170524,20170523,210756000,2894.0,572,31204,16527560.0,2895.0,9,2893.0,13
rb1805,20170524,20170523,210757000,2894.0,572,31204,16527560.0,2895.0,5,2893.0,18
rb1805,20170524,20170523,210800500,2894.0,572,31204,16527560.0,2895.0,4,2893.0,18
rb1805,20170524,20170523,210803000,2894.0,572,31204,16527560.0,2895.0,7,2893.0,18
rb1805,20170524,20170523,210803500,2894.0,572,31204,16527560.0,2895.0,8,2893.0,18
rb1805,20170524,20170523,210804000,2894.0,572,31204,16527560.0,2895.0,18,2893.0,18
rb1805,20170524,20170523,210804500,2894.0,572,31204,16527560.0,2895.0,18,2893.0,13
rb1805,20170524,20170523,210805000,2894.0,572,31204,16527560.0,2895.0,18,2893.0,13
rb1805,20170524,20170523,210805500,2893.0,574,31202,16585420.0,2895.0,18,2893.0,12
rb1805,20170524,20170523,210806000,2893.0,574,31202,16585420.0,2894.0,1,2893.0,12
rb1805,20170524,20170523,210807000,2893.0,574,31202,16585420.0,2894.0,1,2893.0,12
rb1805,20170524,20170523,210808500,2893.0,574,31202,16585420.0,2894.0,1,2893.0,12
rb1805,20170524,20170523,210809000,2893.0,574,31202,16585420.0,2894.0,1,2893.0,12
rb1805,20170524,20170523,210813000,2893.0,576,31202,16643280.0,2894.0,1,2893.0,16
rb1805,20170524,20170523,210813500,2893.0,576,31202,16643280.0,2894.0,1,2893.0,11
rb1805,20170524,20170523,210817500,2893.0,578,31200,16701140.0,2894.0,1,2893.0,10
rb1805,20170524,20170523,210823500,2893.0,580,31198,16759000.0,2894.0,1,2893.0,9
rb1805,20170524,20170523,210826000,2893.0,580,31198,16759000.0,2895.0,17,2893.0,9
rb1805,20170524,20170523,210828500,2893.0,580,31198,16759000.0,2895.0,17,2894.0,1
rb1805,20170524,20170523,210829000,2894.0,582,31200,16816880.0,2894.0,13,2893.0,9
rb1805,20170524,20170523,210829500,2894.0,582,31200,16816880.0,2894.0,5,2893.0,9
rb1805,20170524,20170523,210830500,2894.0,582,31200,16816880.0,2894.0,5,2893.0,9
rb1805,20170524,20170523,210832500,2893.0,600,31206,17337620.0,2893.0,2,2892.0,2
rb1805,20170524,20170523,210835500,2892.0,602,31208,17395460.0,2893.0,2,2892.0,1
rb1805,20170524,20170523,210838500,2892.0,602,31208,17395460.0,2893.0,2,2892.0,1
rb1805,20170524,20170523,210839000,2892.0,602,31208,17395460.0,2893.0,2,2892.0,1
rb1805,20170524,20170523,210839500,2892.0,602,31208,17395460.0,2893.0,5,2892.0,1
rb1805,20170524,20170523,210840000,2892.0,604,31210,17453300.0,2892.0,1,2891.0,2
rb1805,20170524,20170523,210840500,2891.0,606,31210,17511120.0,2892.0,1,2891.0,1
rb1805,20170524,20170523,210841000,2891.0,606,31210,17511120.0,2892.0,4,2891.0,1
rb1805,20170524,20170523,210841500,2891.0,606,31210,17511120.0,2892.0,4,2891.0,1
rb1805,20170524,20170523,210842500,2891.0,606,31210,17511120.0,2892.0,1,2891.0,1
rb1805,20170524,20170523,210843000,2891.0,606,31210,17511120.0,2893.0,4,2891.0,1
rb1805,20170524,20170523,210846000,2890.0,610,31214,17626740.0,2891.0,2,2890.0,2
rb1805,20170524,20170523,210846500,2890.0,614,31216,17742340.0,2890.0,2,2889.0,3
rb1805,20170524,20170523,210847000,2890.0,618,31218,17857940.0,2891.0,3,2890.0,6
rb1805,20170524,20170523,210847500,2890.0,624,31218,18031340.0,2891.0,1,2889.0,3
rb1805,20170524,20170523,210848000,2890.0,624,31218,18031340.0,2890.0,1,2889.0,3
rb1805,20170524,20170523,210848500,2890.0,626,31218,18089140.0,2891.0,4,2890.0,2
rb1805,20170524,20170523,210849000,2890.0,626,31218,18089140.0,2891.0,1,2889.0,3
rb1805,20170524,20170523,210849500,2890.0,626,31218,18089140.0,2891.0,1,2889.0,8
rb1805,20170524,20170523,210850000,2891.0,628,31218,18146960.0,2892.0,1,2889.0,9
rb1805,20170524,20170523,210850500,2891.0,628,31218,18146960.0,2891.0,2,2889.0,9
rb1805,20170524,20170523,210851000,2891.0,628,31218,18146960.0,2890.0,1,2889.0,9
rb1805,20170524,20170523,210851500,2890.0,630,31218,18204760.0,2893.0,3,2890.0,19
rb1805,20170524,20170523,210852000,2890.0,630,31218,18204760.0,2892.0,7,2891.0,5
rb1805,20170524,20170523,210852500,2891.0,634,31218,18320400.0,2893.0,3,2891.0,3
rb1805,20170524,20170523,210853000,2891.0,634,31218,18320400.0,2892.0,5,2891.0,3
rb1805,20170524,20170523,210853500,2891.0,634,31218,18320400.0,2893.0,3,2891.0,3
rb1805,20170524,20170523,210854500,2891.0,636,31220,18378220.0,2893.0,3,2891.0,2
rb1805,20170524,20170523,210855000,2891.0,636,31220,18378220.0,2892.0,5,2891.0,2
rb1805,20170524,20170523,210856000,2891.0,636,31220,18378220.0,2892.0,5,2891.0,2
rb1805,20170524,20170523,210857500,2891.0,636,31220,18378220.0,2892.0,5,2890.0,7
rb1805,20170524,20170523,210901000,2891.0,636,31220,18378220.0,2892.0,5,2890.0,7
rb1805,20170524,20170523,210901500,2891.0,636,31220,18378220.0,2892.0,8,2890.0,7
rb1805,20170524,20170523,210906000,2891.0,636,31220,18378220.0,2892.0,3,2891.0,1
rb1805,20170524,20170523,210907000,2891.0,636,31220,18378220.0,2892.0,3,2890.0,7
rb1805,20170524,20170523,210907500,2891.0,636,31220,18378220.0,2891.0,1,2890.0,8
rb1805,20170524,20170523,210908000,2891.0,638,31220,18436040.0,2892.0,3,2891.0,3
rb1805,20170524,20170523,210908500,2891.0,638,31220,18436040.0,2892.0,3,2890.0,3
rb1805,20170524,20170523,210909000,2892.0,640,31220,18493880.0,2892.0,2,2890.0,3
rb1805,20170524,20170523,210910000,2892.0,644,31220,18609560.0,2893.0,3,2892.0,3
rb1805,20170524,20170523,210910500,2892.0,650,31222,18783080.0,2892.0,2,2890.0,3
rb1805,20170524,20170523,210917000,2892.0,650,31222,18783080.0,2892.0,2,2890.0,3
rb1805,20170524,20170523,210917500,2892.0,650,31222,18783080.0,2893.0,3,2890.0,1
rb1805,20170524,20170523,210918000,2892.0,650,31222,18783080.0,2892.0,5,2890.0,6
rb1805,20170524,20170523,210919000,2892.0,650,31222,18783080.0,2892.0,5,2890.0,6
rb1805,20170524,20170523,210919500,2892.0,650,31222,18783080.0,2892.0,5,2890.0,6
rb1805,20170524,20170523,210921500,2892.0,650,31222,18783080.0,2892.0,15,2890.0,6
rb1805,20170524,20170523,210922000,2892.0,650,31222,18783080.0,2892.0,15,2890.0,1
rb1805,20170524,20170523,210922500,2892.0,650,31222,18783080.0,2892.0,15,2890.0,1
rb1805,20170524,20170523,210923500,2892.0,660,31222,19072280.0,2892.0,10,2890.0,1
rb1805,20170524,20170523,210925000,2892.0,660,31222,19072280.0,2892.0,10,2890.0,1
rb1805,20170524,20170523,210930000,2892.0,670,31222,19361480.0,2892.0,5,2890.0,1
rb1805,20170524,20170523,210931500,2892.0,670,31222,19361480.0,2892.0,5,2890.0,1
rb1805,20170524,20170523,210932000,2892.0,670,31222,19361480.0,2892.0,5,2890.0,1
rb1805,20170524,20170523,210933000,2892.0,670,31222,19361480.0,2892.0,5,2889.0,8
rb1805,20170524,20170523,210933500,2892.0,670,31222,19361480.0,2892.0,5,2889.0,9
rb1805,20170524,20170523,210935500,2892.0,670,31222,19361480.0,2892.0,10,2889.0,9
rb1805,20170524,20170523,210937500,2892.0,680,31222,19650680.0,2892.0,5,2889.0,9
rb1805,20170524,20170523,210938000,2892.0,680,31222,19650680.0,2891.0,1,2889.0,9
rb1805,20170524,20170523,210939000,2892.0,680,31222,19650680.0,2891.0,1,2889.0,9
rb1805,20170524,20170523,210944000,2891.0,682,31224,19708500.0,2892.0,1,2891.0,4
rb1805,20170524,20170523,210946000,2891.0,682,31224,19708500.0,2892.0,1,2891.0,4
rb1805,20170524,20170523,210948500,2891.0,682,31224,19708500.0,2893.0,3,2891.0,4
rb1805,20170524,20170523,210952000,2891.0,682,31224,19708500.0,2893.0,3,2891.0,9
rb1805,20170524,20170523,210953500,2891.0,682,31224,19708500.0,2894.0,4,2891.0,9
rb1805,20170524,20170523,210954000,2891.0,682,31224,19708500.0,2893.0,5,2891.0,9
rb1805,20170524,20170523,210955000,2891.0,682,31224,19708500.0,2893.0,5,2891.0,9
rb1805,20170524,20170523,210957000,2891.0,682,31224,19708500.0,2893.0,5,2891.0,9
rb1805,20170524,20170523,211000000,2891.0,682,31224,19708500.0,2894.0,4,2891.0,9
rb1805,20170524,20170523,211000500,2891.0,682,31224,19708500.0,2894.0,4,2892.0,1
rb1805,20170524,20170523,211001000,2891.0,682,31224,19708500.0,2894.0,4,2892.0,6
rb1805,20170524,20170523,211003500,2891.0,682,31224,19708500.0,2894.0,1,2892.0,6
rb1805,20170524,20170523,211004000,2891.0,682,31224,19708500.0,2893.0,1,2892.0,6
rb1805,20170524,20170523,211004500,2893.0,684,31224,19766360.0,2894.0,1,2893.0,2
rb1805,20170524,20170523,211007500,2893.0,684,31224,19766360.0,2894.0,1,2893.0,2
rb1805,20170524,20170523,211009000,2893.0,684,31224,19766360.0,2894.0,1,2893.0,2
rb1805,20170524,20170523,211010000,2894.0,686,31224,19824240.0,2895.0,14,2893.0,2
rb1805,20170524,20170523,211012000,2894.0,686,31224,19824240.0,2895.0,14,2893.0,3
rb1805,20170524,20170523,211013500,2894.0,686,31224,19824240.0,2895.0,14,2893.0,8
rb1805,20170524,20170523,211014000,2894.0,686,31224,19824240.0,2894.0,5,2893.0,8
rb1805,20170524,20170523,211014500,2894.0,686,31224,19824240.0,2894.0,5,2893.0,7
rb1805,20170524,20170523,211015000,2894.0,690,31220,19940000.0,2894.0,3,2893.0,5
rb1805,20170524,20170523,211015500,2894.0,690,31220,19940000.0,2894.0,3,2893.0,5
rb1805,20170524,20170523,211016000,2894.0,696,31220,20113640.0,2895.0,14,2894.0,17
rb1805,20170524,20170523,211020500,2894.0,696,31220,20113640.0,2895.0,14,2894.0,22
rb1805,20170524,20170523,211028500,2894.0,696,31220,20113640.0,2895.0,14,2894.0,22
rb1805,20170524,20170523,211029000,2895.0,702,31214,20287340.0,2895.0,11,2894.0,22
rb1805,20170524,20170523,211029500,2894.0,726,31214,20981900.0,2895.0,11,2894.0,10
rb1805,20170524,20170523,211030000,2894.0,728,31216,21039780.0,2895.0,11,2894.0,9
rb1805,20170524,20170523,211033500,2894.0,728,31216,21039780.0,2895.0,11,2894.0,10
rb1805,20170524,20170523,211034000,2894.0,728,31216,21039780.0,2895.0,11,2894.0,9
rb1805,20170524,20170523,211034500,2894.0,728,31216,21039780.0,2895.0,10,2894.0,9
rb1805,20170524,20170523,211035000,2894.0,728,31216,21039780.0,2895.0,10,2894.0,4
rb1805,20170524,20170523,211035500,2894.0,736,31216,21271300.0,2895.0,10,2893.0,5
rb1805,20170524,20170523,211036000,2894.0,736,31216,21271300.0,2895.0,10,2893.0,6
rb1805,20170524,20170523,211037000,2894.0,736,31216,21271300.0,2895.0,10,2893.0,5
rb1805,20170524,20170523,211040500,2894.0,736,31216,21271300.0,2895.0,10,2893.0,6
rb1805,20170524,20170523,211041000,2894.0,736,31216,21271300.0,2895.0,10,2894.0,1
rb1805,20170524,20170523,211042500,2894.0,736,31216,21271300.0,2895.0,10,2894.0,1
rb1805,20170524,20170523,211044500,2894.0,736,31216,21271300.0,2895.0,10,2894.0,1
rb1805,20170524,20170523,211047000,2894.0,736,31216,21271300.0,2895.0,10,2894.0,1
rb1805,20170524,20170523,211047500,2894.0,736,31216,21271300.0,2895.0,10,2894.0,1
rb1805,20170524,20170523,211050500,2894.0,736,31216,21271300.0,2895.0,10,2894.0,1
rb1805,20170524,20170523,211051000,2894.0,736,31216,21271300.0,2895.0,10,2894.0,1
rb1805,20170524,20170523,211054000,2894.0,736,31216,21271300.0,2895.0,10,2894.0,1
rb1805,20170524,20170523,211055000,2894.0,736,31216,21271300.0,2895.0,10,2894.0,1
rb1805,20170524,20170523,211058500,2894.0,736,31216,21271300.0,2895.0,10,2894.0,1
rb1805,20170524,20170523,211059500,2894.0,736,31216,21271300.0,2895.0,10,2894.0,1
rb1805,20170524,20170523,211102000,2894.0,736,31216,21271300.0,2895.0,10,2894.0,1
rb1805,20170524,20170523,211104500,2894.0,736,31216,21271300.0,2895.0,10,2894.0,1
rb1805,20170524,20170523,211105000,2894.0,736,31216,21271300.0,2895.0,10,2894.0,1
rb1805,20170524,20170523,211106000,2895.0,742,31216,21445000.0,2895.0,7,2894.0,1
rb1805,20170524,20170523,211109500,2895.0,742,31216,21445000.0,2895.0,7,2894.0,1
rb1805,20170524,20170523,211110000,2895.0,742,31216,21445000.0,2895.0,7,2894.0,1
rb1805,20170524,20170523,211111500,2895.0,742,31216,21445000.0,2895.0,7,2894.0,1
rb1805,20170524,20170523,211112000,2895.0,742,31216,21445000.0,2895.0,7,2894.0,1
rb1805,20170524,20170523,211115000,2895.0,742,31216,21445000.0,2895.0,7,2894.0,1
rb1805,20170524,20170523,211116500,2895.0,742,31216,21445000.0,2895.0,7,2894.0,1
rb1805,20170524,20170523,211120000,2895.0,742,31216,21445000.0,2895.0,7,2894.0,1
rb1805,20170524,20170523,211123500,2895.0,742,31216,21445000.0,2895.0,7,2894.0,2
rb1805,20170524,20170523,211125000,2895.0,742,31216,21445000.0,2895.0,7,2894.0,2
rb1805,20170524,20170523,211127000,2895.0,742,31216,21445000.0,2895.0,17,2894.0,2
rb1805,20170524,20170523,211127500,2894.0,746,31216,21560760.0,2895.0,17,2893.0,6
rb1805,20170524,20170523,211129000,2894.0,746,31216,21560760.0,2895.0,17,2893.0,1
rb1805,20170524,20170523,211130500,2894.0,746,31216,21560760.0,2895.0,17,2892.0,7
rb1805,20170524,20170523,211131000,2894.0,746,31216,21560760.0,2894.0,1,2892.0,3
rb1805,20170524,20170523,211132000,2894.0,746,31216,21560760.0,2894.0,1,2892.0,2
rb1805,20170524,20170523,211133000,2894.0,746,31216,21560760.0,2894.0,1,2892.0,2
rb1805,20170524,20170523,211134500,2894.0,746,31216,21560760.0,2894.0,1,2892.0,8
rb1805,20170524,20170523,211135000,2894.0,746,31216,21560760.0,2894.0,1,2892.0,8
rb1805,20170524,20170523,211136500,2894.0,746,31216,21560760.0,2894.0,1,2892.0,9
rb1805,20170524,20170523,211139500,2894.0,746,31216,21560760.0,2894.0,1,2892.0,9
rb1805,20170524,20170523,211141000,2894.0,746,31216,21560760.0,2895.0,17,2892.0,9
rb1805,20170524,20170523,211144000,2894.0,746,31216,21560760.0,2895.0,17,2892.0,9
rb1805,20170524,20170523,211145000,2894.0,746,31216,21560760.0,2895.0,17,2892.0,4
rb1805,20170524,20170523,211147000,2894.0,746,31216,21560760.0,2895.0,17,2892.0,4
rb1805,20170524,20170523,211148500,2894.0,746,31216,21560760.0,2895.0,17,2892.0,3
rb1805,20170524,20170523,211152500,2894.0,746,31216,21560760.0,2894.0,1,2892.0,3
rb1805,20170524,20170523,211202000,2892.0,752,31216,21734280.0,2892.0,2,2891.0,4
rb1805,20170524,20170523,211202500,2892.0,756,31214,21849960.0,2894.0,1,2891.0,5
rb1805,20170524,20170523,211203000,2892.0,756,31214,21849960.0,2894.0,1,2891.0,10
rb1805,20170524,20170523,211204500,2892.0,756,31214,21849960.0,2894.0,1,2891.0,10
rb1805,20170524,20170523,211214000,2892.0,756,31214,21849960.0,2894.0,1,2891.0,10
rb1805,20170524,20170523,211218500,2892.0,756,31214,21849960.0,2894.0,1,2892.0,1
rb1805,20170524,20170523,211219000,2892.0,756,31214,21849960.0,2894.0,1,2892.0,6
rb1805,20170524,20170523,211219500,2892.0,756,31214,21849960.0,2894.0,1,2893.0,2
rb1805,20170524,20170523,211220000,2894.0,758,31216,21907840.0,2895.0,17,2894.0,2
rb1805,20170524,20170523,211220500,2894.0,758,31216,21907840.0,2895.0,17,2893.0,7
rb1805,20170524,20170523,211221000,2894.0,758,31216,21907840.0,2895.0,17,2894.0,1
rb1805,20170524,20170523,211221500,2894.0,758,31216,21907840.0,2895.0,17,2893.0,7
rb1805,20170524,20170523,211222000,2894.0,758,31216,21907840.0,2895.0,17,2893.0,8
rb1805,20170524,20170523,211222500,2894.0,758,31216,21907840.0,2895.0,17,2894.0,1
rb1805,20170524,20170523,211223500,2894.0,758,31216,21907840.0,2895.0,17,2894.0,1
rb1805,20170524,20170523,211224500,2894.0,758,31216,21907840.0,2895.0,17,2894.0,1
rb1805,20170524,20170523,211225000,2894.0,758,31216,21907840.0,2895.0,17,2894.0,1
rb1805,20170524,20170523,211228500,2894.0,758,31216,21907840.0,2895.0,17,2894.0,1
rb1805,20170524,20170523,211229500,2894.0,758,31216,21907840.0,2895.0,17,2894.0,1
rb1805,20170524,20170523,211230000,2894.0,760,31214,21965720.0,2895.0,17,2893.0,6
rb1805,20170524,20170523,211230500,2894.0,760,31214,21965720.0,2895.0,17,2893.0,6
rb1805,20170524,20170523,211232000,2894.0,760,31214,21965720.0,2895.0,17,2893.0,6
rb1805,20170524,20170523,211235000,2894.0,760,31214,21965720.0,2895.0,17,2893.0,5
rb1805,20170524,20170523,211235500,2894.0,760,31214,21965720.0,2895.0,17,2893.0,6
rb1805,20170524,20170523,211236000,2894.0,760,31214,21965720.0,2895.0,17,2893.0,6
rb1805,20170524,20170523,211236500,2894.0,760,31214,21965720.0,2895.0,17,2893.0,1
rb1805,20170524,20170523,211239000,2894.0,760,31214,21965720.0,2895.0,17,2893.0,1
rb1805,20170524,20170523,211241000,2894.0,760,31214,21965720.0,2895.0,17,2893.0,6
rb1805,20170524,20170523,211243500,2894.0,760,31214,21965720.0,2895.0,17,2893.0,6
rb1805,20170524,20170523,211248500,2894.0,760,31214,21965720.0,2895.0,17,2893.0,6
rb1805,20170524,20170523,211250500,2895.0,780,31214,22544720.0,2895.0,7,2893.0,6
rb1805,20170524,20170523,211253000,2895.0,780,31214,22544720.0,2895.0,7,2893.0,7
rb1805,20170524,20170523,211255000,2895.0,780,31214,22544720.0,2895.0,7,2893.0,7
rb1805,20170524,20170523,211256000,2895.0,780,31214,22544720.0,2895.0,8,2893.0,7
rb1805,20170524,20170523,211256500,2895.0,782,31214,22602620.0,2895.0,7,2893.0,7
rb1805,20170524,20170523,211257000,2895.0,782,31214,22602620.0,2895.0,7,2893.0,7
rb1805,20170524,20170523,211258500,2895.0,782,31214,22602620.0,2895.0,7,2893.0,2
rb1805,20170524,20170523,211259500,2895.0,782,31214,22602620.0,2895.0,7,2893.0,2
rb1805,20170524,20170523,211300000,2895.0,782,31214,22602620.0,2895.0,7,2893.0,3
rb1805,20170524,20170523,211301000,2895.0,782,31214,22602620.0,2895.0,7,2893.0,8
rb1805,20170524,20170523,211303500,2895.0,782,31214,22602620.0,2895.0,7,2893.0,8
rb1805,20170524,20170523,211304000,2895.0,782,31214,22602620.0,2895.0,7,2893.0,3
rb1805,20170524,20170523,211304500,2895.0,782,31214,22602620.0,2895.0,7,2893.0,3
rb1805,20170524,20170523,211306500,2895.0,782,31214,22602620.0,2895.0,7,2893.0,4
rb1805,20170524,20170523,211307500,2895.0,782,31214,22602620.0,2895.0,7,2893.0,4
rb1805,20170524,20170523,211310500,2895.0,782,31214,22602620.0,2895.0,7,2893.0,4
rb1805,20170524,20170523,211313500,2895.0,782,31214,22602620.0,2895.0,7,2893.0,3
rb1805,20170524,20170523,211314000,2895.0,782,31214,22602620.0,2895.0,7,2893.0,3
rb1805,20170524,20170523,211315000,2895.0,782,31214,22602620.0,2895.0,7,2893.0,4
rb1805,20170524,20170523,211324000,2895.0,782,31214,22602620.0,2895.0,8,2893.0,4
rb1805,20170524,20170523,211324500,2895.0,782,31214,22602620.0,2895.0,8,2893.0,4
rb1805,20170524,20170523,211325500,2895.0,782,31214,22602620.0,2895.0,8,2893.0,3
rb1805,20170524,20170523,211329500,2895.0,782,31214,22602620.0,2894.0,1,2893.0,3
rb1805,20170524,20170523,211332000,2895.0,782,31214,22602620.0,2894.0,1,2893.0,3
rb1805,20170524,20170523,211333000,2895.0,782,31214,22602620.0,2894.0,1,2893.0,4
rb1805,20170524,20170523,211333500,2895.0,782,31214,22602620.0,2894.0,1,2893.0,3
rb1805,20170524,20170523,211338500,2895.0,782,31214,22602620.0,2894.0,1,2893.0,3
rb1805,20170524,20170523,211340000,2895.0,782,31214,22602620.0,2894.0,6,2893.0,3
rb1805,20170524,20170523,211347000,2895.0,782,31214,22602620.0,2894.0,6,2893.0,3
rb1805,20170524,20170523,211349500,2895.0,782,31214,22602620.0,2894.0,6,2893.0,4
rb1805,20170524,20170523,211350500,2892.0,792,31222,22891900.0,2894.0,7,2892.0,26
rb1805,20170524,20170523,211351000,2892.0,792,31222,22891900.0,2893.0,1,2892.0,22
rb1805,20170524,20170523,211351500,2892.0,792,31222,22891900.0,2894.0,7,2892.0,22
rb1805,20170524,20170523,211355500,2892.0,792,31222,22891900.0,2893.0,5,2892.0,22
rb1805,20170524,20170523,211356500,2892.0,792,31222,22891900.0,2893.0,5,2892.0,22
rb1805,20170524,20170523,211357000,2892.0,792,31222,22891900.0,2893.0,6,2892.0,22
rb1805,20170524,20170523,211358000,2892.0,828,31222,23933020.0,2893.0,1,2892.0,4
rb1805,20170524,20170523,211358500,2892.0,830,31220,23990860.0,2893.0,1,2892.0,3
rb1805,20170524,20170523,211359000,2892.0,834,31220,24106540.0,2893.0,1,2892.0,1
rb1805,20170524,20170523,211359500,2894.0,838,31216,24222280.0,2894.0,6,2892.0,1
rb1805,20170524,20170523,211400000,2892.0,840,31216,24280120.0,2893.0,1,2891.0,10
rb1805,20170524,20170523,211401000,2892.0,840,31216,24280120.0,2893.0,1,2891.0,5
rb1805,20170524,20170523,211402000,2892.0,840,31216,24280120.0,2893.0,2,2891.0,5
rb1805,20170524,20170523,211402500,2892.0,840,31216,24280120.0,2893.0,2,2891.0,5
rb1805,20170524,20170523,211403000,2892.0,840,31216,24280120.0,2892.0,1,2891.0,5
rb1805,20170524,20170523,211404000,2892.0,840,31216,24280120.0,2892.0,1,2891.0,5
rb1805,20170524,20170523,211404500,2892.0,840,31216,24280120.0,2892.0,1,2891.0,5
rb1805,20170524,20170523,211405500,2892.0,840,31216,24280120.0,2892.0,1,2891.0,5
rb1805,20170524,20170523,211407500,2892.0,840,31216,24280120.0,2892.0,3,2891.0,5
rb1805,20170524,20170523,211411500,2892.0,846,31218,24453640.0,2893.0,2,2891.0,10
rb1805,20170524,20170523,211412500,2892.0,846,31218,24453640.0,2893.0,2,2892.0,2
rb1805,20170524,20170523,211413000,2892.0,846,31218,24453640.0,2893.0,2,2892.0,7
rb1805,20170524,20170523,211413500,2892.0,846,31218,24453640.0,2893.0,1,2892.0,7
rb1805,20170524,20170523,211414500,2893.0,848,31218,24511500.0,2894.0,6,2893.0,8
rb1805,20170524,20170523,211415000,2893.0,848,31218,24511500.0,2894.0,6,2892.0,2
rb1805,20170524,20170523,211415500,2892.0,852,31218,24627180.0,2894.0,6,2891.0,10
rb1805,20170524,20170523,211416000,2892.0,852,31218,24627180.0,2894.0,6,2891.0,11
rb1805,20170524,20170523,211417000,2892.0,852,31218,24627180.0,2894.0,6,2891.0,11
rb1805,20170524,20170523,211417500,2892.0,852,31218,24627180.0,2894.0,6,2891.0,11
rb1805,20170524,20170523,211418500,2891.0,854,31218,24685000.0,2894.0,5,2891.0,10
rb1805,20170524,20170523,211419500,2891.0,854,31218,24685000.0,2894.0,6,2891.0,10
rb1805,20170524,20170523,211420000,2891.0,854,31218,24685000.0,2894.0,9,2891.0,10
rb1805,20170524,20170523,211421000,2891.0,854,31218,24685000.0,2894.0,8,2891.0,10
rb1805,20170524,20170523,211422500,2891.0,854,31218,24685000.0,2894.0,9,2891.0,10
rb1805,20170524,20170523,211423000,2891.0,854,31218,24685000.0,2894.0,8,2891.0,10
rb1805,20170524,20170523,211426500,2891.0,854,31218,24685000.0,2894.0,8,2891.0,10
rb1805,20170524,20170523,211427000,2891.0,854,31218,24685000.0,2894.0,9,2892.0,1
rb1805,20170524,20170523,211427500,2891.0,854,31218,24685000.0,2893.0,2,2892.0,1
rb1805,20170524,20170523,211428500,2891.0,854,31218,24685000.0,2893.0,2,2892.0,1
rb1805,20170524,20170523,211429000,2891.0,854,31218,24685000.0,2893.0,2,2892.0,1
rb1805,20170524,20170523,211431000,2891.0,854,31218,24685000.0,2893.0,2,2892.0,1
rb1805,20170524,20170523,211431500,2891.0,854,31218,24685000.0,2893.0,2,2891.0,10
rb1805,20170524,20170523,211432000,2891.0,854,31218,24685000.0,2893.0,2,2891.0,10
rb1805,20170524,20170523,211433500,2891.0,854,31218,24685000.0,2893.0,2,2891.0,10
rb1805,20170524,20170523,211434000,2891.0,854,31218,24685000.0,2893.0,2,2891.0,10
rb1805,20170524,20170523,211435500,2891.0,854,31218,24685000.0,2893.0,5,2891.0,10
rb1805,20170524,20170523,211436000,2891.0,854,31218,24685000.0,2893.0,5,2891.0,10
rb1805,20170524,20170523,211438500,2891.0,854,31218,24685000.0,2893.0,5,2891.0,10
rb1805,20170524,20170523,211439500,2891.0,856,31218,24742820.0,2893.0,5,2891.0,9
rb1805,20170524,20170523,211440000,2891.0,856,31218,24742820.0,2893.0,2,2891.0,10
rb1805,20170524,20170523,211440500,2891.0,856,31218,24742820.0,2893.0,2,2891.0,9
rb1805,20170524,20170523,211441500,2891.0,856,31218,24742820.0,2893.0,3,2891.0,4
rb1805,20170524,20170523,211442500,2891.0,856,31218,24742820.0,2892.0,5,2891.0,4
rb1805,20170524,20170523,211444000,2892.0,860,31218,24858500.0,2892.0,3,2891.0,4
rb1805,20170524,20170523,211444500,2892.0,864,31218,24974180.0,2892.0,1,2891.0,4
rb1805,20170524,20170523,211447500,2892.0,866,31218,25032020.0,2893.0,3,2892.0,19
rb1805,20170524,20170523,211448000,2892.0,866,31218,25032020.0,2894.0,3,2892.0,19
rb1805,20170524,20170523,211449000,2892.0,866,31218,25032020.0,2894.0,4,2892.0,19
rb1805,20170524,20170523,211450000,2892.0,866,31218,25032020.0,2893.0,1,2892.0,19
rb1805,20170524,20170523,211450500,2892.0,866,31218,25032020.0,2893.0,1,2892.0,19
rb1805,20170524,20170523,211453000,2892.0,866,31218,25032020.0,2893.0,1,2892.0,19
rb1805,20170524,20170523,211457500,2892.0,866,31218,25032020.0,2893.0,1,2892.0,24
rb1805,20170524,20170523,211458000,2893.0,868,31220,25089880.0,2894.0,3,2892.0,19
rb1805,20170524,20170523,211458500,2893.0,868,31220,25089880.0,2894.0,3,2892.0,19
rb1805,20170524,20170523,211459000,2893.0,868,31220,25089880.0,2894.0,4,2892.0,19
rb1805,20170524,20170523,211459500,2893.0,868,31220,25089880.0,2894.0,4,2892.0,19
rb1805,20170524,20170523,211504500,2893.0,868,31220,25089880.0,2894.0,5,2892.0,19
rb1805,20170524,20170523,211505500,2893.0,868,31220,25089880.0,2893.0,2,2892.0,19
rb1805,20170524,20170523,211506000,2892.0,872,31220,25205560.0,2893.0,5,2892.0,17
rb1805,20170524,20170523,211506500,2892.0,906,31244,26188840.0,2893.0,6,2891.0,3
rb1805,20170524,20170523,211507000,2892.0,906,31244,26188840.0,2892.0,5,2891.0,3
rb1805,20170524,20170523,211507500,2892.0,910,31244,26304520.0,2893.0,6,2892.0,8
rb1805,20170524,20170523,211508000,2892.0,926,31260,26767240.0,2892.0,9,2891.0,3
rb1805,20170524,20170523,211508500,2892.0,926,31260,26767240.0,2892.0,2,2891.0,3
rb1805,20170524,20170523,211509500,2891.0,928,31260,26825060.0,2892.0,2,2891.0,2
rb1805,20170524,20170523,211510000,2891.0,928,31260,26825060.0,2892.0,2,2891.0,2
rb1805,20170524,20170523,211511500,2891.0,928,31260,26825060.0,2892.0,3,2891.0,2
rb1805,20170524,20170523,211512000,2891.0,928,31260,26825060.0,2892.0,4,2891.0,2
rb1805,20170524,20170523,211513500,2890.0,934,31266,26998500.0,2891.0,3,2890.0,6
rb1805,20170524,20170523,211514000,2890.0,934,31266,26998500.0,2892.0,3,2890.0,6
rb1805,20170524,20170523,211516500,2890.0,934,31266,26998500.0,2891.0,1,2890.0,6
rb1805,20170524,20170523,211517000,2890.0,934,31266,26998500.0,2891.0,1,2890.0,6
rb1805,20170524,20170523,211518000,2890.0,934,31266,26998500.0,2891.0,3,2890.0,6
rb1805,20170524,20170523,211518500,2890.0,940,31272,27171900.0,2891.0,6,2890.0,3
rb1805,20170524,20170523,211519500,2891.0,942,31272,27229720.0,2891.0,5,2890.0,3
rb1805,20170524,20170523,211520000,2890.0,944,31272,27287520.0,2891.0,5,2890.0,2
rb1805,20170524,20170523,211520500,2890.0,948,31272,27403120.0,2890.0,15,2889.0,4
rb1805,20170524,20170523,211521000,2889.0,956,31278,27634240.0,2890.0,13,2888.0,6
rb1805,20170524,20170523,211521500,2889.0,956,31278,27634240.0,2890.0,3,2888.0,6
rb1805,20170524,20170523,211522000,2889.0,956,31278,27634240.0,2890.0,3,2888.0,5
rb1805,20170524,20170523,211522500,2889.0,956,31278,27634240.0,2890.0,3,2888.0,6
rb1805,20170524,20170523,211523500,2889.0,956,31278,27634240.0,2890.0,3,2888.0,5
rb1805,20170524,20170523,211524000,2889.0,956,31278,27634240.0,2890.0,3,2888.0,6
rb1805,20170524,20170523,211524500,2889.0,956,31278,27634240.0,2890.0,3,2888.0,5
rb1805,20170524,20170523,211526000,2889.0,956,31278,27634240.0,2890.0,5,2888.0,5
rb1805,20170524,20170523,211527000,2889.0,956,31278,27634240.0,2890.0,4,2888.0,5
rb1805,20170524,20170523,211527500,2889.0,956,31278,27634240.0,2890.0,4,2888.0,5
rb1805,20170524,20170523,211528000,2889.0,956,31278,27634240.0,2890.0,7,2888.0,5
rb1805,20170524,20170523,211529000,2889.0,956,31278,27634240.0,2890.0,9,2888.0,5
rb1805,20170524,20170523,211530000,2889.0,956,31278,27634240.0,2890.0,6,2888.0,10
rb1805,20170524,20170523,211530500,2889.0,956,31278,27634240.0,2890.0,4,2888.0,11
rb1805,20170524,20170523,211531500,2889.0,956,31278,27634240.0,2890.0,1,2888.0,11
rb1805,20170524,20170523,211534000,2889.0,956,31278,27634240.0,2890.0,4,2888.0,6
rb1805,20170524,20170523,211534500,2889.0,956,31278,27634240.0,2890.0,7,2888.0,6
rb1805,20170524,20170523,211535500,2889.0,956,31278,27634240.0,2890.0,9,2888.0,5
rb1805,20170524,20170523,211536500,2889.0,956,31278,27634240.0,2890.0,9,2888.0,5
rb1805,20170524,20170523,211537500,2890.0,966,31280,27923240.0,2890.0,4,2888.0,5
rb1805,20170524,20170523,211538000,2890.0,966,31280,27923240.0,2890.0,4,2889.0,1
rb1805,20170524,20170523,211538500,2889.0,968,31282,27981020.0,2890.0,4,2888.0,5
rb1805,20170524,20170523,211541000,2888.0,974,31282,28154300.0,2890.0,4,2888.0,2
rb1805,20170524,20170523,211543000,2888.0,974,31282,28154300.0,2890.0,5,2888.0,2
rb1805,20170524,20170523,211543500,2890.0,984,31284,28443300.0,2891.0,3,2888.0,2
rb1805,20170524,20170523,211545000,2890.0,984,31284,28443300.0,2891.0,3,2888.0,7
rb1805,20170524,20170523,211545500,2890.0,984,31284,28443300.0,2891.0,3,2888.0,9
rb1805,20170524,20170523,211546500,2890.0,984,31284,28443300.0,2891.0,3,2888.0,8
rb1805,20170524,20170523,211548000,2890.0,984,31284,28443300.0,2891.0,3,2888.0,8
rb1805,20170524,20170523,211548500,2890.0,984,31284,28443300.0,2891.0,3,2888.0,9
rb1805,20170524,20170523,211549000,2890.0,984,31284,28443300.0,2890.0,1,2888.0,9
rb1805,20170524,20170523,211550500,2890.0,984,31284,28443300.0,2890.0,1,2888.0,10
rb1805,20170524,20170523,211551000,2890.0,984,31284,28443300.0,2891.0,3,2888.0,10
rb1805,20170524,20170523,211552000,2890.0,984,31284,28443300.0,2891.0,3,2888.0,9
rb1805,20170524,20170523,211552500,2890.0,984,31284,28443300.0,2891.0,3,2888.0,9
rb1805,20170524,20170523,211553000,2890.0,984,31284,28443300.0,2891.0,3,2888.0,9
rb1805,20170524,20170523,211555500,2890.0,984,31284,28443300.0,2891.0,3,2888.0,4
rb1805,20170524,20170523,211556000,2890.0,984,31284,28443300.0,2891.0,3,2888.0,4
rb1805,20170524,20170523,211556500,2890.0,984,31284,28443300.0,2891.0,3,2888.0,3
rb1805,20170524,20170523,211558000,2890.0,984,31284,28443300.0,2890.0,1,2888.0,3
rb1805,20170524,20170523,211602000,2890.0,984,31284,28443300.0,2889.0,1,2888.0,3
rb1805,20170524,20170523,211603500,2888.0,988,31284,28558820.0,2889.0,1,2888.0,1
rb1805,20170524,20170523,211604500,2888.0,990,31286,28616580.0,2889.0,1,2886.0,3
rb1805,20170524,20170523,211605000,2888.0,990,31286,28616580.0,2889.0,1,2886.0,9
rb1805,20170524,20170523,211605500,2888.0,990,31286,28616580.0,2889.0,1,2886.0,9
rb1805,20170524,20170523,211606000,2888.0,990,31286,28616580.0,2889.0,1,2886.0,9
rb1805,20170524,20170523,211607500,2886.0,992,31286,28674300.0,2889.0,1,2886.0,8
rb1805,20170524,20170523,211608000,2886.0,992,31286,28674300.0,2889.0,1,2886.0,10
rb1805,20170524,20170523,211608500,2889.0,994,31286,28732080.0,2891.0,3,2886.0,8
rb1805,20170524,20170523,211609000,2889.0,994,31286,28732080.0,2891.0,3,2886.0,8
rb1805,20170524,20170523,211610000,2889.0,994,31286,28732080.0,2890.0,5,2886.0,8
rb1805,20170524,20170523,211610500,2889.0,994,31286,28732080.0,2890.0,6,2886.0,8
rb1805,20170524,20170523,211611000,2889.0,994,31286,28732080.0,2890.0,6,2886.0,9
rb1805,20170524,20170523,211611500,2889.0,994,31286,28732080.0,2890.0,6,2887.0,1
rb1805,20170524,20170523,211612000,2889.0,994,31286,28732080.0,2890.0,6,2887.0,6
rb1805,20170524,20170523,211613000,2889.0,994,31286,28732080.0,2890.0,5,2887.0,6
rb1805,20170524,20170523,211613500,2889.0,994,31286,28732080.0,2891.0,3,2888.0,1
rb1805,20170524,20170523,211614000,2889.0,994,31286,28732080.0,2891.0,3,2887.0,6
rb1805,20170524,20170523,211614500,2889.0,994,31286,28732080.0,2891.0,3,2887.0,7
rb1805,20170524,20170523,211616500,2889.0,994,31286,28732080.0,2891.0,3,2888.0,1
rb1805,20170524,20170523,211617000,2889.0,994,31286,28732080.0,2891.0,4,2888.0,6
rb1805,20170524,20170523,211617500,2889.0,994,31286,28732080.0,2891.0,4,2888.0,1
rb1805,20170524,20170523,211618500,2889.0,994,31286,28732080.0,2891.0,4,2887.0,7
rb1805,20170524,20170523,211619000,2889.0,994,31286,28732080.0,2891.0,4,2887.0,2
rb1805,20170524,20170523,211619500,2889.0,994,31286,28732080.0,2891.0,4,2887.0,1
rb1805,20170524,20170523,211620000,2887.0,996,31284,28789820.0,2887.0,1,2886.0,9
rb1805,20170524,20170523,211620500,2887.0,996,31284,28789820.0,2887.0,1,2886.0,4
rb1805,20170524,20170523,211621000,2887.0,996,31284,28789820.0,2887.0,1,2886.0,4
rb1805,20170524,20170523,211621500,2887.0,996,31284,28789820.0,2887.0,1,2886.0,4
rb1805,20170524,20170523,211623500,2887.0,998,31284,28847560.0,2890.0,6,2886.0,4
rb1805,20170524,20170523,211624000,2886.0,1000,31284,28905280.0,2890.0,7,2886.0,8
rb1805,20170524,20170523,211624500,2886.0,1000,31284,28905280.0,2890.0,6,2886.0,10
rb1805,20170524,20170523,211625000,2886.0,1002,31284,28963000.0,2890.0,6,2886.0,9
rb1805,20170524,20170523,211625500,2886.0,1002,31284,28963000.0,2890.0,6,2886.0,9
rb1805,20170524,20170523,211626000,2886.0,1002,31284,28963000.0,2890.0,8,2886.0,7
rb1805,20170524,20170523,211626500,2886.0,1004,31286,29020720.0,2889.0,1,2886.0,6
rb1805,20170524,20170523,211627000,2886.0,1004,31286,29020720.0,2889.0,1,2886.0,8
rb1805,20170524,20170523,211627500,2886.0,1004,31286,29020720.0,2889.0,1,2886.0,6
rb1805,20170524,20170523,211628500,2886.0,1004,31286,29020720.0,2889.0,2,2886.0,6
rb1805,20170524,20170523,211629500,2886.0,1004,31286,29020720.0,2889.0,2,2886.0,7
rb1805,20170524,20170523,211630500,2886.0,1004,31286,29020720.0,2889.0,2,2886.0,7
rb1805,20170524,20170523,211631000,2886.0,1004,31286,29020720.0,2889.0,1,2886.0,7
rb1805,20170524,20170523,211631500,2886.0,1004,31286,29020720.0,2889.0,1,2887.0,1
rb1805,20170524,20170523,211632500,2886.0,1004,31286,29020720.0,2889.0,1,2887.0,1
rb1805,20170524,20170523,211633000,2886.0,1004,31286,29020720.0,2889.0,2,2887.0,1
rb1805,20170524,20170523,211633500,2889.0,1008,31290,29136280.0,2891.0,3,2889.0,8
rb1805,20170524,20170523,211634000,2889.0,1024,31304,29598520.0,2891.0,3,2887.0,1
rb1805,20170524,20170523,211634500,2889.0,1024,31304,29598520.0,2891.0,3,2887.0,6
rb1805,20170524,20170523,211635000,2889.0,1024,31304,29598520.0,2891.0,6,2887.0,6
rb1805,20170524,20170523,211635500,2889.0,1024,31304,29598520.0,2891.0,6,2887.0,6
rb1805,20170524,20170523,211636000,2889.0,1024,31304,29598520.0,2891.0,6,2887.0,6
rb1805,20170524,20170523,211638500,2889.0,1024,31304,29598520.0,2891.0,7,2887.0,7
rb1805,20170524,20170523,211639500,2889.0,1024,31304,29598520.0,2891.0,7,2887.0,6
rb1805,20170524,20170523,211640500,2889.0,1024,31304,29598520.0,2890.0,1,2887.0,6
rb1805,20170524,20170523,211641000,2889.0,1024,31304,29598520.0,2890.0,6,2887.0,6
rb1805,20170524,20170523,211641500,2889.0,1024,31304,29598520.0,2890.0,6,2887.0,6
rb1805,20170524,20170523,211642500,2889.0,1024,31304,29598520.0,2890.0,1,2887.0,6
rb1805,20170524,20170523,211643000,2889.0,1024,31304,29598520.0,2890.0,1,2887.0,6
rb1805,20170524,20170523,211645000,2889.0,1024,31304,29598520.0,2890.0,1,2887.0,6
rb1805,20170524,20170523,211645500,2889.0,1024,31304,29598520.0,2890.0,1,2887.0,6
rb1805,20170524,20170523,211646000,2889.0,1024,31304,29598520.0,2890.0,3,2887.0,6
rb1805,20170524,20170523,211646500,2890.0,1042,31310,30118620.0,2891.0,4,2890.0,1
rb1805,20170524,20170523,211647000,2890.0,1044,31310,30176420.0,2890.0,11,2887.0,6
rb1805,20170524,20170523,211647500,2890.0,1044,31310,30176420.0,2890.0,10,2887.0,6
rb1805,20170524,20170523,211648500,2890.0,1044,31310,30176420.0,2889.0,1,2887.0,6
rb1805,20170524,20170523,211649000,2890.0,1044,31310,30176420.0,2889.0,1,2887.0,6
rb1805,20170524,20170523,211649500,2887.0,1048,31314,30291900.0,2889.0,1,2887.0,5
rb1805,20170524,20170523,211650500,2887.0,1048,31314,30291900.0,2889.0,1,2888.0,1
rb1805,20170524,20170523,211651000,2887.0,1048,31314,30291900.0,2889.0,1,2887.0,6
rb1805,20170524,20170523,211652000,2889.0,1050,31312,30349680.0,2891.0,4,2889.0,2
rb1805,20170524,20170523,211652500,2889.0,1054,31316,30465240.0,2890.0,1,2889.0,3
rb1805,20170524,20170523,211653000,2889.0,1060,31322,30638580.0,2890.0,1,2888.0,2
rb1805,20170524,20170523,211653500,2889.0,1060,31322,30638580.0,2890.0,1,2888.0,3
rb1805,20170524,20170523,211654500,2889.0,1060,31322,30638580.0,2890.0,1,2888.0,5
rb1805,20170524,20170523,211658000,2888.0,1070,31322,30927380.0,2888.0,1,2887.0,6
rb1805,20170524,20170523,211658500,2888.0,1072,31322,30985140.0,2890.0,1,2888.0,3
rb1805,20170524,20170523,211659000,2888.0,1072,31322,30985140.0,2890.0,1,2887.0,7
rb1805,20170524,20170523,211659500,2888.0,1072,31322,30985140.0,2890.0,1,2888.0,1
rb1805,20170524,20170523,211700000,2888.0,1072,31322,30985140.0,2890.0,1,2888.0,1
rb1805,20170524,20170523,211701000,2888.0,1072,31322,30985140.0,2890.0,1,2888.0,1
rb1805,20170524,20170523,211702000,2888.0,1072,31322,30985140.0,2890.0,1,2888.0,1
rb1805,20170524,20170523,211706000,2888.0,1072,31322,30985140.0,2890.0,1,2888.0,1
rb1805,20170524,20170523,211707000,2888.0,1072,31322,30985140.0,2890.0,1,2888.0,2
rb1805,20170524,20170523,211707500,2890.0,1078,31326,31158520.0,2891.0,4,2890.0,17
rb1805,20170524,20170523,211708000,2890.0,1100,31342,31794320.0,2891.0,4,2890.0,6
rb1805,20170524,20170523,211708500,2890.0,1100,31342,31794320.0,2891.0,5,2890.0,6
rb1805,20170524,20170523,211709000,2890.0,1100,31342,31794320.0,2891.0,2,2890.0,6
rb1805,20170524,20170523,211711000,2890.0,1100,31342,31794320.0,2891.0,2,2890.0,6
rb1805,20170524,20170523,211712500,2890.0,1100,31342,31794320.0,2891.0,2,2890.0,6
rb1805,20170524,20170523,211714000,2890.0,1100,31342,31794320.0,2891.0,2,2890.0,6
rb1805,20170524,20170523,211715000,2890.0,1100,31342,31794320.0,2891.0,2,2890.0,6
rb1805,20170524,20170523,211720000,2890.0,1100,31342,31794320.0,2891.0,1,2890.0,6
rb1805,20170524,20170523,211722000,2890.0,1100,31342,31794320.0,2891.0,1,2890.0,6
rb1805,20170524,20170523,211723000,2890.0,1100,31342,31794320.0,2891.0,1,2890.0,6
rb1805,20170524,20170523,211724500,2890.0,1108,31350,32025520.0,2891.0,1,2890.0,2
rb1805,20170524,20170523,211725000,2890.0,1108,31350,32025520.0,2891.0,1,2890.0,3
rb1805,20170524,20170523,211726500,2890.0,1108,31350,32025520.0,2891.0,1,2890.0,3
rb1805,20170524,20170523,211727500,2891.0,1110,31352,32083340.0,2892.0,4,2891.0,9
rb1805,20170524,20170523,211728000,2891.0,1110,31352,32083340.0,2892.0,1,2891.0,9
rb1805,20170524,20170523,211728500,2891.0,1110,31352,32083340.0,2892.0,1,2891.0,11
rb1805,20170524,20170523,211730500,2891.0,1114,31356,32198980.0,2892.0,1,2891.0,9
rb1805,20170524,20170523,211731500,2891.0,1114,31356,32198980.0,2892.0,2,2891.0,9
rb1805,20170524,20170523,211733000,2891.0,1116,31358,32256800.0,2892.0,2,2891.0,8
rb1805,20170524,20170523,211733500,2891.0,1116,31358,32256800.0,2892.0,2,2891.0,8
rb1805,20170524,20170523,211739000,2891.0,1116,31358,32256800.0,2892.0,2,2891.0,8
rb1805,20170524,20170523,211741500,2891.0,1116,31358,32256800.0,2892.0,2,2891.0,9
rb1805,20170524,20170523,211745500,2891.0,1116,31358,32256800.0,2892.0,2,2891.0,9
rb1805,20170524,20170523,211746000,2891.0,1116,31358,32256800.0,2892.0,2,2891.0,9
rb1805,20170524,20170523,211746500,2891.0,1118,31360,32314620.0,2892.0,2,2891.0,8
rb1805,20170524,20170523,211747000,2891.0,1128,31360,32603720.0,2892.0,7,2891.0,3
rb1805,20170524,20170523,211747500,2891.0,1134,31366,32777180.0,2892.0,7,2890.0,13
rb1805,20170524,20170523,211749500,2891.0,1134,31366,32777180.0,2892.0,7,2890.0,14
rb1805,20170524,20170523,211750000,2891.0,1134,31366,32777180.0,2891.0,1,2890.0,14
rb1805,20170524,20170523,211753000,2891.0,1134,31366,32777180.0,2891.0,2,2890.0,14
rb1805,20170524,20170523,211754000,2891.0,1134,31366,32777180.0,2891.0,3,2890.0,14
rb1805,20170524,20170523,211754500,2891.0,1134,31366,32777180.0,2891.0,4,2890.0,14
rb1805,20170524,20170523,211757500,2891.0,1134,31366,32777180.0,2891.0,4,2890.0,14
rb1805,20170524,20170523,211758500,2891.0,1134,31366,32777180.0,2891.0,4,2890.0,14
rb1805,20170524,20170523,211801500,2890.0,1136,31366,32834980.0,2891.0,4,2890.0,13
rb1805,20170524,20170523,211802000,2890.0,1136,31366,32834980.0,2891.0,4,2890.0,13
rb1805,20170524,20170523,211804000,2890.0,1136,31366,32834980.0,2891.0,4,2890.0,13
rb1805,20170524,20170523,211805000,2890.0,1136,31366,32834980.0,2891.0,4,2890.0,13
rb1805,20170524,20170523,211806500,2890.0,1136,31366,32834980.0,2891.0,4,2890.0,13
rb1805,20170524,20170523,211807500,2890.0,1138,31368,32892780.0,2891.0,4,2890.0,12
rb1805,20170524,20170523,211808500,2890.0,1138,31368,32892780.0,2891.0,4,2890.0,12
rb1805,20170524,20170523,211816000,2890.0,1138,31368,32892780.0,2891.0,4,2890.0,12
rb1805,20170524,20170523,211816500,2890.0,1138,31368,32892780.0,2891.0,9,2890.0,12
rb1805,20170524,20170523,211818500,2890.0,1160,31390,33528580.0,2891.0,9,2890.0,1
rb1805,20170524,20170523,211819000,2890.0,1162,31392,33586380.0,2891.0,9,2889.0,2
rb1805,20170524,20170523,211819500,2890.0,1162,31392,33586380.0,2891.0,9,2889.0,2
rb1805,20170524,20170523,211820000,2890.0,1162,31392,33586380.0,2891.0,9,2889.0,2
rb1805,20170524,20170523,211821000,2890.0,1162,31392,33586380.0,2891.0,9,2889.0,2
rb1805,20170524,20170523,211821500,2889.0,1166,31396,33701940.0,2890.0,1,2888.0,1
rb1805,20170524,20170523,211822000,2889.0,1166,31396,33701940.0,2890.0,1,2888.0,1
rb1805,20170524,20170523,211822500,2889.0,1166,31396,33701940.0,2890.0,7,2888.0,1
rb1805,20170524,20170523,211824000,2889.0,1166,31396,33701940.0,2890.0,7,2888.0,1
rb1805,20170524,20170523,211824500,2889.0,1166,31396,33701940.0,2890.0,8,2888.0,1
rb1805,20170524,20170523,211826500,2888.0,1168,31396,33759700.0,2890.0,8,2887.0,6
rb1805,20170524,20170523,211827000,2888.0,1168,31396,33759700.0,2890.0,9,2887.0,6
rb1805,20170524,20170523,211827500,2888.0,1168,31396,33759700.0,2889.0,1,2887.0,6
rb1805,20170524,20170523,211828500,2888.0,1168,31396,33759700.0,2889.0,1,2888.0,1
rb1805,20170524,20170523,211829000,2888.0,1170,31396,33817460.0,2889.0,1,2887.0,5
rb1805,20170524,20170523,211830000,2888.0,1170,31396,33817460.0,2889.0,6,2887.0,1
rb1805,20170524,20170523,211830500,2888.0,1170,31396,33817460.0,2889.0,6,2887.0,1
rb1805,20170524,20170523,211831000,2888.0,1170,31396,33817460.0,2888.0,2,2887.0,1
rb1805,20170524,20170523,211831500,2888.0,1170,31396,33817460.0,2889.0,6,2887.0,1
rb1805,20170524,20170523,211832000,2887.0,1172,31398,33875200.0,2889.0,7,2886.0,16
rb1805,20170524,20170523,211832500,2887.0,1172,31398,33875200.0,2889.0,6,2886.0,17
rb1805,20170524,20170523,211833000,2887.0,1172,31398,33875200.0,2888.0,1,2886.0,16
rb1805,20170524,20170523,211833500,2888.0,1176,31398,33990720.0,2889.0,7,2888.0,1
rb1805,20170524,20170523,211834000,2888.0,1176,31398,33990720.0,2889.0,6,2886.0,16
rb1805,20170524,20170523,211834500,2888.0,1176,31398,33990720.0,2889.0,7,2886.0,16
rb1805,20170524,20170523,211835000,2888.0,1176,31398,33990720.0,2889.0,6,2886.0,16
rb1805,20170524,20170523,211835500,2888.0,1176,31398,33990720.0,2889.0,7,2887.0,1
rb1805,20170524,20170523,211836000,2888.0,1176,31398,33990720.0,2889.0,6,2887.0,1
rb1805,20170524,20170523,211836500,2887.0,1178,31398,34048460.0,2889.0,6,2886.0,16
rb1805,20170524,20170523,211837000,2887.0,1178,31398,34048460.0,2888.0,2,2886.0,17
rb1805,20170524,20170523,211837500,2887.0,1178,31398,34048460.0,2888.0,5,2886.0,17
rb1805,20170524,20170523,211839500,2887.0,1178,31398,34048460.0,2888.0,10,2886.0,17
rb1805,20170524,20170523,211840500,2887.0,1178,31398,34048460.0,2888.0,5,2886.0,17
rb1805,20170524,20170523,211842000,2887.0,1178,31398,34048460.0,2888.0,5,2886.0,17
rb1805,20170524,20170523,211843000,2887.0,1178,31398,34048460.0,2888.0,6,2886.0,17
rb1805,20170524,20170523,211845500,2887.0,1178,31398,34048460.0,2888.0,3,2886.0,17
rb1805,20170524,20170523,211846000,2888.0,1180,31398,34106220.0,2888.0,2,2886.0,17
rb1805,20170524,20170523,211850500,2888.0,1180,31398,34106220.0,2888.0,7,2886.0,12
rb1805,20170524,20170523,211852000,2888.0,1180,31398,34106220.0,2888.0,6,2886.0,11
rb1805,20170524,20170523,211853000,2886.0,1184,31398,34221660.0,2888.0,6,2886.0,9
rb1805,20170524,20170523,211855500,2886.0,1184,31398,34221660.0,2888.0,6,2886.0,10
rb1805,20170524,20170523,211856000,2886.0,1184,31398,34221660.0,2888.0,6,2886.0,10
rb1805,20170524,20170523,211856500,2886.0,1184,31398,34221660.0,2888.0,6,2886.0,11
rb1805,20170524,20170523,211857000,2886.0,1184,31398,34221660.0,2888.0,6,2886.0,10
rb1805,20170524,20170523,211858500,2886.0,1198,31412,34625700.0,2888.0,6,2886.0,3
rb1805,20170524,20170523,211859000,2886.0,1204,31416,34798860.0,2887.0,1,2885.0,2
rb1805,20170524,20170523,211859500,2886.0,1204,31416,34798860.0,2887.0,7,2885.0,2
rb1805,20170524,20170523,211900000,2886.0,1204,31416,34798860.0,2887.0,8,2885.0,2
rb1805,20170524,20170523,211900500,2885.0,1208,31420,34914260.0,2887.0,8,2884.0,2
rb1805,20170524,20170523,211901500,2885.0,1208,31420,34914260.0,2886.0,1,2884.0,2
rb1805,20170524,20170523,211902000,2885.0,1208,31420,34914260.0,2886.0,1,2884.0,2
rb1805,20170524,20170523,211902500,2885.0,1208,31420,34914260.0,2886.0,6,2884.0,2
rb1805,20170524,20170523,211904000,2885.0,1208,31420,34914260.0,2887.0,7,2884.0,7
rb1805,20170524,20170523,211905000,2885.0,1208,31420,34914260.0,2887.0,7,2884.0,7
rb1805,20170524,20170523,211905500,2885.0,1208,31420,34914260.0,2887.0,7,2884.0,8
rb1805,20170524,20170523,211907000,2885.0,1208,31420,34914260.0,2887.0,7,2884.0,8
rb1805,20170524,20170523,211908500,2885.0,1208,31420,34914260.0,2887.0,7,2884.0,8
rb1805,20170524,20170523,211911000,2885.0,1208,31420,34914260.0,2887.0,7,2884.0,3
rb1805,20170524,20170523,211912000,2885.0,1208,31420,34914260.0,2886.0,1,2885.0,5
rb1805,20170524,20170523,211912500,2885.0,1210,31420,34971960.0,2886.0,1,2885.0,4
rb1805,20170524,20170523,211913000,2885.0,1212,31422,35029660.0,2886.0,1,2885.0,3
rb1805,20170524,20170523,211913500,2885.0,1216,31426,35145060.0,2886.0,1,2885.0,1
rb1805,20170524,20170523,211914500,2885.0,1218,31428,35202760.0,2886.0,1,2884.0,2
rb1805,20170524,20170523,211915000,2885.0,1218,31428,35202760.0,2885.0,1,2884.0,3
rb1805,20170524,20170523,211915500,2885.0,1218,31428,35202760.0,2885.0,1,2884.0,2
rb1805,20170524,20170523,211916000,2884.0,1222,31426,35318120.0,2884.0,1,2882.0,1
rb1805,20170524,20170523,211916500,2884.0,1226,31422,35433480.0,2885.0,1,2884.0,3
rb1805,20170524,20170523,211917000,2884.0,1226,31422,35433480.0,2885.0,1,2884.0,3
rb1805,20170524,20170523,211917500,2884.0,1228,31422,35491160.0,2885.0,1,2884.0,2
rb1805,20170524,20170523,211918000,2884.0,1228,31422,35491160.0,2885.0,6,2884.0,2
rb1805,20170524,20170523,211920000,2884.0,1228,31422,35491160.0,2885.0,6,2884.0,2
rb1805,20170524,20170523,211921000,2884.0,1228,31422,35491160.0,2885.0,6,2884.0,2
rb1805,20170524,20170523,211921500,2884.0,1228,31422,35491160.0,2885.0,6,2884.0,3
rb1805,20170524,20170523,211923000,2885.0,1230,31424,35548860.0,2885.0,5,2884.0,3
rb1805,20170524,20170523,211923500,2885.0,1230,31424,35548860.0,2886.0,1,2885.0,2
rb1805,20170524,20170523,211925000,2885.0,1230,31424,35548860.0,2886.0,1,2885.0,2
rb1805,20170524,20170523,211926000,2885.0,1230,31424,35548860.0,2886.0,1,2885.0,2
rb1805,20170524,20170523,211927000,2885.0,1230,31424,35548860.0,2886.0,1,2885.0,2
rb1805,20170524,20170523,211927500,2886.0,1236,31426,35722020.0,2886.0,3,2884.0,2
rb1805,20170524,20170523,211928000,2886.0,1236,31426,35722020.0,2886.0,3,2884.0,2
rb1805,20170524,20170523,211928500,2886.0,1236,31426,35722020.0,2886.0,3,2884.0,2
rb1805,20170524,20170523,211930000,2886.0,1236,31426,35722020.0,2886.0,3,2884.0,3
rb1805,20170524,20170523,211930500,2886.0,1236,31426,35722020.0,2886.0,3,2884.0,2
rb1805,20170524,20170523,211931500,2886.0,1236,31426,35722020.0,2886.0,3,2884.0,1
rb1805,20170524,20170523,211933500,2886.0,1236,31426,35722020.0,2886.0,3,2884.0,2
rb1805,20170524,20170523,211934000,2886.0,1236,31426,35722020.0,2886.0,3,2884.0,1
rb1805,20170524,20170523,211934500,2886.0,1236,31426,35722020.0,2886.0,3,2884.0,6
rb1805,20170524,20170523,211935000,2886.0,1236,31426,35722020.0,2886.0,3,2884.0,11
rb1805,20170524,20170523,211937000,2886.0,1236,31426,35722020.0,2886.0,3,2884.0,11
rb1805,20170524,20170523,211938500,2886.0,1236,31426,35722020.0,2887.0,7,2884.0,11
rb1805,20170524,20170523,211939500,2886.0,1236,31426,35722020.0,2887.0,2,2884.0,11
rb1805,20170524,20170523,211940000,2886.0,1236,31426,35722020.0,2887.0,2,2886.0,1
rb1805,20170524,20170523,211941500,2886.0,1236,31426,35722020.0,2887.0,2,2886.0,1
rb1805,20170524,20170523,211942000,2886.0,1238,31426,35779740.0,2886.0,1,2884.0,12
rb1805,20170524,20170523,211942500,2886.0,1240,31424,35837460.0,2887.0,2,2886.0,20
rb1805,20170524,20170523,211943000,2887.0,1242,31424,35895200.0,2887.0,1,2886.0,5
rb1805,20170524,20170523,211943500,2887.0,1242,31424,35895200.0,2887.0,4,2884.0,12
rb1805,20170524,20170523,211944500,2887.0,1242,31424,35895200.0,2887.0,4,2886.0,1
rb1805,20170524,20170523,211946000,2887.0,1242,31424,35895200.0,2887.0,4,2886.0,1
rb1805,20170524,20170523,211947000,2886.0,1244,31424,35952920.0,2887.0,1,2884.0,12
rb1805,20170524,20170523,211947500,2886.0,1244,31424,35952920.0,2886.0,10,2884.0,13
rb1805,20170524,20170523,211948000,2886.0,1244,31424,35952920.0,2886.0,10,2884.0,12
rb1805,20170524,20170523,211948500,2886.0,1262,31406,36472400.0,2886.0,1,2885.0,2
rb1805,20170524,20170523,211949000,2887.0,1266,31408,36587860.0,2888.0,7,2886.0,2
rb1805,20170524,20170523,211949500,2887.0,1266,31408,36587860.0,2888.0,7,2885.0,2
rb1805,20170524,20170523,211950000,2887.0,1266,31408,36587860.0,2888.0,7,2886.0,1
rb1805,20170524,20170523,211950500,2887.0,1266,31408,36587860.0,2888.0,7,2886.0,1
rb1805,20170524,20170523,211951000,2887.0,1266,31408,36587860.0,2888.0,7,2886.0,6
rb1805,20170524,20170523,211951500,2887.0,1266,31408,36587860.0,2888.0,7,2886.0,1
rb1805,20170524,20170523,211953500,2887.0,1266,31408,36587860.0,2888.0,7,2885.0,5
rb1805,20170524,20170523,211954000,2887.0,1266,31408,36587860.0,2888.0,7,2885.0,6
rb1805,20170524,20170523,211955000,2887.0,1266,31408,36587860.0,2888.0,7,2885.0,6
rb1805,20170524,20170523,211955500,2887.0,1266,31408,36587860.0,2888.0,7,2885.0,6
rb1805,20170524,20170523,211956500,2887.0,1266,31408,36587860.0,2888.0,7,2885.0,1
rb1805,20170524,20170523,211957000,2887.0,1266,31408,36587860.0,2888.0,7,2885.0,1
rb1805,20170524,20170523,211958500,2887.0,1266,31408,36587860.0,2888.0,7,2884.0,10
rb1805,20170524,20170523,211959000,2887.0,1266,31408,36587860.0,2888.0,7,2884.0,11
rb1805,20170524,20170523,211959500,2887.0,1266,31408,36587860.0,2888.0,7,2884.0,11
rb1805,20170524,20170523,212004000,2887.0,1266,31408,36587860.0,2888.0,7,2884.0,11
rb1805,20170524,20170523,212004500,2887.0,1266,31408,36587860.0,2887.0,5,2884.0,11
rb1805,20170524,20170523,212005000,2887.0,1266,31408,36587860.0,2887.0,8,2884.0,11
rb1805,20170524,20170523,212005500,2887.0,1266,31408,36587860.0,2887.0,8,2885.0,1
rb1805,20170524,20170523,212006000,2887.0,1266,31408,36587860.0,2887.0,3,2885.0,1
rb1805,20170524,20170523,212009000,2887.0,1266,31408,36587860.0,2886.0,1,2885.0,1
rb1805,20170524,20170523,212010000,2885.0,1268,31408,36645560.0,2886.0,1,2884.0,5
rb1805,20170524,20170523,212010500,2885.0,1268,31408,36645560.0,2886.0,1,2884.0,10
rb1805,20170524,20170523,212011500,2885.0,1268,31408,36645560.0,2886.0,1,2884.0,11
rb1805,20170524,20170523,212013000,2885.0,1268,31408,36645560.0,2886.0,1,2884.0,11
rb1805,20170524,20170523,212013500,2885.0,1268,31408,36645560.0,2886.0,1,2884.0,11
rb1805,20170524,20170523,212015000,2885.0,1268,31408,36645560.0,2886.0,2,2884.0,11
rb1805,20170524,20170523,212016000,2885.0,1268,31408,36645560.0,2886.0,5,2884.0,6
rb1805,20170524,20170523,212018500,2885.0,1268,31408,36645560.0,2886.0,5,2884.0,6
rb1805,20170524,20170523,212019000,2885.0,1268,31408,36645560.0,2886.0,5,2884.0,5
rb1805,20170524,20170523,212020000,2885.0,1268,31408,36645560.0,2885.0,1,2884.0,5
rb1805,20170524,20170523,212020500,2885.0,1268,31408,36645560.0,2885.0,4,2884.0,5
rb1805,20170524,20170523,212021000,2884.0,1278,31408,36933960.0,2884.0,2,2882.0,1
rb1805,20170524,20170523,212021500,2884.0,1278,31408,36933960.0,2884.0,5,2883.0,1
rb1805,20170524,20170523,212022000,2882.0,1280,31406,36991600.0,2882.0,2,2881.0,2
rb1805,20170524,20170523,212022500,2882.0,1286,31400,37164520.0,2884.0,3,2882.0,8
rb1805,20170524,20170523,212023000,2882.0,1286,31400,37164520.0,2884.0,4,2882.0,5
rb1805,20170524,20170523,212023500,2882.0,1286,31400,37164520.0,2884.0,4,2882.0,5
rb1805,20170524,20170523,212024000,2882.0,1286,31400,37164520.0,2884.0,4,2882.0,5
rb1805,20170524,20170523,212025000,2882.0,1286,31400,37164520.0,2884.0,1,2882.0,5
rb1805,20170524,20170523,212026000,2882.0,1286,31400,37164520.0,2884.0,1,2882.0,5
rb1805,20170524,20170523,212026500,2882.0,1286,31400,37164520.0,2884.0,4,2882.0,6
rb1805,20170524,20170523,212027000,2882.0,1286,31400,37164520.0,2884.0,4,2882.0,6
rb1805,20170524,20170523,212028500,2882.0,1286,31400,37164520.0,2884.0,4,2882.0,5
rb1805,20170524,20170523,212029500,2882.0,1288,31398,37222160.0,2884.0,5,2882.0,4
rb1805,20170524,20170523,212030500,2882.0,1290,31396,37279800.0,2883.0,1,2882.0,4
rb1805,20170524,20170523,212031000,2882.0,1290,31396,37279800.0,2883.0,1,2882.0,1
rb1805,20170524,20170523,212032500,2882.0,1290,31396,37279800.0,2883.0,1,2882.0,1
rb1805,20170524,20170523,212033000,2882.0,1290,31396,37279800.0,2883.0,1,2882.0,1
rb1805,20170524,20170523,212034500,2882.0,1290,31396,37279800.0,2883.0,1,2882.0,1
rb1805,20170524,20170523,212035000,2882.0,1290,31396,37279800.0,2883.0,1,2881.0,4
rb1805,20170524,20170523,212035500,2882.0,1290,31396,37279800.0,2883.0,6,2881.0,5
rb1805,20170524,20170523,212036500,2882.0,1290,31396,37279800.0,2883.0,6,2881.0,5
rb1805,20170524,20170523,212037000,2882.0,1290,31396,37279800.0,2883.0,6,2882.0,2
rb1805,20170524,20170523,212039000,2882.0,1290,31396,37279800.0,2883.0,6,2882.0,2
rb1805,20170524,20170523,212039500,2883.0,1292,31396,37337460.0,2884.0,5,2883.0,4
rb1805,20170524,20170523,212041000,2883.0,1292,31396,37337460.0,2884.0,2,2883.0,4
rb1805,20170524,20170523,212041500,2884.0,1296,31396,37452820.0,2885.0,4,2884.0,2
rb1805,20170524,20170523,212042000,2884.0,1300,31392,37568180.0,2883.0,5,2882.0,7
rb1805,20170524,20170523,212042500,2883.0,1310,31382,37856480.0,2885.0,4,2883.0,11
rb1805,20170524,20170523,212043000,2883.0,1310,31382,37856480.0,2885.0,3,2883.0,1
rb1805,20170524,20170523,212043500,2883.0,1310,31382,37856480.0,2885.0,3,2883.0,1
rb1805,20170524,20170523,212044000,2883.0,1310,31382,37856480.0,2885.0,3,2882.0,8
rb1805,20170524,20170523,212044500,2883.0,1310,31382,37856480.0,2885.0,3,2882.0,14
rb1805,20170524,20170523,212047500,2883.0,1310,31382,37856480.0,2885.0,3,2882.0,14
rb1805,20170524,20170523,212048500,2882.0,1312,31384,37914120.0,2885.0,3,2882.0,13
rb1805,20170524,20170523,212050000,2882.0,1312,31384,37914120.0,2885.0,3,2882.0,13
rb1805,20170524,20170523,212053000,2882.0,1312,31384,37914120.0,2885.0,3,2882.0,13
rb1805,20170524,20170523,212054500,2882.0,1320,31386,38144680.0,2885.0,3,2882.0,9
rb1805,20170524,20170523,212056000,2882.0,1320,31386,38144680.0,2885.0,3,2882.0,9
rb1805,20170524,20170523,212058000,2882.0,1320,31386,38144680.0,2885.0,3,2882.0,9
rb1805,20170524,20170523,212059500,2882.0,1320,31386,38144680.0,2885.0,3,2882.0,10
rb1805,20170524,20170523,212100000,2882.0,1324,31390,38259960.0,2885.0,3,2882.0,8
rb1805,20170524,20170523,212100500,2882.0,1324,31390,38259960.0,2885.0,3,2882.0,9
rb1805,20170524,20170523,212101000,2882.0,1324,31390,38259960.0,2885.0,3,2882.0,9
rb1805,20170524,20170523,212101500,2882.0,1324,31390,38259960.0,2885.0,3,2882.0,9
rb1805,20170524,20170523,212102500,2882.0,1324,31390,38259960.0,2885.0,3,2882.0,9
rb1805,20170524,20170523,212105500,2882.0,1324,31390,38259960.0,2886.0,1,2882.0,9
rb1805,20170524,20170523,212106000,2882.0,1324,31390,38259960.0,2886.0,6,2882.0,9
rb1805,20170524,20170523,212106500,2882.0,1326,31392,38317600.0,2886.0,6,2882.0,8
rb1805,20170524,20170523,212107000,2882.0,1326,31392,38317600.0,2886.0,6,2882.0,8
rb1805,20170524,20170523,212108500,2882.0,1326,31392,38317600.0,2885.0,1,2884.0,2
rb1805,20170524,20170523,212110500,2882.0,1354,31380,39124560.0,2882.0,1,2881.0,4
rb1805,20170524,20170523,212111000,2882.0,1356,31382,39182200.0,2885.0,1,2883.0,10
rb1805,20170524,20170523,212111500,2882.0,1356,31382,39182200.0,2885.0,1,2883.0,5
rb1805,20170524,20170523,212112000,2882.0,1356,31382,39182200.0,2885.0,1,2883.0,5
rb1805,20170524,20170523,212112500,2885.0,1358,31382,39239900.0,2886.0,6,2885.0,2
rb1805,20170524,20170523,212113000,2885.0,1360,31384,39297600.0,2886.0,1,2885.0,2
rb1805,20170524,20170523,212114500,2885.0,1364,31382,39413000.0,2883.0,8,2882.0,12
rb1805,20170524,20170523,212115000,2883.0,1380,31382,39874280.0,2886.0,1,2884.0,10
rb1805,20170524,20170523,212115500,2883.0,1380,31382,39874280.0,2886.0,1,2884.0,5
rb1805,20170524,20170523,212116000,2883.0,1380,31382,39874280.0,2886.0,6,2882.0,11
rb1805,20170524,20170523,212117000,2886.0,1382,31384,39932000.0,2886.0,5,2882.0,11
rb1805,20170524,20170523,212117500,2886.0,1382,31384,39932000.0,2886.0,5,2883.0,1
rb1805,20170524,20170523,212118000,2886.0,1382,31384,39932000.0,2884.0,10,2883.0,1
rb1805,20170524,20170523,212118500,2884.0,1388,31378,40105040.0,2884.0,7,2883.0,1
rb1805,20170524,20170523,212119500,2884.0,1388,31378,40105040.0,2884.0,7,2883.0,1
rb1805,20170524,20170523,212120000,2884.0,1400,31374,40451120.0,2884.0,1,2882.0,11
rb1805,20170524,20170523,212120500,2884.0,1402,31372,40508800.0,2886.0,5,2882.0,11
rb1805,20170524,20170523,212121000,2884.0,1402,31372,40508800.0,2886.0,5,2884.0,6
rb1805,20170524,20170523,212122000,2884.0,1402,31372,40508800.0,2886.0,5,2884.0,6
rb1805,20170524,20170523,212124500,2884.0,1402,31372,40508800.0,2886.0,5,2884.0,6
rb1805,20170524,20170523,212125000,2884.0,1402,31372,40508800.0,2887.0,51,2884.0,6
rb1805,20170524,20170523,212125500,2884.0,1402,31372,40508800.0,2887.0,52,2884.0,6
rb1805,20170524,20170523,212126000,2884.0,1402,31372,40508800.0,2887.0,56,2884.0,6
rb1805,20170524,20170523,212126500,2884.0,1402,31372,40508800.0,2887.0,56,2884.0,6
rb1805,20170524,20170523,212128000,2884.0,1402,31372,40508800.0,2887.0,56,2884.0,6
rb1805,20170524,20170523,212129000,2884.0,1402,31372,40508800.0,2887.0,56,2884.0,11
rb1805,20170524,20170523,212130500,2884.0,1402,31372,40508800.0,2886.0,1,2884.0,11
rb1805,20170524,20170523,212131000,2884.0,1402,31372,40508800.0,2886.0,1,2884.0,12
rb1805,20170524,20170523,212133500,2884.0,1402,31372,40508800.0,2886.0,1,2884.0,12
rb1805,20170524,20170523,212134500,2886.0,1404,31374,40566520.0,2887.0,56,2886.0,4
rb1805,20170524,20170523,212135000,2886.0,1404,31374,40566520.0,2887.0,51,2886.0,4
rb1805,20170524,20170523,212136500,2886.0,1412,31374,40797400.0,2887.0,51,2884.0,12
rb1805,20170524,20170523,212137500,2886.0,1412,31374,40797400.0,2887.0,56,2884.0,12
rb1805,20170524,20170523,212142500,2886.0,1412,31374,40797400.0,2887.0,56,2885.0,1
rb1805,20170524,20170523,212143000,2886.0,1412,31374,40797400.0,2887.0,56,2885.0,11
rb1805,20170524,20170523,212144000,2886.0,1412,31374,40797400.0,2887.0,51,2885.0,12
rb1805,20170524,20170523,212144500,2886.0,1412,31374,40797400.0,2887.0,51,2885.0,12
rb1805,20170524,20170523,212146500,2886.0,1412,31374,40797400.0,2887.0,51,2885.0,2
rb1805,20170524,20170523,212147500,2886.0,1420,31374,41028280.0,2887.0,51,2886.0,1
rb1805,20170524,20170523,212151000,2886.0,1422,31374,41086000.0,2887.0,51,2885.0,2
rb1805,20170524,20170523,212152500,2886.0,1422,31374,41086000.0,2886.0,2,2885.0,2
rb1805,20170524,20170523,212156500,2886.0,1426,31374,41201440.0,2887.0,51,2886.0,4
rb1805,20170524,20170523,212157500,2886.0,1426,31374,41201440.0,2887.0,51,2886.0,7
rb1805,20170524,20170523,212159500,2886.0,1426,31374,41201440.0,2887.0,51,2886.0,17
rb1805,20170524,20170523,212200000,2886.0,1426,31374,41201440.0,2887.0,51,2886.0,17
rb1805,20170524,20170523,212200500,2886.0,1426,31374,41201440.0,2887.0,51,2886.0,17
rb1805,20170524,20170523,212201000,2886.0,1426,31374,41201440.0,2887.0,51,2886.0,18
rb1805,20170524,20170523,212208500,2886.0,1426,31374,41201440.0,2887.0,51,2886.0,18
rb1805,20170524,20170523,212209000,2887.0,1428,31374,41259180.0,2887.0,50,2886.0,18
rb1805,20170524,20170523,212214000,2887.0,1428,31374,41259180.0,2887.0,50,2886.0,19
rb1805,20170524,20170523,212216000,2887.0,1430,31374,41316920.0,2887.0,49,2886.0,19
rb1805,20170524,20170523,212221500,2887.0,1430,31374,41316920.0,2887.0,49,2886.0,19
rb1805,20170524,20170523,212222000,2887.0,1430,31374,41316920.0,2887.0,48,2886.0,19
rb1805,20170524,20170523,212226500,2886.0,1432,31374,41374640.0,2887.0,48,2886.0,20
rb1805,20170524,20170523,212229000,2886.0,1452,31394,41951840.0,2887.0,48,2886.0,10
rb1805,20170524,20170523,212229500,2886.0,1452,31394,41951840.0,2887.0,48,2886.0,10
rb1805,20170524,20170523,212230000,2886.0,1472,31414,42529040.0,2887.0,48,2885.0,1
rb1805,20170524,20170523,212230500,2886.0,1472,31414,42529040.0,2887.0,48,2886.0,1
rb1805,20170524,20170523,212232500,2886.0,1472,31414,42529040.0,2887.0,48,2886.0,1
rb1805,20170524,20170523,212233000,2886.0,1472,31414,42529040.0,2887.0,48,2886.0,4
rb1805,20170524,20170523,212234500,2887.0,1474,31414,42586780.0,2887.0,47,2886.0,4
rb1805,20170524,20170523,212237500,2887.0,1476,31414,42644520.0,2887.0,46,2886.0,4
rb1805,20170524,20170523,212238000,2887.0,1502,31414,43395140.0,2887.0,33,2886.0,4
rb1805,20170524,20170523,212238500,2887.0,1514,31402,43741580.0,2887.0,27,2886.0,4
rb1805,20170524,20170523,212239000,2887.0,1514,31402,43741580.0,2887.0,27,2886.0,5
rb1805,20170524,20170523,212242000,2887.0,1514,31402,43741580.0,2887.0,27,2886.0,6
rb1805,20170524,20170523,212243000,2887.0,1514,31402,43741580.0,2887.0,27,2886.0,7
rb1805,20170524,20170523,212243500,2887.0,1526,31402,44088020.0,2887.0,21,2886.0,6
rb1805,20170524,20170523,212246000,2886.0,1528,31400,44145740.0,2887.0,21,2886.0,7
rb1805,20170524,20170523,212247000,2887.0,1530,31400,44203480.0,2887.0,20,2886.0,7
rb1805,20170524,20170523,212249000,2887.0,1536,31400,44376700.0,2887.0,17,2886.0,7
rb1805,20170524,20170523,212250500,2887.0,1536,31400,44376700.0,2887.0,17,2886.0,7
rb1805,20170524,20170523,212255500,2887.0,1536,31400,44376700.0,2887.0,17,2886.0,7
rb1805,20170524,20170523,212303000,2887.0,1536,31400,44376700.0,2887.0,17,2886.0,6
rb1805,20170524,20170523,212310500,2887.0,1536,31400,44376700.0,2887.0,22,2886.0,6
rb1805,20170524,20170523,212312000,2887.0,1536,31400,44376700.0,2887.0,22,2886.0,6
rb1805,20170524,20170523,212313000,2886.0,1546,31404,44665300.0,2887.0,22,2886.0,1
rb1805,20170524,20170523,212313500,2886.0,1548,31404,44723020.0,2886.0,1,2885.0,1
rb1805,20170524,20170523,212314000,2886.0,1548,31404,44723020.0,2887.0,22,2885.0,1
rb1805,20170524,20170523,212316500,2886.0,1548,31404,44723020.0,2887.0,22,2885.0,6
rb1805,20170524,20170523,212318000,2887.0,1558,31404,45011720.0,2887.0,17,2885.0,1
rb1805,20170524,20170523,212323500,2887.0,1558,31404,45011720.0,2887.0,18,2885.0,1
rb1805,20170524,20170523,212324000,2887.0,1558,31404,45011720.0,2887.0,17,2885.0,1
rb1805,20170524,20170523,212324500,2887.0,1558,31404,45011720.0,2887.0,17,2885.0,11
rb1805,20170524,20170523,212330500,2887.0,1558,31404,45011720.0,2887.0,17,2885.0,11
rb1805,20170524,20170523,212331500,2887.0,1558,31404,45011720.0,2887.0,18,2885.0,11
rb1805,20170524,20170523,212332000,2887.0,1558,31404,45011720.0,2887.0,18,2885.0,11
rb1805,20170524,20170523,212333000,2887.0,1558,31404,45011720.0,2887.0,13,2885.0,16
rb1805,20170524,20170523,212333500,2887.0,1558,31404,45011720.0,2887.0,12,2885.0,16
rb1805,20170524,20170523,212335500,2887.0,1558,31404,45011720.0,2887.0,12,2885.0,17
rb1805,20170524,20170523,212336000,2887.0,1558,31404,45011720.0,2887.0,12,2885.0,16
rb1805,20170524,20170523,212337000,2887.0,1558,31404,45011720.0,2887.0,12,2885.0,16
rb1805,20170524,20170523,212337500,2887.0,1558,31404,45011720.0,2887.0,17,2885.0,16
rb1805,20170524,20170523,212339500,2887.0,1558,31404,45011720.0,2887.0,17,2885.0,17
rb1805,20170524,20170523,212341500,2887.0,1558,31404,45011720.0,2887.0,17,2885.0,17
rb1805,20170524,20170523,212342500,2887.0,1578,31404,45589120.0,2887.0,7,2885.0,17
rb1805,20170524,20170523,212343000,2887.0,1578,31404,45589120.0,2887.0,7,2885.0,18
rb1805,20170524,20170523,212344000,2887.0,1578,31404,45589120.0,2887.0,7,2885.0,18
rb1805,20170524,20170523,212345500,2887.0,1578,31404,45589120.0,2887.0,2,2885.0,18
rb1805,20170524,20170523,212347000,2887.0,1578,31404,45589120.0,2887.0,7,2885.0,18
rb1805,20170524,20170523,212348500,2887.0,1578,31404,45589120.0,2887.0,7,2885.0,13
rb1805,20170524,20170523,212349000,2887.0,1578,31404,45589120.0,2887.0,7,2885.0,14
rb1805,20170524,20170523,212351000,2887.0,1578,31404,45589120.0,2887.0,8,2885.0,14
rb1805,20170524,20170523,212352000,2887.0,1578,31404,45589120.0,2887.0,8,2885.0,13
rb1805,20170524,20170523,212352500,2887.0,1578,31404,45589120.0,2887.0,8,2885.0,23
rb1805,20170524,20170523,212353000,2887.0,1578,31404,45589120.0,2887.0,8,2885.0,23
rb1805,20170524,20170523,212353500,2887.0,1578,31404,45589120.0,2887.0,8,2885.0,23
rb1805,20170524,20170523,212355500,2887.0,1578,31404,45589120.0,2887.0,8,2885.0,23
rb1805,20170524,20170523,212400500,2887.0,1578,31404,45589120.0,2887.0,8,2886.0,1
rb1805,20170524,20170523,212401500,2887.0,1578,31404,45589120.0,2887.0,8,2886.0,1
rb1805,20170524,20170523,212402500,2887.0,1578,31404,45589120.0,2887.0,9,2886.0,1
rb1805,20170524,20170523,212404500,2887.0,1578,31404,45589120.0,2887.0,9,2886.0,1
rb1805,20170524,20170523,212405000,2886.0,1580,31404,45646840.0,2886.0,1,2885.0,23
rb1805,20170524,20170523,212407000,2886.0,1580,31404,45646840.0,2886.0,7,2885.0,23
rb1805,20170524,20170523,212407500,2886.0,1580,31404,45646840.0,2886.0,6,2885.0,23
rb1805,20170524,20170523,212409500,2886.0,1592,31404,45993160.0,2887.0,9,2886.0,4
rb1805,20170524,20170523,212410000,2886.0,1592,31404,45993160.0,2887.0,4,2886.0,4
rb1805,20170524,20170523,212413500,2887.0,1596,31400,46108640.0,2887.0,2,2886.0,4
rb1805,20170524,20170523,212415000,2887.0,1596,31400,46108640.0,2887.0,2,2886.0,9
rb1805,20170524,20170523,212415500,2887.0,1596,31400,46108640.0,2887.0,6,2886.0,9
rb1805,20170524,20170523,212417500,2887.0,1596,31400,46108640.0,2887.0,6,2886.0,4
rb1805,20170524,20170523,212426000,2887.0,1596,31400,46108640.0,2887.0,6,2886.0,4
rb1805,20170524,20170523,212426500,2887.0,1608,31412,46455080.0,2889.0,2,2887.0,4
rb1805,20170524,20170523,212427000,2887.0,1608,31412,46455080.0,2888.0,2,2887.0,4
rb1805,20170524,20170523,212428000,2887.0,1608,31412,46455080.0,2888.0,2,2887.0,4
rb1805,20170524,20170523,212433000,2887.0,1608,31412,46455080.0,2888.0,3,2887.0,4
rb1805,20170524,20170523,212433500,2887.0,1608,31412,46455080.0,2888.0,3,2887.0,4
rb1805,20170524,20170523,212437500,2887.0,1608,31412,46455080.0,2888.0,1,2887.0,9
rb1805,20170524,20170523,212439500,2887.0,1608,31412,46455080.0,2888.0,1,2887.0,4
rb1805,20170524,20170523,212440000,2887.0,1608,31412,46455080.0,2888.0,1,2887.0,4
rb1805,20170524,20170523,212441000,2888.0,1610,31410,46512840.0,2889.0,2,2887.0,4
rb1805,20170524,20170523,212443000,2888.0,1610,31410,46512840.0,2889.0,7,2887.0,4
rb1805,20170524,20170523,212447500,2888.0,1610,31410,46512840.0,2889.0,7,2887.0,5
rb1805,20170524,20170523,212448000,2888.0,1610,31410,46512840.0,2889.0,7,2887.0,5
rb1805,20170524,20170523,212449000,2888.0,1610,31410,46512840.0,2889.0,7,2888.0,1
rb1805,20170524,20170523,212449500,2888.0,1612,31410,46570600.0,2888.0,2,2887.0,5
rb1805,20170524,20170523,212450000,2888.0,1612,31410,46570600.0,2889.0,2,2887.0,6
rb1805,20170524,20170523,212451500,2889.0,1616,31412,46686160.0,2891.0,2,2889.0,1
rb1805,20170524,20170523,212452000,2889.0,1618,31412,46743940.0,2888.0,6,2887.0,6
rb1805,20170524,20170523,212452500,2889.0,1618,31412,46743940.0,2889.0,6,2887.0,6
rb1805,20170524,20170523,212453500,2889.0,1618,31412,46743940.0,2889.0,6,2887.0,6
rb1805,20170524,20170523,212454500,2889.0,1618,31412,46743940.0,2889.0,6,2887.0,11
rb1805,20170524,20170523,212457500,2889.0,1618,31412,46743940.0,2889.0,6,2887.0,11
rb1805,20170524,20170523,212458500,2889.0,1618,31412,46743940.0,2889.0,2,2887.0,11
rb1805,20170524,20170523,212500500,2889.0,1618,31412,46743940.0,2889.0,6,2887.0,11
rb1805,20170524,20170523,212502500,2889.0,1618,31412,46743940.0,2889.0,6,2887.0,11
rb1805,20170524,20170523,212505500,2889.0,1618,31412,46743940.0,2889.0,6,2887.0,11
rb1805,20170524,20170523,212506000,2889.0,1618,31412,46743940.0,2889.0,4,2887.0,11
rb1805,20170524,20170523,212508500,2889.0,1620,31410,46801720.0,2889.0,3,2887.0,11
