instrument,tradingday,calendarday,time,lastp,volume,openinterest,turnover,ask1,asksz1,bid1,bidsz1
rb1805,20170825,20170824,190251500,3707.0,0,249710,0.0,0.0,0,0.0,0
rb1805,20170825,20170824,205900500,3712.0,830,250302,30809600.0,3712.0,23,3707.0,1
rb1805,20170825,20170824,210000500,3710.0,928,250338,34440880.0,3710.0,46,3708.0,3
rb1805,20170825,20170824,210001000,3707.0,1128,250400,41857620.0,3708.0,2,3704.0,1
rb1805,20170825,20170824,210001500,3704.0,1272,250386,47191560.0,3704.0,37,3703.0,3
rb1805,20170825,20170824,210002000,3703.0,1384,250408,51339680.0,3703.0,3,3702.0,23
rb1805,20170825,20170824,210002500,3704.0,1434,250422,53191620.0,3703.0,1,3702.0,21
rb1805,20170825,20170824,210003000,3703.0,1502,250428,55709360.0,3704.0,1,3702.0,1
rb1805,20170825,20170824,210003500,3707.0,1532,250450,56820700.0,3707.0,3,3704.0,2
rb1805,20170825,20170824,210004000,3704.0,1586,250478,58820520.0,3704.0,19,3702.0,3
rb1805,20170825,20170824,210004500,3704.0,1608,250470,59635160.0,3704.0,12,3702.0,11
rb1805,20170825,20170824,210005000,3702.0,1646,250474,61042200.0,3703.0,8,3702.0,15
rb1805,20170825,20170824,210005500,3702.0,1744,250444,64669680.0,3702.0,35,3700.0,52
rb1805,20170825,20170824,210006000,3703.0,1862,250394,69037540.0,3704.0,24,3703.0,20
rb1805,20170825,20170824,210006500,3702.0,1966,250382,72888640.0,3703.0,1,3702.0,4
rb1805,20170825,20170824,210007000,3702.0,1998,250380,74073380.0,3702.0,15,3701.0,8
rb1805,20170825,20170824,210007500,3701.0,2094,250312,77625540.0,3701.0,22,3698.0,12
rb1805,20170825,20170824,210008000,3699.0,2130,250326,78957620.0,3701.0,24,3700.0,1
rb1805,20170825,20170824,210008500,3700.0,2310,250366,85617680.0,3700.0,6,3699.0,1
rb1805,20170825,20170824,210009000,3700.0,2360,250366,87467300.0,3700.0,10,3698.0,3
rb1805,20170825,20170824,210009500,3700.0,2404,250358,89095340.0,3701.0,7,3700.0,4
rb1805,20170825,20170824,210010000,3701.0,2454,250348,90945920.0,3703.0,10,3701.0,54
rb1805,20170825,20170824,210010500,3703.0,2524,250320,93538460.0,3705.0,21,3703.0,22
rb1805,20170825,20170824,210011000,3706.0,2598,250336,96280040.0,3706.0,1,3705.0,3
rb1805,20170825,20170824,210011500,3706.0,2620,250348,97095180.0,3707.0,1,3706.0,1
rb1805,20170825,20170824,210012000,3703.0,2646,250354,98058220.0,3705.0,4,3704.0,6
rb1805,20170825,20170824,210012500,3704.0,2652,250354,98280460.0,3705.0,6,3704.0,3
rb1805,20170825,20170824,210013000,3704.0,2662,250358,98650860.0,3706.0,79,3705.0,8
rb1805,20170825,20170824,210013500,3706.0,2686,250354,99540100.0,3706.0,43,3704.0,6
rb1805,20170825,20170824,210014000,3706.0,2698,250348,99984700.0,3706.0,72,3705.0,31
rb1805,20170825,20170824,210014500,3705.0,2706,250348,100281120.0,3706.0,33,3705.0,28
rb1805,20170825,20170824,210015000,3705.0,2776,250362,102875280.0,3706.0,2,3705.0,33
rb1805,20170825,20170824,210015500,3707.0,2784,250358,103171780.0,3707.0,5,3706.0,43
rb1805,20170825,20170824,210016000,3707.0,2794,250358,103542480.0,3707.0,11,3706.0,65
rb1805,20170825,20170824,210016500,3707.0,2824,250360,104654560.0,3707.0,30,3706.0,64
rb1805,20170825,20170824,210017000,3706.0,2950,250378,109325220.0,3708.0,29,3707.0,1
rb1805,20170825,20170824,210017500,3708.0,3034,250334,112438420.0,3708.0,33,3706.0,25
rb1805,20170825,20170824,210018000,3708.0,3036,250334,112512580.0,3708.0,39,3706.0,26
rb1805,20170825,20170824,210018500,3708.0,3038,250336,112586740.0,3708.0,38,3707.0,34
rb1805,20170825,20170824,210019000,3707.0,3106,250380,115108160.0,3708.0,12,3707.0,44
rb1805,20170825,20170824,210019500,3708.0,3182,250394,117926340.0,3709.0,6,3708.0,23
rb1805,20170825,20170824,210020000,3709.0,3192,250392,118297160.0,3709.0,4,3708.0,37
rb1805,20170825,20170824,210020500,3710.0,3212,250396,119039000.0,3710.0,3,3709.0,38
rb1805,20170825,20170824,210021000,3710.0,3220,250398,119335800.0,3711.0,70,3710.0,30
rb1805,20170825,20170824,210021500,3711.0,3270,250404,121191220.0,3711.0,54,3710.0,50
rb1805,20170825,20170824,210022000,3714.0,4204,250776,155879360.0,3716.0,1,3713.0,1
rb1805,20170825,20170824,210022500,3717.0,4344,250698,161084120.0,3718.0,8,3717.0,2
rb1805,20170825,20170824,210023000,3719.0,4588,250732,170154340.0,3719.0,9,3716.0,16
rb1805,20170825,20170824,210023500,3718.0,4686,250734,173797660.0,3718.0,10,3716.0,14
rb1805,20170825,20170824,210024000,3716.0,4818,250712,178701100.0,3716.0,1,3714.0,9
rb1805,20170825,20170824,210024500,3716.0,4852,250724,179964300.0,3716.0,10,3714.0,84
rb1805,20170825,20170824,210025000,3714.0,5016,250596,186055240.0,3714.0,5,3713.0,1
rb1805,20170825,20170824,210025500,3713.0,5040,250594,186946320.0,3713.0,6,3712.0,2
rb1805,20170825,20170824,210026000,3712.0,5058,250598,187614520.0,3712.0,4,3711.0,80
rb1805,20170825,20170824,210026500,3712.0,5098,250598,189099320.0,3713.0,12,3712.0,50
rb1805,20170825,20170824,210027000,3713.0,5128,250586,190213260.0,3714.0,10,3713.0,19
rb1805,20170825,20170824,210027500,3713.0,5130,250586,190287520.0,3714.0,16,3713.0,18
rb1805,20170825,20170824,210028000,3713.0,5200,250574,192886520.0,3714.0,12,3713.0,5
rb1805,20170825,20170824,210028500,3714.0,5204,250574,193035080.0,3714.0,17,3713.0,3
rb1805,20170825,20170824,210029000,3713.0,5216,250580,193480620.0,3713.0,8,3712.0,43
rb1805,20170825,20170824,210029500,3712.0,5222,250582,193703380.0,3713.0,20,3712.0,36
rb1805,20170825,20170824,210030000,3713.0,5236,250578,194223180.0,3713.0,14,3712.0,35
rb1805,20170825,20170824,210030500,3713.0,5236,250578,194223180.0,3713.0,16,3712.0,35
rb1805,20170825,20170824,210031000,3712.0,5252,250572,194817180.0,3713.0,17,3712.0,33
rb1805,20170825,20170824,210031500,3712.0,5320,250640,197341340.0,3712.0,32,3711.0,40
rb1805,20170825,20170824,210032000,3712.0,5320,250640,197341340.0,3712.0,33,3711.0,40
rb1805,20170825,20170824,210032500,3712.0,5320,250640,197341340.0,3712.0,37,3711.0,40
rb1805,20170825,20170824,210033000,3711.0,5400,250708,200310140.0,3711.0,37,3710.0,48
rb1805,20170825,20170824,210033500,3709.0,5542,250684,205577880.0,3711.0,9,3708.0,9
rb1805,20170825,20170824,210034000,3711.0,5564,250704,206394100.0,3711.0,13,3709.0,3
rb1805,20170825,20170824,210034500,3711.0,5564,250704,206394100.0,3711.0,21,3709.0,3
rb1805,20170825,20170824,210035000,3710.0,5574,250708,206765020.0,3710.0,45,3709.0,1
rb1805,20170825,20170824,210035500,3710.0,5600,250726,207729580.0,3709.0,30,3708.0,6
rb1805,20170825,20170824,210036000,3708.0,5688,250676,210992640.0,3709.0,52,3708.0,2
rb1805,20170825,20170824,210036500,3708.0,5718,250668,212105200.0,3709.0,55,3708.0,2
rb1805,20170825,20170824,210037000,3708.0,5772,250680,214107140.0,3708.0,6,3707.0,13
rb1805,20170825,20170824,210037500,3708.0,5782,250680,214477860.0,3708.0,13,3707.0,9
rb1805,20170825,20170824,210038000,3707.0,5812,250664,215589980.0,3707.0,7,3706.0,14
rb1805,20170825,20170824,210038500,3707.0,5818,250658,215812400.0,3707.0,12,3706.0,14
rb1805,20170825,20170824,210039000,3707.0,5834,250662,216405420.0,3707.0,11,3706.0,11
rb1805,20170825,20170824,210039500,3706.0,5842,250664,216701920.0,3707.0,10,3706.0,8
rb1805,20170825,20170824,210040000,3707.0,5892,250668,218555680.0,3709.0,58,3706.0,26
rb1805,20170825,20170824,210040500,3706.0,5898,250670,218778080.0,3708.0,11,3707.0,4
rb1805,20170825,20170824,210041000,3707.0,5906,250662,219074640.0,3708.0,11,3707.0,2
rb1805,20170825,20170824,210041500,3707.0,5910,250662,219222920.0,3707.0,6,3706.0,40
rb1805,20170825,20170824,210042000,3708.0,5934,250660,220112720.0,3708.0,5,3706.0,43
rb1805,20170825,20170824,210042500,3706.0,5938,250660,220260960.0,3708.0,5,3707.0,1
rb1805,20170825,20170824,210043000,3707.0,5962,250654,221150440.0,3708.0,12,3706.0,31
rb1805,20170825,20170824,210043500,3707.0,5964,250656,221224580.0,3708.0,13,3707.0,6
rb1805,20170825,20170824,210044000,3707.0,5970,250662,221447020.0,3708.0,12,3707.0,5
rb1805,20170825,20170824,210044500,3707.0,5970,250662,221447020.0,3708.0,17,3707.0,5
rb1805,20170825,20170824,210045000,3707.0,5998,250656,222484860.0,3707.0,31,3706.0,29
rb1805,20170825,20170824,210045500,3707.0,6058,250646,224708480.0,3707.0,30,3706.0,1
rb1805,20170825,20170824,210046000,3706.0,6084,250646,225672040.0,3706.0,25,3705.0,32
rb1805,20170825,20170824,210046500,3706.0,6106,250648,226487360.0,3706.0,14,3705.0,32
rb1805,20170825,20170824,210047000,3706.0,6110,250652,226635600.0,3706.0,12,3705.0,33
rb1805,20170825,20170824,210047500,3705.0,6204,250658,230117980.0,3705.0,2,3703.0,20
rb1805,20170825,20170824,210048000,3703.0,6270,250630,232562340.0,3703.0,3,3702.0,6
rb1805,20170825,20170824,210048500,3704.0,6296,250622,233525140.0,3705.0,30,3702.0,5
rb1805,20170825,20170824,210049000,3704.0,6298,250622,233599220.0,3704.0,3,3703.0,34
rb1805,20170825,20170824,210049500,3703.0,6310,250618,234043600.0,3704.0,2,3703.0,30
rb1805,20170825,20170824,210050000,3704.0,6312,250618,234117680.0,3704.0,6,3703.0,31
rb1805,20170825,20170824,210050500,3705.0,6328,250608,234710340.0,3705.0,26,3704.0,10
rb1805,20170825,20170824,210051000,3704.0,6386,250618,236859180.0,3706.0,21,3704.0,11
rb1805,20170825,20170824,210051500,3704.0,6394,250626,237155500.0,3706.0,15,3705.0,8
rb1805,20170825,20170824,210052000,3705.0,6402,250634,237451860.0,3706.0,15,3705.0,9
rb1805,20170825,20170824,210052500,3706.0,6404,250636,237525980.0,3706.0,14,3705.0,14
rb1805,20170825,20170824,210053000,3704.0,6452,250614,239304180.0,3704.0,22,3703.0,56
rb1805,20170825,20170824,210053500,3704.0,6496,250596,240933940.0,3705.0,1,3704.0,38
rb1805,20170825,20170824,210054000,3704.0,6506,250606,241304340.0,3705.0,1,3704.0,33
rb1805,20170825,20170824,210054500,3705.0,6508,250606,241378440.0,3706.0,15,3705.0,1
rb1805,20170825,20170824,210055000,3704.0,6518,250614,241748860.0,3705.0,6,3704.0,29
rb1805,20170825,20170824,210055500,3706.0,6532,250624,242267580.0,3706.0,18,3705.0,15
rb1805,20170825,20170824,210056000,3704.0,6570,250618,243675400.0,3706.0,14,3704.0,26
rb1805,20170825,20170824,210056500,3704.0,6572,250618,243749480.0,3705.0,2,3704.0,26
rb1805,20170825,20170824,210057000,3705.0,6576,250620,243897680.0,3706.0,13,3705.0,1
rb1805,20170825,20170824,210057500,3704.0,6586,250626,244268140.0,3706.0,13,3704.0,43
rb1805,20170825,20170824,210058000,3706.0,6636,250670,246120340.0,3706.0,8,3704.0,25
rb1805,20170825,20170824,210058500,3706.0,6636,250670,246120340.0,3706.0,8,3705.0,7
rb1805,20170825,20170824,210059000,3706.0,6636,250670,246120340.0,3706.0,8,3705.0,3
rb1805,20170825,20170824,210059500,3705.0,6638,250672,246194440.0,3705.0,9,3704.0,28
rb1805,20170825,20170824,210100000,3705.0,6674,250684,247528400.0,3707.0,72,3705.0,47
rb1805,20170825,20170824,210100500,3705.0,6676,250686,247602500.0,3707.0,72,3705.0,41
rb1805,20170825,20170824,210101000,3705.0,6684,250694,247898900.0,3707.0,72,3706.0,1
rb1805,20170825,20170824,210101500,3706.0,6690,250698,248121300.0,3707.0,70,3705.0,38
rb1805,20170825,20170824,210102000,3705.0,6852,250742,254126220.0,3708.0,14,3705.0,35
rb1805,20170825,20170824,210102500,3705.0,6854,250744,254200320.0,3707.0,1,3706.0,4
rb1805,20170825,20170824,210103000,3706.0,6870,250748,254793280.0,3706.0,6,3705.0,30
rb1805,20170825,20170824,210103500,3705.0,6880,250748,255163860.0,3707.0,9,3705.0,29
rb1805,20170825,20170824,210104000,3705.0,6880,250748,255163860.0,3707.0,12,3705.0,39
rb1805,20170825,20170824,210104500,3707.0,6882,250748,255238000.0,3707.0,8,3706.0,100
rb1805,20170825,20170824,210105000,3707.0,6894,250752,255682760.0,3707.0,11,3706.0,96
rb1805,20170825,20170824,210105500,3707.0,6986,250784,259092300.0,3707.0,10,3706.0,51
rb1805,20170825,20170824,210106000,3708.0,7010,250774,259982000.0,3708.0,35,3707.0,12
rb1805,20170825,20170824,210106500,3707.0,7018,250772,260278580.0,3708.0,30,3707.0,9
rb1805,20170825,20170824,210107000,3707.0,7024,250772,260501000.0,3708.0,34,3707.0,17
rb1805,20170825,20170824,210107500,3706.0,7062,250746,261909640.0,3708.0,31,3706.0,57
rb1805,20170825,20170824,210108000,3707.0,7066,250750,262057940.0,3708.0,33,3707.0,1
rb1805,20170825,20170824,210108500,3707.0,7068,250752,262132080.0,3708.0,28,3707.0,1
rb1805,20170825,20170824,210109000,3708.0,7086,250758,262799500.0,3708.0,35,3706.0,65
rb1805,20170825,20170824,210109500,3708.0,7092,250762,263021980.0,3707.0,1,3706.0,65
rb1805,20170825,20170824,210110000,3707.0,7106,250764,263540960.0,3708.0,20,3707.0,9
rb1805,20170825,20170824,210110500,3707.0,7106,250764,263540960.0,3708.0,20,3707.0,17
rb1805,20170825,20170824,210111000,3708.0,7132,250768,264505040.0,3708.0,8,3707.0,16
rb1805,20170825,20170824,210111500,3708.0,7148,250782,265098320.0,3709.0,15,3708.0,36
rb1805,20170825,20170824,210112000,3709.0,7174,250800,266062640.0,3709.0,6,3708.0,38
rb1805,20170825,20170824,210112500,3709.0,7198,250800,266952800.0,3710.0,34,3709.0,3
rb1805,20170825,20170824,210113000,3708.0,7206,250800,267249500.0,3709.0,3,3708.0,37
rb1805,20170825,20170824,210113500,3709.0,7208,250800,267323680.0,3709.0,2,3708.0,37
rb1805,20170825,20170824,210114000,3709.0,7208,250800,267323680.0,3709.0,5,3708.0,22
rb1805,20170825,20170824,210114500,3707.0,7288,250744,270289640.0,3708.0,10,3706.0,68
rb1805,20170825,20170824,210115000,3707.0,7288,250744,270289640.0,3707.0,10,3706.0,72
rb1805,20170825,20170824,210115500,3707.0,7308,250742,271031040.0,3708.0,10,3707.0,10
rb1805,20170825,20170824,210116000,3708.0,7322,250742,271550060.0,3708.0,9,3707.0,5
rb1805,20170825,20170824,210116500,3708.0,7338,250742,272143340.0,3708.0,4,3707.0,6
rb1805,20170825,20170824,210117000,3709.0,7458,250680,276593880.0,3709.0,22,3707.0,5
rb1805,20170825,20170824,210117500,3709.0,7458,250680,276593880.0,3709.0,22,3707.0,5
rb1805,20170825,20170824,210118000,3708.0,7460,250678,276668040.0,3709.0,28,3707.0,27
rb1805,20170825,20170824,210118500,3709.0,7462,250678,276742220.0,3709.0,27,3708.0,3
rb1805,20170825,20170824,210119000,3709.0,7462,250678,276742220.0,3709.0,27,3707.0,29
rb1805,20170825,20170824,210119500,3707.0,7490,250694,277780440.0,3709.0,54,3707.0,24
rb1805,20170825,20170824,210120000,3707.0,7490,250694,277780440.0,3709.0,55,3707.0,24
rb1805,20170825,20170824,210120500,3707.0,7490,250694,277780440.0,3709.0,54,3707.0,25
rb1805,20170825,20170824,210121000,3707.0,7490,250694,277780440.0,3709.0,55,3707.0,26
rb1805,20170825,20170824,210121500,3707.0,7490,250694,277780440.0,3709.0,56,3707.0,27
rb1805,20170825,20170824,210122000,3707.0,7496,250690,278002900.0,3708.0,11,3707.0,16
rb1805,20170825,20170824,210122500,3708.0,7508,250682,278447840.0,3708.0,6,3707.0,9
rb1805,20170825,20170824,210123000,3708.0,7508,250682,278447840.0,3708.0,12,3707.0,9
rb1805,20170825,20170824,210123500,3708.0,7508,250682,278447840.0,3708.0,17,3707.0,11
rb1805,20170825,20170824,210124000,3708.0,7508,250682,278447840.0,3708.0,11,3707.0,12
rb1805,20170825,20170824,210124500,3708.0,7508,250682,278447840.0,3708.0,11,3707.0,12
rb1805,20170825,20170824,210125000,3707.0,7510,250680,278521980.0,3708.0,11,3707.0,11
rb1805,20170825,20170824,210125500,3707.0,7510,250680,278521980.0,3708.0,11,3707.0,11
rb1805,20170825,20170824,210126000,3707.0,7510,250680,278521980.0,3708.0,11,3707.0,8
rb1805,20170825,20170824,210126500,3708.0,7534,250662,279411880.0,3708.0,1,3707.0,7
rb1805,20170825,20170824,210127000,3708.0,7536,250664,279486040.0,3709.0,56,3708.0,4
rb1805,20170825,20170824,210127500,3708.0,7560,250656,280375960.0,3708.0,88,3707.0,9
rb1805,20170825,20170824,210128000,3707.0,7578,250674,281043220.0,3707.0,13,3706.0,81
rb1805,20170825,20170824,210128500,3707.0,7584,250676,281265600.0,3707.0,12,3706.0,79
rb1805,20170825,20170824,210129000,3707.0,7588,250678,281413860.0,3707.0,11,3706.0,78
rb1805,20170825,20170824,210129500,3706.0,7674,250716,284601020.0,3707.0,23,3706.0,35
rb1805,20170825,20170824,210130000,3706.0,7746,250756,287269340.0,3706.0,10,3705.0,60
rb1805,20170825,20170824,210130500,3707.0,7816,250800,289864160.0,3708.0,65,3707.0,5
rb1805,20170825,20170824,210131000,3706.0,7832,250816,290457220.0,3706.0,8,3705.0,50
rb1805,20170825,20170824,210131500,3706.0,7832,250816,290457220.0,3706.0,18,3705.0,50
rb1805,20170825,20170824,210132000,3706.0,7832,250816,290457220.0,3706.0,21,3705.0,50
rb1805,20170825,20170824,210132500,3706.0,7834,250816,290531340.0,3706.0,20,3705.0,60
rb1805,20170825,20170824,210133000,3706.0,7834,250816,290531340.0,3706.0,20,3705.0,60
rb1805,20170825,20170824,210133500,3706.0,7834,250816,290531340.0,3706.0,20,3705.0,60
rb1805,20170825,20170824,210134000,3706.0,7968,250774,295496140.0,3706.0,25,3704.0,25
rb1805,20170825,20170824,210134500,3704.0,8018,250744,297348140.0,3705.0,48,3703.0,68
rb1805,20170825,20170824,210135000,3705.0,8028,250750,297718640.0,3705.0,43,3703.0,68
rb1805,20170825,20170824,210135500,3705.0,8036,250756,298015040.0,3705.0,39,3704.0,10
rb1805,20170825,20170824,210136000,3704.0,8058,250736,298829920.0,3705.0,39,3704.0,19
rb1805,20170825,20170824,210136500,3704.0,8078,250736,299570720.0,3705.0,39,3704.0,9
rb1805,20170825,20170824,210137000,3705.0,8080,250738,299644820.0,3705.0,38,3704.0,9
rb1805,20170825,20170824,210137500,3705.0,8084,250740,299793020.0,3705.0,34,3704.0,24
rb1805,20170825,20170824,210138000,3705.0,8140,250698,301867340.0,3705.0,30,3703.0,59
rb1805,20170825,20170824,210138500,3704.0,8142,250700,301941420.0,3705.0,40,3703.0,59
rb1805,20170825,20170824,210139000,3703.0,8144,250700,302015480.0,3705.0,41,3703.0,57
rb1805,20170825,20170824,210139500,3703.0,8146,250698,302089540.0,3704.0,2,3703.0,56
rb1805,20170825,20170824,210140000,3703.0,8158,250690,302533980.0,3705.0,42,3704.0,1
rb1805,20170825,20170824,210140500,3704.0,8182,250692,303422960.0,3705.0,41,3704.0,18
rb1805,20170825,20170824,210141000,3704.0,8188,250690,303645200.0,3705.0,41,3704.0,15
rb1805,20170825,20170824,210141500,3704.0,8252,250684,306015800.0,3704.0,6,3703.0,53
rb1805,20170825,20170824,210142000,3704.0,8266,250690,306534360.0,3705.0,39,3704.0,5
rb1805,20170825,20170824,210142500,3704.0,8284,250686,307201080.0,3704.0,10,3703.0,57
rb1805,20170825,20170824,210143000,3704.0,8406,250722,311718820.0,3704.0,19,3703.0,1
rb1805,20170825,20170824,210143500,3704.0,8418,250722,312163260.0,3703.0,12,3702.0,25
rb1805,20170825,20170824,210144000,3704.0,8422,250718,312311420.0,3703.0,14,3702.0,27
rb1805,20170825,20170824,210144500,3704.0,8422,250718,312311420.0,3703.0,14,3702.0,25
rb1805,20170825,20170824,210145000,3702.0,8440,250732,312977780.0,3703.0,16,3702.0,21
rb1805,20170825,20170824,210145500,3703.0,8442,250732,313051840.0,3703.0,15,3702.0,21
rb1805,20170825,20170824,210146000,3703.0,8492,250760,314903020.0,3703.0,6,3702.0,5
rb1805,20170825,20170824,210146500,3702.0,8502,250762,315273220.0,3702.0,1,3701.0,76
rb1805,20170825,20170824,210147000,3702.0,8514,250758,315717460.0,3703.0,23,3702.0,5
rb1805,20170825,20170824,210147500,3702.0,8514,250758,315717460.0,3703.0,23,3702.0,5
rb1805,20170825,20170824,210148000,3703.0,8526,250748,316161720.0,3703.0,33,3702.0,7
rb1805,20170825,20170824,210148500,3702.0,8540,250744,316680000.0,3703.0,33,3702.0,3
rb1805,20170825,20170824,210149000,3702.0,8554,250742,317198260.0,3703.0,33,3702.0,3
rb1805,20170825,20170824,210149500,3702.0,8560,250742,317420380.0,3703.0,38,3701.0,80
rb1805,20170825,20170824,210150000,3701.0,8562,250742,317494400.0,3703.0,38,3701.0,76
rb1805,20170825,20170824,210150500,3701.0,8566,250738,317642440.0,3703.0,39,3701.0,73
rb1805,20170825,20170824,210151000,3701.0,8566,250738,317642440.0,3703.0,39,3702.0,1
rb1805,20170825,20170824,210151500,3701.0,8574,250734,317938560.0,3702.0,40,3701.0,73
rb1805,20170825,20170824,210152000,3701.0,8576,250734,318012580.0,3702.0,40,3701.0,73
rb1805,20170825,20170824,210152500,3701.0,8618,250730,319567200.0,3702.0,30,3701.0,62
rb1805,20170825,20170824,210153000,3702.0,8628,250736,319937360.0,3702.0,27,3701.0,60
rb1805,20170825,20170824,210153500,3702.0,8628,250736,319937360.0,3702.0,32,3701.0,60
rb1805,20170825,20170824,210154000,3701.0,8674,250732,321640260.0,3702.0,19,3701.0,59
rb1805,20170825,20170824,210154500,3702.0,8712,250712,323047020.0,3703.0,28,3702.0,21
rb1805,20170825,20170824,210155000,3702.0,8744,250742,324231660.0,3703.0,38,3701.0,61
rb1805,20170825,20170824,210155500,3702.0,8748,250746,324379740.0,3703.0,38,3702.0,36
rb1805,20170825,20170824,210156000,3703.0,8822,250784,327119240.0,3703.0,37,3702.0,7
rb1805,20170825,20170824,210156500,3703.0,8822,250784,327119240.0,3703.0,28,3702.0,8
rb1805,20170825,20170824,210157000,3703.0,8874,250806,329044780.0,3703.0,3,3702.0,15
rb1805,20170825,20170824,210157500,3703.0,8884,250802,329415080.0,3704.0,15,3703.0,18
rb1805,20170825,20170824,210158000,3704.0,8918,250800,330674440.0,3705.0,4,3703.0,35
rb1805,20170825,20170824,210158500,3704.0,8928,250792,331044820.0,3704.0,8,3703.0,19
rb1805,20170825,20170824,210159000,3703.0,8932,250792,331192940.0,3704.0,8,3703.0,17
rb1805,20170825,20170824,210159500,3703.0,8932,250792,331192940.0,3705.0,24,3704.0,16
rb1805,20170825,20170824,210200000,3704.0,8938,250792,331415200.0,3705.0,3,3704.0,14
rb1805,20170825,20170824,210200500,3704.0,8952,250784,331933880.0,3704.0,6,3703.0,18
rb1805,20170825,20170824,210201000,3704.0,8966,250784,332452440.0,3706.0,20,3704.0,15
rb1805,20170825,20170824,210201500,3704.0,8970,250784,332600600.0,3706.0,23,3704.0,12
rb1805,20170825,20170824,210202000,3704.0,8974,250782,332748800.0,3706.0,19,3705.0,10
rb1805,20170825,20170824,210202500,3704.0,8974,250782,332748800.0,3706.0,19,3705.0,10
rb1805,20170825,20170824,210203000,3705.0,8984,250782,333119360.0,3706.0,17,3705.0,9
rb1805,20170825,20170824,210203500,3705.0,9002,250768,333786260.0,3705.0,28,3704.0,11
rb1805,20170825,20170824,210204000,3705.0,9004,250770,333860360.0,3705.0,24,3704.0,8
rb1805,20170825,20170824,210204500,3704.0,9020,250780,334453040.0,3705.0,23,3704.0,5
rb1805,20170825,20170824,210205000,3704.0,9020,250780,334453040.0,3705.0,25,3704.0,5
rb1805,20170825,20170824,210205500,3704.0,9044,250778,335342000.0,3705.0,39,3704.0,2
rb1805,20170825,20170824,210206000,3704.0,9048,250774,335490160.0,3704.0,10,3703.0,7
rb1805,20170825,20170824,210206500,3704.0,9048,250774,335490160.0,3704.0,9,3703.0,18
rb1805,20170825,20170824,210207000,3704.0,9048,250774,335490160.0,3704.0,12,3703.0,19
rb1805,20170825,20170824,210207500,3704.0,9048,250774,335490160.0,3704.0,9,3703.0,16
rb1805,20170825,20170824,210208000,3704.0,9048,250774,335490160.0,3704.0,12,3703.0,9
rb1805,20170825,20170824,210208500,3704.0,9048,250774,335490160.0,3704.0,16,3703.0,9
rb1805,20170825,20170824,210209000,3703.0,9076,250766,336527000.0,3703.0,61,3702.0,39
rb1805,20170825,20170824,210209500,3703.0,9088,250764,336971360.0,3703.0,56,3702.0,30
rb1805,20170825,20170824,210210000,3702.0,9136,250794,338748320.0,3703.0,56,3702.0,6
rb1805,20170825,20170824,210210500,3702.0,9150,250804,339266600.0,3702.0,50,3701.0,62
rb1805,20170825,20170824,210211000,3702.0,9160,250806,339636760.0,3702.0,47,3701.0,61
rb1805,20170825,20170824,210211500,3702.0,9172,250814,340080960.0,3702.0,39,3701.0,60
rb1805,20170825,20170824,210212000,3702.0,9172,250814,340080960.0,3702.0,39,3701.0,59
rb1805,20170825,20170824,210212500,3702.0,9178,250812,340303060.0,3702.0,37,3701.0,77
rb1805,20170825,20170824,210213000,3701.0,9192,250814,340821220.0,3702.0,36,3701.0,71
rb1805,20170825,20170824,210213500,3701.0,9210,250820,341487480.0,3702.0,32,3701.0,66
rb1805,20170825,20170824,210214000,3701.0,9210,250820,341487480.0,3702.0,32,3701.0,66
rb1805,20170825,20170824,210214500,3701.0,9234,250826,342375720.0,3702.0,33,3701.0,54
rb1805,20170825,20170824,210215000,3701.0,9236,250826,342449740.0,3702.0,33,3701.0,53
rb1805,20170825,20170824,210215500,3702.0,9250,250826,342967980.0,3702.0,28,3701.0,51
rb1805,20170825,20170824,210216000,3702.0,9306,250844,345041100.0,3703.0,61,3701.0,53
rb1805,20170825,20170824,210216500,3702.0,9306,250844,345041100.0,3703.0,74,3701.0,52
rb1805,20170825,20170824,210217000,3702.0,9306,250844,345041100.0,3703.0,74,3701.0,55
rb1805,20170825,20170824,210217500,3702.0,9366,250904,347262300.0,3702.0,14,3701.0,55
rb1805,20170825,20170824,210218000,3702.0,9366,250904,347262300.0,3702.0,20,3701.0,55
rb1805,20170825,20170824,210218500,3701.0,9370,250904,347410360.0,3702.0,21,3701.0,54
rb1805,20170825,20170824,210219000,3701.0,9392,250904,348224620.0,3702.0,20,3701.0,45
rb1805,20170825,20170824,210219500,3702.0,9402,250904,348594800.0,3702.0,16,3701.0,44
rb1805,20170825,20170824,210220000,3701.0,9438,250890,349927160.0,3702.0,16,3701.0,31
rb1805,20170825,20170824,210220500,3701.0,9534,250936,353480140.0,3701.0,7,3700.0,192
rb1805,20170825,20170824,210221000,3701.0,9558,250940,354368280.0,3702.0,26,3701.0,5
rb1805,20170825,20170824,210221500,3701.0,9592,250972,355626620.0,3701.0,59,3700.0,187
rb1805,20170825,20170824,210222000,3701.0,9592,250972,355626620.0,3701.0,51,3700.0,186
rb1805,20170825,20170824,210222500,3700.0,9594,250972,355700620.0,3701.0,46,3700.0,185
rb1805,20170825,20170824,210223000,3700.0,9706,250974,359844720.0,3701.0,97,3700.0,134
rb1805,20170825,20170824,210223500,3699.0,10038,251206,372128080.0,3700.0,11,3698.0,52
rb1805,20170825,20170824,210224000,3698.0,10086,251218,373903540.0,3700.0,18,3698.0,27
rb1805,20170825,20170824,210224500,3698.0,10120,251222,375160860.0,3699.0,8,3698.0,6
rb1805,20170825,20170824,210225000,3698.0,10140,251220,375900480.0,3699.0,18,3698.0,32
rb1805,20170825,20170824,210225500,3699.0,10162,251200,376714120.0,3699.0,18,3698.0,27
rb1805,20170825,20170824,210226000,3699.0,10218,251226,378785020.0,3698.0,1,3697.0,30
rb1805,20170825,20170824,210226500,3698.0,10238,251230,379524500.0,3698.0,25,3697.0,24
rb1805,20170825,20170824,210227000,3697.0,10244,251230,379746340.0,3698.0,25,3697.0,22
rb1805,20170825,20170824,210227500,3698.0,10282,251250,381151500.0,3698.0,10,3697.0,28
rb1805,20170825,20170824,210228000,3697.0,10330,251246,382926100.0,3698.0,21,3697.0,7
rb1805,20170825,20170824,210228500,3697.0,10338,251250,383221900.0,3698.0,21,3697.0,5
rb1805,20170825,20170824,210229000,3697.0,10354,251260,383813480.0,3698.0,19,3696.0,19
rb1805,20170825,20170824,210229500,3697.0,10370,251250,384404900.0,3697.0,1,3696.0,24
rb1805,20170825,20170824,210230000,3697.0,10378,251244,384700680.0,3698.0,15,3697.0,6
rb1805,20170825,20170824,210230500,3698.0,10394,251242,385292240.0,3698.0,13,3697.0,13
rb1805,20170825,20170824,210231000,3698.0,10426,251240,386475600.0,3699.0,26,3698.0,7
rb1805,20170825,20170824,210231500,3698.0,10434,251236,386771440.0,3699.0,25,3698.0,4
rb1805,20170825,20170824,210232000,3698.0,10442,251236,387067300.0,3699.0,24,3698.0,1
rb1805,20170825,20170824,210232500,3697.0,10458,251240,387658860.0,3698.0,30,3697.0,15
rb1805,20170825,20170824,210233000,3697.0,10520,251244,389951240.0,3697.0,21,3696.0,62
rb1805,20170825,20170824,210233500,3697.0,10534,251232,390468820.0,3697.0,19,3696.0,45
rb1805,20170825,20170824,210234000,3697.0,10584,251246,392317320.0,3698.0,17,3697.0,26
rb1805,20170825,20170824,210234500,3697.0,10590,251252,392539180.0,3698.0,15,3697.0,25
rb1805,20170825,20170824,210235000,3698.0,10622,251264,393722540.0,3699.0,13,3698.0,32
rb1805,20170825,20170824,210235500,3699.0,10640,251282,394388360.0,3700.0,23,3699.0,3
rb1805,20170825,20170824,210236000,3699.0,10648,251280,394684280.0,3700.0,20,3699.0,17
rb1805,20170825,20170824,210236500,3700.0,10686,251274,396090280.0,3701.0,106,3700.0,13
rb1805,20170825,20170824,210237000,3699.0,10692,251276,396312260.0,3701.0,98,3699.0,24
rb1805,20170825,20170824,210237500,3699.0,10694,251274,396386240.0,3701.0,101,3699.0,23
rb1805,20170825,20170824,210238000,3699.0,10696,251274,396460220.0,3701.0,101,3700.0,10
rb1805,20170825,20170824,210238500,3699.0,10718,251254,397274200.0,3701.0,101,3699.0,11
rb1805,20170825,20170824,210239000,3701.0,10722,251258,397422240.0,3701.0,101,3699.0,11
rb1805,20170825,20170824,210239500,3700.0,10726,251258,397570220.0,3700.0,10,3699.0,4
rb1805,20170825,20170824,210240000,3699.0,10744,251264,398236040.0,3699.0,1,3698.0,20
rb1805,20170825,20170824,210240500,3699.0,10746,251264,398310020.0,3700.0,43,3699.0,4
rb1805,20170825,20170824,210241000,3699.0,10752,251262,398531960.0,3700.0,43,3698.0,18
rb1805,20170825,20170824,210241500,3699.0,10766,251262,399049820.0,3699.0,2,3698.0,15
rb1805,20170825,20170824,210242000,3699.0,10770,251266,399197780.0,3700.0,47,3699.0,20
rb1805,20170825,20170824,210242500,3699.0,10886,251266,403488620.0,3700.0,47,3699.0,42
rb1805,20170825,20170824,210243000,3699.0,10944,251246,405634040.0,3700.0,47,3699.0,13
rb1805,20170825,20170824,210243500,3697.0,11008,251196,408000980.0,3700.0,46,3697.0,47
rb1805,20170825,20170824,210244000,3697.0,11008,251196,408000980.0,3699.0,1,3698.0,14
rb1805,20170825,20170824,210244500,3698.0,11016,251204,408296860.0,3700.0,46,3698.0,9
rb1805,20170825,20170824,210245000,3698.0,11022,251204,408518740.0,3699.0,1,3698.0,12
rb1805,20170825,20170824,210245500,3698.0,11024,251204,408592700.0,3699.0,1,3698.0,11
rb1805,20170825,20170824,210246000,3698.0,11024,251204,408592700.0,3699.0,1,3698.0,12
rb1805,20170825,20170824,210246500,3698.0,11024,251204,408592700.0,3699.0,1,3698.0,12
rb1805,20170825,20170824,210247000,3698.0,11024,251204,408592700.0,3699.0,2,3698.0,15
rb1805,20170825,20170824,210247500,3699.0,11028,251202,408740660.0,3700.0,47,3699.0,3
rb1805,20170825,20170824,210248000,3698.0,11046,251202,409406380.0,3699.0,8,3698.0,10
rb1805,20170825,20170824,210248500,3698.0,11056,251200,409776200.0,3699.0,28,3698.0,6
rb1805,20170825,20170824,210249000,3699.0,11080,251214,410663740.0,3699.0,28,3697.0,59
rb1805,20170825,20170824,210249500,3699.0,11080,251214,410663740.0,3699.0,31,3698.0,8
rb1805,20170825,20170824,210250000,3698.0,11082,251214,410737700.0,3699.0,33,3698.0,3
rb1805,20170825,20170824,210250500,3698.0,11082,251214,410737700.0,3699.0,38,3698.0,3
rb1805,20170825,20170824,210251000,3698.0,11092,251224,411107580.0,3699.0,46,3698.0,2
rb1805,20170825,20170824,210251500,3698.0,11098,251228,411329460.0,3698.0,14,3697.0,59
rb1805,20170825,20170824,210252000,3698.0,11100,251230,411403420.0,3698.0,30,3697.0,49
rb1805,20170825,20170824,210252500,3698.0,11104,251232,411551340.0,3698.0,64,3697.0,38
rb1805,20170825,20170824,210253000,3698.0,11116,251244,411995080.0,3698.0,65,3697.0,38
rb1805,20170825,20170824,210253500,3698.0,11118,251246,412069040.0,3698.0,69,3697.0,38
rb1805,20170825,20170824,210254000,3698.0,11120,251248,412143000.0,3698.0,88,3697.0,40
rb1805,20170825,20170824,210254500,3697.0,11208,251320,415396360.0,3697.0,22,3696.0,63
rb1805,20170825,20170824,210255000,3697.0,11218,251326,415766060.0,3697.0,17,3696.0,63
rb1805,20170825,20170824,210255500,3697.0,11258,251360,417244860.0,3697.0,76,3696.0,65
rb1805,20170825,20170824,210256000,3697.0,11258,251360,417244860.0,3697.0,77,3696.0,69
rb1805,20170825,20170824,210256500,3697.0,11260,251360,417318800.0,3697.0,82,3696.0,78
rb1805,20170825,20170824,210257000,3697.0,11260,251360,417318800.0,3697.0,83,3696.0,90
rb1805,20170825,20170824,210257500,3696.0,11266,251364,417540560.0,3697.0,87,3696.0,89
rb1805,20170825,20170824,210258000,3698.0,11444,251254,424121240.0,3698.0,8,3697.0,16
rb1805,20170825,20170824,210258500,3697.0,11478,251266,425378420.0,3699.0,31,3697.0,91
rb1805,20170825,20170824,210259000,3697.0,11482,251266,425526300.0,3699.0,37,3697.0,91
rb1805,20170825,20170824,210259500,3697.0,11490,251270,425822140.0,3699.0,39,3697.0,89
rb1805,20170825,20170824,210300000,3697.0,11490,251270,425822140.0,3699.0,36,3697.0,89
rb1805,20170825,20170824,210300500,3697.0,11540,251310,427671440.0,3699.0,16,3697.0,84
rb1805,20170825,20170824,210301000,3699.0,11572,251330,428855120.0,3700.0,54,3699.0,2
rb1805,20170825,20170824,210301500,3698.0,11638,251328,431296360.0,3699.0,15,3698.0,5
rb1805,20170825,20170824,210302000,3699.0,11648,251326,431666220.0,3699.0,12,3698.0,95
rb1805,20170825,20170824,210302500,3699.0,11680,251332,432849900.0,3700.0,79,3699.0,44
rb1805,20170825,20170824,210303000,3699.0,11688,251334,433145820.0,3700.0,79,3699.0,41
rb1805,20170825,20170824,210303500,3699.0,11688,251334,433145820.0,3700.0,80,3699.0,138
rb1805,20170825,20170824,210304000,3699.0,11688,251334,433145820.0,3700.0,80,3699.0,138
rb1805,20170825,20170824,210304500,3699.0,11734,251348,434847480.0,3700.0,66,3699.0,121
rb1805,20170825,20170824,210305000,3699.0,11752,251352,435513360.0,3700.0,68,3699.0,118
rb1805,20170825,20170824,210305500,3699.0,11772,251344,436253240.0,3700.0,64,3699.0,111
rb1805,20170825,20170824,210306000,3701.0,12036,251346,446022040.0,3702.0,14,3700.0,12
rb1805,20170825,20170824,210306500,3700.0,12062,251334,446984180.0,3701.0,3,3700.0,15
rb1805,20170825,20170824,210307000,3701.0,12094,251342,448168520.0,3702.0,33,3701.0,4
rb1805,20170825,20170824,210307500,3701.0,12116,251348,448982740.0,3702.0,33,3701.0,2
rb1805,20170825,20170824,210308000,3702.0,12126,251348,449352860.0,3702.0,32,3701.0,143
rb1805,20170825,20170824,210308500,3703.0,12152,251334,450315400.0,3703.0,61,3702.0,5
rb1805,20170825,20170824,210309000,3703.0,12178,251334,451278020.0,3703.0,77,3702.0,12
rb1805,20170825,20170824,210309500,3703.0,12186,251336,451574200.0,3703.0,60,3702.0,174
rb1805,20170825,20170824,210310000,3703.0,12228,251364,453129440.0,3703.0,36,3702.0,173
rb1805,20170825,20170824,210310500,3702.0,12386,251382,458978660.0,3703.0,37,3702.0,98
rb1805,20170825,20170824,210311000,3700.0,12624,251408,467788600.0,3702.0,2,3699.0,41
rb1805,20170825,20170824,210311500,3702.0,12638,251412,468306840.0,3702.0,5,3700.0,48
rb1805,20170825,20170824,210312000,3702.0,12644,251414,468528960.0,3702.0,11,3701.0,3
rb1805,20170825,20170824,210312500,3702.0,12656,251420,468973240.0,3703.0,16,3702.0,2
rb1805,20170825,20170824,210313000,3703.0,12660,251420,469121340.0,3703.0,15,3702.0,1
rb1805,20170825,20170824,210313500,3703.0,12660,251420,469121340.0,3703.0,15,3702.0,4
rb1805,20170825,20170824,210314000,3702.0,12664,251420,469269420.0,3703.0,15,3702.0,2
rb1805,20170825,20170824,210314500,3701.0,12674,251420,469639560.0,3702.0,14,3701.0,7
rb1805,20170825,20170824,210315000,3702.0,12684,251410,470009760.0,3702.0,10,3701.0,8
rb1805,20170825,20170824,210315500,3702.0,12698,251400,470528040.0,3702.0,3,3701.0,12
rb1805,20170825,20170824,210316000,3702.0,12704,251402,470750160.0,3703.0,27,3701.0,26
rb1805,20170825,20170824,210316500,3701.0,12708,251400,470898200.0,3703.0,27,3702.0,2
rb1805,20170825,20170824,210317000,3702.0,12716,251402,471194420.0,3703.0,24,3702.0,18
rb1805,20170825,20170824,210317500,3703.0,12730,251410,471712840.0,3703.0,19,3702.0,24
rb1805,20170825,20170824,210318000,3703.0,12768,251380,473119980.0,3703.0,2,3702.0,37
rb1805,20170825,20170824,210318500,3703.0,12774,251384,473342160.0,3704.0,23,3703.0,8
rb1805,20170825,20170824,210319000,3703.0,12796,251384,474156960.0,3704.0,17,3703.0,5
rb1805,20170825,20170824,210319500,3703.0,12800,251382,474305080.0,3704.0,17,3703.0,6
rb1805,20170825,20170824,210320000,3703.0,12802,251384,474379140.0,3704.0,17,3703.0,12
rb1805,20170825,20170824,210320500,3704.0,12810,251386,474675440.0,3704.0,16,3703.0,11
rb1805,20170825,20170824,210321000,3704.0,12812,251386,474749520.0,3704.0,15,3703.0,15
rb1805,20170825,20170824,210321500,3704.0,12812,251386,474749520.0,3704.0,15,3703.0,35
rb1805,20170825,20170824,210322000,3703.0,12828,251382,475342140.0,3704.0,8,3703.0,17
rb1805,20170825,20170824,210322500,3703.0,12890,251350,477638580.0,3704.0,10,3703.0,15
rb1805,20170825,20170824,210323000,3704.0,12912,251328,478453460.0,3705.0,27,3704.0,26
rb1805,20170825,20170824,210323500,3704.0,12964,251294,480379540.0,3705.0,30,3704.0,5
rb1805,20170825,20170824,210324000,3704.0,12974,251284,480749940.0,3705.0,30,3704.0,8
rb1805,20170825,20170824,210324500,3704.0,12976,251284,480824020.0,3705.0,30,3704.0,10
rb1805,20170825,20170824,210325000,3704.0,12980,251288,480972180.0,3705.0,30,3704.0,19
rb1805,20170825,20170824,210325500,3705.0,13040,251258,483195180.0,3706.0,26,3705.0,1
rb1805,20170825,20170824,210326000,3704.0,13090,251228,485047240.0,3705.0,1,3704.0,13
rb1805,20170825,20170824,210326500,3704.0,13118,251214,486084740.0,3705.0,1,3704.0,20
rb1805,20170825,20170824,210327000,3704.0,13134,251212,486677440.0,3705.0,7,3704.0,10
rb1805,20170825,20170824,210327500,3704.0,13134,251212,486677440.0,3705.0,10,3704.0,35
rb1805,20170825,20170824,210328000,3704.0,13178,251186,488307240.0,3705.0,8,3704.0,16
rb1805,20170825,20170824,210328500,3704.0,13180,251186,488381320.0,3705.0,8,3704.0,7
rb1805,20170825,20170824,210329000,3705.0,13192,251190,488825920.0,3705.0,5,3704.0,6
rb1805,20170825,20170824,210329500,3705.0,13192,251190,488825920.0,3705.0,3,3704.0,7
rb1805,20170825,20170824,210330000,3705.0,13194,251192,488900020.0,3705.0,2,3704.0,17
rb1805,20170825,20170824,210330500,3705.0,13196,251192,488974120.0,3705.0,9,3704.0,16
rb1805,20170825,20170824,210331000,3705.0,13198,251192,489048220.0,3705.0,8,3704.0,16
rb1805,20170825,20170824,210331500,3705.0,13214,251176,489641020.0,3706.0,42,3704.0,28
rb1805,20170825,20170824,210332000,3705.0,13214,251176,489641020.0,3705.0,13,3704.0,38
rb1805,20170825,20170824,210332500,3705.0,13246,251154,490826580.0,3705.0,9,3704.0,36
rb1805,20170825,20170824,210333000,3705.0,13264,251136,491493480.0,3706.0,42,3704.0,36
rb1805,20170825,20170824,210333500,3705.0,13264,251136,491493480.0,3706.0,42,3705.0,1
rb1805,20170825,20170824,210334000,3704.0,13270,251140,491715740.0,3706.0,42,3704.0,34
rb1805,20170825,20170824,210334500,3704.0,13270,251140,491715740.0,3706.0,42,3705.0,10
rb1805,20170825,20170824,210335000,3704.0,13292,251156,492530820.0,3705.0,56,3704.0,36
rb1805,20170825,20170824,210335500,3705.0,13298,251160,492753100.0,3705.0,44,3704.0,23
rb1805,20170825,20170824,210336000,3705.0,13394,251152,496309820.0,3706.0,50,3704.0,29
rb1805,20170825,20170824,210336500,3704.0,13396,251152,496383900.0,3705.0,2,3704.0,28
rb1805,20170825,20170824,210337000,3705.0,13402,251148,496606200.0,3706.0,54,3705.0,3
rb1805,20170825,20170824,210337500,3705.0,13406,251150,496754400.0,3706.0,54,3705.0,3
rb1805,20170825,20170824,210338000,3705.0,13410,251152,496902600.0,3706.0,54,3705.0,2
rb1805,20170825,20170824,210338500,3705.0,13532,251076,501423960.0,3707.0,44,3705.0,10
rb1805,20170825,20170824,210339000,3705.0,13532,251076,501423960.0,3707.0,47,3706.0,3
rb1805,20170825,20170824,210339500,3706.0,13538,251076,501646320.0,3706.0,27,3705.0,27
rb1805,20170825,20170824,210340000,3706.0,13596,251078,503795820.0,3707.0,43,3706.0,7
rb1805,20170825,20170824,210340500,3707.0,13682,251132,506983840.0,3708.0,40,3706.0,17
rb1805,20170825,20170824,210341000,3706.0,13696,251124,507502800.0,3707.0,2,3706.0,15
rb1805,20170825,20170824,210341500,3708.0,13722,251126,508466760.0,3708.0,52,3707.0,2
rb1805,20170825,20170824,210342000,3708.0,13752,251132,509579140.0,3708.0,38,3707.0,11
rb1805,20170825,20170824,210342500,3708.0,13832,251200,512545540.0,3708.0,19,3707.0,21
rb1805,20170825,20170824,210343000,3707.0,13874,251238,514102880.0,3708.0,9,3707.0,21
rb1805,20170825,20170824,210343500,3708.0,13892,251238,514770320.0,3709.0,50,3708.0,27
rb1805,20170825,20170824,210344000,3708.0,13928,251204,516105200.0,3709.0,76,3708.0,10
rb1805,20170825,20170824,210344500,3709.0,13936,251198,516401920.0,3709.0,72,3708.0,3
rb1805,20170825,20170824,210345000,3709.0,13944,251202,516698580.0,3709.0,74,3708.0,1
rb1805,20170825,20170824,210345500,3709.0,13944,251202,516698580.0,3709.0,74,3708.0,1
rb1805,20170825,20170824,210346000,3709.0,13960,251200,517291880.0,3709.0,73,3708.0,1
rb1805,20170825,20170824,210346500,3707.0,13970,251196,517662720.0,3709.0,70,3707.0,36
rb1805,20170825,20170824,210347000,3709.0,13978,251202,517959440.0,3708.0,1,3707.0,27
rb1805,20170825,20170824,210347500,3709.0,13982,251204,518107800.0,3709.0,66,3707.0,27
rb1805,20170825,20170824,210348000,3709.0,13988,251204,518330340.0,3708.0,10,3707.0,27
rb1805,20170825,20170824,210348500,3707.0,14000,251204,518775180.0,3708.0,23,3707.0,21
rb1805,20170825,20170824,210349000,3707.0,14030,251232,519887280.0,3708.0,24,3707.0,6
rb1805,20170825,20170824,210349500,3707.0,14032,251232,519961420.0,3708.0,34,3707.0,6
rb1805,20170825,20170824,210350000,3707.0,14052,251226,520702780.0,3707.0,8,3706.0,15
rb1805,20170825,20170824,210350500,3707.0,14052,251226,520702780.0,3707.0,8,3706.0,19
rb1805,20170825,20170824,210351000,3707.0,14056,251224,520851060.0,3707.0,8,3706.0,19
rb1805,20170825,20170824,210351500,3707.0,14074,251206,521518320.0,3707.0,4,3706.0,24
rb1805,20170825,20170824,210352000,3708.0,14106,251202,522704800.0,3708.0,24,3707.0,36
rb1805,20170825,20170824,210352500,3708.0,14116,251194,523075600.0,3708.0,19,3707.0,42
rb1805,20170825,20170824,210353000,3708.0,14116,251194,523075600.0,3708.0,14,3707.0,45
rb1805,20170825,20170824,210353500,3708.0,14132,251194,523668880.0,3708.0,6,3707.0,46
rb1805,20170825,20170824,210354000,3708.0,14132,251194,523668880.0,3708.0,7,3707.0,46
rb1805,20170825,20170824,210354500,3708.0,14156,251198,524558880.0,3709.0,61,3708.0,67
rb1805,20170825,20170824,210355000,3709.0,14238,251198,527600240.0,3709.0,19,3708.0,57
rb1805,20170825,20170824,210355500,3709.0,14278,251202,529083840.0,3710.0,49,3709.0,46
rb1805,20170825,20170824,210356000,3709.0,14388,251282,533164820.0,3710.0,21,3709.0,54
rb1805,20170825,20170824,210356500,3710.0,14442,251258,535168220.0,3711.0,14,3710.0,21
rb1805,20170825,20170824,210357000,3709.0,14506,251248,537542640.0,3710.0,2,3709.0,14
rb1805,20170825,20170824,210357500,3709.0,14518,251244,537987800.0,3710.0,14,3709.0,15
rb1805,20170825,20170824,210358000,3709.0,14542,251242,538878140.0,3710.0,5,3709.0,6
rb1805,20170825,20170824,210358500,3710.0,14546,251246,539026540.0,3710.0,6,3709.0,12
rb1805,20170825,20170824,210359000,3710.0,14546,251246,539026540.0,3710.0,12,3709.0,12
rb1805,20170825,20170824,210359500,3711.0,14574,251238,540065360.0,3710.0,3,3709.0,12
rb1805,20170825,20170824,210400000,3711.0,14638,251254,542439980.0,3710.0,1,3709.0,10
rb1805,20170825,20170824,210400500,3710.0,14660,251250,543256300.0,3712.0,30,3709.0,10
rb1805,20170825,20170824,210401000,3710.0,14666,251248,543478920.0,3711.0,14,3710.0,2
rb1805,20170825,20170824,210401500,3711.0,14674,251246,543775740.0,3711.0,14,3710.0,6
rb1805,20170825,20170824,210402000,3710.0,14688,251244,544295160.0,3711.0,18,3710.0,3
rb1805,20170825,20170824,210402500,3710.0,14688,251244,544295160.0,3711.0,19,3710.0,4
rb1805,20170825,20170824,210403000,3710.0,14690,251246,544369360.0,3711.0,19,3710.0,4
rb1805,20170825,20170824,210403500,3711.0,14700,251238,544740440.0,3711.0,19,3710.0,3
rb1805,20170825,20170824,210404000,3710.0,14706,251236,544963040.0,3710.0,14,3709.0,10
rb1805,20170825,20170824,210404500,3710.0,14706,251236,544963040.0,3710.0,15,3709.0,10
rb1805,20170825,20170824,210405000,3710.0,14728,251218,545779040.0,3709.0,10,3708.0,66
rb1805,20170825,20170824,210405500,3710.0,14768,251180,547263040.0,3710.0,7,3708.0,68
rb1805,20170825,20170824,210406000,3710.0,14780,251178,547708200.0,3710.0,14,3708.0,67
rb1805,20170825,20170824,210406500,3710.0,14780,251178,547708200.0,3709.0,1,3708.0,67
rb1805,20170825,20170824,210407000,3710.0,14812,251186,548895380.0,3710.0,1,3709.0,35
rb1805,20170825,20170824,210407500,3709.0,14832,251186,549637200.0,3710.0,9,3709.0,26
rb1805,20170825,20170824,210408000,3708.0,14888,251210,551714200.0,3709.0,48,3708.0,67
rb1805,20170825,20170824,210408500,3709.0,14890,251208,551788380.0,3710.0,16,3709.0,1
rb1805,20170825,20170824,210409000,3709.0,14892,251206,551862560.0,3709.0,5,3708.0,69
rb1805,20170825,20170824,210409500,3709.0,14922,251234,552975260.0,3710.0,10,3709.0,26
rb1805,20170825,20170824,210410000,3710.0,14942,251236,553717260.0,3711.0,24,3709.0,29
rb1805,20170825,20170824,210410500,3709.0,14948,251238,553939820.0,3710.0,2,3709.0,27
rb1805,20170825,20170824,210411000,3710.0,14954,251238,554162420.0,3711.0,25,3710.0,2
rb1805,20170825,20170824,210411500,3710.0,14972,251232,554830200.0,3710.0,2,3709.0,20
rb1805,20170825,20170824,210412000,3710.0,14976,251234,554978600.0,3711.0,24,3710.0,4
rb1805,20170825,20170824,210412500,3710.0,14978,251232,555052800.0,3711.0,25,3710.0,3
rb1805,20170825,20170824,210413000,3710.0,14998,251244,555794800.0,3711.0,28,3710.0,5
rb1805,20170825,20170824,210413500,3710.0,14998,251244,555794800.0,3711.0,29,3710.0,5
rb1805,20170825,20170824,210414000,3710.0,15004,251244,556017400.0,3711.0,30,3710.0,3
rb1805,20170825,20170824,210414500,3710.0,15010,251246,556240000.0,3711.0,31,3709.0,33
rb1805,20170825,20170824,210415000,3710.0,15012,251246,556314200.0,3710.0,9,3709.0,33
rb1805,20170825,20170824,210415500,3710.0,15040,251246,557353040.0,3711.0,31,3710.0,32
rb1805,20170825,20170824,210416000,3710.0,15044,251248,557501440.0,3711.0,31,3710.0,24
rb1805,20170825,20170824,210416500,3710.0,15044,251248,557501440.0,3711.0,31,3710.0,13
rb1805,20170825,20170824,210417000,3710.0,15086,251264,559059940.0,3711.0,16,3710.0,11
rb1805,20170825,20170824,210417500,3711.0,15118,251280,560247460.0,3712.0,37,3710.0,16
rb1805,20170825,20170824,210418000,3711.0,15140,251280,561063740.0,3711.0,40,3710.0,4
rb1805,20170825,20170824,210418500,3710.0,15152,251290,561508920.0,3711.0,42,3710.0,10
rb1805,20170825,20170824,210419000,3710.0,15166,251282,562028440.0,3711.0,36,3710.0,9
rb1805,20170825,20170824,210419500,3711.0,15580,251286,577394980.0,3713.0,24,3711.0,52
rb1805,20170825,20170824,210420000,3710.0,15716,251240,582441900.0,3711.0,4,3710.0,33
rb1805,20170825,20170824,210420500,3711.0,15726,251242,582813000.0,3712.0,2,3711.0,56
rb1805,20170825,20170824,210421000,3712.0,15736,251238,583184140.0,3712.0,3,3711.0,52
rb1805,20170825,20170824,210421500,3712.0,15742,251232,583406860.0,3713.0,28,3712.0,5
rb1805,20170825,20170824,210422000,3713.0,15762,251230,584149220.0,3713.0,31,3712.0,3
rb1805,20170825,20170824,210422500,3713.0,15768,251230,584371960.0,3713.0,26,3712.0,2
rb1805,20170825,20170824,210423000,3713.0,15786,251232,585040100.0,3713.0,33,3711.0,43
rb1805,20170825,20170824,210423500,3713.0,15810,251232,585931220.0,3713.0,27,3711.0,43
rb1805,20170825,20170824,210424000,3713.0,15814,251236,586079740.0,3713.0,25,3711.0,43
rb1805,20170825,20170824,210424500,3713.0,15814,251236,586079740.0,3712.0,1,3711.0,43
rb1805,20170825,20170824,210425000,3712.0,15822,251240,586376680.0,3712.0,7,3711.0,42
rb1805,20170825,20170824,210425500,3713.0,15828,251244,586599420.0,3713.0,29,3711.0,42
rb1805,20170825,20170824,210426000,3712.0,15838,251246,586970700.0,3713.0,29,3711.0,43
rb1805,20170825,20170824,210426500,3713.0,15840,251248,587044960.0,3713.0,28,3711.0,46
rb1805,20170825,20170824,210427000,3713.0,15840,251248,587044960.0,3712.0,6,3711.0,43
rb1805,20170825,20170824,210427500,3713.0,15844,251250,587193480.0,3712.0,4,3711.0,46
rb1805,20170825,20170824,210428000,3711.0,15862,251250,587861780.0,3712.0,5,3711.0,43
rb1805,20170825,20170824,210428500,3711.0,15880,251252,588529840.0,3712.0,16,3711.0,34
rb1805,20170825,20170824,210429000,3711.0,15958,251234,591424420.0,3711.0,24,3710.0,35
rb1805,20170825,20170824,210429500,3711.0,15972,251234,591943960.0,3711.0,18,3710.0,21
rb1805,20170825,20170824,210430000,3711.0,15978,251236,592166600.0,3711.0,26,3710.0,20
rb1805,20170825,20170824,210430500,3710.0,16028,251234,594021600.0,3711.0,48,3709.0,33
rb1805,20170825,20170824,210431000,3709.0,16030,251236,594095780.0,3710.0,17,3709.0,29
rb1805,20170825,20170824,210431500,3709.0,16092,251252,596395340.0,3710.0,20,3709.0,4
rb1805,20170825,20170824,210432000,3709.0,16104,251260,596840420.0,3709.0,12,3708.0,44
rb1805,20170825,20170824,210432500,3709.0,16104,251260,596840420.0,3709.0,1,3708.0,55
rb1805,20170825,20170824,210433000,3709.0,16108,251262,596988780.0,3710.0,27,3709.0,30
rb1805,20170825,20170824,210433500,3709.0,16118,251262,597359680.0,3710.0,21,3709.0,25
rb1805,20170825,20170824,210434000,3709.0,16118,251262,597359680.0,3710.0,14,3709.0,25
rb1805,20170825,20170824,210434500,3709.0,16156,251236,598769460.0,3711.0,52,3709.0,31
rb1805,20170825,20170824,210435000,3709.0,16158,251238,598843640.0,3711.0,42,3709.0,34
rb1805,20170825,20170824,210435500,3709.0,16160,251240,598917820.0,3711.0,37,3710.0,11
rb1805,20170825,20170824,210436000,3709.0,16162,251242,598992000.0,3711.0,37,3710.0,10
rb1805,20170825,20170824,210436500,3709.0,16162,251242,598992000.0,3711.0,37,3710.0,15
rb1805,20170825,20170824,210437000,3710.0,16188,251242,599956600.0,3711.0,38,3710.0,2
rb1805,20170825,20170824,210437500,3710.0,16192,251246,600105000.0,3711.0,31,3710.0,39
rb1805,20170825,20170824,210438000,3710.0,16192,251246,600105000.0,3711.0,33,3710.0,39
rb1805,20170825,20170824,210438500,3710.0,16214,251250,600921400.0,3711.0,23,3710.0,38
rb1805,20170825,20170824,210439000,3711.0,16216,251248,600995620.0,3711.0,24,3710.0,41
rb1805,20170825,20170824,210439500,3710.0,16224,251256,601292420.0,3711.0,38,3710.0,42
rb1805,20170825,20170824,210440000,3710.0,16232,251256,601589220.0,3711.0,43,3710.0,38
rb1805,20170825,20170824,210440500,3711.0,16236,251258,601737640.0,3711.0,41,3710.0,37
rb1805,20170825,20170824,210441000,3710.0,16268,251262,602925140.0,3711.0,19,3710.0,36
rb1805,20170825,20170824,210441500,3710.0,16268,251262,602925140.0,3711.0,24,3710.0,37
rb1805,20170825,20170824,210442000,3710.0,16274,251268,603147740.0,3711.0,24,3710.0,35
rb1805,20170825,20170824,210442500,3710.0,16276,251268,603221940.0,3711.0,24,3710.0,34
rb1805,20170825,20170824,210443000,3710.0,16284,251274,603518740.0,3711.0,24,3710.0,30
rb1805,20170825,20170824,210443500,3710.0,16284,251274,603518740.0,3711.0,24,3710.0,30
rb1805,20170825,20170824,210444000,3710.0,16284,251274,603518740.0,3711.0,25,3710.0,30
rb1805,20170825,20170824,210444500,3710.0,16288,251276,603667160.0,3711.0,19,3710.0,29
rb1805,20170825,20170824,210445000,3710.0,16288,251276,603667160.0,3711.0,19,3710.0,32
rb1805,20170825,20170824,210445500,3711.0,16326,251280,605077340.0,3712.0,25,3711.0,10
rb1805,20170825,20170824,210446000,3711.0,16326,251280,605077340.0,3712.0,16,3711.0,10
rb1805,20170825,20170824,210446500,3711.0,16332,251282,605300000.0,3712.0,17,3711.0,7
rb1805,20170825,20170824,210447000,3711.0,16332,251282,605300000.0,3712.0,18,3710.0,35
rb1805,20170825,20170824,210447500,3711.0,16332,251282,605300000.0,3712.0,18,3710.0,35
rb1805,20170825,20170824,210448000,3712.0,16334,251280,605374240.0,3712.0,24,3710.0,35
rb1805,20170825,20170824,210448500,3710.0,16336,251282,605448440.0,3712.0,24,3710.0,31
rb1805,20170825,20170824,210449000,3712.0,16342,251282,605671160.0,3712.0,25,3710.0,31
rb1805,20170825,20170824,210449500,3712.0,16342,251282,605671160.0,3712.0,27,3710.0,31
rb1805,20170825,20170824,210450000,3712.0,16342,251282,605671160.0,3712.0,28,3710.0,31
rb1805,20170825,20170824,210450500,3712.0,16342,251282,605671160.0,3711.0,15,3710.0,32
rb1805,20170825,20170824,210451000,3712.0,16342,251282,605671160.0,3711.0,15,3710.0,30
rb1805,20170825,20170824,210451500,3712.0,16344,251282,605745400.0,3711.0,11,3710.0,30
rb1805,20170825,20170824,210452000,3711.0,16346,251282,605819620.0,3711.0,10,3710.0,30
rb1805,20170825,20170824,210452500,3711.0,16358,251282,606264940.0,3711.0,4,3710.0,30
rb1805,20170825,20170824,210453000,3710.0,16364,251286,606487540.0,3711.0,19,3710.0,27
rb1805,20170825,20170824,210453500,3711.0,16372,251286,606784420.0,3711.0,9,3710.0,27
rb1805,20170825,20170824,210454000,3711.0,16372,251286,606784420.0,3711.0,2,3710.0,30
rb1805,20170825,20170824,210454500,3712.0,16378,251286,607007100.0,3712.0,29,3711.0,20
rb1805,20170825,20170824,210455000,3712.0,16378,251286,607007100.0,3712.0,19,3711.0,19
rb1805,20170825,20170824,210455500,3712.0,16416,251312,608417660.0,3713.0,52,3711.0,42
rb1805,20170825,20170824,210456000,3713.0,16432,251316,609011740.0,3713.0,42,3712.0,10
rb1805,20170825,20170824,210456500,3712.0,16434,251316,609085980.0,3713.0,42,3712.0,9
rb1805,20170825,20170824,210457000,3712.0,16436,251316,609160220.0,3713.0,42,3712.0,8
rb1805,20170825,20170824,210457500,3712.0,16446,251326,609531440.0,3713.0,42,3712.0,5
rb1805,20170825,20170824,210458000,3713.0,16448,251328,609605700.0,3713.0,41,3712.0,7
rb1805,20170825,20170824,210458500,3713.0,16458,251320,609977000.0,3713.0,36,3712.0,8
rb1805,20170825,20170824,210459000,3712.0,16474,251316,610570920.0,3712.0,30,3711.0,27
rb1805,20170825,20170824,210459500,3712.0,16488,251316,611090600.0,3712.0,24,3711.0,50
rb1805,20170825,20170824,210500000,3712.0,16488,251316,611090600.0,3712.0,30,3711.0,47
rb1805,20170825,20170824,210500500,3712.0,16500,251312,611536040.0,3712.0,26,3711.0,50
rb1805,20170825,20170824,210501000,3712.0,16580,251302,614505860.0,3713.0,16,3712.0,3
rb1805,20170825,20170824,210501500,3712.0,16588,251306,614802860.0,3713.0,14,3712.0,9
rb1805,20170825,20170824,210502000,3713.0,16596,251306,615099900.0,3713.0,11,3712.0,29
rb1805,20170825,20170824,210502500,3713.0,16600,251304,615248420.0,3713.0,10,3712.0,32
rb1805,20170825,20170824,210503000,3713.0,16662,251258,617550080.0,3714.0,31,3713.0,15
rb1805,20170825,20170824,210503500,3713.0,16668,251260,617772880.0,3714.0,20,3713.0,1
rb1805,20170825,20170824,210504000,3713.0,16678,251260,618144160.0,3714.0,21,3713.0,4
rb1805,20170825,20170824,210504500,3713.0,16686,251260,618441220.0,3714.0,20,3713.0,43
rb1805,20170825,20170824,210505000,3714.0,16734,251294,620223940.0,3715.0,87,3714.0,24
rb1805,20170825,20170824,210505500,3714.0,16750,251300,620818280.0,3715.0,89,3714.0,16
rb1805,20170825,20170824,210506000,3714.0,16772,251322,621635560.0,3715.0,78,3714.0,35
rb1805,20170825,20170824,210506500,3715.0,16782,251324,622006980.0,3715.0,74,3714.0,33
rb1805,20170825,20170824,210507000,3715.0,16802,251334,622749980.0,3715.0,64,3714.0,28
rb1805,20170825,20170824,210507500,3715.0,16804,251334,622824280.0,3715.0,60,3714.0,31
rb1805,20170825,20170824,210508000,3715.0,16812,251340,623121460.0,3715.0,57,3714.0,31
rb1805,20170825,20170824,210508500,3715.0,16834,251348,623938760.0,3715.0,48,3714.0,31
rb1805,20170825,20170824,210509000,3715.0,16858,251340,624830360.0,3715.0,36,3714.0,31
rb1805,20170825,20170824,210509500,3715.0,16918,251372,627059360.0,3715.0,7,3714.0,34
rb1805,20170825,20170824,210510000,3715.0,16950,251364,628248160.0,3716.0,26,3715.0,16
rb1805,20170825,20170824,210510500,3715.0,16974,251346,629139760.0,3715.0,104,3714.0,34
rb1805,20170825,20170824,210511000,3714.0,16982,251350,629436880.0,3715.0,104,3714.0,30
rb1805,20170825,20170824,210511500,3714.0,17008,251342,630402680.0,3715.0,96,3714.0,25
rb1805,20170825,20170824,210512000,3715.0,17010,251342,630476980.0,3715.0,96,3714.0,36
rb1805,20170825,20170824,210512500,3716.0,17228,251248,638575940.0,3716.0,18,3714.0,37
rb1805,20170825,20170824,210513000,3715.0,17288,251224,640805240.0,3716.0,6,3715.0,7
rb1805,20170825,20170824,210513500,3716.0,17304,251228,641399800.0,3717.0,54,3716.0,12
rb1805,20170825,20170824,210514000,3717.0,17348,251272,643035280.0,3717.0,29,3716.0,9
rb1805,20170825,20170824,210514500,3716.0,17352,251274,643183920.0,3717.0,29,3716.0,17
rb1805,20170825,20170824,210515000,3717.0,17404,251268,645116760.0,3717.0,3,3716.0,21
rb1805,20170825,20170824,210515500,3716.0,17480,251256,647940920.0,3718.0,50,3716.0,1
rb1805,20170825,20170824,210516000,3716.0,17482,251256,648015240.0,3718.0,54,3717.0,1
rb1805,20170825,20170824,210516500,3716.0,17492,251260,648386920.0,3717.0,7,3716.0,3
rb1805,20170825,20170824,210517000,3717.0,17536,251286,650022480.0,3718.0,45,3717.0,6
rb1805,20170825,20170824,210517500,3717.0,17594,251266,652178860.0,3718.0,19,3717.0,10
rb1805,20170825,20170824,210518000,3718.0,17620,251276,653145520.0,3718.0,7,3717.0,28
rb1805,20170825,20170824,210518500,3718.0,17666,251276,654855840.0,3719.0,35,3717.0,24
rb1805,20170825,20170824,210519000,3718.0,17726,251310,657087220.0,3719.0,11,3718.0,4
rb1805,20170825,20170824,210519500,3720.0,17852,251386,661773760.0,3720.0,49,3719.0,11
rb1805,20170825,20170824,210520000,3719.0,18012,251404,667725760.0,3722.0,7,3719.0,29
rb1805,20170825,20170824,210520500,3722.0,18034,251414,668544240.0,3722.0,11,3720.0,33
rb1805,20170825,20170824,210521000,3722.0,18166,251428,673456480.0,3722.0,8,3720.0,1
rb1805,20170825,20170824,210521500,3721.0,18190,251434,674349380.0,3721.0,4,3719.0,25
rb1805,20170825,20170824,210522000,3722.0,18288,251428,677997240.0,3723.0,32,3722.0,1
rb1805,20170825,20170824,210522500,3722.0,18332,251418,679634660.0,3722.0,111,3719.0,24
rb1805,20170825,20170824,210523000,3721.0,18340,251414,679932340.0,3721.0,17,3720.0,6
rb1805,20170825,20170824,210523500,3720.0,18356,251410,680527540.0,3720.0,15,3719.0,82
rb1805,20170825,20170824,210524000,3720.0,18408,251396,682462260.0,3721.0,4,3720.0,3
rb1805,20170825,20170824,210524500,3721.0,18448,251376,683950200.0,3721.0,5,3720.0,1
rb1805,20170825,20170824,210525000,3720.0,18480,251374,685140580.0,3720.0,7,3719.0,75
rb1805,20170825,20170824,210525500,3720.0,18504,251376,686033300.0,3720.0,43,3719.0,65
rb1805,20170825,20170824,210526000,3720.0,18542,251342,687446840.0,3720.0,31,3719.0,63
rb1805,20170825,20170824,210526500,3719.0,18578,251322,688786020.0,3720.0,19,3719.0,69
rb1805,20170825,20170824,210527000,3720.0,18676,251324,692432060.0,3722.0,77,3720.0,53
rb1805,20170825,20170824,210527500,3721.0,18690,251316,692952880.0,3721.0,10,3720.0,32
rb1805,20170825,20170824,210528000,3720.0,18696,251314,693176080.0,3721.0,18,3720.0,22
rb1805,20170825,20170824,210528500,3720.0,18728,251314,694366580.0,3721.0,13,3720.0,11
rb1805,20170825,20170824,210529000,3720.0,18746,251302,695036180.0,3720.0,60,3719.0,77
rb1805,20170825,20170824,210529500,3720.0,18776,251298,696152160.0,3720.0,39,3719.0,76
rb1805,20170825,20170824,210530000,3720.0,18872,251322,699723360.0,3721.0,20,3720.0,21
rb1805,20170825,20170824,210530500,3720.0,18890,251324,700392960.0,3720.0,16,3719.0,84
rb1805,20170825,20170824,210531000,3720.0,18936,251328,702104260.0,3721.0,29,3720.0,20
rb1805,20170825,20170824,210531500,3720.0,18944,251334,702401860.0,3720.0,1,3719.0,79
rb1805,20170825,20170824,210532000,3720.0,19030,251364,705601720.0,3722.0,76,3720.0,23
rb1805,20170825,20170824,210532500,3720.0,19050,251362,706345780.0,3721.0,4,3720.0,4
rb1805,20170825,20170824,210533000,3721.0,19054,251360,706494600.0,3721.0,15,3720.0,10
rb1805,20170825,20170824,210533500,3720.0,19096,251368,708057480.0,3722.0,75,3721.0,1
rb1805,20170825,20170824,210534000,3721.0,19106,251366,708429580.0,3721.0,29,3720.0,3
rb1805,20170825,20170824,210534500,3720.0,19116,251366,708801580.0,3720.0,9,3719.0,27
rb1805,20170825,20170824,210535000,3720.0,19138,251378,709619980.0,3721.0,14,3720.0,14
rb1805,20170825,20170824,210535500,3721.0,19176,251394,711033860.0,3722.0,86,3721.0,3
rb1805,20170825,20170824,210536000,3720.0,19184,251396,711331520.0,3721.0,15,3720.0,10
rb1805,20170825,20170824,210536500,3722.0,19356,251384,717732540.0,3722.0,32,3720.0,3
rb1805,20170825,20170824,210537000,3721.0,19360,251384,717881360.0,3721.0,15,3720.0,3
rb1805,20170825,20170824,210537500,3722.0,19396,251378,719220940.0,3722.0,32,3720.0,21
rb1805,20170825,20170824,210538000,3721.0,19418,251374,720039580.0,3721.0,2,3720.0,66
rb1805,20170825,20170824,210538500,3722.0,19434,251368,720634960.0,3722.0,33,3721.0,15
rb1805,20170825,20170824,210539000,3722.0,19460,251372,721602520.0,3722.0,29,3721.0,7
rb1805,20170825,20170824,210539500,3721.0,19522,251406,723910060.0,3722.0,4,3721.0,23
rb1805,20170825,20170824,210540000,3722.0,19554,251416,725101100.0,3723.0,63,3722.0,9
rb1805,20170825,20170824,210540500,3722.0,19598,251440,726738920.0,3722.0,2,3721.0,34
rb1805,20170825,20170824,210541000,3722.0,19706,251534,730759640.0,3723.0,5,3722.0,31
rb1805,20170825,20170824,210541500,3723.0,19728,251552,731578740.0,3724.0,52,3723.0,29
rb1805,20170825,20170824,210542000,3724.0,19866,251518,736717980.0,3725.0,71,3724.0,1
rb1805,20170825,20170824,210542500,3723.0,19942,251536,739548320.0,3725.0,55,3722.0,25
rb1805,20170825,20170824,210543000,3724.0,19956,251532,740069780.0,3725.0,50,3724.0,3
rb1805,20170825,20170824,210543500,3726.0,20066,251532,744167280.0,3726.0,56,3725.0,6
rb1805,20170825,20170824,210544000,3726.0,20194,251524,748936020.0,3726.0,15,3724.0,17
rb1805,20170825,20170824,210544500,3728.0,20534,251726,761609140.0,3728.0,14,3727.0,23
rb1805,20170825,20170824,210545000,3729.0,21390,251568,793528320.0,3729.0,135,3728.0,29
rb1805,20170825,20170824,210545500,3732.0,22178,251732,822920420.0,3732.0,570,3730.0,26
rb1805,20170825,20170824,210546000,3737.0,23416,251492,869128080.0,3738.0,71,3735.0,1
rb1805,20170825,20170824,210546500,3740.0,24126,251734,895664500.0,3742.0,1,3739.0,1
rb1805,20170825,20170824,210547000,3737.0,24822,251756,921672120.0,3739.0,1,3733.0,53
rb1805,20170825,20170824,210547500,3734.0,25114,251716,932581820.0,3737.0,4,3734.0,3
rb1805,20170825,20170824,210548000,3733.0,25210,251686,936166380.0,3734.0,2,3733.0,40
rb1805,20170825,20170824,210548500,3732.0,25382,251684,942587140.0,3733.0,5,3732.0,91
rb1805,20170825,20170824,210549000,3733.0,25564,251656,949382760.0,3734.0,1,3733.0,88
rb1805,20170825,20170824,210549500,3733.0,25670,251660,953340520.0,3737.0,29,3733.0,60
rb1805,20170825,20170824,210550000,3732.0,25806,251742,958417480.0,3733.0,1,3732.0,80
rb1805,20170825,20170824,210550500,3733.0,25936,251754,963270540.0,3734.0,13,3733.0,40
rb1805,20170825,20170824,210551000,3736.0,25986,251772,965137880.0,3737.0,62,3736.0,8
rb1805,20170825,20170824,210551500,3735.0,26198,251920,973059120.0,3736.0,2,3734.0,45
rb1805,20170825,20170824,210552000,3732.0,26292,251938,976568560.0,3733.0,39,3732.0,18
rb1805,20170825,20170824,210552500,3736.0,26408,251938,980899400.0,3736.0,42,3733.0,90
rb1805,20170825,20170824,210553000,3735.0,26524,251918,985230160.0,3736.0,36,3735.0,15
rb1805,20170825,20170824,210553500,3734.0,26564,251950,986724120.0,3735.0,66,3734.0,4
rb1805,20170825,20170824,210554000,3733.0,26614,251966,988591420.0,3735.0,28,3733.0,2
rb1805,20170825,20170824,210554500,3735.0,26622,251968,988890180.0,3735.0,27,3733.0,20
rb1805,20170825,20170824,210555000,3734.0,26688,251976,991354160.0,3734.0,4,3732.0,6
rb1805,20170825,20170824,210555500,3734.0,26738,251980,993220760.0,3734.0,2,3732.0,7
rb1805,20170825,20170824,210556000,3733.0,26772,251968,994490100.0,3733.0,5,3732.0,6
rb1805,20170825,20170824,210556500,3733.0,26820,251962,996282300.0,3734.0,2,3733.0,48
rb1805,20170825,20170824,210557000,3733.0,26874,251968,998298120.0,3734.0,4,3733.0,19
rb1805,20170825,20170824,210557500,3733.0,26902,251952,999343380.0,3734.0,13,3733.0,6
rb1805,20170825,20170824,210558000,3733.0,26938,251934,1000687240.0,3733.0,14,3732.0,6
rb1805,20170825,20170824,210558500,3733.0,26976,251944,1002105820.0,3734.0,10,3733.0,113
rb1805,20170825,20170824,210559000,3734.0,27088,251940,1006287500.0,3735.0,32,3734.0,27
rb1805,20170825,20170824,210559500,3735.0,27134,251972,1008005440.0,3735.0,18,3734.0,24
rb1805,20170825,20170824,210600000,3734.0,27146,251974,1008453520.0,3735.0,19,3734.0,19
rb1805,20170825,20170824,210600500,3735.0,27294,252008,1013981160.0,3735.0,33,3734.0,11
rb1805,20170825,20170824,210601000,3735.0,27376,252048,1017043720.0,3735.0,15,3734.0,4
rb1805,20170825,20170824,210601500,3735.0,27428,252066,1018985980.0,3736.0,40,3735.0,9
rb1805,20170825,20170824,210602000,3734.0,27484,252070,1021077480.0,3734.0,4,3733.0,51
rb1805,20170825,20170824,210602500,3734.0,27528,252080,1022720380.0,3734.0,7,3733.0,71
rb1805,20170825,20170824,210603000,3734.0,27548,252084,1023467200.0,3735.0,3,3734.0,9
rb1805,20170825,20170824,210603500,3736.0,27586,252104,1024886520.0,3736.0,32,3734.0,10
rb1805,20170825,20170824,210604000,3736.0,27652,252084,1027351540.0,3736.0,27,3734.0,1
rb1805,20170825,20170824,210604500,3734.0,27764,252108,1031535040.0,3734.0,2,3733.0,44
rb1805,20170825,20170824,210605000,3734.0,27794,252114,1032655360.0,3736.0,6,3734.0,14
rb1805,20170825,20170824,210605500,3735.0,27840,252148,1034373880.0,3736.0,1,3734.0,45
rb1805,20170825,20170824,210606000,3734.0,27848,252150,1034672680.0,3735.0,9,3734.0,68
rb1805,20170825,20170824,210606500,3735.0,27918,252164,1037287260.0,3736.0,14,3735.0,20
rb1805,20170825,20170824,210607000,3734.0,27992,252196,1040051060.0,3735.0,1,3734.0,56
rb1805,20170825,20170824,210607500,3734.0,28004,252194,1040499200.0,3735.0,15,3734.0,46
rb1805,20170825,20170824,210608000,3734.0,28030,252188,1041470040.0,3735.0,15,3734.0,36
rb1805,20170825,20170824,210608500,3735.0,28092,252206,1043786000.0,3736.0,19,3735.0,1
rb1805,20170825,20170824,210609000,3736.0,28150,252240,1045952640.0,3737.0,28,3734.0,43
rb1805,20170825,20170824,210609500,3735.0,28164,252232,1046475540.0,3736.0,2,3735.0,13
rb1805,20170825,20170824,210610000,3736.0,28202,252242,1047895260.0,3737.0,27,3736.0,18
rb1805,20170825,20170824,210610500,3735.0,28252,252244,1049763120.0,3736.0,32,3735.0,9
rb1805,20170825,20170824,210611000,3734.0,28272,252230,1050510100.0,3736.0,26,3735.0,20
rb1805,20170825,20170824,210611500,3735.0,28322,252276,1052377600.0,3736.0,27,3734.0,43
rb1805,20170825,20170824,210612000,3734.0,28324,252276,1052452280.0,3735.0,53,3734.0,62
rb1805,20170825,20170824,210612500,3735.0,28338,252268,1052975160.0,3735.0,48,3734.0,62
rb1805,20170825,20170824,210613000,3734.0,28440,252244,1056784740.0,3735.0,4,3734.0,56
rb1805,20170825,20170824,210613500,3736.0,28460,252246,1057531800.0,3735.0,1,3734.0,57
rb1805,20170825,20170824,210614000,3735.0,28492,252258,1058727100.0,3736.0,53,3735.0,2
rb1805,20170825,20170824,210614500,3736.0,28500,252260,1059025940.0,3736.0,53,3735.0,49
rb1805,20170825,20170824,210615000,3736.0,28732,252386,1067694560.0,3737.0,3,3736.0,6
rb1805,20170825,20170824,210615500,3736.0,28870,252270,1072849260.0,3736.0,51,3734.0,59
rb1805,20170825,20170824,210616000,3736.0,28950,252274,1075838060.0,3736.0,15,3735.0,1
rb1805,20170825,20170824,210616500,3735.0,28984,252282,1077107960.0,3735.0,7,3734.0,63
rb1805,20170825,20170824,210617000,3734.0,29006,252280,1077929620.0,3735.0,5,3734.0,61
rb1805,20170825,20170824,210617500,3734.0,29006,252280,1077929620.0,3735.0,15,3734.0,61
rb1805,20170825,20170824,210618000,3734.0,29130,252210,1082559780.0,3735.0,108,3734.0,1
rb1805,20170825,20170824,210618500,3734.0,29134,252212,1082709140.0,3734.0,25,3733.0,58
rb1805,20170825,20170824,210619000,3733.0,29218,252242,1085845640.0,3735.0,115,3733.0,48
rb1805,20170825,20170824,210619500,3734.0,29266,252276,1087638020.0,3734.0,2,3733.0,43
rb1805,20170825,20170824,210620000,3734.0,29270,252278,1087787360.0,3734.0,12,3733.0,42
rb1805,20170825,20170824,210620500,3733.0,29282,252268,1088235320.0,3734.0,13,3733.0,36
rb1805,20170825,20170824,210621000,3734.0,29316,252272,1089504600.0,3734.0,11,3733.0,22
rb1805,20170825,20170824,210621500,3733.0,29330,252284,1090027220.0,3734.0,14,3733.0,31
rb1805,20170825,20170824,210622000,3733.0,29416,252282,1093237740.0,3734.0,9,3733.0,1
rb1805,20170825,20170824,210622500,3733.0,29422,252282,1093461720.0,3733.0,21,3732.0,8
rb1805,20170825,20170824,210623000,3733.0,29444,252270,1094282820.0,3732.0,1,3731.0,15
rb1805,20170825,20170824,210623500,3731.0,29476,252274,1095476760.0,3733.0,13,3732.0,1
rb1805,20170825,20170824,210624000,3732.0,29490,252266,1095999220.0,3732.0,4,3731.0,16
rb1805,20170825,20170824,210624500,3732.0,29514,252276,1096894980.0,3733.0,23,3732.0,4
rb1805,20170825,20170824,210625000,3732.0,29526,252280,1097342820.0,3732.0,5,3731.0,13
rb1805,20170825,20170824,210625500,3732.0,29536,252270,1097716020.0,3732.0,1,3731.0,24
rb1805,20170825,20170824,210626000,3732.0,29548,252262,1098163760.0,3732.0,7,3731.0,23
rb1805,20170825,20170824,210626500,3731.0,29554,252258,1098387620.0,3732.0,9,3731.0,21
rb1805,20170825,20170824,210627000,3732.0,29576,252260,1099208480.0,3732.0,13,3731.0,13
rb1805,20170825,20170824,210627500,3732.0,29632,252274,1101298100.0,3732.0,5,3731.0,4
rb1805,20170825,20170824,210628000,3731.0,29644,252282,1101745820.0,3731.0,2,3730.0,52
rb1805,20170825,20170824,210628500,3732.0,29666,252284,1102566680.0,3732.0,9,3731.0,24
rb1805,20170825,20170824,210629000,3731.0,29668,252282,1102641300.0,3732.0,16,3731.0,15
rb1805,20170825,20170824,210629500,3731.0,29698,252264,1103760600.0,3732.0,33,3731.0,11
rb1805,20170825,20170824,210630000,3731.0,29704,252266,1103984460.0,3732.0,38,3731.0,8
rb1805,20170825,20170824,210630500,3731.0,29742,252268,1105402240.0,3731.0,2,3730.0,165
rb1805,20170825,20170824,210631000,3731.0,29768,252276,1106372500.0,3732.0,34,3731.0,27
rb1805,20170825,20170824,210631500,3731.0,29776,252274,1106670980.0,3732.0,35,3731.0,33
rb1805,20170825,20170824,210632000,3731.0,29790,252278,1107193320.0,3732.0,43,3731.0,41
rb1805,20170825,20170824,210632500,3731.0,29908,252316,1111596840.0,3732.0,2,3731.0,30
rb1805,20170825,20170824,210633000,3732.0,29918,252318,1111970040.0,3733.0,23,3732.0,24
rb1805,20170825,20170824,210633500,3733.0,29934,252324,1112567180.0,3733.0,22,3732.0,1
rb1805,20170825,20170824,210634000,3732.0,29944,252314,1112940380.0,3732.0,5,3731.0,48
rb1805,20170825,20170824,210634500,3732.0,29952,252318,1113238940.0,3733.0,28,3732.0,2
rb1805,20170825,20170824,210635000,3731.0,29968,252318,1113835940.0,3732.0,4,3731.0,51
rb1805,20170825,20170824,210635500,3731.0,29968,252318,1113835940.0,3732.0,7,3731.0,66
rb1805,20170825,20170824,210636000,3731.0,29996,252332,1114880820.0,3733.0,28,3731.0,63
rb1805,20170825,20170824,210636500,3731.0,30000,252332,1115030060.0,3733.0,29,3731.0,62
rb1805,20170825,20170824,210637000,3731.0,30002,252332,1115104680.0,3732.0,1,3731.0,62
rb1805,20170825,20170824,210637500,3732.0,30006,252332,1115253940.0,3732.0,2,3731.0,68
rb1805,20170825,20170824,210638000,3731.0,30008,252332,1115328560.0,3732.0,7,3731.0,68
rb1805,20170825,20170824,210638500,3731.0,30014,252332,1115552420.0,3732.0,8,3731.0,66
rb1805,20170825,20170824,210639000,3731.0,30024,252342,1115925520.0,3732.0,8,3731.0,62
rb1805,20170825,20170824,210639500,3731.0,30026,252342,1116000140.0,3732.0,8,3731.0,62
rb1805,20170825,20170824,210640000,3731.0,30114,252326,1119283420.0,3732.0,8,3731.0,18
rb1805,20170825,20170824,210640500,3732.0,30162,252326,1121074360.0,3732.0,11,3731.0,1
rb1805,20170825,20170824,210641000,3731.0,30186,252322,1121969920.0,3733.0,40,3731.0,7
rb1805,20170825,20170824,210641500,3731.0,30194,252320,1122268400.0,3733.0,40,3732.0,9
rb1805,20170825,20170824,210642000,3732.0,30202,252320,1122566980.0,3733.0,42,3732.0,17
rb1805,20170825,20170824,210642500,3732.0,30222,252304,1123313380.0,3733.0,39,3732.0,19
rb1805,20170825,20170824,210643000,3733.0,30278,252324,1125403760.0,3733.0,22,3732.0,12
rb1805,20170825,20170824,210643500,3732.0,30308,252320,1126523420.0,3732.0,8,3731.0,11
rb1805,20170825,20170824,210644000,3733.0,30362,252348,1128539080.0,3734.0,34,3733.0,29
rb1805,20170825,20170824,210644500,3733.0,30420,252406,1130704220.0,3733.0,48,3731.0,18
rb1805,20170825,20170824,210645000,3731.0,30422,252404,1130778840.0,3732.0,1,3731.0,20
rb1805,20170825,20170824,210645500,3732.0,30424,252406,1130853480.0,3732.0,2,3731.0,20
rb1805,20170825,20170824,210646000,3732.0,30424,252406,1130853480.0,3732.0,9,3731.0,33
rb1805,20170825,20170824,210646500,3732.0,30430,252408,1131077400.0,3732.0,13,3731.0,35
rb1805,20170825,20170824,210647000,3731.0,30434,252406,1131226640.0,3732.0,18,3731.0,31
rb1805,20170825,20170824,210647500,3731.0,30434,252406,1131226640.0,3732.0,18,3731.0,31
rb1805,20170825,20170824,210648000,3731.0,30438,252406,1131375900.0,3732.0,12,3731.0,32
rb1805,20170825,20170824,210648500,3731.0,30444,252406,1131599760.0,3732.0,13,3731.0,29
rb1805,20170825,20170824,210649000,3731.0,30484,252426,1133092360.0,3732.0,3,3731.0,33
rb1805,20170825,20170824,210649500,3731.0,30490,252424,1133316240.0,3732.0,4,3731.0,31
rb1805,20170825,20170824,210650000,3732.0,30502,252424,1133764080.0,3733.0,66,3732.0,51
rb1805,20170825,20170824,210650500,3733.0,30506,252424,1133913400.0,3733.0,43,3732.0,43
rb1805,20170825,20170824,210651000,3732.0,30524,252410,1134585180.0,3733.0,44,3732.0,47
rb1805,20170825,20170824,210651500,3733.0,30526,252410,1134659840.0,3733.0,43,3732.0,48
rb1805,20170825,20170824,210652000,3732.0,30534,252402,1134958420.0,3733.0,42,3732.0,35
rb1805,20170825,20170824,210652500,3732.0,30682,252436,1140482980.0,3734.0,61,3732.0,9
rb1805,20170825,20170824,210653000,3733.0,30808,252518,1145187780.0,3735.0,24,3734.0,1
rb1805,20170825,20170824,210653500,3734.0,30838,252516,1146307980.0,3735.0,27,3734.0,5
rb1805,20170825,20170824,210654000,3734.0,30876,252526,1147727220.0,3735.0,11,3734.0,10
rb1805,20170825,20170824,210654500,3735.0,30914,252524,1149146300.0,3736.0,31,3735.0,4
rb1805,20170825,20170824,210655000,3735.0,30920,252530,1149370400.0,3736.0,31,3735.0,1
rb1805,20170825,20170824,210655500,3734.0,30936,252534,1149967860.0,3734.0,16,3733.0,73
rb1805,20170825,20170824,210656000,3734.0,30978,252502,1151536220.0,3735.0,3,3734.0,9
rb1805,20170825,20170824,210656500,3734.0,30978,252502,1151536220.0,3735.0,15,3734.0,23
rb1805,20170825,20170824,210657000,3735.0,30992,252504,1152059100.0,3736.0,41,3735.0,2
rb1805,20170825,20170824,210657500,3734.0,31000,252502,1152357880.0,3735.0,5,3734.0,23
rb1805,20170825,20170824,210658000,3735.0,31010,252492,1152731380.0,3736.0,41,3734.0,27
rb1805,20170825,20170824,210658500,3735.0,31018,252496,1153030180.0,3735.0,1,3734.0,37
rb1805,20170825,20170824,210659000,3735.0,31028,252504,1153403680.0,3736.0,41,3735.0,8
rb1805,20170825,20170824,210659500,3735.0,31062,252502,1154673520.0,3735.0,15,3734.0,33
rb1805,20170825,20170824,210700000,3735.0,31064,252500,1154748220.0,3735.0,24,3734.0,33
rb1805,20170825,20170824,210700500,3735.0,31112,252494,1156541020.0,3736.0,41,3735.0,10
rb1805,20170825,20170824,210701000,3734.0,31194,252514,1159604160.0,3736.0,19,3734.0,30
rb1805,20170825,20170824,210701500,3734.0,31258,252482,1161995140.0,3735.0,12,3734.0,16
rb1805,20170825,20170824,210702000,3735.0,31288,252466,1163115620.0,3736.0,7,3735.0,1
rb1805,20170825,20170824,210702500,3737.0,31330,252472,1164684960.0,3737.0,9,3735.0,3
rb1805,20170825,20170824,210703000,3737.0,31366,252468,1166030260.0,3738.0,151,3737.0,42
rb1805,20170825,20170824,210703500,3735.0,31460,252426,1169542920.0,3736.0,1,3735.0,37
rb1805,20170825,20170824,210704000,3737.0,31472,252434,1169991260.0,3737.0,58,3736.0,38
rb1805,20170825,20170824,210704500,3737.0,31500,252458,1171037440.0,3737.0,25,3736.0,34
rb1805,20170825,20170824,210705000,3738.0,31660,252578,1177017600.0,3738.0,96,3736.0,35
rb1805,20170825,20170824,210705500,3737.0,31690,252582,1178138700.0,3738.0,97,3737.0,9
rb1805,20170825,20170824,210706000,3738.0,31736,252624,1179858160.0,3738.0,75,3737.0,12
rb1805,20170825,20170824,210706500,3737.0,31970,252708,1188603700.0,3738.0,2,3737.0,17
rb1805,20170825,20170824,210707000,3739.0,32090,252758,1193090040.0,3740.0,45,3739.0,3
rb1805,20170825,20170824,210707500,3739.0,32248,252698,1198997280.0,3738.0,2,3737.0,26
rb1805,20170825,20170824,210708000,3739.0,32284,252700,1200343220.0,3739.0,11,3738.0,49
rb1805,20170825,20170824,210708500,3739.0,32290,252700,1200567520.0,3739.0,7,3738.0,56
rb1805,20170825,20170824,210709000,3738.0,32412,252714,1205128960.0,3739.0,47,3738.0,49
rb1805,20170825,20170824,210709500,3739.0,32464,252676,1207072880.0,3739.0,47,3738.0,31
rb1805,20170825,20170824,210710000,3739.0,32622,252682,1212979940.0,3739.0,3,3738.0,6
rb1805,20170825,20170824,210710500,3737.0,32646,252668,1213877040.0,3738.0,23,3737.0,38
rb1805,20170825,20170824,210711000,3738.0,32654,252668,1214176080.0,3738.0,12,3737.0,35
rb1805,20170825,20170824,210711500,3738.0,32664,252668,1214549880.0,3738.0,7,3737.0,36
rb1805,20170825,20170824,210712000,3738.0,32686,252666,1215372240.0,3738.0,11,3737.0,38
rb1805,20170825,20170824,210712500,3738.0,32766,252664,1218361880.0,3738.0,14,3736.0,4
rb1805,20170825,20170824,210713000,3738.0,32812,252620,1220081360.0,3737.0,2,3736.0,4
rb1805,20170825,20170824,210713500,3737.0,32818,252620,1220305580.0,3737.0,10,3736.0,4
rb1805,20170825,20170824,210714000,3737.0,32838,252608,1221052980.0,3737.0,2,3736.0,6
rb1805,20170825,20170824,210714500,3736.0,32844,252610,1221277180.0,3737.0,6,3736.0,8
rb1805,20170825,20170824,210715000,3738.0,32868,252628,1222174180.0,3737.0,1,3736.0,31
rb1805,20170825,20170824,210715500,3736.0,32872,252626,1222323620.0,3737.0,8,3736.0,23
rb1805,20170825,20170824,210716000,3736.0,32878,252628,1222547800.0,3737.0,8,3736.0,21
rb1805,20170825,20170824,210716500,3736.0,32912,252614,1223818160.0,3737.0,2,3736.0,13
rb1805,20170825,20170824,210717000,3737.0,32920,252620,1224117120.0,3738.0,18,3737.0,10
rb1805,20170825,20170824,210717500,3737.0,32924,252624,1224266600.0,3738.0,23,3737.0,13
rb1805,20170825,20170824,210718000,3737.0,32946,252624,1225088740.0,3737.0,1,3736.0,27
rb1805,20170825,20170824,210718500,3737.0,32962,252624,1225686660.0,3738.0,23,3736.0,27
rb1805,20170825,20170824,210719000,3737.0,32978,252608,1226284580.0,3737.0,4,3736.0,20
rb1805,20170825,20170824,210719500,3737.0,32990,252596,1226733020.0,3738.0,28,3737.0,6
rb1805,20170825,20170824,210720000,3738.0,33002,252604,1227181580.0,3738.0,22,3737.0,7
rb1805,20170825,20170824,210720500,3738.0,33008,252606,1227405820.0,3738.0,42,3737.0,6
rb1805,20170825,20170824,210721000,3737.0,33020,252594,1227854260.0,3737.0,14,3736.0,23
rb1805,20170825,20170824,210721500,3737.0,33020,252594,1227854260.0,3737.0,14,3736.0,20
rb1805,20170825,20170824,210722000,3737.0,33020,252594,1227854260.0,3737.0,14,3736.0,34
rb1805,20170825,20170824,210722500,3736.0,33066,252574,1229572820.0,3737.0,36,3736.0,4
rb1805,20170825,20170824,210723000,3736.0,33076,252574,1229946420.0,3736.0,16,3735.0,48
rb1805,20170825,20170824,210723500,3736.0,33076,252574,1229946420.0,3736.0,14,3735.0,44
rb1805,20170825,20170824,210724000,3736.0,33114,252556,1231366100.0,3737.0,58,3736.0,20
rb1805,20170825,20170824,210724500,3737.0,33136,252544,1232188240.0,3737.0,50,3736.0,17
rb1805,20170825,20170824,210725000,3737.0,33142,252546,1232412440.0,3737.0,48,3736.0,19
rb1805,20170825,20170824,210725500,3737.0,33142,252546,1232412440.0,3737.0,48,3736.0,16
rb1805,20170825,20170824,210726000,3736.0,33144,252546,1232487160.0,3737.0,48,3736.0,14
rb1805,20170825,20170824,210726500,3736.0,33144,252546,1232487160.0,3737.0,48,3736.0,14
rb1805,20170825,20170824,210727000,3736.0,33196,252592,1234429880.0,3736.0,26,3735.0,55
rb1805,20170825,20170824,210727500,3736.0,33198,252594,1234504600.0,3736.0,27,3735.0,55
rb1805,20170825,20170824,210728000,3736.0,33198,252594,1234504600.0,3736.0,28,3735.0,55
rb1805,20170825,20170824,210728500,3736.0,33312,252676,1238762640.0,3736.0,80,3735.0,5
rb1805,20170825,20170824,210729000,3736.0,33388,252732,1241602000.0,3736.0,42,3735.0,25
rb1805,20170825,20170824,210729500,3735.0,33484,252750,1245187960.0,3735.0,22,3734.0,12
rb1805,20170825,20170824,210730000,3736.0,33570,252782,1248400480.0,3736.0,4,3735.0,5
rb1805,20170825,20170824,210730500,3736.0,33570,252782,1248400480.0,3736.0,16,3735.0,9
rb1805,20170825,20170824,210731000,3736.0,33576,252784,1248624640.0,3736.0,13,3735.0,4
rb1805,20170825,20170824,210731500,3736.0,33588,252778,1249072960.0,3736.0,59,3735.0,4
rb1805,20170825,20170824,210732000,3735.0,33600,252786,1249521160.0,3735.0,10,3734.0,11
rb1805,20170825,20170824,210732500,3736.0,33608,252788,1249820020.0,3736.0,58,3735.0,5
rb1805,20170825,20170824,210733000,3735.0,33628,252788,1250567120.0,3736.0,56,3735.0,1
rb1805,20170825,20170824,210733500,3735.0,33632,252788,1250716520.0,3736.0,57,3735.0,20
rb1805,20170825,20170824,210734000,3735.0,33664,252786,1251911720.0,3736.0,71,3735.0,4
rb1805,20170825,20170824,210734500,3735.0,33686,252778,1252733420.0,3735.0,56,3734.0,14
rb1805,20170825,20170824,210735000,3735.0,33798,252814,1256916620.0,3736.0,72,3735.0,1
rb1805,20170825,20170824,210735500,3735.0,33802,252816,1257066020.0,3735.0,52,3734.0,25
rb1805,20170825,20170824,210736000,3735.0,33814,252824,1257514220.0,3735.0,48,3734.0,25
rb1805,20170825,20170824,210736500,3735.0,33816,252826,1257588920.0,3735.0,47,3734.0,25
rb1805,20170825,20170824,210737000,3735.0,33816,252826,1257588920.0,3735.0,57,3734.0,26
rb1805,20170825,20170824,210737500,3734.0,33862,252804,1259306560.0,3734.0,8,3733.0,49
rb1805,20170825,20170824,210738000,3734.0,33866,252804,1259455920.0,3734.0,6,3733.0,49
rb1805,20170825,20170824,210738500,3733.0,33868,252804,1259530580.0,3734.0,9,3733.0,48
rb1805,20170825,20170824,210739000,3733.0,33868,252804,1259530580.0,3734.0,13,3733.0,48
rb1805,20170825,20170824,210739500,3733.0,33892,252814,1260426500.0,3734.0,13,3733.0,45
rb1805,20170825,20170824,210740000,3733.0,33904,252814,1260874460.0,3734.0,14,3733.0,39
rb1805,20170825,20170824,210740500,3733.0,33904,252814,1260874460.0,3734.0,14,3733.0,40
rb1805,20170825,20170824,210741000,3734.0,33950,252834,1262591660.0,3734.0,13,3733.0,19
rb1805,20170825,20170824,210741500,3733.0,34002,252864,1264533100.0,3733.0,55,3732.0,19
rb1805,20170825,20170824,210742000,3733.0,34116,252962,1268788720.0,3734.0,1,3733.0,1
rb1805,20170825,20170824,210742500,3733.0,34120,252964,1268938040.0,3733.0,1,3732.0,47
rb1805,20170825,20170824,210743000,3733.0,34130,252966,1269311340.0,3734.0,2,3733.0,25
rb1805,20170825,20170824,210743500,3734.0,34136,252966,1269535380.0,3735.0,71,3734.0,1
rb1805,20170825,20170824,210744000,3734.0,34138,252968,1269610060.0,3735.0,65,3733.0,28
rb1805,20170825,20170824,210744500,3734.0,34138,252968,1269610060.0,3735.0,75,3733.0,33
rb1805,20170825,20170824,210745000,3733.0,34172,252964,1270879280.0,3735.0,75,3733.0,22
rb1805,20170825,20170824,210745500,3734.0,34192,252944,1271626080.0,3734.0,6,3733.0,27
rb1805,20170825,20170824,210746000,3733.0,34208,252932,1272223440.0,3734.0,12,3733.0,23
rb1805,20170825,20170824,210746500,3733.0,34210,252932,1272298100.0,3734.0,13,3733.0,19
rb1805,20170825,20170824,210747000,3733.0,34214,252928,1272447420.0,3734.0,18,3733.0,19
rb1805,20170825,20170824,210747500,3733.0,34224,252934,1272820720.0,3734.0,18,3733.0,14
rb1805,20170825,20170824,210748000,3733.0,34232,252934,1273119360.0,3734.0,18,3733.0,10
rb1805,20170825,20170824,210748500,3733.0,34254,252952,1273940620.0,3734.0,48,3733.0,1
rb1805,20170825,20170824,210749000,3733.0,34256,252952,1274015280.0,3733.0,3,3732.0,187
rb1805,20170825,20170824,210749500,3733.0,34280,252952,1274911360.0,3734.0,34,3733.0,30
rb1805,20170825,20170824,210750000,3733.0,34298,252956,1275583440.0,3734.0,27,3733.0,29
rb1805,20170825,20170824,210750500,3733.0,34298,252956,1275583440.0,3734.0,27,3733.0,39
rb1805,20170825,20170824,210751000,3734.0,34302,252958,1275732800.0,3734.0,26,3733.0,35
rb1805,20170825,20170824,210751500,3733.0,34314,252960,1276180760.0,3734.0,27,3733.0,29
rb1805,20170825,20170824,210752000,3733.0,34372,252934,1278345900.0,3733.0,21,3732.0,190
rb1805,20170825,20170824,210752500,3733.0,34392,252926,1279092500.0,3733.0,31,3732.0,190
rb1805,20170825,20170824,210753000,3733.0,34396,252924,1279241820.0,3733.0,29,3732.0,187
rb1805,20170825,20170824,210753500,3733.0,34398,252924,1279316480.0,3733.0,29,3732.0,189
rb1805,20170825,20170824,210754000,3733.0,34402,252922,1279465800.0,3733.0,32,3732.0,189
rb1805,20170825,20170824,210754500,3732.0,34426,252920,1280361700.0,3733.0,21,3732.0,206
rb1805,20170825,20170824,210755000,3733.0,34480,252932,1282377520.0,3734.0,83,3733.0,122
rb1805,20170825,20170824,210755500,3733.0,34494,252932,1282900260.0,3734.0,78,3733.0,146
rb1805,20170825,20170824,210756000,3733.0,34536,252966,1284468500.0,3734.0,56,3733.0,109
rb1805,20170825,20170824,210756500,3733.0,34536,252966,1284468500.0,3734.0,56,3733.0,101
rb1805,20170825,20170824,210757000,3734.0,34544,252964,1284767220.0,3734.0,53,3733.0,102
rb1805,20170825,20170824,210757500,3734.0,34566,252970,1285588540.0,3734.0,50,3733.0,95
rb1805,20170825,20170824,210758000,3734.0,34566,252970,1285588540.0,3734.0,50,3733.0,100
rb1805,20170825,20170824,210758500,3733.0,34574,252974,1285887220.0,3734.0,48,3733.0,99
rb1805,20170825,20170824,210759000,3734.0,34594,252974,1286634020.0,3734.0,38,3733.0,99
rb1805,20170825,20170824,210759500,3733.0,34614,252972,1287380800.0,3734.0,29,3733.0,89
rb1805,20170825,20170824,210800000,3734.0,34640,252974,1288351400.0,3734.0,28,3733.0,79
rb1805,20170825,20170824,210800500,3734.0,34644,252978,1288500760.0,3734.0,30,3733.0,98
rb1805,20170825,20170824,210801000,3734.0,34670,253004,1289471600.0,3734.0,20,3733.0,98
rb1805,20170825,20170824,210801500,3734.0,34684,253002,1289994280.0,3734.0,18,3733.0,94
rb1805,20170825,20170824,210802000,3734.0,34720,253038,1291338520.0,3735.0,113,3733.0,74
rb1805,20170825,20170824,210802500,3733.0,34758,253072,1292757540.0,3735.0,106,3734.0,1
rb1805,20170825,20170824,210803000,3734.0,34764,253070,1292981580.0,3734.0,16,3733.0,67
rb1805,20170825,20170824,210803500,3734.0,34770,253070,1293205620.0,3734.0,6,3733.0,72
rb1805,20170825,20170824,210804000,3734.0,34772,253070,1293280300.0,3734.0,18,3733.0,72
rb1805,20170825,20170824,210804500,3733.0,34788,253054,1293877580.0,3734.0,20,3733.0,65
rb1805,20170825,20170824,210805000,3733.0,34848,253104,1296117380.0,3734.0,20,3733.0,35
rb1805,20170825,20170824,210805500,3733.0,34850,253104,1296192040.0,3734.0,20,3733.0,35
rb1805,20170825,20170824,210806000,3734.0,34852,253102,1296266720.0,3734.0,19,3733.0,35
rb1805,20170825,20170824,210806500,3734.0,34852,253102,1296266720.0,3734.0,19,3733.0,40
rb1805,20170825,20170824,210807000,3734.0,34872,253086,1297013520.0,3734.0,10,3733.0,40
rb1805,20170825,20170824,210807500,3734.0,34888,253086,1297610940.0,3734.0,3,3733.0,36
rb1805,20170825,20170824,210808000,3734.0,34888,253086,1297610940.0,3734.0,12,3733.0,37
rb1805,20170825,20170824,210808500,3734.0,34914,253094,1298581780.0,3735.0,109,3734.0,21
rb1805,20170825,20170824,210809000,3734.0,34918,253096,1298731140.0,3735.0,98,3734.0,12
rb1805,20170825,20170824,210809500,3734.0,34918,253096,1298731140.0,3735.0,98,3734.0,7
rb1805,20170825,20170824,210810000,3734.0,34940,253104,1299552620.0,3735.0,98,3734.0,1
rb1805,20170825,20170824,210810500,3734.0,34942,253102,1299627300.0,3735.0,98,3733.0,52
rb1805,20170825,20170824,210811000,3734.0,34942,253102,1299627300.0,3734.0,2,3733.0,52
rb1805,20170825,20170824,210811500,3734.0,34942,253102,1299627300.0,3734.0,4,3733.0,52
rb1805,20170825,20170824,210812000,3734.0,34942,253102,1299627300.0,3734.0,8,3733.0,53
rb1805,20170825,20170824,210812500,3734.0,34942,253102,1299627300.0,3734.0,9,3733.0,73
rb1805,20170825,20170824,210813000,3734.0,34942,253102,1299627300.0,3734.0,9,3733.0,221
rb1805,20170825,20170824,210813500,3734.0,34954,253096,1300075280.0,3734.0,12,3733.0,206
rb1805,20170825,20170824,210814000,3734.0,34954,253096,1300075280.0,3734.0,15,3733.0,208
rb1805,20170825,20170824,210814500,3734.0,34956,253098,1300149960.0,3734.0,11,3733.0,248
rb1805,20170825,20170824,210815000,3734.0,34956,253098,1300149960.0,3734.0,17,3733.0,208
rb1805,20170825,20170824,210815500,3734.0,34964,253102,1300448660.0,3734.0,64,3733.0,209
rb1805,20170825,20170824,210816000,3733.0,34966,253104,1300523320.0,3734.0,64,3733.0,208
rb1805,20170825,20170824,210816500,3734.0,34968,253106,1300598000.0,3734.0,63,3733.0,208
rb1805,20170825,20170824,210817000,3734.0,34976,253100,1300896720.0,3734.0,60,3733.0,208
rb1805,20170825,20170824,210817500,3734.0,34978,253100,1300971400.0,3734.0,60,3733.0,208
rb1805,20170825,20170824,210818000,3734.0,34978,253100,1300971400.0,3734.0,60,3733.0,208
rb1805,20170825,20170824,210818500,3734.0,34994,253114,1301568740.0,3734.0,58,3733.0,203
rb1805,20170825,20170824,210819000,3733.0,35046,253110,1303510340.0,3734.0,39,3733.0,198
rb1805,20170825,20170824,210819500,3734.0,35132,253100,1306721380.0,3734.0,3,3733.0,189
rb1805,20170825,20170824,210820000,3734.0,35138,253096,1306945420.0,3735.0,101,3734.0,13
rb1805,20170825,20170824,210820500,3734.0,35142,253100,1307094780.0,3735.0,104,3734.0,12
rb1805,20170825,20170824,210821000,3734.0,35152,253110,1307468260.0,3735.0,94,3734.0,9
rb1805,20170825,20170824,210821500,3735.0,35340,253216,1314490060.0,3735.0,14,3734.0,62
rb1805,20170825,20170824,210822000,3735.0,35370,253214,1315610560.0,3736.0,127,3735.0,11
rb1805,20170825,20170824,210822500,3736.0,35372,253214,1315685280.0,3736.0,131,3735.0,3
rb1805,20170825,20170824,210823000,3736.0,35378,253214,1315909420.0,3736.0,132,3735.0,13
rb1805,20170825,20170824,210823500,3735.0,35390,253214,1316357620.0,3736.0,135,3735.0,30
rb1805,20170825,20170824,210824000,3735.0,35452,253208,1318673320.0,3735.0,14,3734.0,74
rb1805,20170825,20170824,210824500,3735.0,35452,253208,1318673320.0,3735.0,14,3734.0,68
rb1805,20170825,20170824,210825000,3735.0,35452,253208,1318673320.0,3735.0,14,3734.0,61
rb1805,20170825,20170824,210825500,3735.0,35456,253208,1318822720.0,3735.0,12,3734.0,61
rb1805,20170825,20170824,210826000,3734.0,35460,253212,1318972080.0,3735.0,16,3734.0,59
rb1805,20170825,20170824,210826500,3734.0,35460,253212,1318972080.0,3735.0,18,3734.0,46
rb1805,20170825,20170824,210827000,3735.0,35556,253160,1322556800.0,3735.0,19,3734.0,4
rb1805,20170825,20170824,210827500,3734.0,35594,253168,1323975720.0,3735.0,17,3734.0,7
rb1805,20170825,20170824,210828000,3735.0,35596,253168,1324050420.0,3735.0,17,3734.0,13
rb1805,20170825,20170824,210828500,3735.0,35602,253164,1324274520.0,3735.0,14,3734.0,18
rb1805,20170825,20170824,210829000,3735.0,35622,253172,1325021520.0,3736.0,131,3734.0,18
rb1805,20170825,20170824,210829500,3735.0,35622,253172,1325021520.0,3735.0,1,3734.0,25
rb1805,20170825,20170824,210830000,3735.0,35624,253174,1325096220.0,3736.0,132,3734.0,42
rb1805,20170825,20170824,210830500,3734.0,35628,253174,1325245580.0,3736.0,132,3735.0,1
rb1805,20170825,20170824,210831000,3734.0,35628,253174,1325245580.0,3736.0,132,3735.0,1
rb1805,20170825,20170824,210831500,3736.0,35630,253174,1325320300.0,3736.0,131,3735.0,27
rb1805,20170825,20170824,210832000,3736.0,35636,253174,1325544420.0,3736.0,130,3735.0,13
rb1805,20170825,20170824,210832500,3735.0,35740,253274,1329429820.0,3736.0,78,3735.0,11
rb1805,20170825,20170824,210833000,3735.0,35742,253272,1329504520.0,3736.0,78,3735.0,14
rb1805,20170825,20170824,210833500,3735.0,35764,253266,1330326240.0,3736.0,77,3735.0,7
rb1805,20170825,20170824,210834000,3735.0,35784,253274,1331073380.0,3736.0,68,3735.0,26
rb1805,20170825,20170824,210834500,3735.0,35956,253342,1337498780.0,3735.0,2,3734.0,39
rb1805,20170825,20170824,210835000,3736.0,35982,253352,1338470100.0,3737.0,138,3735.0,54
rb1805,20170825,20170824,210835500,3737.0,35986,253354,1338619580.0,3737.0,136,3736.0,5
rb1805,20170825,20170824,210836000,3736.0,36126,253474,1343851260.0,3737.0,72,3736.0,30
rb1805,20170825,20170824,210836500,3737.0,36128,253476,1343926000.0,3737.0,71,3736.0,31
rb1805,20170825,20170824,210837000,3737.0,36188,253516,1346168200.0,3737.0,41,3736.0,60
rb1805,20170825,20170824,210837500,3736.0,36238,253518,1348036260.0,3737.0,39,3735.0,20
rb1805,20170825,20170824,210838000,3736.0,36238,253518,1348036260.0,3737.0,39,3735.0,30
rb1805,20170825,20170824,210838500,3737.0,36246,253518,1348335200.0,3737.0,37,3736.0,12
rb1805,20170825,20170824,210839000,3735.0,36296,253510,1350202940.0,3736.0,10,3735.0,27
rb1805,20170825,20170824,210839500,3737.0,36390,253478,1353715520.0,3738.0,81,3737.0,9
rb1805,20170825,20170824,210840000,3736.0,36414,253502,1354612380.0,3737.0,47,3736.0,1
rb1805,20170825,20170824,210840500,3737.0,36422,253502,1354911320.0,3737.0,35,3735.0,29
rb1805,20170825,20170824,210841000,3737.0,36446,253508,1355808200.0,3737.0,23,3735.0,39
rb1805,20170825,20170824,210841500,3737.0,36446,253508,1355808200.0,3737.0,24,3735.0,39
rb1805,20170825,20170824,210842000,3737.0,36446,253508,1355808200.0,3737.0,47,3735.0,39
rb1805,20170825,20170824,210842500,3737.0,36450,253508,1355957680.0,3736.0,12,3735.0,29
rb1805,20170825,20170824,210843000,3737.0,36480,253510,1357078540.0,3737.0,35,3736.0,36
rb1805,20170825,20170824,210843500,3736.0,36542,253498,1359394860.0,3736.0,4,3735.0,30
rb1805,20170825,20170824,210844000,3736.0,36566,253478,1360291460.0,3737.0,30,3736.0,2
rb1805,20170825,20170824,210844500,3736.0,36590,253480,1361188100.0,3736.0,4,3735.0,26
rb1805,20170825,20170824,210845000,3736.0,36596,253484,1361412260.0,3736.0,1,3735.0,26
rb1805,20170825,20170824,210845500,3736.0,36618,253482,1362234180.0,3737.0,38,3736.0,5
rb1805,20170825,20170824,210846000,3736.0,36634,253486,1362831940.0,3737.0,35,3736.0,5
rb1805,20170825,20170824,210846500,3736.0,36636,253488,1362906660.0,3737.0,35,3736.0,4
rb1805,20170825,20170824,210847000,3736.0,36636,253488,1362906660.0,3737.0,25,3736.0,4
rb1805,20170825,20170824,210847500,3736.0,36638,253488,1362981380.0,3737.0,27,3736.0,9
rb1805,20170825,20170824,210848000,3736.0,36638,253488,1362981380.0,3737.0,27,3736.0,9
rb1805,20170825,20170824,210848500,3736.0,36642,253492,1363130840.0,3737.0,26,3736.0,8
rb1805,20170825,20170824,210849000,3737.0,36662,253486,1363878240.0,3737.0,29,3736.0,35
rb1805,20170825,20170824,210849500,3736.0,36672,253486,1364251840.0,3737.0,29,3736.0,31
rb1805,20170825,20170824,210850000,3737.0,36692,253486,1364999240.0,3737.0,33,3736.0,47
rb1805,20170825,20170824,210850500,3736.0,36704,253494,1365447580.0,3737.0,55,3736.0,42
rb1805,20170825,20170824,210851000,3736.0,36730,253492,1366418980.0,3737.0,58,3736.0,34
rb1805,20170825,20170824,210851500,3737.0,36732,253492,1366493720.0,3737.0,57,3736.0,34
rb1805,20170825,20170824,210852000,3736.0,36736,253494,1366643180.0,3737.0,61,3736.0,33
rb1805,20170825,20170824,210852500,3737.0,36740,253494,1366792660.0,3737.0,58,3736.0,33
rb1805,20170825,20170824,210853000,3737.0,36744,253494,1366942140.0,3737.0,56,3736.0,32
rb1805,20170825,20170824,210853500,3737.0,36744,253494,1366942140.0,3737.0,57,3736.0,39
rb1805,20170825,20170824,210854000,3736.0,36780,253494,1368287120.0,3737.0,59,3736.0,22
rb1805,20170825,20170824,210854500,3736.0,36804,253508,1369183760.0,3737.0,61,3736.0,10
rb1805,20170825,20170824,210855000,3736.0,36828,253512,1370080400.0,3736.0,17,3735.0,31
rb1805,20170825,20170824,210855500,3736.0,36840,253502,1370528720.0,3736.0,14,3735.0,31
rb1805,20170825,20170824,210856000,3736.0,36892,253496,1372471480.0,3737.0,55,3736.0,34
rb1805,20170825,20170824,210856500,3736.0,36958,253552,1374937240.0,3736.0,17,3735.0,37
rb1805,20170825,20170824,210857000,3736.0,36960,253554,1375011960.0,3736.0,23,3735.0,41
rb1805,20170825,20170824,210857500,3737.0,37030,253600,1377627320.0,3737.0,44,3736.0,3
rb1805,20170825,20170824,210858000,3736.0,37038,253600,1377926200.0,3736.0,16,3735.0,40
rb1805,20170825,20170824,210858500,3736.0,37060,253600,1378748120.0,3736.0,5,3735.0,90
rb1805,20170825,20170824,210859000,3736.0,37070,253600,1379121720.0,3737.0,44,3736.0,12
rb1805,20170825,20170824,210859500,3737.0,37072,253602,1379196460.0,3737.0,43,3736.0,16
rb1805,20170825,20170824,210900000,3737.0,37072,253602,1379196460.0,3737.0,43,3736.0,22
rb1805,20170825,20170824,210900500,3737.0,37136,253632,1381588140.0,3737.0,17,3736.0,41
rb1805,20170825,20170824,210901000,3738.0,37192,253658,1383681060.0,3738.0,85,3737.0,33
rb1805,20170825,20170824,210901500,3737.0,37308,253770,1388016980.0,3738.0,35,3737.0,117
rb1805,20170825,20170824,210902000,3738.0,37386,253802,1390932600.0,3739.0,128,3738.0,8
rb1805,20170825,20170824,210902500,3738.0,37406,253808,1391680200.0,3739.0,128,3738.0,29
rb1805,20170825,20170824,210903000,3739.0,37486,253862,1394671360.0,3739.0,90,3738.0,28
rb1805,20170825,20170824,210903500,3738.0,37512,253878,1395643460.0,3739.0,79,3738.0,36
rb1805,20170825,20170824,210904000,3739.0,37562,253878,1397512880.0,3739.0,60,3738.0,32
rb1805,20170825,20170824,210904500,3739.0,37580,253894,1398185900.0,3739.0,51,3738.0,32
rb1805,20170825,20170824,210905000,3739.0,37590,253900,1398559800.0,3739.0,47,3738.0,32
rb1805,20170825,20170824,210905500,3739.0,37652,253954,1400877900.0,3739.0,20,3738.0,28
rb1805,20170825,20170824,210906000,3739.0,37658,253960,1401102240.0,3739.0,22,3738.0,18
rb1805,20170825,20170824,210906500,3739.0,37664,253966,1401326580.0,3739.0,24,3738.0,18
rb1805,20170825,20170824,210907000,3739.0,37684,253964,1402074380.0,3739.0,14,3738.0,21
rb1805,20170825,20170824,210907500,3739.0,37708,253958,1402971740.0,3739.0,12,3738.0,22
rb1805,20170825,20170824,210908000,3739.0,37708,253958,1402971740.0,3739.0,58,3738.0,44
rb1805,20170825,20170824,210908500,3738.0,37890,253934,1409774900.0,3739.0,59,3738.0,77
rb1805,20170825,20170824,210909000,3739.0,38032,254006,1415082900.0,3739.0,72,3738.0,13
rb1805,20170825,20170824,210909500,3739.0,38164,254006,1420017560.0,3739.0,48,3737.0,134
rb1805,20170825,20170824,210910000,3737.0,38174,254004,1420391400.0,3738.0,4,3737.0,133
rb1805,20170825,20170824,210910500,3738.0,38192,254010,1421064240.0,3738.0,6,3737.0,132
rb1805,20170825,20170824,210911000,3738.0,38194,254008,1421139000.0,3738.0,19,3737.0,132
rb1805,20170825,20170824,210911500,3738.0,38290,254054,1424727480.0,3739.0,46,3738.0,3
rb1805,20170825,20170824,210912000,3738.0,38296,254060,1424951760.0,3738.0,23,3737.0,132
rb1805,20170825,20170824,210912500,3738.0,38296,254060,1424951760.0,3738.0,38,3737.0,132
rb1805,20170825,20170824,210913000,3737.0,38324,254088,1425998120.0,3738.0,48,3737.0,115
rb1805,20170825,20170824,210913500,3738.0,38332,254090,1426297120.0,3738.0,52,3737.0,115
rb1805,20170825,20170824,210914000,3737.0,38596,254288,1436163120.0,3737.0,2,3736.0,21
rb1805,20170825,20170824,210914500,3736.0,38650,254316,1438180560.0,3736.0,33,3735.0,92
rb1805,20170825,20170824,210915000,3736.0,38662,254326,1438628860.0,3736.0,28,3735.0,91
rb1805,20170825,20170824,210915500,3735.0,38664,254326,1438703560.0,3736.0,34,3735.0,90
rb1805,20170825,20170824,210916000,3736.0,38686,254346,1439525460.0,3736.0,24,3735.0,39
rb1805,20170825,20170824,210916500,3736.0,38686,254346,1439525460.0,3736.0,24,3735.0,56
rb1805,20170825,20170824,210917000,3735.0,38700,254356,1440048400.0,3736.0,22,3735.0,52
rb1805,20170825,20170824,210917500,3736.0,38710,254364,1440421960.0,3736.0,19,3735.0,51
rb1805,20170825,20170824,210918000,3735.0,38714,254366,1440571380.0,3736.0,16,3735.0,50
rb1805,20170825,20170824,210918500,3735.0,38714,254366,1440571380.0,3736.0,56,3735.0,50
rb1805,20170825,20170824,210919000,3735.0,38764,254388,1442439200.0,3736.0,40,3735.0,41
rb1805,20170825,20170824,210919500,3736.0,38834,254388,1445054400.0,3737.0,30,3735.0,46
rb1805,20170825,20170824,210920000,3736.0,38836,254390,1445129120.0,3737.0,30,3735.0,46
rb1805,20170825,20170824,210920500,3735.0,38842,254394,1445353220.0,3736.0,5,3735.0,64
rb1805,20170825,20170824,210921000,3735.0,38842,254394,1445353220.0,3736.0,27,3735.0,64
rb1805,20170825,20170824,210921500,3736.0,38846,254396,1445502640.0,3736.0,26,3735.0,63
rb1805,20170825,20170824,210922000,3735.0,38896,254380,1447370140.0,3736.0,36,3735.0,26
rb1805,20170825,20170824,210922500,3735.0,38900,254382,1447519540.0,3736.0,50,3735.0,24
rb1805,20170825,20170824,210923000,3735.0,38964,254418,1449909940.0,3735.0,58,3734.0,60
rb1805,20170825,20170824,210923500,3735.0,38968,254418,1450059340.0,3735.0,82,3734.0,54
rb1805,20170825,20170824,210924000,3735.0,38968,254418,1450059340.0,3735.0,87,3734.0,52
rb1805,20170825,20170824,210924500,3734.0,39018,254436,1451926340.0,3735.0,93,3734.0,27
rb1805,20170825,20170824,210925000,3734.0,39062,254472,1453569340.0,3735.0,101,3734.0,7
rb1805,20170825,20170824,210925500,3734.0,39072,254476,1453942760.0,3735.0,100,3734.0,4
rb1805,20170825,20170824,210926000,3734.0,39086,254482,1454465520.0,3734.0,10,3733.0,248
rb1805,20170825,20170824,210926500,3734.0,39086,254482,1454465520.0,3734.0,12,3733.0,245
rb1805,20170825,20170824,210927000,3734.0,39086,254482,1454465520.0,3734.0,72,3733.0,245
rb1805,20170825,20170824,210927500,3734.0,39110,254490,1455361680.0,3734.0,60,3733.0,245
rb1805,20170825,20170824,210928000,3734.0,39188,254546,1458274200.0,3734.0,31,3733.0,245
rb1805,20170825,20170824,210928500,3733.0,39192,254546,1458423540.0,3734.0,30,3733.0,244
rb1805,20170825,20170824,210929000,3734.0,39196,254546,1458572900.0,3734.0,28,3733.0,244
rb1805,20170825,20170824,210929500,3733.0,39198,254546,1458647560.0,3734.0,28,3733.0,243
rb1805,20170825,20170824,210930000,3733.0,39212,254552,1459170180.0,3734.0,35,3733.0,236
rb1805,20170825,20170824,210930500,3734.0,39216,254554,1459319520.0,3734.0,47,3733.0,235
rb1805,20170825,20170824,210931000,3734.0,39216,254554,1459319520.0,3734.0,52,3733.0,234
rb1805,20170825,20170824,210931500,3733.0,39278,254590,1461634040.0,3734.0,54,3733.0,206
rb1805,20170825,20170824,210932000,3733.0,39320,254618,1463202300.0,3734.0,35,3733.0,208
rb1805,20170825,20170824,210932500,3733.0,39328,254610,1463500960.0,3734.0,37,3733.0,210
rb1805,20170825,20170824,210933000,3734.0,39332,254606,1463650300.0,3734.0,36,3733.0,209
rb1805,20170825,20170824,210933500,3734.0,39332,254606,1463650300.0,3734.0,36,3733.0,208
rb1805,20170825,20170824,210934000,3733.0,39740,254208,1478880940.0,3734.0,45,3733.0,6
rb1805,20170825,20170824,210934500,3733.0,39756,254204,1479478200.0,3733.0,35,3732.0,45
rb1805,20170825,20170824,210935000,3733.0,39764,254200,1479776800.0,3733.0,32,3732.0,40
