instrument,tradingday,calendarday,time,lastp,volume,openinterest,turnover,ask1,asksz1,bid1,bidsz1
rb1805,20171031,20171030,183617500,3589.0,0,1332168,0.0,0.0,0,0.0,0
rb1805,20171031,20171030,205900500,3581.0,5036,1333058,180339160.0,3583.0,1,3581.0,144
rb1805,20171031,20171030,210000500,3586.0,5392,1333154,193106800.0,3586.0,6,3584.0,41
rb1805,20171031,20171030,210001000,3583.0,6104,1333356,218629100.0,3586.0,27,3583.0,186
rb1805,20171031,20171030,210001500,3585.0,7140,1333444,255763140.0,3585.0,86,3583.0,34
rb1805,20171031,20171030,210002000,3586.0,8104,1333266,290302220.0,3586.0,209,3584.0,19
rb1805,20171031,20171030,210002500,3582.0,8554,1333116,306428600.0,3585.0,17,3582.0,260
rb1805,20171031,20171030,210003000,3584.0,8918,1333168,319468340.0,3584.0,35,3583.0,9
rb1805,20171031,20171030,210003500,3585.0,9114,1333158,326493180.0,3585.0,159,3584.0,1
rb1805,20171031,20171030,210004000,3585.0,9754,1333594,349426540.0,3585.0,143,3584.0,213
rb1805,20171031,20171030,210004500,3584.0,10036,1333824,359535020.0,3585.0,120,3584.0,153
rb1805,20171031,20171030,210005000,3584.0,10402,1333892,372652240.0,3584.0,139,3583.0,21
rb1805,20171031,20171030,210005500,3583.0,10914,1333796,390995680.0,3583.0,7,3582.0,521
rb1805,20171031,20171030,210006000,3583.0,11162,1333930,399880640.0,3584.0,83,3582.0,475
rb1805,20171031,20171030,210006500,3582.0,11290,1334038,404465720.0,3583.0,12,3582.0,424
rb1805,20171031,20171030,210007000,3584.0,11598,1334030,415501300.0,3584.0,99,3583.0,26
rb1805,20171031,20171030,210007500,3583.0,11994,1333904,429690060.0,3583.0,81,3582.0,437
rb1805,20171031,20171030,210008000,3582.0,12104,1333930,433630740.0,3583.0,126,3582.0,407
rb1805,20171031,20171030,210008500,3584.0,13236,1334208,474184000.0,3584.0,98,3583.0,12
rb1805,20171031,20171030,210009000,3582.0,14132,1334218,506275640.0,3582.0,57,3581.0,18
rb1805,20171031,20171030,210009500,3582.0,14360,1334364,514441120.0,3582.0,163,3580.0,544
rb1805,20171031,20171030,210010000,3581.0,14494,1334390,519239280.0,3581.0,17,3580.0,518
rb1805,20171031,20171030,210010500,3581.0,14972,1334414,536359780.0,3582.0,77,3581.0,6
rb1805,20171031,20171030,210011000,3582.0,15166,1334546,543307340.0,3582.0,7,3580.0,515
rb1805,20171031,20171030,210011500,3582.0,15318,1334582,548750780.0,3583.0,149,3582.0,34
rb1805,20171031,20171030,210012000,3582.0,15432,1334620,552834960.0,3583.0,93,3582.0,110
rb1805,20171031,20171030,210012500,3583.0,15620,1334638,559570520.0,3583.0,23,3582.0,131
rb1805,20171031,20171030,210013000,3583.0,15748,1334652,564156780.0,3584.0,144,3583.0,111
rb1805,20171031,20171030,210013500,3584.0,15828,1334592,567023200.0,3584.0,143,3583.0,137
rb1805,20171031,20171030,210014000,3584.0,16124,1334540,577631400.0,3585.0,14,3584.0,374
rb1805,20171031,20171030,210014500,3585.0,16314,1334516,584441340.0,3586.0,85,3585.0,75
rb1805,20171031,20171030,210015000,3586.0,16520,1334482,591827240.0,3586.0,94,3585.0,107
rb1805,20171031,20171030,210015500,3586.0,16648,1334474,596416800.0,3586.0,72,3585.0,77
rb1805,20171031,20171030,210016000,3586.0,16684,1334490,597707700.0,3586.0,103,3585.0,87
rb1805,20171031,20171030,210016500,3586.0,16742,1334510,599787440.0,3586.0,184,3585.0,98
rb1805,20171031,20171030,210017000,3586.0,16850,1334578,603660000.0,3586.0,158,3585.0,79
rb1805,20171031,20171030,210017500,3585.0,16926,1334650,606384720.0,3586.0,148,3585.0,54
rb1805,20171031,20171030,210018000,3586.0,16980,1334662,608321060.0,3586.0,130,3585.0,69
rb1805,20171031,20171030,210018500,3585.0,17144,1334758,614200580.0,3585.0,330,3584.0,48
rb1805,20171031,20171030,210019000,3584.0,17196,1334776,616064680.0,3585.0,350,3584.0,174
rb1805,20171031,20171030,210019500,3584.0,17442,1335004,624883620.0,3585.0,238,3584.0,166
rb1805,20171031,20171030,210020000,3584.0,17730,1335136,635207880.0,3585.0,125,3584.0,155
rb1805,20171031,20171030,210020500,3584.0,17802,1335130,637788640.0,3585.0,123,3584.0,135
rb1805,20171031,20171030,210021000,3585.0,18068,1335326,647324760.0,3586.0,135,3585.0,200
rb1805,20171031,20171030,210021500,3585.0,18118,1335350,649117500.0,3586.0,169,3585.0,213
rb1805,20171031,20171030,210022000,3586.0,18358,1335222,657723760.0,3586.0,58,3585.0,254
rb1805,20171031,20171030,210022500,3586.0,18606,1335326,666618500.0,3588.0,17,3586.0,59
rb1805,20171031,20171030,210023000,3587.0,18674,1335314,669058040.0,3588.0,4,3587.0,10
rb1805,20171031,20171030,210023500,3587.0,18728,1335310,670995300.0,3588.0,261,3587.0,24
rb1805,20171031,20171030,210024000,3588.0,18780,1335274,672860760.0,3588.0,253,3587.0,24
rb1805,20171031,20171030,210024500,3588.0,18982,1335186,680108160.0,3588.0,170,3587.0,7
rb1805,20171031,20171030,210025000,3587.0,19678,1334738,705080420.0,3588.0,23,3585.0,238
rb1805,20171031,20171030,210025500,3588.0,19890,1334704,712685720.0,3588.0,93,3586.0,131
rb1805,20171031,20171030,210026000,3587.0,19942,1334748,714551100.0,3588.0,37,3587.0,47
rb1805,20171031,20171030,210026500,3587.0,20026,1334784,717564880.0,3588.0,7,3587.0,93
rb1805,20171031,20171030,210027000,3588.0,20080,1334800,719502280.0,3588.0,10,3587.0,87
rb1805,20171031,20171030,210027500,3587.0,20298,1334730,727322140.0,3587.0,2,3586.0,117
rb1805,20171031,20171030,210028000,3586.0,20754,1335072,743674920.0,3586.0,22,3585.0,222
rb1805,20171031,20171030,210028500,3588.0,20842,1335140,746831140.0,3588.0,53,3586.0,10
rb1805,20171031,20171030,210029000,3586.0,20904,1335110,749054560.0,3587.0,14,3586.0,9
rb1805,20171031,20171030,210029500,3587.0,21204,1335162,759817220.0,3587.0,18,3586.0,180
rb1805,20171031,20171030,210030000,3587.0,21338,1335124,764624640.0,3589.0,1,3587.0,12
rb1805,20171031,20171030,210030500,3587.0,21372,1335132,765844560.0,3589.0,2,3588.0,1
rb1805,20171031,20171030,210031000,3587.0,21496,1335162,770294880.0,3588.0,56,3587.0,25
rb1805,20171031,20171030,210031500,3586.0,21670,1335140,776537420.0,3588.0,21,3586.0,251
rb1805,20171031,20171030,210032000,3589.0,22102,1335190,792047940.0,3593.0,38,3589.0,2
rb1805,20171031,20171030,210032500,3592.0,22208,1335214,795854860.0,3592.0,28,3590.0,21
rb1805,20171031,20171030,210033000,3592.0,22290,1335210,798800500.0,3593.0,38,3592.0,5
rb1805,20171031,20171030,210033500,3593.0,22742,1335296,815037220.0,3594.0,74,3593.0,172
rb1805,20171031,20171030,210034000,3591.0,23498,1335492,842198900.0,3593.0,128,3591.0,17
rb1805,20171031,20171030,210034500,3592.0,23730,1335378,850530020.0,3592.0,9,3590.0,32
rb1805,20171031,20171030,210035000,3592.0,23836,1335382,854335720.0,3592.0,105,3590.0,11
rb1805,20171031,20171030,210035500,3590.0,23884,1335404,856058820.0,3590.0,4,3589.0,92
rb1805,20171031,20171030,210036000,3592.0,24030,1335456,861300840.0,3592.0,145,3589.0,72
rb1805,20171031,20171030,210036500,3591.0,24096,1335452,863670500.0,3591.0,46,3590.0,10
rb1805,20171031,20171030,210037000,3591.0,24418,1335438,875233540.0,3591.0,4,3590.0,5
rb1805,20171031,20171030,210037500,3591.0,24474,1335432,877244300.0,3590.0,5,3589.0,76
rb1805,20171031,20171030,210038000,3590.0,24504,1335438,878321260.0,3591.0,24,3590.0,2
rb1805,20171031,20171030,210038500,3590.0,24530,1335440,879254480.0,3590.0,13,3589.0,59
rb1805,20171031,20171030,210039000,3591.0,24720,1335454,886075680.0,3591.0,37,3589.0,32
rb1805,20171031,20171030,210039500,3590.0,24748,1335470,887080680.0,3591.0,41,3589.0,6
rb1805,20171031,20171030,210040000,3590.0,24798,1335490,888875720.0,3591.0,81,3590.0,48
rb1805,20171031,20171030,210040500,3590.0,24924,1335576,893399080.0,3590.0,44,3589.0,14
rb1805,20171031,20171030,210041000,3588.0,24984,1335544,895552460.0,3589.0,23,3588.0,147
rb1805,20171031,20171030,210041500,3589.0,25134,1335646,900935440.0,3589.0,16,3588.0,121
rb1805,20171031,20171030,210042000,3589.0,25246,1335668,904955560.0,3590.0,16,3589.0,78
rb1805,20171031,20171030,210042500,3588.0,25454,1335732,912420740.0,3589.0,9,3588.0,118
rb1805,20171031,20171030,210043000,3588.0,25790,1335912,924477880.0,3589.0,1,3588.0,1
rb1805,20171031,20171030,210043500,3588.0,25852,1335922,926702780.0,3588.0,30,3587.0,34
rb1805,20171031,20171030,210044000,3589.0,25916,1335986,928999120.0,3589.0,82,3588.0,9
rb1805,20171031,20171030,210044500,3589.0,25920,1335990,929142680.0,3589.0,82,3588.0,134
rb1805,20171031,20171030,210045000,3588.0,25926,1335996,929357960.0,3589.0,50,3588.0,151
rb1805,20171031,20171030,210045500,3588.0,26064,1335920,934310460.0,3589.0,9,3588.0,136
rb1805,20171031,20171030,210046000,3585.0,26944,1336318,965870780.0,3585.0,84,3584.0,133
rb1805,20171031,20171030,210046500,3585.0,27234,1336410,976268800.0,3587.0,5,3585.0,122
rb1805,20171031,20171030,210047000,3586.0,27334,1336396,979856100.0,3588.0,71,3586.0,18
rb1805,20171031,20171030,210047500,3586.0,27426,1336384,983156040.0,3588.0,40,3586.0,30
rb1805,20171031,20171030,210048000,3588.0,27440,1336386,983658160.0,3588.0,32,3587.0,1
rb1805,20171031,20171030,210048500,3587.0,27444,1336388,983801640.0,3588.0,51,3587.0,27
rb1805,20171031,20171030,210049000,3587.0,27478,1336390,985021540.0,3588.0,37,3587.0,46
rb1805,20171031,20171030,210049500,3587.0,27630,1336418,990474380.0,3587.0,1,3586.0,84
rb1805,20171031,20171030,210050000,3587.0,27652,1336416,991263360.0,3587.0,21,3586.0,72
rb1805,20171031,20171030,210050500,3586.0,27804,1336524,996714280.0,3587.0,16,3586.0,9
rb1805,20171031,20171030,210051000,3586.0,27882,1336526,999511360.0,3587.0,68,3586.0,2
rb1805,20171031,20171030,210051500,3586.0,27896,1336536,1000013400.0,3586.0,2,3585.0,34
rb1805,20171031,20171030,210052000,3587.0,27910,1336542,1000515380.0,3587.0,69,3585.0,31
rb1805,20171031,20171030,210052500,3587.0,27926,1336556,1001089060.0,3587.0,67,3586.0,1
rb1805,20171031,20171030,210053000,3587.0,27962,1336588,1002379920.0,3587.0,63,3585.0,24
rb1805,20171031,20171030,210053500,3587.0,28100,1336588,1007330020.0,3588.0,31,3587.0,234
rb1805,20171031,20171030,210054000,3587.0,28268,1336548,1013356180.0,3588.0,33,3587.0,150
rb1805,20171031,20171030,210054500,3585.0,28576,1336492,1024404040.0,3587.0,17,3585.0,64
rb1805,20171031,20171030,210055000,3587.0,28592,1336494,1024977740.0,3587.0,31,3586.0,1
rb1805,20171031,20171030,210055500,3586.0,28600,1336494,1025264600.0,3587.0,37,3585.0,17
rb1805,20171031,20171030,210056000,3585.0,28638,1336510,1026626940.0,3587.0,40,3585.0,2
rb1805,20171031,20171030,210056500,3585.0,28664,1336502,1027559120.0,3586.0,1,3584.0,205
rb1805,20171031,20171030,210057000,3586.0,28686,1336514,1028348080.0,3587.0,69,3586.0,6
rb1805,20171031,20171030,210057500,3586.0,28710,1336512,1029208760.0,3587.0,70,3586.0,10
rb1805,20171031,20171030,210058000,3587.0,28724,1336508,1029710820.0,3587.0,70,3586.0,4
rb1805,20171031,20171030,210058500,3587.0,28772,1336516,1031432520.0,3587.0,51,3586.0,3
rb1805,20171031,20171030,210059000,3587.0,28790,1336518,1032078080.0,3587.0,69,3586.0,6
rb1805,20171031,20171030,210059500,3586.0,28818,1336528,1033082160.0,3586.0,497,3585.0,88
rb1805,20171031,20171030,210100000,3585.0,28862,1336524,1034659780.0,3586.0,489,3585.0,75
rb1805,20171031,20171030,210100500,3586.0,28908,1336552,1036308940.0,3586.0,489,3585.0,58
rb1805,20171031,20171030,210101000,3585.0,29034,1336562,1040826040.0,3585.0,27,3584.0,212
rb1805,20171031,20171030,210101500,3584.0,29130,1336526,1044266880.0,3585.0,84,3584.0,174
rb1805,20171031,20171030,210102000,3585.0,29376,1336504,1053083600.0,3585.0,117,3584.0,59
rb1805,20171031,20171030,210102500,3585.0,29466,1336522,1056309700.0,3585.0,102,3584.0,42
rb1805,20171031,20171030,210103000,3585.0,29590,1336526,1060754900.0,3585.0,60,3584.0,34
rb1805,20171031,20171030,210103500,3585.0,29706,1336564,1064912780.0,3585.0,52,3583.0,166
rb1805,20171031,20171030,210104000,3583.0,30862,1337600,1106352540.0,3584.0,1,3583.0,96
rb1805,20171031,20171030,210104500,3584.0,30946,1337616,1109363280.0,3584.0,7,3583.0,110
rb1805,20171031,20171030,210105000,3583.0,30990,1337640,1110940160.0,3584.0,21,3583.0,107
rb1805,20171031,20171030,210105500,3584.0,31076,1337674,1114022320.0,3584.0,14,3583.0,97
rb1805,20171031,20171030,210106000,3583.0,31180,1337650,1117749120.0,3584.0,39,3583.0,64
rb1805,20171031,20171030,210106500,3583.0,31322,1337646,1122837760.0,3585.0,12,3583.0,48
rb1805,20171031,20171030,210107000,3583.0,31354,1337664,1123984340.0,3584.0,30,3583.0,46
rb1805,20171031,20171030,210107500,3583.0,31402,1337638,1125704200.0,3583.0,3,3582.0,153
rb1805,20171031,20171030,210108000,3583.0,31460,1337644,1127782500.0,3584.0,28,3583.0,13
rb1805,20171031,20171030,210108500,3585.0,31548,1337624,1130936100.0,3585.0,55,3584.0,4
rb1805,20171031,20171030,210109000,3584.0,31600,1337596,1132799600.0,3584.0,23,3583.0,37
rb1805,20171031,20171030,210109500,3584.0,31608,1337592,1133086300.0,3584.0,52,3583.0,40
rb1805,20171031,20171030,210110000,3584.0,31620,1337584,1133516320.0,3584.0,59,3583.0,42
rb1805,20171031,20171030,210110500,3584.0,31634,1337590,1134018020.0,3584.0,58,3583.0,39
rb1805,20171031,20171030,210111000,3584.0,31656,1337578,1134806340.0,3584.0,55,3583.0,24
rb1805,20171031,20171030,210111500,3583.0,31852,1337670,1141829600.0,3584.0,16,3583.0,5
rb1805,20171031,20171030,210112000,3584.0,31862,1337676,1142187940.0,3584.0,304,3583.0,6
rb1805,20171031,20171030,210112500,3583.0,31920,1337680,1144266080.0,3583.0,55,3582.0,186
rb1805,20171031,20171030,210113000,3582.0,31950,1337706,1145340780.0,3583.0,99,3582.0,173
rb1805,20171031,20171030,210113500,3582.0,32000,1337744,1147131900.0,3583.0,95,3582.0,122
rb1805,20171031,20171030,210114000,3582.0,32040,1337758,1148564880.0,3583.0,113,3582.0,113
rb1805,20171031,20171030,210114500,3582.0,32062,1337780,1149353000.0,3583.0,124,3582.0,108
rb1805,20171031,20171030,210115000,3582.0,32296,1337882,1157734880.0,3582.0,27,3581.0,51
rb1805,20171031,20171030,210115500,3581.0,32418,1337944,1162103700.0,3581.0,61,3580.0,555
rb1805,20171031,20171030,210116000,3581.0,32574,1337902,1167688600.0,3581.0,32,3580.0,512
rb1805,20171031,20171030,210116500,3580.0,32828,1338080,1176783560.0,3581.0,23,3580.0,472
rb1805,20171031,20171030,210117000,3580.0,33928,1338362,1216165800.0,3581.0,24,3580.0,35
rb1805,20171031,20171030,210117500,3580.0,34218,1338412,1226546500.0,3580.0,98,3579.0,209
rb1805,20171031,20171030,210118000,3579.0,34886,1338646,1250456000.0,3579.0,29,3578.0,267
rb1805,20171031,20171030,210118500,3579.0,35332,1338732,1266418720.0,3580.0,61,3579.0,115
rb1805,20171031,20171030,210119000,3580.0,35570,1338850,1274939020.0,3581.0,157,3580.0,5
rb1805,20171031,20171030,210119500,3580.0,36020,1338854,1291048200.0,3581.0,167,3579.0,66
rb1805,20171031,20171030,210120000,3579.0,36262,1338640,1299709360.0,3579.0,92,3578.0,311
rb1805,20171031,20171030,210120500,3580.0,36520,1338618,1308943640.0,3580.0,16,3579.0,123
rb1805,20171031,20171030,210121000,3581.0,36650,1338676,1313597900.0,3581.0,136,3580.0,15
rb1805,20171031,20171030,210121500,3580.0,36722,1338688,1316175520.0,3581.0,131,3580.0,30
rb1805,20171031,20171030,210122000,3580.0,37060,1338724,1328275300.0,3581.0,163,3580.0,49
rb1805,20171031,20171030,210122500,3581.0,37124,1338736,1330566780.0,3581.0,195,3580.0,126
rb1805,20171031,20171030,210123000,3581.0,37412,1338556,1340877560.0,3581.0,172,3580.0,12
rb1805,20171031,20171030,210123500,3581.0,37776,1338774,1353912380.0,3582.0,73,3581.0,10
rb1805,20171031,20171030,210124000,3582.0,37994,1338792,1361718460.0,3582.0,26,3580.0,208
rb1805,20171031,20171030,210124500,3581.0,38022,1338802,1362721060.0,3582.0,81,3581.0,17
rb1805,20171031,20171030,210125000,3581.0,38094,1338790,1365299420.0,3582.0,82,3581.0,60
rb1805,20171031,20171030,210125500,3581.0,38228,1338714,1370098020.0,3582.0,87,3581.0,67
rb1805,20171031,20171030,210126000,3581.0,38278,1338728,1371888800.0,3582.0,61,3581.0,72
rb1805,20171031,20171030,210126500,3582.0,38402,1338824,1376330480.0,3583.0,73,3582.0,6
rb1805,20171031,20171030,210127000,3581.0,38500,1338768,1379840900.0,3583.0,24,3581.0,156
rb1805,20171031,20171030,210127500,3582.0,38548,1338768,1381560640.0,3583.0,4,3582.0,27
rb1805,20171031,20171030,210128000,3582.0,38708,1338808,1387292220.0,3583.0,22,3582.0,14
rb1805,20171031,20171030,210128500,3581.0,39284,1339062,1407919900.0,3581.0,21,3580.0,205
rb1805,20171031,20171030,210129000,3581.0,39346,1339102,1410140300.0,3583.0,182,3582.0,3
rb1805,20171031,20171030,210129500,3582.0,39466,1339078,1414438380.0,3582.0,27,3581.0,103
rb1805,20171031,20171030,210130000,3581.0,39560,1339098,1417805800.0,3582.0,1,3581.0,111
rb1805,20171031,20171030,210130500,3582.0,39620,1339138,1419955500.0,3582.0,82,3581.0,113
rb1805,20171031,20171030,210131000,3582.0,39644,1339144,1420815000.0,3582.0,87,3581.0,104
rb1805,20171031,20171030,210131500,3582.0,39892,1339110,1429698720.0,3584.0,19,3582.0,68
rb1805,20171031,20171030,210132000,3584.0,39912,1339098,1430415160.0,3583.0,25,3582.0,135
rb1805,20171031,20171030,210132500,3583.0,40030,1339120,1434643780.0,3585.0,58,3583.0,86
rb1805,20171031,20171030,210133000,3584.0,40034,1339122,1434787120.0,3584.0,20,3583.0,82
rb1805,20171031,20171030,210133500,3584.0,40034,1339122,1434787120.0,3584.0,27,3583.0,100
rb1805,20171031,20171030,210134000,3584.0,40128,1339162,1438156180.0,3585.0,84,3584.0,16
rb1805,20171031,20171030,210134500,3583.0,40290,1339130,1443961680.0,3584.0,11,3583.0,70
rb1805,20171031,20171030,210135000,3584.0,40320,1339126,1445036880.0,3585.0,122,3584.0,2
rb1805,20171031,20171030,210135500,3584.0,40360,1339110,1446470480.0,3585.0,138,3584.0,12
rb1805,20171031,20171030,210136000,3585.0,40486,1339010,1450986520.0,3585.0,93,3583.0,137
rb1805,20171031,20171030,210136500,3585.0,40520,1339002,1452205380.0,3584.0,92,3583.0,148
rb1805,20171031,20171030,210137000,3584.0,40526,1339002,1452420440.0,3584.0,90,3583.0,150
rb1805,20171031,20171030,210137500,3584.0,40698,1339126,1458584700.0,3584.0,16,3583.0,139
rb1805,20171031,20171030,210138000,3584.0,40946,1339214,1467475160.0,3585.0,16,3584.0,40
rb1805,20171031,20171030,210138500,3584.0,41008,1339218,1469697580.0,3586.0,24,3584.0,67
rb1805,20171031,20171030,210139000,3584.0,41120,1339208,1473712080.0,3586.0,27,3584.0,97
rb1805,20171031,20171030,210139500,3586.0,41188,1339204,1476149740.0,3586.0,24,3584.0,78
rb1805,20171031,20171030,210140000,3584.0,41196,1339200,1476436540.0,3586.0,25,3584.0,77
rb1805,20171031,20171030,210140500,3585.0,41228,1339210,1477583540.0,3586.0,23,3585.0,21
rb1805,20171031,20171030,210141000,3586.0,41248,1339224,1478300600.0,3586.0,10,3585.0,72
rb1805,20171031,20171030,210141500,3586.0,41262,1339230,1478802580.0,3586.0,17,3585.0,79
rb1805,20171031,20171030,210142000,3587.0,41344,1339244,1481742740.0,3587.0,98,3585.0,59
rb1805,20171031,20171030,210142500,3585.0,41426,1339240,1484682620.0,3586.0,21,3585.0,27
rb1805,20171031,20171030,210143000,3586.0,41480,1339228,1486619060.0,3586.0,17,3585.0,31
rb1805,20171031,20171030,210143500,3586.0,41514,1339216,1487838300.0,3587.0,99,3586.0,8
rb1805,20171031,20171030,210144000,3585.0,41594,1339138,1490707080.0,3586.0,20,3585.0,36
rb1805,20171031,20171030,210144500,3586.0,41632,1339122,1492069480.0,3586.0,15,3585.0,24
rb1805,20171031,20171030,210145000,3586.0,41724,1339096,1495368220.0,3587.0,132,3586.0,86
rb1805,20171031,20171030,210145500,3586.0,41866,1339184,1500461400.0,3587.0,24,3586.0,202
rb1805,20171031,20171030,210146000,3587.0,41946,1339186,1503331000.0,3588.0,208,3587.0,68
rb1805,20171031,20171030,210146500,3588.0,42186,1339180,1511942040.0,3588.0,106,3587.0,140
rb1805,20171031,20171030,210147000,3588.0,42430,1339204,1520695900.0,3588.0,28,3587.0,141
rb1805,20171031,20171030,210147500,3588.0,42518,1339202,1523853440.0,3589.0,68,3588.0,26
rb1805,20171031,20171030,210148000,3587.0,42742,1339280,1531890760.0,3589.0,61,3588.0,1
rb1805,20171031,20171030,210148500,3589.0,42894,1339368,1537345900.0,3590.0,128,3589.0,44
rb1805,20171031,20171030,210149000,3588.0,43186,1339458,1547826660.0,3589.0,2,3588.0,47
rb1805,20171031,20171030,210149500,3589.0,43230,1339468,1549405900.0,3590.0,83,3589.0,141
rb1805,20171031,20171030,210150000,3589.0,43618,1339408,1563333500.0,3591.0,69,3589.0,107
rb1805,20171031,20171030,210150500,3590.0,43676,1339426,1565415260.0,3590.0,2,3589.0,92
rb1805,20171031,20171030,210151000,3589.0,43772,1339458,1568861180.0,3590.0,6,3589.0,72
rb1805,20171031,20171030,210151500,3589.0,43906,1339568,1573671560.0,3590.0,11,3589.0,61
rb1805,20171031,20171030,210152000,3589.0,44088,1339602,1580203440.0,3589.0,51,3588.0,57
rb1805,20171031,20171030,210152500,3589.0,44226,1339618,1585154840.0,3589.0,135,3587.0,108
rb1805,20171031,20171030,210153000,3589.0,44286,1339608,1587307640.0,3589.0,150,3587.0,93
rb1805,20171031,20171030,210153500,3589.0,44336,1339584,1589102100.0,3589.0,140,3587.0,147
rb1805,20171031,20171030,210154000,3589.0,44348,1339590,1589532760.0,3589.0,138,3588.0,19
rb1805,20171031,20171030,210154500,3589.0,44412,1339614,1591829060.0,3589.0,138,3588.0,40
rb1805,20171031,20171030,210155000,3589.0,44414,1339614,1591900840.0,3589.0,118,3588.0,40
rb1805,20171031,20171030,210155500,3589.0,44512,1339704,1595417960.0,3589.0,76,3588.0,35
rb1805,20171031,20171030,210156000,3589.0,44718,1339790,1602811120.0,3590.0,188,3589.0,63
rb1805,20171031,20171030,210156500,3590.0,44810,1339804,1606113020.0,3590.0,187,3589.0,24
rb1805,20171031,20171030,210157000,3589.0,44930,1339906,1610419300.0,3589.0,54,3588.0,46
rb1805,20171031,20171030,210157500,3589.0,45162,1339922,1618746600.0,3590.0,140,3589.0,5
rb1805,20171031,20171030,210158000,3590.0,45272,1339994,1622695320.0,3589.0,1,3588.0,44
rb1805,20171031,20171030,210158500,3590.0,45310,1339992,1624059500.0,3590.0,105,3589.0,12
rb1805,20171031,20171030,210159000,3590.0,45340,1340006,1625136240.0,3590.0,102,3589.0,1
rb1805,20171031,20171030,210159500,3588.0,45482,1340082,1630233720.0,3589.0,10,3588.0,68
rb1805,20171031,20171030,210200000,3588.0,45530,1340062,1631956260.0,3590.0,73,3588.0,71
rb1805,20171031,20171030,210200500,3589.0,45648,1340112,1636192340.0,3590.0,40,3589.0,52
rb1805,20171031,20171030,210201000,3589.0,45672,1340116,1637053700.0,3590.0,70,3589.0,41
rb1805,20171031,20171030,210201500,3590.0,45752,1340148,1639925200.0,3590.0,61,3589.0,27
rb1805,20171031,20171030,210202000,3589.0,45836,1340208,1642940160.0,3589.0,104,3588.0,46
rb1805,20171031,20171030,210202500,3588.0,45870,1340234,1644160400.0,3589.0,121,3588.0,45
rb1805,20171031,20171030,210203000,3589.0,45882,1340236,1644591040.0,3589.0,132,3588.0,36
rb1805,20171031,20171030,210203500,3588.0,45948,1340294,1646959760.0,3589.0,104,3588.0,35
rb1805,20171031,20171030,210204000,3588.0,45992,1340314,1648538600.0,3589.0,101,3588.0,27
rb1805,20171031,20171030,210204500,3589.0,46082,1340330,1651768220.0,3589.0,80,3588.0,14
rb1805,20171031,20171030,210205000,3588.0,46110,1340336,1652772940.0,3589.0,77,3588.0,30
rb1805,20171031,20171030,210205500,3589.0,46266,1340452,1658371720.0,3589.0,13,3588.0,52
rb1805,20171031,20171030,210206000,3589.0,46370,1340390,1662104280.0,3590.0,65,3589.0,108
rb1805,20171031,20171030,210206500,3589.0,46474,1340464,1665837760.0,3590.0,14,3589.0,68
rb1805,20171031,20171030,210207000,3590.0,46550,1340486,1668566160.0,3591.0,138,3590.0,92
rb1805,20171031,20171030,210207500,3590.0,46558,1340490,1668853380.0,3591.0,135,3590.0,97
rb1805,20171031,20171030,210208000,3591.0,46672,1340456,1672947020.0,3591.0,83,3590.0,99
rb1805,20171031,20171030,210208500,3591.0,46864,1340568,1679841740.0,3592.0,136,3591.0,80
rb1805,20171031,20171030,210209000,3591.0,46882,1340566,1680488180.0,3592.0,131,3591.0,79
rb1805,20171031,20171030,210209500,3591.0,46988,1340636,1684295480.0,3592.0,90,3591.0,71
rb1805,20171031,20171030,210210000,3591.0,46996,1340644,1684582760.0,3592.0,111,3591.0,115
rb1805,20171031,20171030,210210500,3592.0,47032,1340658,1685875780.0,3592.0,117,3591.0,132
rb1805,20171031,20171030,210211000,3592.0,47084,1340676,1687743500.0,3592.0,108,3591.0,131
rb1805,20171031,20171030,210211500,3592.0,47262,1340694,1694136620.0,3592.0,54,3591.0,84
rb1805,20171031,20171030,210212000,3592.0,47300,1340698,1695501420.0,3592.0,55,3591.0,78
rb1805,20171031,20171030,210212500,3592.0,47322,1340694,1696291620.0,3592.0,53,3591.0,78
rb1805,20171031,20171030,210213000,3592.0,47336,1340704,1696794380.0,3592.0,97,3591.0,78
rb1805,20171031,20171030,210213500,3591.0,47364,1340704,1697800040.0,3592.0,101,3591.0,76
rb1805,20171031,20171030,210214000,3592.0,47390,1340728,1698733940.0,3592.0,104,3591.0,76
rb1805,20171031,20171030,210214500,3591.0,47542,1340704,1704192720.0,3592.0,84,3591.0,23
rb1805,20171031,20171030,210215000,3592.0,47680,1340814,1709149500.0,3592.0,26,3591.0,26
rb1805,20171031,20171030,210215500,3591.0,47718,1340822,1710514220.0,3592.0,33,3591.0,25
rb1805,20171031,20171030,210216000,3591.0,47760,1340826,1712022580.0,3592.0,45,3591.0,11
rb1805,20171031,20171030,210216500,3591.0,47772,1340834,1712453560.0,3592.0,43,3591.0,16
rb1805,20171031,20171030,210217000,3591.0,47782,1340834,1712812680.0,3592.0,62,3591.0,18
rb1805,20171031,20171030,210217500,3592.0,47844,1340828,1715039620.0,3592.0,47,3591.0,16
rb1805,20171031,20171030,210218000,3591.0,47880,1340836,1716332600.0,3592.0,77,3591.0,14
rb1805,20171031,20171030,210218500,3591.0,47926,1340852,1717984540.0,3592.0,92,3590.0,139
rb1805,20171031,20171030,210219000,3591.0,47938,1340856,1718415520.0,3592.0,93,3591.0,11
rb1805,20171031,20171030,210219500,3592.0,48002,1340862,1720714380.0,3592.0,64,3591.0,24
rb1805,20171031,20171030,210220000,3592.0,48142,1340812,1725743180.0,3593.0,201,3592.0,33
rb1805,20171031,20171030,210220500,3591.0,48214,1340808,1728329440.0,3592.0,11,3591.0,73
rb1805,20171031,20171030,210221000,3592.0,48312,1340798,1731849600.0,3592.0,62,3591.0,74
rb1805,20171031,20171030,210221500,3592.0,48442,1340742,1736519140.0,3592.0,10,3591.0,67
rb1805,20171031,20171030,210222000,3592.0,48954,1341028,1754914340.0,3594.0,106,3592.0,78
rb1805,20171031,20171030,210222500,3594.0,48966,1341028,1755345540.0,3594.0,101,3593.0,48
rb1805,20171031,20171030,210223000,3593.0,49102,1340976,1760233220.0,3594.0,45,3593.0,105
rb1805,20171031,20171030,210223500,3594.0,49314,1340892,1767852900.0,3595.0,224,3594.0,18
rb1805,20171031,20171030,210224000,3595.0,49346,1340892,1769003280.0,3595.0,209,3594.0,95
rb1805,20171031,20171030,210224500,3595.0,49526,1340788,1775473780.0,3595.0,158,3594.0,72
rb1805,20171031,20171030,210225000,3595.0,49844,1340964,1786903080.0,3595.0,142,3594.0,5
rb1805,20171031,20171030,210225500,3592.0,50154,1340940,1798043800.0,3594.0,220,3592.0,71
rb1805,20171031,20171030,210226000,3594.0,50176,1340922,1798834440.0,3593.0,45,3592.0,67
rb1805,20171031,20171030,210226500,3594.0,50298,1340918,1803218220.0,3593.0,7,3592.0,67
rb1805,20171031,20171030,210227000,3593.0,50362,1340914,1805517640.0,3593.0,39,3592.0,73
rb1805,20171031,20171030,210227500,3593.0,50402,1340912,1806954640.0,3593.0,30,3592.0,64
rb1805,20171031,20171030,210228000,3592.0,50540,1340834,1811912940.0,3593.0,34,3592.0,52
rb1805,20171031,20171030,210228500,3593.0,50640,1340870,1815505660.0,3594.0,199,3593.0,25
rb1805,20171031,20171030,210229000,3593.0,50732,1340910,1818811220.0,3593.0,33,3592.0,37
rb1805,20171031,20171030,210229500,3593.0,50758,1340928,1819745380.0,3593.0,32,3592.0,37
rb1805,20171031,20171030,210230000,3593.0,50774,1340932,1820320260.0,3593.0,26,3592.0,65
rb1805,20171031,20171030,210230500,3593.0,50854,1340920,1823194680.0,3594.0,176,3593.0,4
rb1805,20171031,20171030,210231000,3593.0,50878,1340908,1824057000.0,3593.0,6,3592.0,63
rb1805,20171031,20171030,210231500,3592.0,50906,1340908,1825063000.0,3593.0,1,3592.0,63
rb1805,20171031,20171030,210232000,3593.0,50948,1340910,1826572040.0,3594.0,195,3593.0,23
rb1805,20171031,20171030,210232500,3593.0,50976,1340928,1827578180.0,3594.0,156,3593.0,16
rb1805,20171031,20171030,210233000,3593.0,50982,1340930,1827793800.0,3594.0,155,3593.0,46
rb1805,20171031,20171030,210233500,3593.0,50984,1340930,1827865660.0,3594.0,162,3593.0,49
rb1805,20171031,20171030,210234000,3593.0,51002,1340938,1828512460.0,3594.0,157,3593.0,126
rb1805,20171031,20171030,210234500,3593.0,51010,1340940,1828799920.0,3594.0,146,3593.0,147
rb1805,20171031,20171030,210235000,3593.0,51026,1340942,1829374820.0,3594.0,145,3593.0,143
rb1805,20171031,20171030,210235500,3593.0,51044,1340934,1830021580.0,3594.0,149,3593.0,135
rb1805,20171031,20171030,210236000,3594.0,51072,1340908,1831027820.0,3594.0,138,3593.0,92
rb1805,20171031,20171030,210236500,3593.0,51108,1340874,1832321600.0,3594.0,123,3593.0,90
rb1805,20171031,20171030,210237000,3594.0,51124,1340870,1832896500.0,3594.0,122,3593.0,83
rb1805,20171031,20171030,210237500,3593.0,51154,1340864,1833974560.0,3594.0,116,3593.0,76
rb1805,20171031,20171030,210238000,3594.0,51206,1340898,1835842980.0,3594.0,115,3593.0,57
rb1805,20171031,20171030,210238500,3593.0,51336,1340948,1840513940.0,3593.0,22,3592.0,299
rb1805,20171031,20171030,210239000,3594.0,51386,1340944,1842310460.0,3594.0,131,3593.0,2
rb1805,20171031,20171030,210239500,3594.0,51416,1340946,1843388600.0,3594.0,125,3593.0,28
rb1805,20171031,20171030,210240000,3593.0,51440,1340944,1844251080.0,3594.0,124,3593.0,25
rb1805,20171031,20171030,210240500,3593.0,51552,1341020,1848275380.0,3593.0,4,3592.0,294
rb1805,20171031,20171030,210241000,3593.0,51680,1341046,1852874620.0,3594.0,158,3593.0,52
rb1805,20171031,20171030,210241500,3594.0,51780,1341004,1856467900.0,3594.0,146,3593.0,49
rb1805,20171031,20171030,210242000,3593.0,51932,1340956,1861930160.0,3594.0,110,3593.0,30
rb1805,20171031,20171030,210242500,3593.0,51996,1340976,1864229700.0,3594.0,113,3592.0,292
rb1805,20171031,20171030,210243000,3593.0,52008,1340978,1864660920.0,3594.0,115,3593.0,4
rb1805,20171031,20171030,210243500,3594.0,52022,1340984,1865164080.0,3594.0,108,3593.0,19
rb1805,20171031,20171030,210244000,3593.0,52074,1340980,1867032900.0,3594.0,85,3593.0,47
rb1805,20171031,20171030,210244500,3593.0,52152,1340956,1869835680.0,3594.0,81,3593.0,24
rb1805,20171031,20171030,210245000,3593.0,52174,1340950,1870626160.0,3594.0,86,3593.0,15
rb1805,20171031,20171030,210245500,3592.0,52268,1340920,1874003560.0,3593.0,33,3592.0,298
rb1805,20171031,20171030,210246000,3592.0,52278,1340920,1874362820.0,3593.0,78,3592.0,296
rb1805,20171031,20171030,210246500,3593.0,52288,1340922,1874722060.0,3593.0,93,3592.0,292
rb1805,20171031,20171030,210247000,3593.0,52372,1340894,1877739380.0,3593.0,185,3592.0,253
rb1805,20171031,20171030,210247500,3592.0,52438,1340898,1880110100.0,3593.0,186,3592.0,228
rb1805,20171031,20171030,210248000,3593.0,52450,1340896,1880541220.0,3593.0,187,3592.0,226
rb1805,20171031,20171030,210248500,3593.0,52662,1340890,1888157360.0,3593.0,145,3592.0,176
rb1805,20171031,20171030,210249000,3592.0,52666,1340892,1888301060.0,3593.0,155,3592.0,175
rb1805,20171031,20171030,210249500,3592.0,52736,1340932,1890815480.0,3593.0,155,3592.0,141
rb1805,20171031,20171030,210250000,3592.0,52914,1340860,1897209240.0,3593.0,155,3592.0,54
rb1805,20171031,20171030,210250500,3592.0,53028,1340800,1901304160.0,3592.0,32,3591.0,73
rb1805,20171031,20171030,210251000,3592.0,53070,1340800,1902812800.0,3592.0,25,3591.0,73
rb1805,20171031,20171030,210251500,3591.0,53104,1340794,1904033840.0,3592.0,32,3591.0,65
rb1805,20171031,20171030,210252000,3592.0,53132,1340808,1905039580.0,3592.0,25,3591.0,64
rb1805,20171031,20171030,210252500,3592.0,53144,1340804,1905470600.0,3592.0,25,3591.0,67
rb1805,20171031,20171030,210253000,3591.0,53194,1340834,1907266200.0,3592.0,24,3591.0,47
rb1805,20171031,20171030,210253500,3591.0,53200,1340834,1907481680.0,3592.0,38,3591.0,48
rb1805,20171031,20171030,210254000,3591.0,53310,1340892,1911431820.0,3591.0,466,3590.0,176
rb1805,20171031,20171030,210254500,3591.0,53336,1340906,1912365480.0,3591.0,455,3590.0,179
rb1805,20171031,20171030,210255000,3590.0,53386,1340938,1914160600.0,3591.0,454,3590.0,180
rb1805,20171031,20171030,210255500,3591.0,53460,1340962,1916817320.0,3591.0,448,3590.0,155
rb1805,20171031,20171030,210256000,3591.0,53512,1341012,1918684620.0,3591.0,426,3590.0,165
rb1805,20171031,20171030,210256500,3591.0,53514,1341014,1918756440.0,3591.0,425,3590.0,164
rb1805,20171031,20171030,210257000,3591.0,53552,1341050,1920120800.0,3591.0,417,3590.0,153
rb1805,20171031,20171030,210257500,3591.0,53626,1341082,1922777560.0,3591.0,409,3590.0,125
rb1805,20171031,20171030,210258000,3590.0,53650,1341068,1923639160.0,3591.0,409,3590.0,114
rb1805,20171031,20171030,210258500,3590.0,53782,1341194,1928378040.0,3591.0,405,3590.0,54
rb1805,20171031,20171030,210259000,3590.0,53880,1341184,1931896280.0,3591.0,403,3590.0,10
rb1805,20171031,20171030,210259500,3590.0,53910,1341180,1932973280.0,3590.0,16,3589.0,125
rb1805,20171031,20171030,210300000,3591.0,54008,1341196,1936491740.0,3590.0,1,3589.0,124
rb1805,20171031,20171030,210300500,3590.0,54030,1341204,1937281700.0,3591.0,386,3590.0,9
rb1805,20171031,20171030,210301000,3591.0,54058,1341192,1938286980.0,3591.0,382,3590.0,11
rb1805,20171031,20171030,210301500,3590.0,54092,1341210,1939507800.0,3591.0,371,3590.0,45
rb1805,20171031,20171030,210302000,3591.0,54112,1341216,1940225840.0,3591.0,371,3590.0,53
rb1805,20171031,20171030,210302500,3590.0,54126,1341226,1940728540.0,3591.0,367,3590.0,85
rb1805,20171031,20171030,210303000,3590.0,54228,1341324,1944391280.0,3591.0,321,3590.0,97
rb1805,20171031,20171030,210303500,3590.0,54250,1341326,1945181280.0,3591.0,305,3590.0,108
rb1805,20171031,20171030,210304000,3590.0,54310,1341374,1947335620.0,3591.0,290,3590.0,96
rb1805,20171031,20171030,210304500,3590.0,54322,1341378,1947766480.0,3591.0,290,3590.0,94
rb1805,20171031,20171030,210305000,3590.0,54338,1341390,1948341000.0,3591.0,290,3590.0,119
rb1805,20171031,20171030,210305500,3590.0,54422,1341414,1951357320.0,3591.0,264,3590.0,121
rb1805,20171031,20171030,210306000,3591.0,54462,1341436,1952793420.0,3591.0,264,3590.0,107
rb1805,20171031,20171030,210306500,3590.0,54480,1341436,1953439760.0,3591.0,257,3590.0,106
rb1805,20171031,20171030,210307000,3591.0,54610,1341438,1958108000.0,3591.0,195,3590.0,106
rb1805,20171031,20171030,210307500,3590.0,54734,1341440,1962560800.0,3591.0,135,3590.0,138
rb1805,20171031,20171030,210308000,3591.0,54736,1341440,1962632620.0,3591.0,134,3590.0,145
rb1805,20171031,20171030,210308500,3590.0,54784,1341488,1964356240.0,3591.0,119,3590.0,143
rb1805,20171031,20171030,210309000,3591.0,54820,1341524,1965648960.0,3591.0,105,3590.0,129
rb1805,20171031,20171030,210309500,3591.0,54870,1341574,1967444460.0,3591.0,83,3590.0,132
rb1805,20171031,20171030,210310000,3591.0,54896,1341600,1968378080.0,3591.0,73,3590.0,129
rb1805,20171031,20171030,210310500,3591.0,54922,1341608,1969311720.0,3591.0,61,3590.0,141
rb1805,20171031,20171030,210311000,3591.0,55048,1341698,1973836380.0,3592.0,82,3591.0,6
rb1805,20171031,20171030,210311500,3591.0,55050,1341698,1973908200.0,3592.0,43,3591.0,11
rb1805,20171031,20171030,210312000,3591.0,55052,1341698,1973980020.0,3592.0,43,3591.0,12
rb1805,20171031,20171030,210312500,3591.0,55076,1341706,1974841960.0,3592.0,43,3591.0,61
rb1805,20171031,20171030,210313000,3592.0,55090,1341702,1975344800.0,3592.0,32,3591.0,60
rb1805,20171031,20171030,210313500,3592.0,55160,1341728,1977858700.0,3592.0,28,3591.0,47
rb1805,20171031,20171030,210314000,3592.0,55236,1341756,1980588620.0,3593.0,108,3592.0,37
rb1805,20171031,20171030,210314500,3592.0,55310,1341780,1983246700.0,3592.0,165,3591.0,49
rb1805,20171031,20171030,210315000,3592.0,55314,1341782,1983390380.0,3592.0,146,3591.0,49
rb1805,20171031,20171030,210315500,3592.0,55316,1341782,1983462220.0,3592.0,113,3591.0,38
rb1805,20171031,20171030,210316000,3591.0,55392,1341712,1986191380.0,3591.0,40,3590.0,130
rb1805,20171031,20171030,210316500,3590.0,55704,1341608,1997392180.0,3590.0,25,3589.0,141
rb1805,20171031,20171030,210317000,3590.0,56042,1341788,2009523560.0,3590.0,17,3588.0,69
rb1805,20171031,20171030,210317500,3590.0,56042,1341788,2009523560.0,3590.0,70,3589.0,32
rb1805,20171031,20171030,210318000,3589.0,56110,1341804,2011964120.0,3589.0,44,3588.0,70
rb1805,20171031,20171030,210318500,3588.0,56210,1341734,2015552920.0,3589.0,4,3588.0,60
rb1805,20171031,20171030,210319000,3590.0,56232,1341734,2016342520.0,3590.0,90,3589.0,23
rb1805,20171031,20171030,210319500,3590.0,56234,1341734,2016414320.0,3590.0,99,3589.0,124
rb1805,20171031,20171030,210320000,3589.0,56240,1341732,2016629700.0,3590.0,56,3589.0,105
rb1805,20171031,20171030,210320500,3589.0,56244,1341728,2016773280.0,3590.0,44,3589.0,106
rb1805,20171031,20171030,210321000,3589.0,56306,1341728,2018999060.0,3590.0,23,3589.0,103
rb1805,20171031,20171030,210321500,3589.0,56310,1341732,2019142620.0,3590.0,86,3589.0,101
rb1805,20171031,20171030,210322000,3590.0,56318,1341734,2019429780.0,3590.0,86,3589.0,99
rb1805,20171031,20171030,210322500,3589.0,56322,1341734,2019573340.0,3590.0,87,3589.0,99
rb1805,20171031,20171030,210323000,3589.0,56324,1341734,2019645120.0,3590.0,91,3589.0,98
rb1805,20171031,20171030,210323500,3589.0,56340,1341746,2020219380.0,3590.0,108,3589.0,114
rb1805,20171031,20171030,210324000,3590.0,56342,1341744,2020291180.0,3590.0,109,3589.0,115
rb1805,20171031,20171030,210324500,3590.0,56366,1341752,2021152680.0,3590.0,102,3589.0,133
rb1805,20171031,20171030,210325000,3589.0,56450,1341814,2024167860.0,3590.0,81,3589.0,112
rb1805,20171031,20171030,210325500,3589.0,56458,1341818,2024455020.0,3590.0,79,3589.0,110
rb1805,20171031,20171030,210326000,3590.0,56652,1341684,2031419400.0,3591.0,172,3590.0,16
rb1805,20171031,20171030,210326500,3590.0,56690,1341670,2032783580.0,3591.0,192,3590.0,48
rb1805,20171031,20171030,210327000,3590.0,56788,1341666,2036302080.0,3591.0,153,3590.0,15
rb1805,20171031,20171030,210327500,3590.0,56848,1341712,2038455900.0,3590.0,4,3589.0,95
rb1805,20171031,20171030,210328000,3590.0,56862,1341716,2038958420.0,3590.0,6,3589.0,91
rb1805,20171031,20171030,210328500,3590.0,56866,1341714,2039102020.0,3590.0,106,3589.0,91
rb1805,20171031,20171030,210329000,3590.0,56880,1341720,2039604620.0,3590.0,101,3589.0,92
rb1805,20171031,20171030,210329500,3590.0,56880,1341720,2039604620.0,3590.0,104,3589.0,92
rb1805,20171031,20171030,210330000,3590.0,56886,1341724,2039819980.0,3590.0,115,3589.0,91
rb1805,20171031,20171030,210330500,3590.0,56902,1341732,2040394380.0,3590.0,107,3589.0,92
rb1805,20171031,20171030,210331000,3589.0,56906,1341734,2040537960.0,3590.0,108,3589.0,91
rb1805,20171031,20171030,210331500,3590.0,56922,1341746,2041112240.0,3590.0,106,3589.0,85
rb1805,20171031,20171030,210332000,3589.0,56924,1341746,2041184020.0,3590.0,107,3589.0,86
rb1805,20171031,20171030,210332500,3590.0,56926,1341746,2041255820.0,3590.0,110,3589.0,86
rb1805,20171031,20171030,210333000,3589.0,57028,1341794,2044916600.0,3590.0,120,3589.0,37
rb1805,20171031,20171030,210333500,3589.0,57070,1341834,2046424000.0,3590.0,134,3589.0,18
rb1805,20171031,20171030,210334000,3589.0,57084,1341842,2046926480.0,3590.0,133,3589.0,13
rb1805,20171031,20171030,210334500,3590.0,57116,1341862,2048075280.0,3590.0,117,3589.0,13
rb1805,20171031,20171030,210335000,3589.0,57128,1341866,2048506020.0,3590.0,115,3589.0,32
rb1805,20171031,20171030,210335500,3589.0,57162,1341876,2049726440.0,3590.0,108,3589.0,24
rb1805,20171031,20171030,210336000,3590.0,57412,1341844,2058701420.0,3591.0,160,3590.0,22
rb1805,20171031,20171030,210336500,3590.0,57440,1341840,2059706620.0,3591.0,160,3590.0,8
rb1805,20171031,20171030,210337000,3590.0,57442,1341840,2059778420.0,3591.0,160,3590.0,11
rb1805,20171031,20171030,210337500,3590.0,57444,1341840,2059850220.0,3591.0,248,3590.0,10
rb1805,20171031,20171030,210338000,3591.0,57446,1341840,2059922040.0,3591.0,247,3590.0,10
rb1805,20171031,20171030,210338500,3589.0,57486,1341820,2061358020.0,3590.0,7,3589.0,34
rb1805,20171031,20171030,210339000,3589.0,57486,1341820,2061358020.0,3590.0,23,3589.0,40
rb1805,20171031,20171030,210339500,3590.0,57488,1341822,2061429820.0,3590.0,91,3589.0,34
rb1805,20171031,20171030,210340000,3590.0,57796,1341774,2072486020.0,3591.0,249,3590.0,127
rb1805,20171031,20171030,210340500,3590.0,57838,1341814,2073993820.0,3591.0,249,3590.0,107
rb1805,20171031,20171030,210341000,3590.0,57910,1341874,2076578620.0,3591.0,248,3590.0,71
rb1805,20171031,20171030,210341500,3590.0,57976,1341874,2078948020.0,3591.0,249,3590.0,41
rb1805,20171031,20171030,210342000,3590.0,58058,1341872,2081891820.0,3590.0,20,3589.0,1
rb1805,20171031,20171030,210342500,3589.0,58070,1341874,2082322540.0,3589.0,8,3588.0,244
rb1805,20171031,20171030,210343000,3589.0,58086,1341874,2082896780.0,3590.0,119,3589.0,2
rb1805,20171031,20171030,210343500,3589.0,58086,1341874,2082896780.0,3590.0,121,3589.0,33
rb1805,20171031,20171030,210344000,3589.0,58096,1341870,2083255680.0,3590.0,128,3589.0,85
rb1805,20171031,20171030,210344500,3589.0,58098,1341868,2083327460.0,3590.0,128,3589.0,94
rb1805,20171031,20171030,210345000,3590.0,58100,1341870,2083399260.0,3590.0,134,3589.0,106
rb1805,20171031,20171030,210345500,3589.0,58102,1341868,2083471040.0,3590.0,138,3589.0,48
rb1805,20171031,20171030,210346000,3590.0,58118,1341860,2084045420.0,3590.0,181,3589.0,48
rb1805,20171031,20171030,210346500,3590.0,58118,1341860,2084045420.0,3590.0,191,3589.0,51
rb1805,20171031,20171030,210347000,3590.0,58120,1341860,2084117220.0,3590.0,190,3589.0,58
rb1805,20171031,20171030,210347500,3590.0,58120,1341860,2084117220.0,3590.0,185,3589.0,58
rb1805,20171031,20171030,210348000,3589.0,58224,1341808,2087849800.0,3590.0,184,3589.0,31
rb1805,20171031,20171030,210348500,3590.0,58230,1341810,2088065200.0,3590.0,182,3589.0,48
rb1805,20171031,20171030,210349000,3589.0,58236,1341812,2088280540.0,3590.0,183,3589.0,66
rb1805,20171031,20171030,210349500,3589.0,58236,1341812,2088280540.0,3590.0,185,3589.0,68
rb1805,20171031,20171030,210350000,3589.0,58236,1341812,2088280540.0,3590.0,185,3589.0,69
rb1805,20171031,20171030,210350500,3590.0,58278,1341850,2089787960.0,3590.0,186,3589.0,50
rb1805,20171031,20171030,210351000,3590.0,58298,1341870,2090505960.0,3590.0,176,3589.0,59
rb1805,20171031,20171030,210351500,3589.0,58356,1341914,2092587620.0,3590.0,174,3589.0,114
rb1805,20171031,20171030,210352000,3589.0,58378,1341916,2093377200.0,3590.0,180,3589.0,103
rb1805,20171031,20171030,210352500,3590.0,58384,1341920,2093592600.0,3590.0,176,3589.0,104
rb1805,20171031,20171030,210353000,3590.0,58426,1341942,2095100400.0,3590.0,156,3589.0,108
rb1805,20171031,20171030,210353500,3590.0,58430,1341946,2095244000.0,3590.0,155,3589.0,190
rb1805,20171031,20171030,210354000,3590.0,58470,1341966,2096679960.0,3590.0,139,3589.0,197
rb1805,20171031,20171030,210354500,3589.0,58488,1341968,2097326000.0,3590.0,139,3589.0,189
rb1805,20171031,20171030,210355000,3589.0,58488,1341968,2097326000.0,3590.0,139,3589.0,190
rb1805,20171031,20171030,210355500,3589.0,58496,1341968,2097613140.0,3590.0,138,3589.0,188
rb1805,20171031,20171030,210356000,3590.0,58504,1341966,2097900300.0,3590.0,146,3589.0,186
rb1805,20171031,20171030,210356500,3590.0,58526,1341988,2098690100.0,3590.0,135,3589.0,189
rb1805,20171031,20171030,210357000,3589.0,58606,1342032,2101562020.0,3590.0,89,3589.0,185
rb1805,20171031,20171030,210357500,3589.0,58610,1342034,2101705580.0,3590.0,90,3589.0,183
rb1805,20171031,20171030,210358000,3589.0,58616,1342036,2101920960.0,3590.0,109,3589.0,182
rb1805,20171031,20171030,210358500,3589.0,58618,1342036,2101992740.0,3590.0,116,3589.0,182
rb1805,20171031,20171030,210359000,3589.0,58626,1342036,2102279860.0,3590.0,128,3589.0,178
rb1805,20171031,20171030,210359500,3589.0,58626,1342036,2102279860.0,3590.0,149,3589.0,180
rb1805,20171031,20171030,210400000,3590.0,58628,1342038,2102351660.0,3590.0,148,3589.0,182
rb1805,20171031,20171030,210400500,3590.0,58658,1342046,2103428540.0,3590.0,139,3589.0,176
rb1805,20171031,20171030,210401000,3589.0,58850,1342198,2110319420.0,3589.0,405,3588.0,296
rb1805,20171031,20171030,210401500,3589.0,58854,1342198,2110462980.0,3589.0,403,3588.0,294
rb1805,20171031,20171030,210402000,3588.0,58858,1342202,2110606520.0,3589.0,423,3588.0,330
rb1805,20171031,20171030,210402500,3589.0,58890,1342208,2111754980.0,3589.0,388,3588.0,330
rb1805,20171031,20171030,210403000,3589.0,58960,1342266,2114267200.0,3589.0,359,3588.0,326
rb1805,20171031,20171030,210403500,3588.0,58968,1342268,2114554280.0,3589.0,357,3588.0,326
rb1805,20171031,20171030,210404000,3588.0,59632,1341824,2138378600.0,3588.0,68,3587.0,170
rb1805,20171031,20171030,210404500,3588.0,59678,1341822,2140028660.0,3588.0,68,3587.0,150
rb1805,20171031,20171030,210405000,3588.0,59680,1341820,2140100420.0,3588.0,73,3587.0,150
rb1805,20171031,20171030,210405500,3587.0,59700,1341808,2140817960.0,3588.0,68,3587.0,149
rb1805,20171031,20171030,210406000,3588.0,59812,1341764,2144835420.0,3588.0,79,3587.0,95
rb1805,20171031,20171030,210406500,3587.0,59902,1341838,2148063780.0,3588.0,177,3587.0,63
rb1805,20171031,20171030,210407000,3587.0,60028,1341830,2152583400.0,3587.0,56,3586.0,252
rb1805,20171031,20171030,210407500,3585.0,60544,1342176,2171087220.0,3586.0,70,3585.0,214
rb1805,20171031,20171030,210408000,3586.0,60640,1342190,2174529420.0,3586.0,45,3585.0,155
rb1805,20171031,20171030,210408500,3586.0,60686,1342206,2176178800.0,3586.0,32,3585.0,144
rb1805,20171031,20171030,210409000,3586.0,60702,1342212,2176752540.0,3586.0,26,3585.0,144
rb1805,20171031,20171030,210409500,3585.0,60720,1342220,2177397920.0,3586.0,18,3585.0,141
rb1805,20171031,20171030,210410000,3585.0,60832,1342194,2181413140.0,3586.0,37,3585.0,96
rb1805,20171031,20171030,210410500,3585.0,60844,1342204,2181843340.0,3586.0,38,3585.0,90
rb1805,20171031,20171030,210411000,3586.0,60862,1342208,2182488680.0,3586.0,37,3585.0,90
rb1805,20171031,20171030,210411500,3586.0,60936,1342276,2185142080.0,3586.0,13,3585.0,93
rb1805,20171031,20171030,210412000,3586.0,60972,1342258,2186433040.0,3587.0,77,3586.0,99
rb1805,20171031,20171030,210412500,3586.0,61006,1342270,2187652320.0,3587.0,75,3586.0,79
rb1805,20171031,20171030,210413000,3586.0,61028,1342268,2188441400.0,3587.0,67,3586.0,177
rb1805,20171031,20171030,210413500,3587.0,61080,1342244,2190306220.0,3587.0,61,3586.0,159
rb1805,20171031,20171030,210414000,3586.0,61090,1342238,2190664880.0,3587.0,58,3586.0,157
rb1805,20171031,20171030,210414500,3586.0,61450,1342290,2203574480.0,3586.0,170,3585.0,129
rb1805,20171031,20171030,210415000,3586.0,61476,1342304,2204506760.0,3586.0,201,3585.0,127
rb1805,20171031,20171030,210415500,3586.0,61488,1342304,2204937080.0,3586.0,199,3585.0,127
rb1805,20171031,20171030,210416000,3586.0,61500,1342310,2205367380.0,3586.0,198,3585.0,133
rb1805,20171031,20171030,210416500,3586.0,61526,1342330,2206299740.0,3586.0,185,3585.0,174
rb1805,20171031,20171030,210417000,3586.0,61536,1342336,2206658340.0,3586.0,181,3585.0,176
rb1805,20171031,20171030,210417500,3586.0,61562,1342350,2207590600.0,3586.0,173,3585.0,176
rb1805,20171031,20171030,210418000,3586.0,61650,1342406,2210745480.0,3586.0,172,3585.0,138
rb1805,20171031,20171030,210418500,3585.0,61710,1342372,2212896600.0,3586.0,167,3585.0,115
rb1805,20171031,20171030,210419000,3585.0,61830,1342488,2217199740.0,3586.0,111,3585.0,115
rb1805,20171031,20171030,210419500,3586.0,61848,1342504,2217845100.0,3586.0,128,3585.0,111
rb1805,20171031,20171030,210420000,3585.0,61896,1342518,2219565980.0,3586.0,104,3585.0,192
rb1805,20171031,20171030,210420500,3586.0,61900,1342522,2219709420.0,3586.0,104,3585.0,214
rb1805,20171031,20171030,210421000,3585.0,61922,1342522,2220498120.0,3586.0,126,3585.0,217
rb1805,20171031,20171030,210421500,3586.0,62190,1342660,2230108500.0,3587.0,75,3586.0,133
rb1805,20171031,20171030,210422000,3586.0,62202,1342666,2230538840.0,3587.0,74,3586.0,158
rb1805,20171031,20171030,210422500,3586.0,62210,1342674,2230825720.0,3587.0,74,3586.0,157
rb1805,20171031,20171030,210423000,3586.0,62212,1342676,2230897440.0,3587.0,75,3586.0,156
rb1805,20171031,20171030,210423500,3587.0,62246,1342678,2232116880.0,3587.0,65,3586.0,153
rb1805,20171031,20171030,210424000,3586.0,62252,1342684,2232332040.0,3587.0,72,3586.0,150
rb1805,20171031,20171030,210424500,3586.0,62354,1342726,2235990760.0,3587.0,22,3586.0,170
rb1805,20171031,20171030,210425000,3586.0,62426,1342734,2238572740.0,3587.0,21,3586.0,137
rb1805,20171031,20171030,210425500,3587.0,62444,1342740,2239218260.0,3587.0,20,3586.0,130
rb1805,20171031,20171030,210426000,3586.0,62474,1342770,2240294060.0,3587.0,18,3586.0,116
rb1805,20171031,20171030,210426500,3587.0,62494,1342780,2241011460.0,3587.0,8,3586.0,126
rb1805,20171031,20171030,210427000,3587.0,62506,1342776,2241441900.0,3587.0,37,3586.0,126
rb1805,20171031,20171030,210427500,3586.0,62510,1342778,2241585340.0,3587.0,37,3586.0,128
rb1805,20171031,20171030,210428000,3587.0,62520,1342780,2241944040.0,3587.0,33,3586.0,128
rb1805,20171031,20171030,210428500,3587.0,62530,1342790,2242302720.0,3587.0,29,3586.0,132
rb1805,20171031,20171030,210429000,3587.0,62530,1342790,2242302720.0,3587.0,29,3586.0,132
rb1805,20171031,20171030,210429500,3587.0,62590,1342848,2244454920.0,3588.0,144,3587.0,26
rb1805,20171031,20171030,210430000,3587.0,62596,1342854,2244670140.0,3588.0,154,3587.0,23
rb1805,20171031,20171030,210430500,3587.0,62604,1342860,2244957100.0,3588.0,154,3587.0,71
rb1805,20171031,20171030,210431000,3587.0,62614,1342870,2245315800.0,3588.0,155,3587.0,66
rb1805,20171031,20171030,210431500,3587.0,62614,1342870,2245315800.0,3588.0,151,3587.0,69
rb1805,20171031,20171030,210432000,3588.0,62636,1342858,2246105140.0,3588.0,142,3587.0,68
rb1805,20171031,20171030,210432500,3587.0,62678,1342874,2247611700.0,3588.0,203,3587.0,57
rb1805,20171031,20171030,210433000,3587.0,62704,1342898,2248544520.0,3588.0,193,3587.0,55
rb1805,20171031,20171030,210433500,3587.0,62820,1342930,2252705440.0,3588.0,192,3586.0,162
rb1805,20171031,20171030,210434000,3587.0,62824,1342930,2252848920.0,3587.0,1,3586.0,164
rb1805,20171031,20171030,210434500,3587.0,62824,1342930,2252848920.0,3588.0,192,3587.0,1
rb1805,20171031,20171030,210435000,3587.0,62828,1342932,2252992400.0,3587.0,3,3586.0,164
rb1805,20171031,20171030,210435500,3587.0,62828,1342932,2252992400.0,3587.0,2,3586.0,164
rb1805,20171031,20171030,210436000,3586.0,62834,1342934,2253207600.0,3587.0,2,3586.0,163
rb1805,20171031,20171030,210436500,3587.0,62842,1342936,2253494560.0,3588.0,193,3587.0,2
rb1805,20171031,20171030,210437000,3588.0,62862,1342944,2254212100.0,3588.0,182,3586.0,164
rb1805,20171031,20171030,210437500,3587.0,62868,1342948,2254427300.0,3587.0,4,3586.0,167
rb1805,20171031,20171030,210438000,3587.0,62878,1342942,2254786000.0,3588.0,182,3587.0,12
rb1805,20171031,20171030,210438500,3586.0,62986,1343014,2258659120.0,3588.0,202,3586.0,128
rb1805,20171031,20171030,210439000,3587.0,62996,1343024,2259017820.0,3588.0,182,3587.0,1
rb1805,20171031,20171030,210439500,3587.0,63000,1343024,2259161300.0,3587.0,96,3586.0,139
rb1805,20171031,20171030,210440000,3586.0,63018,1343024,2259806780.0,3587.0,71,3586.0,131
rb1805,20171031,20171030,210440500,3586.0,63108,1342960,2263034180.0,3587.0,74,3586.0,86
rb1805,20171031,20171030,210441000,3587.0,63122,1342974,2263536360.0,3587.0,69,3586.0,96
rb1805,20171031,20171030,210441500,3587.0,63122,1342974,2263536360.0,3587.0,70,3586.0,97
rb1805,20171031,20171030,210442000,3586.0,63124,1342974,2263608080.0,3587.0,72,3586.0,96
rb1805,20171031,20171030,210442500,3586.0,63134,1342974,2263966680.0,3587.0,92,3586.0,93
rb1805,20171031,20171030,210443000,3586.0,63140,1342972,2264181860.0,3587.0,91,3586.0,94
rb1805,20171031,20171030,210443500,3586.0,63150,1342970,2264540500.0,3587.0,159,3586.0,89
rb1805,20171031,20171030,210444000,3586.0,63160,1342974,2264899160.0,3587.0,157,3586.0,87
rb1805,20171031,20171030,210444500,3586.0,63186,1342986,2265831640.0,3587.0,144,3586.0,84
rb1805,20171031,20171030,210445000,3587.0,63190,1342988,2265975120.0,3587.0,143,3586.0,83
rb1805,20171031,20171030,210445500,3586.0,63198,1342988,2266262040.0,3587.0,143,3586.0,82
rb1805,20171031,20171030,210446000,3587.0,63250,1343016,2268126780.0,3587.0,143,3586.0,59
rb1805,20171031,20171030,210446500,3586.0,63264,1343020,2268628820.0,3587.0,147,3586.0,72
rb1805,20171031,20171030,210447000,3587.0,63268,1343022,2268772280.0,3587.0,146,3586.0,71
rb1805,20171031,20171030,210447500,3587.0,63268,1343022,2268772280.0,3587.0,147,3586.0,78
rb1805,20171031,20171030,210448000,3586.0,63372,1342990,2272501720.0,3587.0,147,3586.0,26
rb1805,20171031,20171030,210448500,3586.0,63400,1343008,2273505980.0,3587.0,138,3586.0,21
rb1805,20171031,20171030,210449000,3587.0,63406,1343010,2273721160.0,3587.0,137,3586.0,26
rb1805,20171031,20171030,210449500,3586.0,63416,1343004,2274079760.0,3587.0,138,3586.0,21
rb1805,20171031,20171030,210450000,3587.0,63422,1343000,2274294940.0,3587.0,137,3586.0,24
rb1805,20171031,20171030,210450500,3586.0,63490,1342990,2276733420.0,3586.0,49,3585.0,298
rb1805,20171031,20171030,210451000,3586.0,63496,1342990,2276948560.0,3586.0,47,3585.0,300
rb1805,20171031,20171030,210451500,3586.0,63500,1342986,2277092000.0,3586.0,54,3585.0,303
rb1805,20171031,20171030,210452000,3586.0,63506,1342982,2277307160.0,3586.0,52,3585.0,304
rb1805,20171031,20171030,210452500,3586.0,63512,1342978,2277522300.0,3586.0,71,3585.0,303
rb1805,20171031,20171030,210453000,3586.0,63534,1342978,2278311220.0,3586.0,61,3585.0,304
rb1805,20171031,20171030,210453500,3586.0,63548,1342968,2278813260.0,3586.0,55,3585.0,304
rb1805,20171031,20171030,210454000,3585.0,63554,1342970,2279028380.0,3586.0,56,3585.0,301
rb1805,20171031,20171030,210454500,3586.0,63662,1342914,2282900300.0,3586.0,52,3585.0,259
rb1805,20171031,20171030,210455000,3586.0,63778,1342870,2287059940.0,3587.0,148,3586.0,18
rb1805,20171031,20171030,210455500,3586.0,63804,1342876,2287992400.0,3587.0,145,3586.0,10
rb1805,20171031,20171030,210456000,3586.0,63812,1342878,2288279300.0,3587.0,143,3586.0,68
rb1805,20171031,20171030,210456500,3586.0,63824,1342878,2288709620.0,3587.0,156,3586.0,70
rb1805,20171031,20171030,210457000,3586.0,63824,1342878,2288709620.0,3587.0,158,3586.0,71
rb1805,20171031,20171030,210457500,3586.0,63956,1342898,2293443160.0,3587.0,158,3586.0,7
rb1805,20171031,20171030,210458000,3586.0,63958,1342898,2293514880.0,3587.0,159,3586.0,91
rb1805,20171031,20171030,210458500,3586.0,63960,1342898,2293586600.0,3587.0,139,3586.0,99
rb1805,20171031,20171030,210459000,3586.0,63988,1342896,2294590940.0,3587.0,119,3586.0,148
rb1805,20171031,20171030,210459500,3586.0,64214,1342750,2302697540.0,3587.0,7,3586.0,148
rb1805,20171031,20171030,210500000,3587.0,64228,1342750,2303199720.0,3588.0,228,3587.0,5
rb1805,20171031,20171030,210500500,3585.0,64556,1342966,2314962000.0,3586.0,8,3585.0,269
rb1805,20171031,20171030,210501000,3586.0,64612,1342998,2316970200.0,3587.0,10,3586.0,13
rb1805,20171031,20171030,210501500,3586.0,64656,1342998,2318548060.0,3587.0,20,3586.0,28
rb1805,20171031,20171030,210502000,3586.0,64702,1342996,2320197920.0,3587.0,12,3586.0,42
rb1805,20171031,20171030,210502500,3587.0,64788,1343002,2323282220.0,3588.0,227,3587.0,63
rb1805,20171031,20171030,210503000,3586.0,64966,1342954,2329666820.0,3587.0,73,3586.0,4
rb1805,20171031,20171030,210503500,3587.0,65118,1343094,2335119040.0,3588.0,228,3587.0,25
rb1805,20171031,20171030,210504000,3587.0,65170,1343136,2336984280.0,3587.0,5,3586.0,13
rb1805,20171031,20171030,210504500,3586.0,65180,1343140,2337342880.0,3587.0,10,3586.0,10
rb1805,20171031,20171030,210505000,3586.0,65214,1343130,2338562120.0,3586.0,19,3585.0,275
rb1805,20171031,20171030,210505500,3586.0,65216,1343128,2338633840.0,3586.0,29,3585.0,276
rb1805,20171031,20171030,210506000,3585.0,65238,1343114,2339422720.0,3586.0,24,3585.0,279
rb1805,20171031,20171030,210506500,3586.0,65294,1343126,2341430720.0,3586.0,11,3585.0,271
rb1805,20171031,20171030,210507000,3586.0,65296,1343126,2341502440.0,3586.0,10,3585.0,276
rb1805,20171031,20171030,210507500,3586.0,65302,1343120,2341717600.0,3586.0,47,3585.0,296
rb1805,20171031,20171030,210508000,3586.0,65314,1343122,2342147900.0,3586.0,49,3585.0,290
rb1805,20171031,20171030,210508500,3585.0,65330,1343106,2342721500.0,3586.0,55,3585.0,292
rb1805,20171031,20171030,210509000,3586.0,65358,1343098,2343725440.0,3586.0,78,3585.0,288
rb1805,20171031,20171030,210509500,3586.0,65362,1343098,2343868860.0,3586.0,77,3585.0,303
rb1805,20171031,20171030,210510000,3585.0,65366,1343096,2344012260.0,3586.0,77,3585.0,300
rb1805,20171031,20171030,210510500,3586.0,65370,1343094,2344155700.0,3586.0,87,3585.0,567
rb1805,20171031,20171030,210511000,3586.0,65394,1343090,2345016280.0,3586.0,124,3585.0,565
rb1805,20171031,20171030,210511500,3585.0,65438,1343070,2346593840.0,3586.0,116,3585.0,551
rb1805,20171031,20171030,210512000,3585.0,65462,1343068,2347454260.0,3586.0,126,3585.0,541
rb1805,20171031,20171030,210512500,3585.0,65468,1343062,2347669380.0,3586.0,123,3585.0,540
rb1805,20171031,20171030,210513000,3586.0,65488,1343046,2348386540.0,3586.0,115,3585.0,539
rb1805,20171031,20171030,210513500,3586.0,65494,1343044,2348601680.0,3586.0,114,3585.0,542
rb1805,20171031,20171030,210514000,3585.0,65520,1343042,2349533960.0,3586.0,105,3585.0,538
rb1805,20171031,20171030,210514500,3585.0,65528,1343040,2349820800.0,3586.0,103,3585.0,538
rb1805,20171031,20171030,210515000,3585.0,65532,1343042,2349964220.0,3586.0,105,3585.0,548
rb1805,20171031,20171030,210515500,3586.0,65536,1343040,2350107660.0,3586.0,103,3585.0,550
rb1805,20171031,20171030,210516000,3585.0,65652,1343072,2354267260.0,3586.0,53,3585.0,545
rb1805,20171031,20171030,210516500,3586.0,65664,1343060,2354697580.0,3586.0,49,3585.0,545
rb1805,20171031,20171030,210517000,3586.0,65676,1343048,2355127900.0,3586.0,45,3585.0,546
rb1805,20171031,20171030,210517500,3586.0,66546,1343286,2386317440.0,3586.0,48,3585.0,113
rb1805,20171031,20171030,210518000,3585.0,66806,1343318,2395638920.0,3586.0,28,3585.0,7
rb1805,20171031,20171030,210518500,3585.0,66830,1343326,2396499320.0,3585.0,13,3584.0,259
rb1805,20171031,20171030,210519000,3584.0,67012,1343382,2403023540.0,3586.0,13,3584.0,209
rb1805,20171031,20171030,210519500,3584.0,67040,1343380,2404027220.0,3586.0,27,3585.0,1
rb1805,20171031,20171030,210520000,3585.0,67110,1343382,2406536720.0,3585.0,21,3584.0,206
rb1805,20171031,20171030,210520500,3584.0,67272,1343362,2412342800.0,3585.0,31,3584.0,126
rb1805,20171031,20171030,210521000,3584.0,67454,1343442,2418865700.0,3585.0,116,3584.0,37
rb1805,20171031,20171030,210521500,3584.0,67550,1343364,2422306220.0,3584.0,134,3583.0,270
rb1805,20171031,20171030,210522000,3583.0,67734,1343316,2428898940.0,3584.0,126,3583.0,179
rb1805,20171031,20171030,210522500,3583.0,68066,1343324,2440794500.0,3584.0,126,3583.0,29
rb1805,20171031,20171030,210523000,3583.0,68148,1343288,2443732680.0,3583.0,75,3582.0,362
rb1805,20171031,20171030,210523500,3582.0,68178,1343282,2444807540.0,3583.0,86,3582.0,358
rb1805,20171031,20171030,210524000,3582.0,68218,1343266,2446240420.0,3583.0,89,3582.0,342
rb1805,20171031,20171030,210524500,3583.0,68332,1343240,2450323980.0,3583.0,90,3582.0,289
rb1805,20171031,20171030,210525000,3582.0,68434,1343246,2453978000.0,3583.0,81,3582.0,263
rb1805,20171031,20171030,210525500,3583.0,68470,1343262,2455267580.0,3583.0,80,3582.0,247
rb1805,20171031,20171030,210526000,3582.0,68504,1343270,2456485560.0,3583.0,86,3582.0,237
rb1805,20171031,20171030,210526500,3582.0,68542,1343280,2457846740.0,3583.0,86,3582.0,219
rb1805,20171031,20171030,210527000,3582.0,68580,1343266,2459208040.0,3583.0,75,3582.0,208
rb1805,20171031,20171030,210527500,3583.0,68632,1343230,2461071140.0,3583.0,53,3582.0,211
rb1805,20171031,20171030,210528000,3583.0,68684,1343210,2462934240.0,3583.0,36,3582.0,236
rb1805,20171031,20171030,210528500,3583.0,68770,1343198,2466015620.0,3584.0,100,3583.0,27
rb1805,20171031,20171030,210529000,3584.0,69056,1343320,2476261360.0,3584.0,89,3583.0,8
rb1805,20171031,20171030,210529500,3583.0,69146,1343366,2479485640.0,3583.0,70,3582.0,143
rb1805,20171031,20171030,210530000,3582.0,69320,1343464,2485719100.0,3583.0,33,3582.0,96
rb1805,20171031,20171030,210530500,3583.0,69342,1343480,2486507300.0,3583.0,28,3582.0,95
rb1805,20171031,20171030,210531000,3582.0,69568,1343560,2494603780.0,3583.0,15,3582.0,42
rb1805,20171031,20171030,210531500,3582.0,69672,1343632,2498329240.0,3583.0,63,3581.0,225
rb1805,20171031,20171030,210532000,3583.0,69726,1343622,2500263640.0,3583.0,113,3581.0,216
rb1805,20171031,20171030,210532500,3581.0,69764,1343618,2501624680.0,3583.0,117,3581.0,209
rb1805,20171031,20171030,210533000,3581.0,69798,1343610,2502842420.0,3582.0,2,3581.0,211
rb1805,20171031,20171030,210533500,3581.0,69866,1343630,2505277540.0,3582.0,47,3581.0,180
rb1805,20171031,20171030,210534000,3582.0,69896,1343634,2506351900.0,3582.0,84,3581.0,171
rb1805,20171031,20171030,210534500,3582.0,69946,1343648,2508142560.0,3582.0,77,3581.0,154
rb1805,20171031,20171030,210535000,3582.0,70070,1343764,2512584160.0,3582.0,31,3581.0,151
rb1805,20171031,20171030,210535500,3581.0,70274,1343722,2519891260.0,3583.0,129,3581.0,142
rb1805,20171031,20171030,210536000,3582.0,70280,1343724,2520106180.0,3583.0,130,3582.0,20
rb1805,20171031,20171030,210536500,3582.0,70604,1343730,2531714540.0,3583.0,16,3582.0,35
rb1805,20171031,20171030,210537000,3583.0,70756,1343796,2537162040.0,3584.0,1,3583.0,129
rb1805,20171031,20171030,210537500,3584.0,70772,1343812,2537735480.0,3585.0,80,3584.0,36
rb1805,20171031,20171030,210538000,3583.0,70988,1343712,2545475620.0,3584.0,21,3583.0,21
rb1805,20171031,20171030,210538500,3583.0,71024,1343704,2546765520.0,3584.0,25,3583.0,38
rb1805,20171031,20171030,210539000,3584.0,71078,1343682,2548700880.0,3585.0,81,3584.0,50
rb1805,20171031,20171030,210539500,3583.0,71186,1343638,2552571520.0,3584.0,159,3583.0,45
rb1805,20171031,20171030,210540000,3583.0,71252,1343642,2554936320.0,3584.0,209,3583.0,16
rb1805,20171031,20171030,210540500,3582.0,71392,1343668,2559951540.0,3583.0,83,3582.0,67
rb1805,20171031,20171030,210541000,3583.0,71446,1343678,2561886320.0,3583.0,32,3582.0,68
rb1805,20171031,20171030,210541500,3582.0,71526,1343652,2564752320.0,3583.0,13,3582.0,62
rb1805,20171031,20171030,210542000,3583.0,71530,1343650,2564895640.0,3583.0,16,3582.0,71
rb1805,20171031,20171030,210542500,3583.0,71572,1343674,2566400500.0,3584.0,413,3583.0,48
rb1805,20171031,20171030,210543000,3583.0,71602,1343702,2567475400.0,3584.0,415,3583.0,36
rb1805,20171031,20171030,210543500,3584.0,71698,1343714,2570915260.0,3584.0,407,3583.0,5
rb1805,20171031,20171030,210544000,3582.0,71904,1343808,2578295020.0,3583.0,183,3582.0,38
rb1805,20171031,20171030,210544500,3583.0,71926,1343826,2579083240.0,3583.0,188,3582.0,38
rb1805,20171031,20171030,210545000,3581.0,72036,1343910,2583023340.0,3583.0,183,3582.0,1
rb1805,20171031,20171030,210545500,3582.0,72088,1343960,2584886480.0,3583.0,160,3582.0,2
rb1805,20171031,20171030,210546000,3582.0,72094,1343964,2585101400.0,3582.0,3,3581.0,172
rb1805,20171031,20171030,210546500,3582.0,72130,1343960,2586390980.0,3583.0,160,3582.0,76
rb1805,20171031,20171030,210547000,3583.0,72194,1344014,2588683980.0,3583.0,145,3582.0,30
rb1805,20171031,20171030,210547500,3582.0,72266,1344066,2591263260.0,3583.0,136,3582.0,12
rb1805,20171031,20171030,210548000,3582.0,72282,1344072,2591836500.0,3583.0,130,3582.0,37
rb1805,20171031,20171030,210548500,3583.0,72296,1344082,2592338040.0,3583.0,128,3582.0,36
rb1805,20171031,20171030,210549000,3582.0,72362,1344132,2594702300.0,3583.0,122,3582.0,21
rb1805,20171031,20171030,210549500,3583.0,72492,1344258,2599360020.0,3583.0,67,3582.0,21
rb1805,20171031,20171030,210550000,3582.0,72498,1344262,2599574940.0,3583.0,67,3582.0,26
rb1805,20171031,20171030,210550500,3583.0,72524,1344284,2600506480.0,3583.0,56,3582.0,48
rb1805,20171031,20171030,210551000,3582.0,72528,1344288,2600649780.0,3583.0,57,3582.0,54
rb1805,20171031,20171030,210551500,3583.0,72574,1344328,2602297960.0,3583.0,36,3582.0,55
rb1805,20171031,20171030,210552000,3582.0,72616,1344330,2603802500.0,3583.0,31,3582.0,40
rb1805,20171031,20171030,210552500,3582.0,72714,1344310,2607313020.0,3582.0,91,3581.0,205
rb1805,20171031,20171030,210553000,3582.0,72794,1344310,2610178600.0,3582.0,53,3581.0,207
rb1805,20171031,20171030,210553500,3582.0,72802,1344308,2610465160.0,3582.0,54,3581.0,209
rb1805,20171031,20171030,210554000,3582.0,73114,1344442,2621639000.0,3582.0,4,3581.0,111
rb1805,20171031,20171030,210554500,3582.0,73126,1344440,2622068840.0,3582.0,11,3581.0,110
rb1805,20171031,20171030,210555000,3582.0,73158,1344458,2623214780.0,3582.0,12,3581.0,99
rb1805,20171031,20171030,210555500,3582.0,73288,1344438,2627870760.0,3582.0,32,3581.0,82
rb1805,20171031,20171030,210556000,3581.0,73402,1344472,2631953160.0,3582.0,44,3581.0,28
rb1805,20171031,20171030,210556500,3581.0,73484,1344456,2634889600.0,3581.0,58,3580.0,572
rb1805,20171031,20171030,210557000,3581.0,73512,1344438,2635892260.0,3581.0,70,3580.0,581
rb1805,20171031,20171030,210557500,3580.0,73532,1344438,2636608340.0,3581.0,125,3580.0,574
rb1805,20171031,20171030,210558000,3581.0,73924,1344512,2650642160.0,3581.0,140,3580.0,394
rb1805,20171031,20171030,210558500,3580.0,74770,1344788,2680929340.0,3580.0,3,3579.0,235
rb1805,20171031,20171030,210559000,3579.0,75282,1344838,2699254040.0,3579.0,4,3578.0,316
rb1805,20171031,20171030,210559500,3578.0,75842,1344694,2719297280.0,3579.0,8,3578.0,348
rb1805,20171031,20171030,210600000,3578.0,76500,1344762,2742845620.0,3579.0,86,3578.0,225
rb1805,20171031,20171030,210600500,3578.0,76756,1344784,2752006340.0,3579.0,43,3578.0,146
rb1805,20171031,20171030,210601000,3580.0,77084,1344872,2763744100.0,3580.0,82,3579.0,168
rb1805,20171031,20171030,210601500,3580.0,77286,1344918,2770975080.0,3580.0,14,3579.0,174
rb1805,20171031,20171030,210602000,3579.0,77346,1344908,2773122900.0,3581.0,64,3580.0,160
rb1805,20171031,20171030,210602500,3581.0,77444,1344948,2776631340.0,3581.0,49,3580.0,232
rb1805,20171031,20171030,210603000,3580.0,77530,1344980,2779710600.0,3581.0,33,3580.0,256
rb1805,20171031,20171030,210603500,3581.0,77998,1345070,2796466340.0,3582.0,48,3581.0,16
rb1805,20171031,20171030,210604000,3582.0,78060,1345076,2798686660.0,3582.0,73,3581.0,32
rb1805,20171031,20171030,210604500,3580.0,78154,1345086,2802053060.0,3582.0,40,3581.0,17
rb1805,20171031,20171030,210605000,3582.0,78264,1345124,2805993260.0,3583.0,48,3582.0,15
rb1805,20171031,20171030,210605500,3582.0,78290,1345140,2806924640.0,3583.0,74,3582.0,96
rb1805,20171031,20171030,210606000,3583.0,78422,1345222,2811654040.0,3583.0,56,3582.0,100
rb1805,20171031,20171030,210606500,3584.0,78548,1345228,2816168620.0,3584.0,376,3583.0,32
rb1805,20171031,20171030,210607000,3583.0,78610,1345236,2818390360.0,3584.0,377,3583.0,19
rb1805,20171031,20171030,210607500,3583.0,78732,1345232,2822760740.0,3583.0,107,3582.0,72
rb1805,20171031,20171030,210608000,3582.0,78882,1345280,2828134080.0,3583.0,206,3582.0,15
rb1805,20171031,20171030,210608500,3582.0,78928,1345272,2829781760.0,3582.0,28,3581.0,78
rb1805,20171031,20171030,210609000,3582.0,78938,1345280,2830139960.0,3582.0,19,3581.0,108
rb1805,20171031,20171030,210609500,3582.0,78968,1345292,2831214380.0,3582.0,55,3581.0,114
rb1805,20171031,20171030,210610000,3582.0,79134,1345342,2837160680.0,3583.0,233,3582.0,50
rb1805,20171031,20171030,210610500,3582.0,79192,1345380,2839238220.0,3582.0,3,3581.0,114
rb1805,20171031,20171030,210611000,3582.0,79230,1345380,2840599380.0,3583.0,234,3582.0,16
rb1805,20171031,20171030,210611500,3582.0,79262,1345400,2841745640.0,3583.0,245,3582.0,9
rb1805,20171031,20171030,210612000,3582.0,79306,1345374,2843321720.0,3582.0,6,3581.0,105
rb1805,20171031,20171030,210612500,3582.0,79338,1345394,2844467980.0,3582.0,2,3581.0,114
rb1805,20171031,20171030,210613000,3582.0,79390,1345400,2846330680.0,3582.0,11,3581.0,121
rb1805,20171031,20171030,210613500,3581.0,79452,1345426,2848551500.0,3582.0,1,3581.0,118
rb1805,20171031,20171030,210614000,3582.0,79488,1345444,2849841020.0,3583.0,271,3582.0,4
rb1805,20171031,20171030,210614500,3582.0,79506,1345454,2850485800.0,3583.0,320,3582.0,59
rb1805,20171031,20171030,210615000,3583.0,79588,1345504,2853423140.0,3583.0,274,3582.0,30
rb1805,20171031,20171030,210615500,3582.0,79596,1345510,2853709700.0,3583.0,277,3582.0,67
rb1805,20171031,20171030,210616000,3583.0,79606,1345518,2854067920.0,3583.0,266,3582.0,74
rb1805,20171031,20171030,210616500,3582.0,79926,1345596,2865532640.0,3583.0,150,3582.0,32
rb1805,20171031,20171030,210617000,3583.0,80244,1345594,2876926460.0,3584.0,394,3583.0,16
rb1805,20171031,20171030,210617500,3583.0,80382,1345592,2881870820.0,3584.0,405,3583.0,27
rb1805,20171031,20171030,210618000,3583.0,80458,1345548,2884593860.0,3583.0,121,3582.0,72
rb1805,20171031,20171030,210618500,3583.0,80468,1345548,2884952120.0,3583.0,91,3582.0,66
rb1805,20171031,20171030,210619000,3582.0,80518,1345550,2886743140.0,3583.0,195,3582.0,43
rb1805,20171031,20171030,210619500,3582.0,80658,1345610,2891757940.0,3582.0,63,3581.0,90
rb1805,20171031,20171030,210620000,3582.0,80862,1345498,2899063280.0,3582.0,82,3581.0,1
rb1805,20171031,20171030,210620500,3581.0,80888,1345500,2899994340.0,3581.0,58,3580.0,168
rb1805,20171031,20171030,210621000,3581.0,80902,1345496,2900495680.0,3581.0,52,3580.0,168
rb1805,20171031,20171030,210621500,3581.0,80930,1345492,2901498360.0,3581.0,44,3580.0,171
rb1805,20171031,20171030,210622000,3581.0,80938,1345490,2901784840.0,3581.0,40,3580.0,180
rb1805,20171031,20171030,210622500,3581.0,80966,1345480,2902787520.0,3581.0,26,3580.0,181
rb1805,20171031,20171030,210623000,3581.0,80974,1345478,2903073980.0,3581.0,23,3580.0,182
rb1805,20171031,20171030,210623500,3581.0,80982,1345476,2903360400.0,3581.0,30,3580.0,183
rb1805,20171031,20171030,210624000,3581.0,81044,1345442,2905580620.0,3582.0,55,3581.0,12
rb1805,20171031,20171030,210624500,3581.0,81350,1345458,2916535740.0,3582.0,53,3581.0,5
rb1805,20171031,20171030,210625000,3580.0,81568,1345416,2924340680.0,3580.0,14,3579.0,150
rb1805,20171031,20171030,210625500,3581.0,81612,1345416,2925916020.0,3581.0,14,3580.0,56
rb1805,20171031,20171030,210626000,3581.0,81630,1345416,2926560600.0,3581.0,7,3580.0,76
rb1805,20171031,20171030,210626500,3581.0,81680,1345448,2928351200.0,3582.0,61,3581.0,7
rb1805,20171031,20171030,210627000,3581.0,81732,1345494,2930213360.0,3581.0,38,3580.0,60
rb1805,20171031,20171030,210627500,3581.0,81736,1345498,2930356600.0,3581.0,36,3580.0,116
rb1805,20171031,20171030,210628000,3581.0,81836,1345592,2933937660.0,3582.0,64,3581.0,37
rb1805,20171031,20171030,210628500,3581.0,81836,1345592,2933937660.0,3582.0,77,3581.0,63
rb1805,20171031,20171030,210629000,3582.0,81848,1345600,2934367500.0,3582.0,71,3581.0,73
rb1805,20171031,20171030,210629500,3581.0,81872,1345588,2935227160.0,3582.0,65,3581.0,77
rb1805,20171031,20171030,210630000,3582.0,81998,1345674,2939740480.0,3583.0,234,3582.0,82
rb1805,20171031,20171030,210630500,3582.0,81998,1345674,2939740480.0,3583.0,234,3582.0,75
rb1805,20171031,20171030,210631000,3582.0,82072,1345666,2942391500.0,3583.0,217,3582.0,20
rb1805,20171031,20171030,210631500,3582.0,82152,1345626,2945257080.0,3582.0,17,3581.0,82
rb1805,20171031,20171030,210632000,3582.0,82168,1345630,2945830080.0,3582.0,37,3581.0,66
rb1805,20171031,20171030,210632500,3582.0,82204,1345636,2947119600.0,3582.0,221,3581.0,71
rb1805,20171031,20171030,210633000,3582.0,82352,1345690,2952420960.0,3582.0,155,3581.0,82
rb1805,20171031,20171030,210633500,3582.0,82360,1345696,2952707500.0,3582.0,155,3581.0,68
rb1805,20171031,20171030,210634000,3582.0,82364,1345700,2952850780.0,3582.0,157,3581.0,69
rb1805,20171031,20171030,210634500,3582.0,82366,1345700,2952922420.0,3582.0,162,3581.0,83
rb1805,20171031,20171030,210635000,3581.0,82412,1345732,2954570020.0,3582.0,163,3581.0,88
rb1805,20171031,20171030,210635500,3582.0,82456,1345764,2956145720.0,3582.0,197,3581.0,59
rb1805,20171031,20171030,210636000,3581.0,82576,1345774,2960442920.0,3581.0,103,3580.0,121
rb1805,20171031,20171030,210636500,3581.0,82606,1345776,2961517200.0,3581.0,94,3580.0,116
rb1805,20171031,20171030,210637000,3581.0,82664,1345722,2963594100.0,3581.0,84,3580.0,129
rb1805,20171031,20171030,210637500,3581.0,82680,1345718,2964167060.0,3581.0,72,3580.0,129
rb1805,20171031,20171030,210638000,3580.0,82696,1345718,2964739920.0,3581.0,79,3580.0,104
rb1805,20171031,20171030,210638500,3581.0,82750,1345738,2966673400.0,3581.0,65,3580.0,92
rb1805,20171031,20171030,210639000,3581.0,82766,1345730,2967246360.0,3581.0,58,3580.0,95
rb1805,20171031,20171030,210639500,3580.0,82820,1345716,2969179660.0,3581.0,113,3580.0,93
rb1805,20171031,20171030,210640000,3581.0,82840,1345716,2969895760.0,3581.0,109,3580.0,88
rb1805,20171031,20171030,210640500,3581.0,82964,1345752,2974335040.0,3581.0,107,3580.0,34
rb1805,20171031,20171030,210641000,3580.0,83040,1345698,2977055920.0,3580.0,69,3579.0,182
rb1805,20171031,20171030,210641500,3580.0,83132,1345626,2980349480.0,3580.0,28,3579.0,185
rb1805,20171031,20171030,210642000,3580.0,83202,1345580,2982855500.0,3581.0,127,3580.0,16
rb1805,20171031,20171030,210642500,3581.0,83246,1345578,2984430840.0,3581.0,120,3580.0,7
rb1805,20171031,20171030,210643000,3581.0,83254,1345584,2984717280.0,3581.0,133,3580.0,37
rb1805,20171031,20171030,210643500,3580.0,83260,1345586,2984932120.0,3581.0,131,3580.0,50
rb1805,20171031,20171030,210644000,3580.0,83274,1345592,2985433340.0,3581.0,130,3580.0,94
rb1805,20171031,20171030,210644500,3580.0,83330,1345618,2987438560.0,3581.0,111,3580.0,108
rb1805,20171031,20171030,210645000,3581.0,83456,1345634,2991950420.0,3581.0,45,3580.0,103
rb1805,20171031,20171030,210645500,3581.0,83474,1345650,2992594940.0,3581.0,39,3580.0,128
rb1805,20171031,20171030,210646000,3581.0,83542,1345688,2995030020.0,3581.0,13,3580.0,131
rb1805,20171031,20171030,210646500,3581.0,83584,1345686,2996534040.0,3582.0,194,3581.0,19
rb1805,20171031,20171030,210647000,3580.0,83648,1345706,2998825720.0,3582.0,198,3580.0,152
rb1805,20171031,20171030,210647500,3581.0,83660,1345716,2999255440.0,3582.0,198,3581.0,2
rb1805,20171031,20171030,210648000,3580.0,83694,1345722,3000472740.0,3581.0,3,3580.0,233
rb1805,20171031,20171030,210648500,3581.0,83700,1345718,3000687600.0,3581.0,17,3580.0,233
rb1805,20171031,20171030,210649000,3581.0,83712,1345728,3001117300.0,3581.0,27,3580.0,232
rb1805,20171031,20171030,210649500,3580.0,83716,1345730,3001260520.0,3581.0,38,3580.0,238
rb1805,20171031,20171030,210650000,3580.0,83756,1345726,3002692720.0,3581.0,35,3580.0,229
rb1805,20171031,20171030,210650500,3580.0,83774,1345728,3003337240.0,3581.0,110,3580.0,233
rb1805,20171031,20171030,210651000,3580.0,83796,1345742,3004125000.0,3581.0,109,3580.0,249
rb1805,20171031,20171030,210651500,3580.0,83804,1345736,3004411420.0,3581.0,106,3580.0,250
rb1805,20171031,20171030,210652000,3580.0,83820,1345740,3004984360.0,3581.0,102,3580.0,262
rb1805,20171031,20171030,210652500,3581.0,84050,1345924,3013220660.0,3582.0,208,3581.0,21
rb1805,20171031,20171030,210653000,3581.0,84056,1345930,3013435520.0,3582.0,208,3581.0,120
rb1805,20171031,20171030,210653500,3581.0,84070,1345932,3013936980.0,3582.0,198,3581.0,227
rb1805,20171031,20171030,210654000,3581.0,84534,1346166,3030552820.0,3581.0,18,3580.0,285
rb1805,20171031,20171030,210654500,3581.0,84570,1346166,3031841980.0,3582.0,199,3581.0,74
rb1805,20171031,20171030,210655000,3582.0,84640,1346196,3034349380.0,3582.0,169,3581.0,80
rb1805,20171031,20171030,210655500,3581.0,84878,1346172,3042874180.0,3582.0,83,3581.0,70
rb1805,20171031,20171030,210656000,3582.0,84880,1346174,3042945820.0,3582.0,79,3581.0,83
rb1805,20171031,20171030,210656500,3581.0,84888,1346172,3043232320.0,3582.0,80,3581.0,83
rb1805,20171031,20171030,210657000,3582.0,84914,1346168,3044163620.0,3582.0,68,3581.0,59
rb1805,20171031,20171030,210657500,3581.0,84942,1346168,3045166360.0,3582.0,67,3581.0,54
rb1805,20171031,20171030,210658000,3581.0,84966,1346172,3046025820.0,3582.0,98,3581.0,41
rb1805,20171031,20171030,210658500,3581.0,84972,1346174,3046240700.0,3582.0,97,3581.0,36
rb1805,20171031,20171030,210659000,3581.0,85094,1346248,3050609520.0,3581.0,1,3580.0,314
rb1805,20171031,20171030,210659500,3581.0,85102,1346248,3050896000.0,3581.0,6,3580.0,325
rb1805,20171031,20171030,210700000,3581.0,85194,1346248,3054191200.0,3581.0,13,3580.0,325
rb1805,20171031,20171030,210700500,3580.0,85278,1346284,3057198840.0,3581.0,9,3580.0,311
rb1805,20171031,20171030,210701000,3581.0,85778,1346510,3075099000.0,3581.0,17,3580.0,69
rb1805,20171031,20171030,210701500,3580.0,85962,1346588,3081686200.0,3580.0,20,3579.0,186
rb1805,20171031,20171030,210702000,3581.0,86156,1346684,3088632940.0,3582.0,42,3581.0,9
rb1805,20171031,20171030,210702500,3581.0,86208,1346702,3090495040.0,3581.0,67,3580.0,1
rb1805,20171031,20171030,210703000,3581.0,86228,1346700,3091211200.0,3581.0,44,3579.0,186
rb1805,20171031,20171030,210703500,3581.0,86232,1346702,3091354420.0,3581.0,297,3580.0,30
rb1805,20171031,20171030,210704000,3580.0,86304,1346726,3093932000.0,3580.0,3,3579.0,186
rb1805,20171031,20171030,210704500,3579.0,86340,1346734,3095220800.0,3580.0,50,3579.0,207
rb1805,20171031,20171030,210705000,3580.0,86670,1346690,3107031860.0,3580.0,91,3579.0,41
rb1805,20171031,20171030,210705500,3579.0,86770,1346738,3110610900.0,3579.0,175,3578.0,172
rb1805,20171031,20171030,210706000,3578.0,86922,1346868,3116049520.0,3579.0,207,3578.0,100
rb1805,20171031,20171030,210706500,3578.0,87168,1347014,3124851520.0,3578.0,10,3577.0,292
rb1805,20171031,20171030,210707000,3578.0,87256,1347004,3127999780.0,3578.0,17,3577.0,271
rb1805,20171031,20171030,210707500,3577.0,87300,1347020,3129573820.0,3578.0,17,3577.0,266
rb1805,20171031,20171030,210708000,3579.0,87742,1347046,3145384960.0,3579.0,173,3578.0,3
rb1805,20171031,20171030,210708500,3578.0,87864,1347076,3149749640.0,3579.0,178,3578.0,107
rb1805,20171031,20171030,210709000,3578.0,87902,1347066,3151109280.0,3579.0,160,3578.0,162
rb1805,20171031,20171030,210709500,3579.0,88054,1346968,3156548820.0,3579.0,110,3578.0,168
rb1805,20171031,20171030,210710000,3578.0,88068,1346958,3157049840.0,3579.0,92,3578.0,186
rb1805,20171031,20171030,210710500,3579.0,88266,1347016,3164136280.0,3580.0,46,3579.0,41
rb1805,20171031,20171030,210711000,3579.0,88934,1346642,3188037520.0,3579.0,159,3578.0,4
rb1805,20171031,20171030,210711500,3578.0,88978,1346656,3189612160.0,3579.0,146,3578.0,63
rb1805,20171031,20171030,210712000,3579.0,89330,1346776,3202209720.0,3580.0,36,3579.0,119
rb1805,20171031,20171030,210712500,3579.0,89422,1346758,3205503120.0,3580.0,4,3579.0,163
rb1805,20171031,20171030,210713000,3580.0,89486,1346744,3207794320.0,3581.0,355,3580.0,28
rb1805,20171031,20171030,210713500,3580.0,89534,1346746,3209512960.0,3581.0,302,3580.0,9
rb1805,20171031,20171030,210714000,3579.0,89680,1346646,3214738580.0,3580.0,51,3579.0,91
rb1805,20171031,20171030,210714500,3579.0,89894,1346608,3222397640.0,3579.0,51,3578.0,90
rb1805,20171031,20171030,210715000,3579.0,89914,1346606,3223113440.0,3579.0,41,3578.0,101
rb1805,20171031,20171030,210715500,3578.0,90016,1346584,3226763580.0,3579.0,13,3578.0,80
rb1805,20171031,20171030,210716000,3579.0,90024,1346584,3227049880.0,3579.0,12,3578.0,84
rb1805,20171031,20171030,210716500,3579.0,90034,1346586,3227407700.0,3579.0,12,3578.0,82
rb1805,20171031,20171030,210717000,3579.0,90070,1346606,3228696080.0,3580.0,120,3578.0,82
rb1805,20171031,20171030,210717500,3578.0,90112,1346582,3230198960.0,3579.0,9,3578.0,68
rb1805,20171031,20171030,210718000,3578.0,90208,1346564,3233634600.0,3579.0,226,3578.0,60
rb1805,20171031,20171030,210718500,3578.0,90262,1346524,3235566760.0,3579.0,245,3578.0,37
rb1805,20171031,20171030,210719000,3578.0,90358,1346538,3239001640.0,3578.0,205,3577.0,80
rb1805,20171031,20171030,210719500,3577.0,90406,1346546,3240718860.0,3578.0,194,3577.0,69
rb1805,20171031,20171030,210720000,3577.0,90436,1346548,3241792100.0,3578.0,191,3577.0,64
rb1805,20171031,20171030,210720500,3578.0,90464,1346552,3242793700.0,3578.0,197,3577.0,53
rb1805,20171031,20171030,210721000,3577.0,90502,1346562,3244153100.0,3578.0,190,3577.0,42
rb1805,20171031,20171030,210721500,3578.0,90610,1346588,3248016700.0,3578.0,171,3577.0,11
rb1805,20171031,20171030,210722000,3578.0,90846,1346766,3256456860.0,3578.0,164,3576.0,201
rb1805,20171031,20171030,210722500,3576.0,90902,1346764,3258459940.0,3577.0,1,3576.0,199
rb1805,20171031,20171030,210723000,3577.0,91162,1346766,3267760540.0,3577.0,1,3576.0,211
rb1805,20171031,20171030,210723500,3577.0,91204,1346766,3269263000.0,3578.0,128,3577.0,11
rb1805,20171031,20171030,210724000,3577.0,91212,1346770,3269549160.0,3578.0,128,3577.0,140
rb1805,20171031,20171030,210724500,3577.0,91422,1346980,3277061800.0,3578.0,82,3577.0,135
rb1805,20171031,20171030,210725000,3577.0,91488,1347018,3279422820.0,3578.0,72,3577.0,137
rb1805,20171031,20171030,210725500,3577.0,91552,1347052,3281712680.0,3578.0,43,3577.0,193
rb1805,20171031,20171030,210726000,3578.0,91684,1347144,3286435680.0,3579.0,252,3578.0,7
rb1805,20171031,20171030,210726500,3577.0,91904,1347242,3294305420.0,3578.0,1,3577.0,126
rb1805,20171031,20171030,210727000,3577.0,92166,1347098,3303677360.0,3579.0,248,3577.0,36
rb1805,20171031,20171030,210727500,3578.0,92174,1347102,3303963540.0,3579.0,248,3578.0,5
rb1805,20171031,20171030,210728000,3578.0,92186,1347092,3304392900.0,3579.0,259,3578.0,20
rb1805,20171031,20171030,210728500,3578.0,92198,1347096,3304822300.0,3579.0,257,3578.0,31
rb1805,20171031,20171030,210729000,3579.0,92268,1347158,3307327140.0,3579.0,245,3578.0,15
rb1805,20171031,20171030,210729500,3578.0,92286,1347162,3307971200.0,3579.0,244,3578.0,15
rb1805,20171031,20171030,210730000,3579.0,92302,1347166,3308543800.0,3579.0,238,3578.0,8
rb1805,20171031,20171030,210730500,3578.0,92376,1347214,3311191740.0,3578.0,2,3577.0,123
rb1805,20171031,20171030,210731000,3578.0,92450,1347218,3313839460.0,3578.0,2,3577.0,130
rb1805,20171031,20171030,210731500,3577.0,92542,1347244,3317131120.0,3578.0,11,3577.0,127
rb1805,20171031,20171030,210732000,3578.0,92634,1347222,3320422480.0,3578.0,8,3577.0,103
rb1805,20171031,20171030,210732500,3578.0,92706,1347278,3322998780.0,3579.0,207,3578.0,7
rb1805,20171031,20171030,210733000,3578.0,92732,1347284,3323929060.0,3579.0,206,3578.0,15
rb1805,20171031,20171030,210733500,3578.0,92750,1347292,3324573160.0,3579.0,203,3578.0,68
rb1805,20171031,20171030,210734000,3577.0,93364,1346944,3346539600.0,3578.0,3,3577.0,7
rb1805,20171031,20171030,210734500,3578.0,93404,1346934,3347970840.0,3579.0,198,3578.0,33
rb1805,20171031,20171030,210735000,3577.0,93478,1346896,3350618560.0,3578.0,26,3577.0,36
rb1805,20171031,20171030,210735500,3578.0,93540,1346844,3352836920.0,3579.0,193,3578.0,85
rb1805,20171031,20171030,210736000,3578.0,93654,1346908,3356915940.0,3579.0,198,3578.0,33
rb1805,20171031,20171030,210736500,3578.0,93770,1346960,3361066320.0,3578.0,24,3577.0,33
rb1805,20171031,20171030,210737000,3577.0,93778,1346962,3361352540.0,3578.0,39,3577.0,36
rb1805,20171031,20171030,210737500,3577.0,93802,1346958,3362211040.0,3578.0,53,3577.0,57
rb1805,20171031,20171030,210738000,3578.0,93826,1346972,3363069760.0,3578.0,45,3577.0,69
rb1805,20171031,20171030,210738500,3577.0,93856,1346978,3364143020.0,3578.0,349,3577.0,59
rb1805,20171031,20171030,210739000,3578.0,93864,1346982,3364429240.0,3578.0,356,3577.0,64
rb1805,20171031,20171030,210739500,3577.0,94024,1347034,3370152540.0,3577.0,81,3576.0,276
rb1805,20171031,20171030,210740000,3576.0,94206,1347120,3376662800.0,3577.0,31,3576.0,289
rb1805,20171031,20171030,210740500,3577.0,94292,1347076,3379739060.0,3578.0,369,3577.0,66
rb1805,20171031,20171030,210741000,3578.0,94340,1347060,3381456260.0,3578.0,361,3577.0,96
rb1805,20171031,20171030,210741500,3576.0,94542,1346942,3388681840.0,3577.0,4,3576.0,294
rb1805,20171031,20171030,210742000,3577.0,94566,1346948,3389540360.0,3578.0,368,3577.0,4
rb1805,20171031,20171030,210742500,3577.0,94618,1346940,3391400460.0,3577.0,29,3576.0,282
rb1805,20171031,20171030,210743000,3576.0,94726,1347012,3395263560.0,3578.0,372,3576.0,291
rb1805,20171031,20171030,210743500,3578.0,94798,1347006,3397839200.0,3578.0,360,3577.0,6
rb1805,20171031,20171030,210744000,3576.0,94814,1347006,3398411480.0,3577.0,4,3576.0,277
rb1805,20171031,20171030,210744500,3577.0,94874,1347002,3400557640.0,3577.0,28,3576.0,295
rb1805,20171031,20171030,210745000,3577.0,94998,1346960,3404993180.0,3578.0,362,3577.0,24
rb1805,20171031,20171030,210745500,3578.0,95740,1346966,3431541940.0,3579.0,67,3578.0,1
rb1805,20171031,20171030,210746000,3579.0,95778,1346996,3432901600.0,3579.0,65,3578.0,10
rb1805,20171031,20171030,210746500,3578.0,95802,1347016,3433760380.0,3579.0,62,3578.0,15
rb1805,20171031,20171030,210747000,3579.0,95856,1347032,3435693020.0,3579.0,35,3578.0,17
rb1805,20171031,20171030,210747500,3578.0,95866,1347038,3436050840.0,3579.0,34,3578.0,22
rb1805,20171031,20171030,210748000,3579.0,95962,1347100,3439486140.0,3579.0,13,3577.0,198
rb1805,20171031,20171030,210748500,3579.0,95962,1347100,3439486140.0,3579.0,14,3578.0,3
rb1805,20171031,20171030,210749000,3579.0,95986,1347112,3440345060.0,3579.0,26,3578.0,21
rb1805,20171031,20171030,210749500,3578.0,96008,1347134,3441132220.0,3579.0,42,3578.0,31
rb1805,20171031,20171030,210750000,3578.0,96072,1347190,3443422160.0,3579.0,50,3578.0,6
rb1805,20171031,20171030,210750500,3578.0,96120,1347198,3445139760.0,3578.0,94,3577.0,197
rb1805,20171031,20171030,210751000,3578.0,96124,1347200,3445282880.0,3578.0,113,3577.0,202
rb1805,20171031,20171030,210751500,3578.0,96138,1347208,3445783800.0,3578.0,106,3577.0,203
rb1805,20171031,20171030,210752000,3578.0,96204,1347258,3448145260.0,3578.0,74,3577.0,202
rb1805,20171031,20171030,210752500,3578.0,96230,1347272,3449075540.0,3578.0,61,3577.0,203
rb1805,20171031,20171030,210753000,3578.0,96284,1347326,3451007620.0,3578.0,49,3577.0,202
rb1805,20171031,20171030,210753500,3578.0,96412,1347338,3455587500.0,3579.0,83,3578.0,30
rb1805,20171031,20171030,210754000,3578.0,96422,1347344,3455945380.0,3579.0,77,3578.0,43
rb1805,20171031,20171030,210754500,3578.0,96428,1347348,3456160100.0,3579.0,75,3578.0,52
rb1805,20171031,20171030,210755000,3578.0,96470,1347386,3457662940.0,3579.0,71,3578.0,61
rb1805,20171031,20171030,210755500,3578.0,96550,1347356,3460526120.0,3579.0,33,3578.0,74
rb1805,20171031,20171030,210756000,3579.0,96582,1347376,3461671400.0,3579.0,25,3578.0,130
rb1805,20171031,20171030,210756500,3578.0,96624,1347366,3463174520.0,3579.0,7,3578.0,160
rb1805,20171031,20171030,210757000,3578.0,96642,1347368,3463818700.0,3580.0,226,3578.0,171
rb1805,20171031,20171030,210757500,3580.0,96838,1347374,3470835460.0,3580.0,130,3579.0,1
rb1805,20171031,20171030,210758000,3578.0,96864,1347392,3471765920.0,3580.0,139,3578.0,159
rb1805,20171031,20171030,210758500,3578.0,96920,1347446,3473769640.0,3579.0,5,3578.0,194
rb1805,20171031,20171030,210759000,3578.0,96956,1347464,3475057960.0,3580.0,137,3578.0,244
rb1805,20171031,20171030,210759500,3580.0,96960,1347468,3475201120.0,3580.0,136,3579.0,1
rb1805,20171031,20171030,210800000,3580.0,96970,1347476,3475559120.0,3580.0,131,3579.0,1
rb1805,20171031,20171030,210800500,3579.0,97180,1347456,3483077020.0,3580.0,31,3579.0,14
rb1805,20171031,20171030,210801000,3579.0,97292,1347516,3487086320.0,3579.0,14,3578.0,221
rb1805,20171031,20171030,210801500,3579.0,97326,1347544,3488303220.0,3581.0,37,3579.0,154
rb1805,20171031,20171030,210802000,3581.0,97334,1347546,3488589640.0,3580.0,1,3579.0,116
rb1805,20171031,20171030,210802500,3580.0,97354,1347558,3489305700.0,3581.0,25,3580.0,50
rb1805,20171031,20171030,210803000,3581.0,97432,1347608,3492098240.0,3581.0,18,3580.0,34
rb1805,20171031,20171030,210803500,3580.0,97476,1347608,3493673560.0,3581.0,57,3580.0,32
rb1805,20171031,20171030,210804000,3581.0,97538,1347586,3495893760.0,3581.0,47,3580.0,80
rb1805,20171031,20171030,210804500,3580.0,97582,1347580,3497469220.0,3581.0,40,3580.0,81
rb1805,20171031,20171030,210805000,3581.0,97680,1347590,3500978600.0,3582.0,128,3581.0,3
rb1805,20171031,20171030,210805500,3581.0,97732,1347582,3502840760.0,3582.0,126,3581.0,74
rb1805,20171031,20171030,210806000,3581.0,97744,1347584,3503270520.0,3582.0,128,3581.0,99
rb1805,20171031,20171030,210806500,3582.0,97800,1347620,3505276040.0,3582.0,118,3581.0,88
rb1805,20171031,20171030,210807000,3581.0,98056,1347474,3514445960.0,3582.0,15,3581.0,84
rb1805,20171031,20171030,210807500,3582.0,98100,1347464,3516022040.0,3583.0,82,3582.0,1
rb1805,20171031,20171030,210808000,3582.0,98118,1347472,3516666940.0,3583.0,75,3582.0,36
rb1805,20171031,20171030,210808500,3582.0,98142,1347490,3517526640.0,3583.0,76,3582.0,150
rb1805,20171031,20171030,210809000,3583.0,98160,1347498,3518171500.0,3583.0,73,3582.0,145
rb1805,20171031,20171030,210809500,3583.0,98272,1347452,3522184160.0,3583.0,32,3582.0,138
rb1805,20171031,20171030,210810000,3582.0,98330,1347446,3524261860.0,3583.0,58,3582.0,128
rb1805,20171031,20171030,210810500,3583.0,98658,1347526,3536012460.0,3584.0,157,3583.0,24
rb1805,20171031,20171030,210811000,3583.0,98718,1347480,3538162220.0,3583.0,192,3582.0,45
rb1805,20171031,20171030,210811500,3582.0,98856,1347554,3543105840.0,3583.0,143,3582.0,20
rb1805,20171031,20171030,210812000,3583.0,98876,1347550,3543822420.0,3583.0,117,3582.0,21
rb1805,20171031,20171030,210812500,3582.0,99046,1347450,3549913080.0,3582.0,28,3581.0,61
rb1805,20171031,20171030,210813000,3582.0,99078,1347438,3551059320.0,3582.0,12,3581.0,65
rb1805,20171031,20171030,210813500,3582.0,99166,1347390,3554211500.0,3583.0,42,3582.0,47
rb1805,20171031,20171030,210814000,3583.0,99184,1347380,3554856420.0,3583.0,45,3582.0,51
rb1805,20171031,20171030,210814500,3582.0,99192,1347378,3555143040.0,3583.0,49,3582.0,51
rb1805,20171031,20171030,210815000,3583.0,99244,1347352,3557006200.0,3583.0,32,3582.0,74
rb1805,20171031,20171030,210815500,3582.0,99268,1347350,3557865900.0,3583.0,32,3582.0,78
rb1805,20171031,20171030,210816000,3583.0,99424,1347478,3563453940.0,3583.0,28,3582.0,7
rb1805,20171031,20171030,210816500,3582.0,99456,1347476,3564600260.0,3583.0,51,3582.0,1
rb1805,20171031,20171030,210817000,3583.0,99474,1347482,3565245200.0,3583.0,50,3582.0,8
rb1805,20171031,20171030,210817500,3583.0,99498,1347488,3566105020.0,3583.0,44,3582.0,4
rb1805,20171031,20171030,210818000,3583.0,99508,1347490,3566463280.0,3583.0,47,3582.0,5
rb1805,20171031,20171030,210818500,3582.0,99540,1347494,3567609800.0,3583.0,34,3582.0,12
rb1805,20171031,20171030,210819000,3583.0,99542,1347492,3567681460.0,3583.0,36,3582.0,14
rb1805,20171031,20171030,210819500,3583.0,99570,1347466,3568684680.0,3583.0,44,3582.0,14
rb1805,20171031,20171030,210820000,3583.0,99586,1347468,3569257940.0,3583.0,45,3582.0,13
rb1805,20171031,20171030,210820500,3583.0,99614,1347484,3570261180.0,3583.0,39,3582.0,14
rb1805,20171031,20171030,210821000,3583.0,99628,1347490,3570762780.0,3583.0,34,3582.0,16
rb1805,20171031,20171030,210821500,3583.0,99660,1347488,3571909260.0,3583.0,22,3582.0,14
rb1805,20171031,20171030,210822000,3583.0,99712,1347490,3573772360.0,3584.0,168,3583.0,6
rb1805,20171031,20171030,210822500,3583.0,99776,1347446,3576065480.0,3583.0,42,3582.0,18
rb1805,20171031,20171030,210823000,3583.0,99796,1347446,3576781980.0,3583.0,41,3582.0,14
rb1805,20171031,20171030,210823500,3583.0,99810,1347456,3577283580.0,3583.0,36,3582.0,28
rb1805,20171031,20171030,210824000,3583.0,99862,1347438,3579146720.0,3583.0,71,3582.0,27
rb1805,20171031,20171030,210824500,3583.0,99908,1347454,3580794900.0,3583.0,53,3582.0,56
rb1805,20171031,20171030,210825000,3583.0,99934,1347472,3581726480.0,3583.0,45,3582.0,67
rb1805,20171031,20171030,210825500,3583.0,100088,1347530,3587244720.0,3584.0,150,3583.0,54
rb1805,20171031,20171030,210826000,3583.0,100098,1347540,3587603020.0,3584.0,160,3583.0,168
rb1805,20171031,20171030,210826500,3583.0,100110,1347548,3588033020.0,3584.0,150,3583.0,177
rb1805,20171031,20171030,210827000,3583.0,100112,1347548,3588104680.0,3584.0,151,3583.0,178
rb1805,20171031,20171030,210827500,3583.0,100150,1347552,3589466520.0,3584.0,138,3583.0,175
rb1805,20171031,20171030,210828000,3583.0,100246,1347572,3592906460.0,3584.0,161,3583.0,150
rb1805,20171031,20171030,210828500,3583.0,100306,1347556,3595056340.0,3584.0,158,3583.0,124
rb1805,20171031,20171030,210829000,3583.0,100328,1347540,3595844660.0,3584.0,159,3583.0,122
rb1805,20171031,20171030,210829500,3583.0,100556,1347564,3604016160.0,3584.0,47,3583.0,155
rb1805,20171031,20171030,210830000,3583.0,100632,1347580,3606739920.0,3584.0,15,3583.0,154
rb1805,20171031,20171030,210830500,3583.0,100664,1347598,3607886780.0,3585.0,229,3584.0,1
rb1805,20171031,20171030,210831000,3584.0,100672,1347598,3608173500.0,3585.0,274,3584.0,14
rb1805,20171031,20171030,210831500,3584.0,100864,1347638,3615055360.0,3585.0,246,3584.0,1
rb1805,20171031,20171030,210832000,3585.0,100950,1347642,3618138460.0,3585.0,203,3584.0,13
rb1805,20171031,20171030,210832500,3585.0,101144,1347680,3625090580.0,3584.0,2,3583.0,110
rb1805,20171031,20171030,210833000,3584.0,101166,1347672,3625879040.0,3585.0,188,3584.0,43
rb1805,20171031,20171030,210833500,3585.0,101254,1347624,3629033100.0,3585.0,210,3584.0,11
rb1805,20171031,20171030,210834000,3584.0,101292,1347644,3630395020.0,3584.0,45,3583.0,113
rb1805,20171031,20171030,210834500,3584.0,101366,1347648,3633047180.0,3585.0,214,3584.0,76
rb1805,20171031,20171030,210835000,3585.0,101552,1347694,3639713420.0,3585.0,236,3583.0,106
rb1805,20171031,20171030,210835500,3583.0,101590,1347696,3641075480.0,3585.0,266,3583.0,88
rb1805,20171031,20171030,210836000,3584.0,101624,1347716,3642294040.0,3584.0,27,3583.0,88
rb1805,20171031,20171030,210836500,3584.0,101726,1347656,3645948800.0,3584.0,9,3583.0,40
rb1805,20171031,20171030,210837000,3584.0,101838,1347610,3649962880.0,3584.0,79,3583.0,38
rb1805,20171031,20171030,210837500,3584.0,101844,1347616,3650177920.0,3584.0,141,3583.0,39
rb1805,20171031,20171030,210838000,3583.0,101970,1347590,3654692500.0,3583.0,109,3582.0,81
rb1805,20171031,20171030,210838500,3583.0,102018,1347578,3656412280.0,3583.0,5,3582.0,79
rb1805,20171031,20171030,210839000,3584.0,102042,1347570,3657272120.0,3584.0,117,3583.0,1
rb1805,20171031,20171030,210839500,3583.0,102242,1347598,3664440000.0,3584.0,26,3583.0,34
rb1805,20171031,20171030,210840000,3584.0,102246,1347602,3664583360.0,3584.0,24,3583.0,40
rb1805,20171031,20171030,210840500,3584.0,102288,1347630,3666088440.0,3584.0,13,3583.0,48
rb1805,20171031,20171030,210841000,3584.0,102298,1347632,3666446800.0,3584.0,112,3583.0,51
rb1805,20171031,20171030,210841500,3583.0,102306,1347628,3666733460.0,3584.0,123,3583.0,53
rb1805,20171031,20171030,210842000,3584.0,102370,1347662,3669027000.0,3584.0,103,3583.0,52
rb1805,20171031,20171030,210842500,3584.0,102484,1347738,3673111760.0,3584.0,96,3583.0,32
rb1805,20171031,20171030,210843000,3584.0,102714,1347850,3681354960.0,3585.0,233,3584.0,178
rb1805,20171031,20171030,210843500,3584.0,102816,1347918,3685011540.0,3585.0,181,3584.0,200
rb1805,20171031,20171030,210844000,3585.0,103134,1348048,3696411700.0,3585.0,4,3584.0,216
rb1805,20171031,20171030,210844500,3585.0,103192,1348044,3698491080.0,3586.0,237,3585.0,210
rb1805,20171031,20171030,210845000,3586.0,103196,1348042,3698634500.0,3586.0,236,3585.0,225
rb1805,20171031,20171030,210845500,3586.0,103312,1347948,3702794220.0,3586.0,194,3585.0,248
rb1805,20171031,20171030,210846000,3586.0,103394,1347910,3705734360.0,3586.0,177,3585.0,264
rb1805,20171031,20171030,210846500,3585.0,103684,1347956,3716132400.0,3586.0,95,3585.0,197
rb1805,20171031,20171030,210847000,3585.0,103720,1347936,3717423220.0,3586.0,84,3585.0,196
rb1805,20171031,20171030,210847500,3586.0,103864,1347974,3722587060.0,3586.0,15,3585.0,175
rb1805,20171031,20171030,210848000,3587.0,103966,1347992,3726244720.0,3587.0,50,3586.0,4
rb1805,20171031,20171030,210848500,3587.0,104176,1347994,3733775620.0,3588.0,122,3587.0,13
rb1805,20171031,20171030,210849000,3587.0,104232,1347944,3735784300.0,3587.0,166,3586.0,9
rb1805,20171031,20171030,210849500,3586.0,104286,1347942,3737721240.0,3587.0,128,3586.0,46
rb1805,20171031,20171030,210850000,3586.0,104330,1347944,3739299080.0,3587.0,135,3586.0,87
rb1805,20171031,20171030,210850500,3587.0,104412,1347906,3742240380.0,3587.0,104,3586.0,87
rb1805,20171031,20171030,210851000,3586.0,104466,1347906,3744177120.0,3587.0,94,3586.0,81
rb1805,20171031,20171030,210851500,3587.0,104536,1347964,3746687720.0,3587.0,85,3586.0,68
rb1805,20171031,20171030,210852000,3587.0,104582,1347940,3748337700.0,3587.0,86,3586.0,73
rb1805,20171031,20171030,210852500,3587.0,104636,1347914,3750274440.0,3587.0,76,3586.0,87
rb1805,20171031,20171030,210853000,3586.0,104668,1347908,3751422220.0,3587.0,67,3586.0,90
rb1805,20171031,20171030,210853500,3586.0,104810,1347842,3756515560.0,3587.0,31,3586.0,81
rb1805,20171031,20171030,210854000,3586.0,104882,1347794,3759097920.0,3587.0,15,3586.0,67
rb1805,20171031,20171030,210854500,3587.0,104972,1347792,3762326060.0,3587.0,2,3586.0,54
rb1805,20171031,20171030,210855000,3587.0,104996,1347800,3763186980.0,3588.0,275,3587.0,18
rb1805,20171031,20171030,210855500,3587.0,105088,1347816,3766487160.0,3587.0,40,3586.0,57
rb1805,20171031,20171030,210856000,3587.0,105126,1347818,3767850020.0,3587.0,42,3586.0,47
rb1805,20171031,20171030,210856500,3587.0,105202,1347800,3770576140.0,3587.0,85,3586.0,48
rb1805,20171031,20171030,210857000,3587.0,105284,1347736,3773516780.0,3587.0,86,3586.0,13
rb1805,20171031,20171030,210857500,3587.0,105352,1347766,3775955540.0,3587.0,74,3586.0,1
rb1805,20171031,20171030,210858000,3586.0,105376,1347786,3776816320.0,3587.0,86,3586.0,24
rb1805,20171031,20171030,210858500,3587.0,105436,1347780,3778968260.0,3587.0,82,3586.0,12
rb1805,20171031,20171030,210859000,3586.0,105466,1347764,3780044160.0,3587.0,100,3586.0,23
rb1805,20171031,20171030,210859500,3586.0,105476,1347770,3780402780.0,3587.0,107,3586.0,24
rb1805,20171031,20171030,210900000,3587.0,105728,1347844,3789441540.0,3586.0,17,3585.0,128
rb1805,20171031,20171030,210900500,3586.0,105782,1347844,3791377980.0,3586.0,7,3585.0,126
rb1805,20171031,20171030,210901000,3586.0,105824,1347840,3792884100.0,3586.0,5,3585.0,125
rb1805,20171031,20171030,210901500,3586.0,105852,1347834,3793888300.0,3587.0,90,3586.0,7
rb1805,20171031,20171030,210902000,3587.0,105972,1347844,3798192060.0,3587.0,86,3585.0,123
rb1805,20171031,20171030,210902500,3586.0,105980,1347838,3798478940.0,3587.0,87,3586.0,22
rb1805,20171031,20171030,210903000,3588.0,106200,1347924,3806370280.0,3588.0,213,3587.0,110
rb1805,20171031,20171030,210903500,3587.0,106238,1347928,3807733660.0,3588.0,201,3587.0,108
rb1805,20171031,20171030,210904000,3588.0,106600,1347938,3820721960.0,3588.0,34,3587.0,110
rb1805,20171031,20171030,210904500,3588.0,106638,1347934,3822085380.0,3588.0,21,3587.0,111
rb1805,20171031,20171030,210905000,3588.0,106690,1347918,3823951100.0,3589.0,443,3588.0,8
rb1805,20171031,20171030,210905500,3587.0,106746,1347922,3825960260.0,3588.0,15,3587.0,108
rb1805,20171031,20171030,210906000,3587.0,106820,1347968,3828614920.0,3588.0,10,3587.0,96
rb1805,20171031,20171030,210906500,3587.0,106846,1347982,3829547580.0,3588.0,48,3587.0,85
rb1805,20171031,20171030,210907000,3587.0,106936,1348026,3832776680.0,3588.0,90,3587.0,83
rb1805,20171031,20171030,210907500,3588.0,106950,1348026,3833279000.0,3588.0,95,3587.0,83
rb1805,20171031,20171030,210908000,3587.0,106954,1348028,3833422500.0,3588.0,101,3587.0,83
rb1805,20171031,20171030,210908500,3587.0,106986,1348042,3834570500.0,3588.0,93,3587.0,76
rb1805,20171031,20171030,210909000,3587.0,107030,1348080,3836149060.0,3588.0,87,3587.0,68
rb1805,20171031,20171030,210909500,3587.0,107120,1348150,3839377360.0,3588.0,122,3587.0,35
rb1805,20171031,20171030,210910000,3588.0,107236,1348204,3843538540.0,3588.0,111,3586.0,86
rb1805,20171031,20171030,210910500,3588.0,107370,1348268,3848346160.0,3588.0,42,3587.0,12
rb1805,20171031,20171030,210911000,3588.0,107376,1348268,3848561400.0,3588.0,87,3587.0,41
rb1805,20171031,20171030,210911500,3588.0,107378,1348266,3848633160.0,3588.0,44,3587.0,52
rb1805,20171031,20171030,210912000,3588.0,107508,1348350,3853297340.0,3589.0,470,3587.0,41
rb1805,20171031,20171030,210912500,3587.0,107522,1348362,3853799520.0,3589.0,470,3588.0,62
rb1805,20171031,20171030,210913000,3589.0,107568,1348352,3855450060.0,3589.0,467,3588.0,101
rb1805,20171031,20171030,210913500,3588.0,107602,1348350,3856670080.0,3589.0,463,3588.0,97
rb1805,20171031,20171030,210914000,3588.0,107684,1348410,3859612920.0,3589.0,427,3588.0,104
rb1805,20171031,20171030,210914500,3589.0,107690,1348416,3859828240.0,3589.0,426,3588.0,103
rb1805,20171031,20171030,210915000,3589.0,108004,1348586,3871095100.0,3589.0,463,3588.0,19
rb1805,20171031,20171030,210915500,3589.0,108124,1348574,3875400940.0,3588.0,31,3587.0,44
rb1805,20171031,20171030,210916000,3587.0,108154,1348592,3876477140.0,3588.0,40,3587.0,29
