instrument,tradingday,calendarday,time,lastp,volume,openinterest,turnover,ask1,asksz1,bid1,bidsz1
rb1805,20170814,20170811,183318500,3702.0,0,172618,0.0,0.0,0,0.0,0
rb1805,20170814,20170811,205900500,3703.0,84,172618,3110520.0,3703.0,48,3700.0,15
rb1805,20170814,20170811,210000500,3700.0,118,172598,4368640.0,3700.0,1,3698.0,1
rb1805,20170814,20170811,210001000,3701.0,172,172602,6368100.0,3703.0,30,3700.0,11
rb1805,20170814,20170811,210001500,3709.0,268,172604,9922600.0,3709.0,1,3701.0,1
rb1805,20170814,20170811,210002000,3710.0,294,172590,10886640.0,3712.0,2,3702.0,1
rb1805,20170814,20170811,210002500,3709.0,310,172602,11479880.0,3709.0,2,3703.0,3
rb1805,20170814,20170811,210003000,3709.0,310,172602,11479880.0,3709.0,1,3707.0,1
rb1805,20170814,20170811,210003500,3720.0,372,172632,13783100.0,3712.0,1,3709.0,3
rb1805,20170814,20170811,210004000,3721.0,410,172634,15196740.0,3721.0,4,3720.0,11
rb1805,20170814,20170811,210004500,3716.0,460,172618,17055500.0,3716.0,2,3713.0,2
rb1805,20170814,20170811,210005000,3719.0,514,172620,19061140.0,3720.0,3,3713.0,25
rb1805,20170814,20170811,210005500,3713.0,568,172666,21066500.0,3719.0,11,3713.0,1
rb1805,20170814,20170811,210006000,3719.0,588,172682,21809840.0,3719.0,8,3712.0,3
rb1805,20170814,20170811,210006500,3719.0,596,172690,22107360.0,3719.0,7,3712.0,3
rb1805,20170814,20170811,210007000,3719.0,598,172690,22181740.0,3719.0,6,3712.0,3
rb1805,20170814,20170811,210007500,3712.0,602,172692,22330360.0,3713.0,4,3712.0,2
rb1805,20170814,20170811,210008000,3712.0,618,172692,22924360.0,3721.0,6,3713.0,2
rb1805,20170814,20170811,210008500,3712.0,618,172692,22924360.0,3718.0,11,3714.0,2
rb1805,20170814,20170811,210009000,3714.0,620,172692,22998640.0,3714.0,4,3713.0,2
rb1805,20170814,20170811,210009500,3718.0,640,172692,23741700.0,3718.0,12,3709.0,1
rb1805,20170814,20170811,210010000,3708.0,644,172692,23890040.0,3715.0,3,3712.0,1
rb1805,20170814,20170811,210010500,3714.0,648,172692,24038560.0,3714.0,7,3713.0,2
rb1805,20170814,20170811,210011000,3713.0,660,172692,24484000.0,3714.0,7,3708.0,6
rb1805,20170814,20170811,210011500,3713.0,660,172692,24484000.0,3712.0,1,3709.0,8
rb1805,20170814,20170811,210012000,3713.0,660,172692,24484000.0,3711.0,1,3709.0,8
rb1805,20170814,20170811,210012500,3712.0,664,172696,24632500.0,3710.0,2,3709.0,4
rb1805,20170814,20170811,210013000,3709.0,670,172700,24855060.0,3710.0,1,3707.0,4
rb1805,20170814,20170811,210013500,3709.0,672,172698,24929240.0,3710.0,9,3707.0,4
rb1805,20170814,20170811,210014000,3707.0,674,172698,25003380.0,3709.0,1,3707.0,3
rb1805,20170814,20170811,210014500,3709.0,678,172700,25151700.0,3710.0,1,3707.0,2
rb1805,20170814,20170811,210015000,3710.0,684,172702,25374240.0,3710.0,8,3707.0,1
rb1805,20170814,20170811,210015500,3710.0,688,172702,25522580.0,3710.0,7,3705.0,1
rb1805,20170814,20170811,210016000,3710.0,688,172702,25522580.0,3707.0,1,3706.0,1
rb1805,20170814,20170811,210016500,3707.0,690,172702,25596720.0,3710.0,3,3707.0,2
rb1805,20170814,20170811,210017000,3710.0,692,172702,25670920.0,3710.0,6,3707.0,1
rb1805,20170814,20170811,210017500,3710.0,696,172702,25819260.0,3710.0,5,3706.0,1
rb1805,20170814,20170811,210018000,3710.0,708,172700,26264400.0,3712.0,3,3710.0,1
rb1805,20170814,20170811,210018500,3710.0,714,172698,26487000.0,3710.0,5,3707.0,5
rb1805,20170814,20170811,210019000,3707.0,724,172698,26857700.0,3706.0,2,3705.0,102
rb1805,20170814,20170811,210019500,3706.0,728,172694,27005940.0,3710.0,2,3706.0,3
rb1805,20170814,20170811,210020000,3706.0,730,172692,27080060.0,3709.0,1,3705.0,102
rb1805,20170814,20170811,210020500,3709.0,732,172692,27154240.0,3709.0,15,3707.0,1
rb1805,20170814,20170811,210021000,3705.0,752,172698,27895280.0,3706.0,1,3705.0,96
rb1805,20170814,20170811,210021500,3706.0,800,172654,29674160.0,3707.0,100,3705.0,93
rb1805,20170814,20170811,210022000,3706.0,800,172654,29674160.0,3707.0,100,3705.0,93
rb1805,20170814,20170811,210022500,3705.0,824,172656,30563780.0,3707.0,91,3706.0,1
rb1805,20170814,20170811,210023000,3706.0,826,172656,30637900.0,3707.0,91,3705.0,92
rb1805,20170814,20170811,210023500,3707.0,828,172656,30712040.0,3707.0,90,3705.0,92
rb1805,20170814,20170811,210024000,3707.0,828,172656,30712040.0,3707.0,90,3706.0,4
rb1805,20170814,20170811,210024500,3707.0,828,172656,30712040.0,3707.0,90,3706.0,4
rb1805,20170814,20170811,210025000,3707.0,828,172656,30712040.0,3707.0,90,3706.0,4
rb1805,20170814,20170811,210025500,3707.0,836,172656,31008580.0,3707.0,87,3706.0,3
rb1805,20170814,20170811,210026000,3707.0,840,172652,31156860.0,3707.0,85,3706.0,4
rb1805,20170814,20170811,210026500,3707.0,840,172652,31156860.0,3707.0,85,3706.0,6
rb1805,20170814,20170811,210027000,3707.0,842,172650,31231000.0,3707.0,84,3706.0,9
rb1805,20170814,20170811,210027500,3707.0,842,172650,31231000.0,3707.0,84,3706.0,6
rb1805,20170814,20170811,210028000,3707.0,842,172650,31231000.0,3707.0,84,3706.0,9
rb1805,20170814,20170811,210028500,3707.0,842,172650,31231000.0,3707.0,84,3706.0,6
rb1805,20170814,20170811,210029000,3707.0,842,172650,31231000.0,3707.0,84,3706.0,6
rb1805,20170814,20170811,210029500,3707.0,842,172650,31231000.0,3707.0,84,3706.0,6
rb1805,20170814,20170811,210030000,3706.0,850,172648,31527520.0,3707.0,82,3706.0,4
rb1805,20170814,20170811,210030500,3706.0,850,172648,31527520.0,3707.0,83,3706.0,10
rb1805,20170814,20170811,210031000,3706.0,850,172648,31527520.0,3707.0,82,3706.0,13
rb1805,20170814,20170811,210031500,3707.0,852,172648,31601660.0,3707.0,82,3706.0,13
rb1805,20170814,20170811,210032000,3707.0,876,172664,32491140.0,3707.0,82,3705.0,92
rb1805,20170814,20170811,210032500,3707.0,876,172664,32491140.0,3707.0,82,3706.0,3
rb1805,20170814,20170811,210033000,3705.0,890,172670,33009960.0,3706.0,5,3705.0,91
rb1805,20170814,20170811,210033500,3706.0,902,172668,33454660.0,3707.0,82,3705.0,93
rb1805,20170814,20170811,210034000,3705.0,912,172668,33825160.0,3706.0,1,3705.0,89
rb1805,20170814,20170811,210034500,3705.0,912,172668,33825160.0,3707.0,82,3705.0,89
rb1805,20170814,20170811,210035000,3705.0,912,172668,33825160.0,3707.0,81,3706.0,6
rb1805,20170814,20170811,210035500,3706.0,930,172654,34492240.0,3706.0,9,3705.0,86
rb1805,20170814,20170811,210036000,3705.0,932,172654,34566340.0,3706.0,2,3705.0,88
rb1805,20170814,20170811,210036500,3705.0,950,172654,35233240.0,3706.0,14,3705.0,78
rb1805,20170814,20170811,210037000,3705.0,952,172654,35307340.0,3706.0,1,3705.0,77
rb1805,20170814,20170811,210037500,3706.0,954,172654,35381460.0,3707.0,81,3705.0,78
rb1805,20170814,20170811,210038000,3706.0,960,172650,35603860.0,3707.0,79,3706.0,3
rb1805,20170814,20170811,210038500,3706.0,966,172644,35826220.0,3706.0,5,3705.0,75
rb1805,20170814,20170811,210039000,3706.0,976,172644,36196820.0,3707.0,80,3705.0,75
rb1805,20170814,20170811,210039500,3706.0,976,172644,36196820.0,3707.0,80,3706.0,1
rb1805,20170814,20170811,210040000,3706.0,976,172644,36196820.0,3707.0,79,3706.0,1
rb1805,20170814,20170811,210040500,3706.0,978,172644,36270940.0,3707.0,79,3705.0,75
rb1805,20170814,20170811,210041000,3706.0,978,172644,36270940.0,3707.0,79,3705.0,77
rb1805,20170814,20170811,210041500,3705.0,1008,172644,37382440.0,3707.0,79,3705.0,62
rb1805,20170814,20170811,210042000,3705.0,1008,172644,37382440.0,3707.0,80,3705.0,62
rb1805,20170814,20170811,210042500,3705.0,1008,172644,37382440.0,3706.0,1,3705.0,63
rb1805,20170814,20170811,210043000,3705.0,1010,172644,37456540.0,3706.0,1,3705.0,62
rb1805,20170814,20170811,210044000,3705.0,1010,172644,37456540.0,3706.0,1,3705.0,62
rb1805,20170814,20170811,210044500,3705.0,1010,172644,37456540.0,3706.0,2,3705.0,63
rb1805,20170814,20170811,210045000,3705.0,1010,172644,37456540.0,3706.0,2,3705.0,63
rb1805,20170814,20170811,210045500,3705.0,1046,172660,38790340.0,3706.0,1,3705.0,45
rb1805,20170814,20170811,210046000,3705.0,1066,172676,39531360.0,3706.0,14,3705.0,36
rb1805,20170814,20170811,210046500,3705.0,1130,172674,41902560.0,3706.0,14,3705.0,4
rb1805,20170814,20170811,210047000,3705.0,1148,172686,42569460.0,3705.0,1,3704.0,1
rb1805,20170814,20170811,210047500,3704.0,1150,172688,42643540.0,3705.0,1,3704.0,2
rb1805,20170814,20170811,210048000,3706.0,1164,172690,43162280.0,3706.0,11,3703.0,12
rb1805,20170814,20170811,210048500,3706.0,1164,172690,43162280.0,3705.0,14,3704.0,2
rb1805,20170814,20170811,210049000,3704.0,1168,172690,43310440.0,3705.0,5,3703.0,12
rb1805,20170814,20170811,210049500,3704.0,1168,172690,43310440.0,3705.0,78,3704.0,2
rb1805,20170814,20170811,210050000,3704.0,1174,172688,43532680.0,3705.0,78,3703.0,11
rb1805,20170814,20170811,210050500,3705.0,1214,172700,45014680.0,3705.0,58,3703.0,13
rb1805,20170814,20170811,210051000,3705.0,1214,172700,45014680.0,3705.0,59,3703.0,28
rb1805,20170814,20170811,210051500,3705.0,1214,172700,45014680.0,3704.0,1,3703.0,28
rb1805,20170814,20170811,210052000,3703.0,1218,172700,45162800.0,3704.0,1,3703.0,26
rb1805,20170814,20170811,210052500,3703.0,1224,172700,45384980.0,3704.0,1,3703.0,23
rb1805,20170814,20170811,210053000,3703.0,1224,172700,45384980.0,3705.0,59,3703.0,23
rb1805,20170814,20170811,210053500,3703.0,1224,172700,45384980.0,3705.0,60,3703.0,8
rb1805,20170814,20170811,210054000,3703.0,1236,172696,45829340.0,3705.0,60,3703.0,2
rb1805,20170814,20170811,210054500,3703.0,1238,172694,45903400.0,3705.0,60,3703.0,1
rb1805,20170814,20170811,210055000,3703.0,1238,172694,45903400.0,3705.0,60,3703.0,4
rb1805,20170814,20170811,210055500,3701.0,1248,172688,46273660.0,3703.0,1,3701.0,3
rb1805,20170814,20170811,210056000,3703.0,1250,172688,46347720.0,3705.0,59,3701.0,6
rb1805,20170814,20170811,210056500,3701.0,1252,172690,46421740.0,3705.0,60,3701.0,5
rb1805,20170814,20170811,210057000,3701.0,1254,172692,46495760.0,3703.0,6,3701.0,5
rb1805,20170814,20170811,210057500,3701.0,1254,172692,46495760.0,3703.0,8,3701.0,4
rb1805,20170814,20170811,210058000,3701.0,1256,172694,46569780.0,3703.0,11,3701.0,3
rb1805,20170814,20170811,210058500,3701.0,1256,172694,46569780.0,3703.0,12,3701.0,3
rb1805,20170814,20170811,210059000,3701.0,1262,172690,46791840.0,3703.0,14,3700.0,69
rb1805,20170814,20170811,210059500,3701.0,1262,172690,46791840.0,3703.0,15,3701.0,7
rb1805,20170814,20170811,210100000,3701.0,1272,172690,47161940.0,3703.0,17,3701.0,2
rb1805,20170814,20170811,210100500,3701.0,1304,172688,48346260.0,3703.0,16,3701.0,1
rb1805,20170814,20170811,210101000,3701.0,1308,172690,48494340.0,3701.0,75,3700.0,71
rb1805,20170814,20170811,210101500,3701.0,1374,172684,50937000.0,3701.0,42,3700.0,72
rb1805,20170814,20170811,210102000,3701.0,1374,172684,50937000.0,3701.0,49,3700.0,71
rb1805,20170814,20170811,210102500,3701.0,1380,172684,51159060.0,3701.0,46,3700.0,71
rb1805,20170814,20170811,210103000,3700.0,1384,172684,51307080.0,3701.0,45,3700.0,70
rb1805,20170814,20170811,210103500,3700.0,1386,172684,51381080.0,3701.0,45,3700.0,69
rb1805,20170814,20170811,210104000,3700.0,1524,172672,56487080.0,3700.0,3,3699.0,3
rb1805,20170814,20170811,210104500,3700.0,1540,172664,57078940.0,3699.0,1,3698.0,4
rb1805,20170814,20170811,210105000,3700.0,1546,172658,57300940.0,3700.0,16,3698.0,4
rb1805,20170814,20170811,210105500,3700.0,1546,172658,57300940.0,3700.0,1,3698.0,15
rb1805,20170814,20170811,210106000,3700.0,1550,172658,57448920.0,3701.0,45,3700.0,1
rb1805,20170814,20170811,210106500,3700.0,1552,172658,57522920.0,3699.0,6,3698.0,19
rb1805,20170814,20170811,210107000,3698.0,1574,172660,58336620.0,3701.0,45,3700.0,1
rb1805,20170814,20170811,210107500,3700.0,1582,172662,58632620.0,3701.0,38,3699.0,6
rb1805,20170814,20170811,210108000,3701.0,1588,172656,58854680.0,3700.0,1,3699.0,10
rb1805,20170814,20170811,210108500,3698.0,1608,172656,59594400.0,3701.0,41,3698.0,5
rb1805,20170814,20170811,210109000,3698.0,1626,172642,60260040.0,3698.0,23,3697.0,5
rb1805,20170814,20170811,210109500,3699.0,1678,172634,62183060.0,3699.0,7,3698.0,15
rb1805,20170814,20170811,210110000,3699.0,1692,172634,62700920.0,3700.0,4,3698.0,15
rb1805,20170814,20170811,210110500,3701.0,1706,172628,63218980.0,3701.0,38,3700.0,6
rb1805,20170814,20170811,210111000,3700.0,1708,172626,63292980.0,3701.0,44,3698.0,19
rb1805,20170814,20170811,210111500,3700.0,1708,172626,63292980.0,3701.0,48,3699.0,4
rb1805,20170814,20170811,210112000,3700.0,1750,172592,64847320.0,3700.0,1,3699.0,6
rb1805,20170814,20170811,210112500,3701.0,1756,172592,65069360.0,3701.0,29,3700.0,5
rb1805,20170814,20170811,210113000,3701.0,1760,172588,65217400.0,3701.0,27,3700.0,1
rb1805,20170814,20170811,210113500,3700.0,1804,172624,66845440.0,3700.0,60,3699.0,9
rb1805,20170814,20170811,210114000,3700.0,1846,172644,68399440.0,3700.0,39,3699.0,8
rb1805,20170814,20170811,210114500,3700.0,1874,172670,69435440.0,3700.0,85,3699.0,8
rb1805,20170814,20170811,210115000,3700.0,2028,172756,75133400.0,3700.0,17,3699.0,3
rb1805,20170814,20170811,210115500,3700.0,2056,172776,76169400.0,3701.0,27,3699.0,5
rb1805,20170814,20170811,210116000,3700.0,2056,172776,76169400.0,3701.0,27,3699.0,9
rb1805,20170814,20170811,210116500,3700.0,2056,172776,76169400.0,3701.0,27,3699.0,9
rb1805,20170814,20170811,210117000,3700.0,2058,172778,76243400.0,3701.0,27,3699.0,9
rb1805,20170814,20170811,210118000,3700.0,2058,172778,76243400.0,3701.0,27,3699.0,9
rb1805,20170814,20170811,210118500,3700.0,2062,172780,76391400.0,3701.0,27,3699.0,10
rb1805,20170814,20170811,210119000,3700.0,2062,172780,76391400.0,3701.0,27,3699.0,10
rb1805,20170814,20170811,210119500,3699.0,2064,172778,76465380.0,3701.0,27,3700.0,5
rb1805,20170814,20170811,210120000,3699.0,2066,172780,76539360.0,3701.0,27,3700.0,4
rb1805,20170814,20170811,210121000,3699.0,2066,172780,76539360.0,3701.0,28,3700.0,4
rb1805,20170814,20170811,210121500,3699.0,2066,172780,76539360.0,3701.0,28,3700.0,4
rb1805,20170814,20170811,210122000,3700.0,2076,172788,76909360.0,3701.0,28,3700.0,3
rb1805,20170814,20170811,210122500,3700.0,2084,172780,77205380.0,3700.0,2,3699.0,8
rb1805,20170814,20170811,210123000,3700.0,2088,172778,77353380.0,3701.0,27,3700.0,10
rb1805,20170814,20170811,210123500,3701.0,2094,172778,77575440.0,3701.0,24,3700.0,5
rb1805,20170814,20170811,210124000,3701.0,2098,172778,77723480.0,3701.0,22,3700.0,6
rb1805,20170814,20170811,210124500,3700.0,2112,172778,78241480.0,3700.0,11,3699.0,10
rb1805,20170814,20170811,210125000,3700.0,2118,172774,78463480.0,3700.0,8,3699.0,9
rb1805,20170814,20170811,210125500,3700.0,2124,172772,78685480.0,3700.0,6,3699.0,9
rb1805,20170814,20170811,210126000,3700.0,2136,172772,79129480.0,3701.0,13,3699.0,9
rb1805,20170814,20170811,210126500,3701.0,2144,172774,79425560.0,3701.0,9,3699.0,16
rb1805,20170814,20170811,210127000,3701.0,2144,172774,79425560.0,3701.0,9,3699.0,10
rb1805,20170814,20170811,210127500,3701.0,2162,172792,80091740.0,3703.0,7,3701.0,14
rb1805,20170814,20170811,210128000,3701.0,2170,172792,80387820.0,3702.0,1,3700.0,9
rb1805,20170814,20170811,210128500,3701.0,2170,172792,80387820.0,3702.0,2,3701.0,4
rb1805,20170814,20170811,210129000,3701.0,2170,172792,80387820.0,3703.0,7,3700.0,10
rb1805,20170814,20170811,210129500,3701.0,2170,172792,80387820.0,3703.0,8,3700.0,10
rb1805,20170814,20170811,210130000,3701.0,2170,172792,80387820.0,3703.0,7,3700.0,10
rb1805,20170814,20170811,210130500,3700.0,2172,172794,80461820.0,3701.0,1,3700.0,9
rb1805,20170814,20170811,210131000,3703.0,2176,172796,80609900.0,3703.0,6,3701.0,9
rb1805,20170814,20170811,210131500,3703.0,2176,172796,80609900.0,3703.0,21,3701.0,2
rb1805,20170814,20170811,210132000,3703.0,2176,172796,80609900.0,3703.0,21,3701.0,4
rb1805,20170814,20170811,210132500,3703.0,2180,172796,80757980.0,3703.0,20,3701.0,3
rb1805,20170814,20170811,210133000,3702.0,2182,172796,80832020.0,3703.0,20,3702.0,1
rb1805,20170814,20170811,210133500,3703.0,2222,172784,82313220.0,3704.0,5,3703.0,2
rb1805,20170814,20170811,210134000,3704.0,2224,172782,82387300.0,3704.0,5,3703.0,2
rb1805,20170814,20170811,210134500,3704.0,2226,172784,82461380.0,3704.0,4,3703.0,2
rb1805,20170814,20170811,210135000,3704.0,2244,172790,83128100.0,3705.0,59,3704.0,2
rb1805,20170814,20170811,210135500,3704.0,2244,172790,83128100.0,3705.0,59,3703.0,2
rb1805,20170814,20170811,210136000,3704.0,2244,172790,83128100.0,3705.0,59,3704.0,2
rb1805,20170814,20170811,210136500,3704.0,2246,172792,83202180.0,3705.0,59,3703.0,2
rb1805,20170814,20170811,210137000,3704.0,2250,172796,83350360.0,3705.0,65,3704.0,9
rb1805,20170814,20170811,210137500,3704.0,2254,172800,83498520.0,3705.0,65,3704.0,7
rb1805,20170814,20170811,210138000,3703.0,2276,172812,84313340.0,3703.0,4,3702.0,10
rb1805,20170814,20170811,210138500,3703.0,2278,172812,84387400.0,3703.0,3,3702.0,10
rb1805,20170814,20170811,210139000,3703.0,2296,172810,85053780.0,3703.0,9,3701.0,1
rb1805,20170814,20170811,210139500,3701.0,2298,172812,85127800.0,3702.0,3,3700.0,11
rb1805,20170814,20170811,210140000,3701.0,2298,172812,85127800.0,3702.0,6,3700.0,17
rb1805,20170814,20170811,210140500,3702.0,2300,172812,85201840.0,3702.0,5,3701.0,3
rb1805,20170814,20170811,210141000,3701.0,2308,172818,85497980.0,3703.0,10,3701.0,1
rb1805,20170814,20170811,210141500,3701.0,2310,172818,85572000.0,3703.0,10,3700.0,17
rb1805,20170814,20170811,210142000,3701.0,2310,172818,85572000.0,3702.0,1,3701.0,2
rb1805,20170814,20170811,210142500,3701.0,2314,172822,85720040.0,3702.0,8,3700.0,17
rb1805,20170814,20170811,210143000,3701.0,2314,172822,85720040.0,3702.0,8,3700.0,17
rb1805,20170814,20170811,210144000,3702.0,2316,172820,85794080.0,3702.0,7,3700.0,17
rb1805,20170814,20170811,210144500,3703.0,2318,172818,85868140.0,3703.0,8,3700.0,17
rb1805,20170814,20170811,210145000,3703.0,2320,172816,85942200.0,3703.0,11,3700.0,17
rb1805,20170814,20170811,210145500,3703.0,2320,172816,85942200.0,3703.0,11,3701.0,1
rb1805,20170814,20170811,210146000,3703.0,2320,172816,85942200.0,3703.0,11,3701.0,1
rb1805,20170814,20170811,210146500,3703.0,2320,172816,85942200.0,3703.0,11,3701.0,1
rb1805,20170814,20170811,210147000,3701.0,2322,172816,86016220.0,3703.0,7,3700.0,17
rb1805,20170814,20170811,210147500,3701.0,2322,172816,86016220.0,3703.0,7,3701.0,4
rb1805,20170814,20170811,210148000,3701.0,2322,172816,86016220.0,3703.0,7,3701.0,8
rb1805,20170814,20170811,210148500,3701.0,2322,172816,86016220.0,3703.0,7,3701.0,8
rb1805,20170814,20170811,210149000,3703.0,2334,172826,86460580.0,3703.0,1,3701.0,8
rb1805,20170814,20170811,210149500,3701.0,2336,172824,86534600.0,3703.0,1,3701.0,7
rb1805,20170814,20170811,210150000,3701.0,2336,172824,86534600.0,3703.0,1,3701.0,7
rb1805,20170814,20170811,210150500,3701.0,2336,172824,86534600.0,3703.0,13,3701.0,7
rb1805,20170814,20170811,210151000,3701.0,2338,172824,86608620.0,3703.0,13,3701.0,6
rb1805,20170814,20170811,210152000,3703.0,2358,172844,87349220.0,3703.0,1,3702.0,5
rb1805,20170814,20170811,210152500,3703.0,2360,172846,87423280.0,3705.0,66,3703.0,6
rb1805,20170814,20170811,210153000,3702.0,2382,172846,88237840.0,3703.0,2,3701.0,4
rb1805,20170814,20170811,210153500,3702.0,2382,172846,88237840.0,3704.0,12,3701.0,7
rb1805,20170814,20170811,210154000,3702.0,2382,172846,88237840.0,3704.0,19,3701.0,14
rb1805,20170814,20170811,210154500,3702.0,2382,172846,88237840.0,3704.0,12,3701.0,14
rb1805,20170814,20170811,210155000,3702.0,2382,172846,88237840.0,3704.0,8,3702.0,2
rb1805,20170814,20170811,210155500,3702.0,2382,172846,88237840.0,3704.0,3,3702.0,9
rb1805,20170814,20170811,210156000,3702.0,2382,172846,88237840.0,3705.0,70,3703.0,1
rb1805,20170814,20170811,210156500,3702.0,2382,172846,88237840.0,3705.0,71,3703.0,1
rb1805,20170814,20170811,210157000,3702.0,2382,172846,88237840.0,3705.0,67,3703.0,8
rb1805,20170814,20170811,210157500,3702.0,2382,172846,88237840.0,3705.0,67,3703.0,8
rb1805,20170814,20170811,210158000,3702.0,2388,172852,88459960.0,3705.0,67,3703.0,7
rb1805,20170814,20170811,210158500,3702.0,2388,172852,88459960.0,3705.0,67,3704.0,2
rb1805,20170814,20170811,210159000,3705.0,2392,172856,88608160.0,3705.0,65,3704.0,2
rb1805,20170814,20170811,210159500,3705.0,2392,172856,88608160.0,3705.0,65,3704.0,2
rb1805,20170814,20170811,210200000,3705.0,2396,172860,88756360.0,3705.0,63,3704.0,2
rb1805,20170814,20170811,210200500,3705.0,2434,172896,90164260.0,3705.0,37,3704.0,2
rb1805,20170814,20170811,210201000,3704.0,2436,172898,90238340.0,3705.0,37,3704.0,1
rb1805,20170814,20170811,210201500,3705.0,2446,172908,90608840.0,3705.0,32,3704.0,1
rb1805,20170814,20170811,210202000,3705.0,2478,172940,91794440.0,3705.0,16,3704.0,8
rb1805,20170814,20170811,210202500,3705.0,2502,172964,92683640.0,3705.0,4,3704.0,8
rb1805,20170814,20170811,210203000,3705.0,2512,172970,93054120.0,3706.0,1,3703.0,12
rb1805,20170814,20170811,210203500,3705.0,2512,172970,93054120.0,3706.0,1,3705.0,2
rb1805,20170814,20170811,210204000,3705.0,2512,172970,93054120.0,3706.0,1,3705.0,8
rb1805,20170814,20170811,210204500,3705.0,2524,172972,93498720.0,3706.0,1,3705.0,2
rb1805,20170814,20170811,210205000,3705.0,2528,172976,93646920.0,3705.0,1,3704.0,15
rb1805,20170814,20170811,210205500,3705.0,2530,172976,93721020.0,3706.0,12,3704.0,8
rb1805,20170814,20170811,210206000,3705.0,2530,172976,93721020.0,3706.0,8,3704.0,8
rb1805,20170814,20170811,210206500,3705.0,2530,172976,93721020.0,3706.0,1,3704.0,15
rb1805,20170814,20170811,210207000,3705.0,2530,172976,93721020.0,3706.0,1,3705.0,2
rb1805,20170814,20170811,210207500,3705.0,2530,172976,93721020.0,3706.0,1,3705.0,2
rb1805,20170814,20170811,210208000,3705.0,2530,172976,93721020.0,3706.0,1,3705.0,2
rb1805,20170814,20170811,210208500,3705.0,2530,172976,93721020.0,3706.0,1,3705.0,2
rb1805,20170814,20170811,210209000,3705.0,2530,172976,93721020.0,3706.0,1,3705.0,2
rb1805,20170814,20170811,210209500,3706.0,2532,172976,93795140.0,3707.0,1,3705.0,2
rb1805,20170814,20170811,210210000,3706.0,2534,172976,93869260.0,3707.0,8,3706.0,4
rb1805,20170814,20170811,210210500,3705.0,2550,172976,94462140.0,3707.0,12,3704.0,15
rb1805,20170814,20170811,210211000,3706.0,2552,172976,94536260.0,3706.0,6,3705.0,1
rb1805,20170814,20170811,210211500,3706.0,2552,172976,94536260.0,3706.0,6,3705.0,1
rb1805,20170814,20170811,210212000,3705.0,2554,172976,94610360.0,3706.0,6,3705.0,11
rb1805,20170814,20170811,210212500,3705.0,2554,172976,94610360.0,3706.0,2,3705.0,11
rb1805,20170814,20170811,210213000,3705.0,2554,172976,94610360.0,3706.0,3,3705.0,11
rb1805,20170814,20170811,210213500,3705.0,2554,172976,94610360.0,3706.0,3,3705.0,11
rb1805,20170814,20170811,210214000,3706.0,2556,172976,94684480.0,3706.0,2,3705.0,13
rb1805,20170814,20170811,210214500,3706.0,2560,172976,94832720.0,3707.0,13,3705.0,13
rb1805,20170814,20170811,210215000,3706.0,2560,172976,94832720.0,3707.0,13,3705.0,13
rb1805,20170814,20170811,210215500,3705.0,2564,172976,94980920.0,3707.0,13,3705.0,11
rb1805,20170814,20170811,210216000,3705.0,2564,172976,94980920.0,3707.0,12,3705.0,11
rb1805,20170814,20170811,210216500,3705.0,2564,172976,94980920.0,3707.0,12,3705.0,11
rb1805,20170814,20170811,210217000,3705.0,2564,172976,94980920.0,3707.0,12,3705.0,11
rb1805,20170814,20170811,210217500,3705.0,2564,172976,94980920.0,3706.0,1,3705.0,11
rb1805,20170814,20170811,210218000,3705.0,2564,172976,94980920.0,3706.0,1,3705.0,11
rb1805,20170814,20170811,210218500,3706.0,2566,172976,95055040.0,3706.0,10,3705.0,11
rb1805,20170814,20170811,210219000,3705.0,2588,172976,95870140.0,3705.0,25,3704.0,16
rb1805,20170814,20170811,210219500,3704.0,2602,172976,96388700.0,3705.0,11,3704.0,6
rb1805,20170814,20170811,210220000,3704.0,2618,172972,96981340.0,3704.0,8,3703.0,7
rb1805,20170814,20170811,210220500,3705.0,2624,172976,97203560.0,3705.0,20,3702.0,9
rb1805,20170814,20170811,210221000,3705.0,2626,172976,97277660.0,3705.0,19,3702.0,9
rb1805,20170814,20170811,210221500,3705.0,2626,172976,97277660.0,3705.0,16,3703.0,4
rb1805,20170814,20170811,210222000,3705.0,2626,172976,97277660.0,3705.0,16,3703.0,4
rb1805,20170814,20170811,210222500,3705.0,2632,172970,97499960.0,3705.0,13,3703.0,4
rb1805,20170814,20170811,210223000,3705.0,2632,172970,97499960.0,3705.0,16,3703.0,4
rb1805,20170814,20170811,210223500,3705.0,2634,172970,97574060.0,3705.0,15,3703.0,4
rb1805,20170814,20170811,210224000,3705.0,2634,172970,97574060.0,3705.0,15,3703.0,4
rb1805,20170814,20170811,210224500,3705.0,2634,172970,97574060.0,3705.0,112,3703.0,4
rb1805,20170814,20170811,210225000,3705.0,2634,172970,97574060.0,3705.0,112,3704.0,2
rb1805,20170814,20170811,210225500,3704.0,2638,172970,97722220.0,3704.0,9,3703.0,4
rb1805,20170814,20170811,210226000,3704.0,2638,172970,97722220.0,3704.0,3,3703.0,6
rb1805,20170814,20170811,210226500,3704.0,2638,172970,97722220.0,3705.0,115,3703.0,6
rb1805,20170814,20170811,210227000,3704.0,2638,172970,97722220.0,3705.0,115,3704.0,2
rb1805,20170814,20170811,210227500,3704.0,2642,172970,97870380.0,3705.0,115,3703.0,2
rb1805,20170814,20170811,210228000,3704.0,2642,172970,97870380.0,3705.0,116,3703.0,7
rb1805,20170814,20170811,210228500,3704.0,2642,172970,97870380.0,3705.0,116,3703.0,7
rb1805,20170814,20170811,210229000,3704.0,2642,172970,97870380.0,3705.0,116,3703.0,7
rb1805,20170814,20170811,210229500,3704.0,2644,172970,97944460.0,3705.0,116,3704.0,1
rb1805,20170814,20170811,210230000,3704.0,2646,172970,98018540.0,3704.0,3,3703.0,7
rb1805,20170814,20170811,210230500,3704.0,2646,172970,98018540.0,3705.0,111,3703.0,7
rb1805,20170814,20170811,210231000,3703.0,2648,172972,98092600.0,3705.0,111,3703.0,6
rb1805,20170814,20170811,210231500,3703.0,2648,172972,98092600.0,3704.0,6,3703.0,6
rb1805,20170814,20170811,210232000,3703.0,2648,172972,98092600.0,3704.0,8,3703.0,6
rb1805,20170814,20170811,210232500,3703.0,2648,172972,98092600.0,3704.0,8,3703.0,6
rb1805,20170814,20170811,210233000,3703.0,2648,172972,98092600.0,3704.0,6,3703.0,6
rb1805,20170814,20170811,210233500,3703.0,2648,172972,98092600.0,3704.0,3,3703.0,6
rb1805,20170814,20170811,210234000,3703.0,2648,172972,98092600.0,3704.0,2,3703.0,6
rb1805,20170814,20170811,210234500,3703.0,2648,172972,98092600.0,3705.0,113,3703.0,6
rb1805,20170814,20170811,210235000,3703.0,2648,172972,98092600.0,3705.0,113,3703.0,6
rb1805,20170814,20170811,210235500,3703.0,2648,172972,98092600.0,3705.0,113,3703.0,7
rb1805,20170814,20170811,210236000,3703.0,2648,172972,98092600.0,3705.0,113,3703.0,10
rb1805,20170814,20170811,210236500,3703.0,2648,172972,98092600.0,3705.0,113,3703.0,10
rb1805,20170814,20170811,210237000,3704.0,2670,172972,98907280.0,3704.0,4,3702.0,10
rb1805,20170814,20170811,210237500,3704.0,2670,172972,98907280.0,3704.0,11,3703.0,1
rb1805,20170814,20170811,210238000,3704.0,2670,172972,98907280.0,3704.0,4,3703.0,1
rb1805,20170814,20170811,210238500,3704.0,2670,172972,98907280.0,3704.0,2,3703.0,1
rb1805,20170814,20170811,210239000,3704.0,2670,172972,98907280.0,3705.0,113,3703.0,1
rb1805,20170814,20170811,210240000,3704.0,2670,172972,98907280.0,3704.0,2,3703.0,1
rb1805,20170814,20170811,210240500,3704.0,2670,172972,98907280.0,3705.0,113,3703.0,1
rb1805,20170814,20170811,210241500,3704.0,2670,172972,98907280.0,3705.0,13,3703.0,1
rb1805,20170814,20170811,210242000,3704.0,2670,172972,98907280.0,3705.0,13,3703.0,1
rb1805,20170814,20170811,210242500,3704.0,2670,172972,98907280.0,3705.0,13,3703.0,1
rb1805,20170814,20170811,210243000,3704.0,2670,172972,98907280.0,3705.0,13,3703.0,1
rb1805,20170814,20170811,210243500,3704.0,2670,172972,98907280.0,3705.0,13,3703.0,1
rb1805,20170814,20170811,210244000,3704.0,2670,172972,98907280.0,3705.0,13,3703.0,1
rb1805,20170814,20170811,210244500,3704.0,2670,172972,98907280.0,3705.0,13,3703.0,1
rb1805,20170814,20170811,210245000,3704.0,2670,172972,98907280.0,3705.0,13,3703.0,2
rb1805,20170814,20170811,210245500,3704.0,2670,172972,98907280.0,3705.0,6,3703.0,3
rb1805,20170814,20170811,210246000,3704.0,2670,172972,98907280.0,3705.0,6,3703.0,3
rb1805,20170814,20170811,210246500,3704.0,2674,172972,99055440.0,3705.0,7,3703.0,3
rb1805,20170814,20170811,210247000,3704.0,2674,172972,99055440.0,3705.0,13,3703.0,2
rb1805,20170814,20170811,210247500,3704.0,2674,172972,99055440.0,3704.0,3,3703.0,2
rb1805,20170814,20170811,210248500,3703.0,2678,172970,99203560.0,3703.0,98,3702.0,11
rb1805,20170814,20170811,210249000,3703.0,2678,172970,99203560.0,3703.0,98,3702.0,7
rb1805,20170814,20170811,210249500,3703.0,2678,172970,99203560.0,3703.0,98,3702.0,8
rb1805,20170814,20170811,210250000,3703.0,2682,172966,99351680.0,3703.0,96,3702.0,8
rb1805,20170814,20170811,210250500,3703.0,2682,172966,99351680.0,3703.0,96,3702.0,8
rb1805,20170814,20170811,210251000,3703.0,2682,172966,99351680.0,3703.0,96,3702.0,8
rb1805,20170814,20170811,210251500,3703.0,2682,172966,99351680.0,3703.0,96,3702.0,8
rb1805,20170814,20170811,210252000,3703.0,2682,172966,99351680.0,3703.0,96,3702.0,8
rb1805,20170814,20170811,210252500,3703.0,2682,172966,99351680.0,3703.0,96,3702.0,8
rb1805,20170814,20170811,210253000,3703.0,2682,172966,99351680.0,3703.0,96,3702.0,8
rb1805,20170814,20170811,210253500,3702.0,2696,172960,99869960.0,3702.0,1,3701.0,16
rb1805,20170814,20170811,210254000,3702.0,2698,172960,99944000.0,3702.0,4,3701.0,7
rb1805,20170814,20170811,210254500,3702.0,2698,172960,99944000.0,3702.0,4,3701.0,6
rb1805,20170814,20170811,210255000,3702.0,2698,172960,99944000.0,3702.0,4,3701.0,6
rb1805,20170814,20170811,210255500,3703.0,2738,172920,101425120.0,3703.0,87,3701.0,6
rb1805,20170814,20170811,210256000,3703.0,2738,172920,101425120.0,3703.0,87,3702.0,13
rb1805,20170814,20170811,210256500,3702.0,2740,172920,101499160.0,3703.0,80,3702.0,13
rb1805,20170814,20170811,210257000,3702.0,2740,172920,101499160.0,3703.0,80,3702.0,18
rb1805,20170814,20170811,210257500,3702.0,2740,172920,101499160.0,3703.0,80,3702.0,18
rb1805,20170814,20170811,210258000,3702.0,2750,172930,101869360.0,3703.0,80,3702.0,13
rb1805,20170814,20170811,210258500,3702.0,2750,172930,101869360.0,3703.0,80,3702.0,13
rb1805,20170814,20170811,210259000,3702.0,2750,172930,101869360.0,3703.0,80,3702.0,13
rb1805,20170814,20170811,210259500,3702.0,2750,172930,101869360.0,3703.0,80,3702.0,14
rb1805,20170814,20170811,210300500,3703.0,2760,172920,102239660.0,3703.0,75,3702.0,14
rb1805,20170814,20170811,210301000,3703.0,2760,172920,102239660.0,3703.0,75,3702.0,14
rb1805,20170814,20170811,210301500,3703.0,2774,172920,102758080.0,3703.0,68,3702.0,14
rb1805,20170814,20170811,210302000,3703.0,2774,172920,102758080.0,3703.0,69,3702.0,14
rb1805,20170814,20170811,210302500,3703.0,2818,172884,104387360.0,3703.0,59,3702.0,12
rb1805,20170814,20170811,210303000,3703.0,2818,172884,104387360.0,3703.0,59,3702.0,12
rb1805,20170814,20170811,210303500,3702.0,2820,172886,104461400.0,3703.0,59,3702.0,11
rb1805,20170814,20170811,210304000,3702.0,2820,172886,104461400.0,3703.0,56,3702.0,11
rb1805,20170814,20170811,210304500,3702.0,2822,172888,104535440.0,3703.0,56,3702.0,10
rb1805,20170814,20170811,210305000,3702.0,2822,172888,104535440.0,3703.0,49,3702.0,10
rb1805,20170814,20170811,210306000,3702.0,2822,172888,104535440.0,3703.0,49,3702.0,15
rb1805,20170814,20170811,210307000,3702.0,2842,172906,105275840.0,3703.0,50,3702.0,5
rb1805,20170814,20170811,210307500,3703.0,2882,172906,106757040.0,3703.0,30,3702.0,5
rb1805,20170814,20170811,210308500,3703.0,2882,172906,106757040.0,3703.0,30,3702.0,5
rb1805,20170814,20170811,210309000,3703.0,2884,172904,106831100.0,3703.0,29,3702.0,5
rb1805,20170814,20170811,210309500,3703.0,2884,172904,106831100.0,3703.0,39,3702.0,5
rb1805,20170814,20170811,210310000,3703.0,2884,172904,106831100.0,3703.0,39,3702.0,5
rb1805,20170814,20170811,210310500,3703.0,2894,172904,107201400.0,3703.0,39,3702.0,5
rb1805,20170814,20170811,210311000,3703.0,2894,172904,107201400.0,3703.0,39,3702.0,5
rb1805,20170814,20170811,210311500,3703.0,2894,172904,107201400.0,3703.0,39,3702.0,5
rb1805,20170814,20170811,210312000,3702.0,2904,172914,107571600.0,3703.0,39,3701.0,6
rb1805,20170814,20170811,210312500,3702.0,2904,172914,107571600.0,3703.0,46,3701.0,6
rb1805,20170814,20170811,210313500,3702.0,2904,172914,107571600.0,3702.0,5,3701.0,6
rb1805,20170814,20170811,210314000,3702.0,2916,172924,108015840.0,3702.0,2,3701.0,6
rb1805,20170814,20170811,210314500,3702.0,2916,172924,108015840.0,3702.0,4,3701.0,6
rb1805,20170814,20170811,210315000,3702.0,2916,172924,108015840.0,3702.0,4,3701.0,6
rb1805,20170814,20170811,210316000,3701.0,2928,172926,108459960.0,3702.0,7,3700.0,19
rb1805,20170814,20170811,210316500,3701.0,2928,172926,108459960.0,3702.0,14,3700.0,19
rb1805,20170814,20170811,210317000,3701.0,2928,172926,108459960.0,3702.0,14,3700.0,19
rb1805,20170814,20170811,210317500,3702.0,2930,172926,108534000.0,3702.0,13,3700.0,19
rb1805,20170814,20170811,210318000,3700.0,2932,172926,108608000.0,3701.0,11,3700.0,18
rb1805,20170814,20170811,210318500,3700.0,2958,172946,109570000.0,3701.0,11,3700.0,5
rb1805,20170814,20170811,210319000,3700.0,2968,172948,109940000.0,3700.0,12,3699.0,6
rb1805,20170814,20170811,210319500,3699.0,2972,172944,110087960.0,3700.0,3,3699.0,4
rb1805,20170814,20170811,210320000,3701.0,3012,172924,111568300.0,3701.0,3,3699.0,4
rb1805,20170814,20170811,210320500,3699.0,3020,172920,111864220.0,3699.0,2,3698.0,19
rb1805,20170814,20170811,210321000,3699.0,3020,172920,111864220.0,3699.0,2,3698.0,19
rb1805,20170814,20170811,210321500,3699.0,3020,172920,111864220.0,3699.0,2,3698.0,19
rb1805,20170814,20170811,210322000,3699.0,3020,172920,111864220.0,3699.0,2,3698.0,19
rb1805,20170814,20170811,210323000,3699.0,3020,172920,111864220.0,3699.0,5,3698.0,19
rb1805,20170814,20170811,210323500,3699.0,3020,172920,111864220.0,3699.0,5,3698.0,19
rb1805,20170814,20170811,210324000,3698.0,3022,172918,111938180.0,3699.0,5,3698.0,18
rb1805,20170814,20170811,210324500,3698.0,3024,172920,112012140.0,3699.0,5,3698.0,17
rb1805,20170814,20170811,210325000,3698.0,3026,172922,112086100.0,3699.0,6,3698.0,16
rb1805,20170814,20170811,210325500,3699.0,3028,172920,112160080.0,3699.0,5,3698.0,16
rb1805,20170814,20170811,210326000,3699.0,3028,172920,112160080.0,3699.0,5,3698.0,16
rb1805,20170814,20170811,210326500,3699.0,3028,172920,112160080.0,3699.0,5,3698.0,17
rb1805,20170814,20170811,210327500,3698.0,3032,172922,112308000.0,3699.0,5,3698.0,15
rb1805,20170814,20170811,210328000,3698.0,3042,172922,112677800.0,3699.0,5,3698.0,10
rb1805,20170814,20170811,210328500,3699.0,3056,172926,113195600.0,3699.0,1,3698.0,7
rb1805,20170814,20170811,210329000,3699.0,3058,172926,113269580.0,3699.0,2,3698.0,7
rb1805,20170814,20170811,210329500,3699.0,3058,172926,113269580.0,3699.0,2,3698.0,7
rb1805,20170814,20170811,210330000,3699.0,3064,172924,113491520.0,3700.0,6,3699.0,7
rb1805,20170814,20170811,210330500,3699.0,3064,172924,113491520.0,3700.0,6,3699.0,1
rb1805,20170814,20170811,210331000,3699.0,3064,172924,113491520.0,3700.0,6,3699.0,7
rb1805,20170814,20170811,210331500,3700.0,3070,172924,113713520.0,3700.0,3,3699.0,12
rb1805,20170814,20170811,210332000,3700.0,3076,172930,113935520.0,3701.0,7,3700.0,5
rb1805,20170814,20170811,210332500,3700.0,3076,172930,113935520.0,3701.0,4,3699.0,16
rb1805,20170814,20170811,210333000,3699.0,3078,172930,114009500.0,3701.0,1,3699.0,15
rb1805,20170814,20170811,210333500,3699.0,3078,172930,114009500.0,3701.0,1,3699.0,15
rb1805,20170814,20170811,210334000,3699.0,3078,172930,114009500.0,3701.0,1,3699.0,15
rb1805,20170814,20170811,210334500,3699.0,3078,172930,114009500.0,3701.0,2,3699.0,15
rb1805,20170814,20170811,210335500,3699.0,3078,172930,114009500.0,3701.0,2,3699.0,15
rb1805,20170814,20170811,210336000,3699.0,3080,172932,114083480.0,3701.0,2,3699.0,17
rb1805,20170814,20170811,210336500,3701.0,3084,172930,114231520.0,3702.0,11,3701.0,18
rb1805,20170814,20170811,210337000,3701.0,3120,172930,115563880.0,3702.0,3,3699.0,20
rb1805,20170814,20170811,210337500,3701.0,3120,172930,115563880.0,3702.0,10,3700.0,7
rb1805,20170814,20170811,210338000,3701.0,3120,172930,115563880.0,3701.0,1,3700.0,7
rb1805,20170814,20170811,210338500,3701.0,3122,172930,115637900.0,3702.0,10,3701.0,3
rb1805,20170814,20170811,210339000,3701.0,3122,172930,115637900.0,3702.0,10,3700.0,7
rb1805,20170814,20170811,210339500,3701.0,3122,172930,115637900.0,3702.0,10,3700.0,9
rb1805,20170814,20170811,210340000,3701.0,3122,172930,115637900.0,3702.0,10,3700.0,7
rb1805,20170814,20170811,210340500,3701.0,3122,172930,115637900.0,3702.0,10,3700.0,4
rb1805,20170814,20170811,210341000,3701.0,3122,172930,115637900.0,3701.0,5,3700.0,6
rb1805,20170814,20170811,210342000,3701.0,3122,172930,115637900.0,3701.0,5,3700.0,7
rb1805,20170814,20170811,210342500,3701.0,3122,172930,115637900.0,3701.0,5,3700.0,7
rb1805,20170814,20170811,210343000,3701.0,3122,172930,115637900.0,3701.0,5,3700.0,7
rb1805,20170814,20170811,210343500,3701.0,3122,172930,115637900.0,3701.0,5,3700.0,3
rb1805,20170814,20170811,210344500,3701.0,3122,172930,115637900.0,3701.0,5,3700.0,3
rb1805,20170814,20170811,210345000,3701.0,3124,172932,115711920.0,3701.0,4,3700.0,3
rb1805,20170814,20170811,210346000,3701.0,3124,172932,115711920.0,3701.0,4,3700.0,3
rb1805,20170814,20170811,210346500,3701.0,3124,172932,115711920.0,3701.0,4,3700.0,4
rb1805,20170814,20170811,210347000,3701.0,3124,172932,115711920.0,3701.0,4,3700.0,8
rb1805,20170814,20170811,210347500,3701.0,3132,172932,116008000.0,3702.0,10,3700.0,8
rb1805,20170814,20170811,210348000,3700.0,3134,172932,116082000.0,3702.0,10,3700.0,9
rb1805,20170814,20170811,210349000,3700.0,3138,172930,116230000.0,3702.0,10,3700.0,7
rb1805,20170814,20170811,210349500,3700.0,3138,172930,116230000.0,3702.0,10,3700.0,7
rb1805,20170814,20170811,210350000,3700.0,3138,172930,116230000.0,3702.0,10,3700.0,7
rb1805,20170814,20170811,210350500,3700.0,3138,172930,116230000.0,3702.0,10,3700.0,5
rb1805,20170814,20170811,210351000,3700.0,3138,172930,116230000.0,3702.0,10,3701.0,3
rb1805,20170814,20170811,210351500,3700.0,3140,172930,116304000.0,3702.0,10,3701.0,2
rb1805,20170814,20170811,210352000,3700.0,3140,172930,116304000.0,3702.0,10,3701.0,2
rb1805,20170814,20170811,210352500,3700.0,3140,172930,116304000.0,3702.0,11,3701.0,22
rb1805,20170814,20170811,210353000,3700.0,3140,172930,116304000.0,3702.0,11,3701.0,22
rb1805,20170814,20170811,210353500,3700.0,3140,172930,116304000.0,3702.0,11,3701.0,26
rb1805,20170814,20170811,210354000,3702.0,3142,172932,116378040.0,3702.0,10,3701.0,27
rb1805,20170814,20170811,210355000,3702.0,3142,172932,116378040.0,3702.0,10,3701.0,27
rb1805,20170814,20170811,210355500,3702.0,3142,172932,116378040.0,3702.0,10,3701.0,27
rb1805,20170814,20170811,210356000,3702.0,3142,172932,116378040.0,3702.0,3,3701.0,27
rb1805,20170814,20170811,210356500,3702.0,3142,172932,116378040.0,3702.0,3,3701.0,27
rb1805,20170814,20170811,210357500,3702.0,3142,172932,116378040.0,3702.0,3,3701.0,27
rb1805,20170814,20170811,210358500,3702.0,3142,172932,116378040.0,3702.0,3,3701.0,27
rb1805,20170814,20170811,210359000,3701.0,3162,172932,117118240.0,3702.0,3,3701.0,19
rb1805,20170814,20170811,210359500,3701.0,3162,172932,117118240.0,3702.0,4,3701.0,19
rb1805,20170814,20170811,210400000,3701.0,3162,172932,117118240.0,3702.0,4,3701.0,20
rb1805,20170814,20170811,210400500,3701.0,3162,172932,117118240.0,3702.0,5,3701.0,20
rb1805,20170814,20170811,210401000,3701.0,3162,172932,117118240.0,3702.0,4,3701.0,21
rb1805,20170814,20170811,210401500,3702.0,3168,172936,117340360.0,3702.0,1,3701.0,21
rb1805,20170814,20170811,210402000,3702.0,3168,172936,117340360.0,3702.0,5,3701.0,21
rb1805,20170814,20170811,210402500,3702.0,3168,172936,117340360.0,3702.0,6,3701.0,21
rb1805,20170814,20170811,210403500,3702.0,3168,172936,117340360.0,3702.0,7,3701.0,21
rb1805,20170814,20170811,210404000,3702.0,3168,172936,117340360.0,3702.0,14,3701.0,21
rb1805,20170814,20170811,210404500,3702.0,3168,172936,117340360.0,3702.0,16,3701.0,21
rb1805,20170814,20170811,210405000,3701.0,3196,172936,118376640.0,3702.0,16,3701.0,7
rb1805,20170814,20170811,210405500,3700.0,3212,172934,118968780.0,3701.0,11,3700.0,8
rb1805,20170814,20170811,210406000,3700.0,3228,172924,119560780.0,3700.0,5,3699.0,12
rb1805,20170814,20170811,210406500,3699.0,3230,172924,119634760.0,3700.0,17,3699.0,7
rb1805,20170814,20170811,210407000,3699.0,3244,172936,120152620.0,3699.0,5,3698.0,13
rb1805,20170814,20170811,210407500,3699.0,3244,172936,120152620.0,3700.0,5,3698.0,8
rb1805,20170814,20170811,210408000,3699.0,3244,172936,120152620.0,3699.0,5,3698.0,8
rb1805,20170814,20170811,210408500,3699.0,3244,172936,120152620.0,3699.0,5,3698.0,8
rb1805,20170814,20170811,210409000,3699.0,3244,172936,120152620.0,3699.0,17,3698.0,8
rb1805,20170814,20170811,210410000,3699.0,3244,172936,120152620.0,3699.0,17,3698.0,8
rb1805,20170814,20170811,210410500,3698.0,3254,172936,120522420.0,3699.0,17,3698.0,3
rb1805,20170814,20170811,210411000,3698.0,3260,172942,120744300.0,3698.0,5,3697.0,4
rb1805,20170814,20170811,210411500,3698.0,3260,172942,120744300.0,3699.0,5,3697.0,4
rb1805,20170814,20170811,210412000,3698.0,3260,172942,120744300.0,3699.0,17,3697.0,4
rb1805,20170814,20170811,210413000,3698.0,3260,172942,120744300.0,3699.0,17,3697.0,4
rb1805,20170814,20170811,210413500,3698.0,3260,172942,120744300.0,3698.0,5,3697.0,4
rb1805,20170814,20170811,210414000,3698.0,3262,172944,120818260.0,3698.0,4,3697.0,4
rb1805,20170814,20170811,210414500,3698.0,3262,172944,120818260.0,3698.0,16,3697.0,4
rb1805,20170814,20170811,210415000,3698.0,3262,172944,120818260.0,3698.0,16,3697.0,4
rb1805,20170814,20170811,210415500,3698.0,3262,172944,120818260.0,3698.0,16,3697.0,4
rb1805,20170814,20170811,210416000,3697.0,3270,172944,121114020.0,3698.0,23,3696.0,6
rb1805,20170814,20170811,210416500,3697.0,3270,172944,121114020.0,3698.0,24,3696.0,9
rb1805,20170814,20170811,210417000,3697.0,3270,172944,121114020.0,3698.0,25,3696.0,9
rb1805,20170814,20170811,210418000,3697.0,3270,172944,121114020.0,3698.0,25,3696.0,7
rb1805,20170814,20170811,210418500,3696.0,3284,172952,121631460.0,3696.0,3,3695.0,8
rb1805,20170814,20170811,210419000,3695.0,3318,172956,122887860.0,3695.0,87,3694.0,1
rb1805,20170814,20170811,210419500,3695.0,3504,173100,129760560.0,3695.0,6,3694.0,9
rb1805,20170814,20170811,210420000,3696.0,3520,173090,130351780.0,3698.0,13,3696.0,1
rb1805,20170814,20170811,210420500,3696.0,3520,173090,130351780.0,3698.0,13,3696.0,1
rb1805,20170814,20170811,210421000,3696.0,3522,173092,130425700.0,3698.0,13,3695.0,4
rb1805,20170814,20170811,210421500,3696.0,3524,173094,130499620.0,3698.0,13,3696.0,6
rb1805,20170814,20170811,210422000,3696.0,3524,173094,130499620.0,3697.0,3,3696.0,6
rb1805,20170814,20170811,210422500,3696.0,3524,173094,130499620.0,3697.0,3,3696.0,6
rb1805,20170814,20170811,210423500,3696.0,3524,173094,130499620.0,3697.0,3,3696.0,6
rb1805,20170814,20170811,210424000,3696.0,3526,173094,130573540.0,3698.0,13,3696.0,5
rb1805,20170814,20170811,210424500,3696.0,3526,173094,130573540.0,3698.0,16,3696.0,5
rb1805,20170814,20170811,210425000,3696.0,3526,173094,130573540.0,3698.0,28,3696.0,5
rb1805,20170814,20170811,210425500,3697.0,3528,173094,130647480.0,3698.0,28,3696.0,5
rb1805,20170814,20170811,210426000,3696.0,3530,173094,130721400.0,3698.0,28,3696.0,5
rb1805,20170814,20170811,210426500,3696.0,3530,173094,130721400.0,3698.0,28,3696.0,5
rb1805,20170814,20170811,210427000,3696.0,3534,173098,130869240.0,3698.0,28,3696.0,3
rb1805,20170814,20170811,210427500,3696.0,3540,173104,131091000.0,3696.0,3,3695.0,1
rb1805,20170814,20170811,210428000,3696.0,3540,173104,131091000.0,3696.0,2,3695.0,1
rb1805,20170814,20170811,210428500,3696.0,3540,173104,131091000.0,3696.0,14,3695.0,1
rb1805,20170814,20170811,210429000,3695.0,3562,173092,131903900.0,3695.0,2,3694.0,10
rb1805,20170814,20170811,210429500,3695.0,3562,173092,131903900.0,3695.0,5,3694.0,10
rb1805,20170814,20170811,210430000,3695.0,3562,173092,131903900.0,3695.0,19,3694.0,7
rb1805,20170814,20170811,210430500,3694.0,3576,173102,132421060.0,3695.0,19,3693.0,4
rb1805,20170814,20170811,210431000,3693.0,3584,173098,132716500.0,3693.0,97,3692.0,1
rb1805,20170814,20170811,210431500,3691.0,3740,173092,138477480.0,3693.0,41,3690.0,14
rb1805,20170814,20170811,210432000,3693.0,3752,173090,138920640.0,3693.0,54,3691.0,8
rb1805,20170814,20170811,210432500,3693.0,3752,173090,138920640.0,3693.0,54,3691.0,8
rb1805,20170814,20170811,210433500,3693.0,3754,173090,138994500.0,3693.0,53,3691.0,8
rb1805,20170814,20170811,210434000,3691.0,3756,173090,139068320.0,3693.0,53,3691.0,7
rb1805,20170814,20170811,210434500,3693.0,3760,173088,139216040.0,3693.0,51,3691.0,4
rb1805,20170814,20170811,210435000,3693.0,3760,173088,139216040.0,3693.0,51,3691.0,4
rb1805,20170814,20170811,210435500,3693.0,3760,173088,139216040.0,3692.0,4,3690.0,20
rb1805,20170814,20170811,210436000,3692.0,3776,173076,139806760.0,3692.0,9,3691.0,1
rb1805,20170814,20170811,210436500,3691.0,3790,173066,140323500.0,3691.0,33,3690.0,27
rb1805,20170814,20170811,210437000,3691.0,3822,173066,141504620.0,3691.0,17,3690.0,21
rb1805,20170814,20170811,210437500,3691.0,3822,173066,141504620.0,3691.0,24,3690.0,21
rb1805,20170814,20170811,210438000,3690.0,3826,173064,141652220.0,3691.0,31,3690.0,12
rb1805,20170814,20170811,210438500,3688.0,3852,173084,142611580.0,3691.0,31,3688.0,1
rb1805,20170814,20170811,210439000,3688.0,3854,173084,142685340.0,3690.0,3,3689.0,5
rb1805,20170814,20170811,210439500,3689.0,3858,173088,142832900.0,3690.0,5,3688.0,1
rb1805,20170814,20170811,210440000,3689.0,3858,173088,142832900.0,3690.0,6,3688.0,4
rb1805,20170814,20170811,210440500,3689.0,3858,173088,142832900.0,3690.0,6,3689.0,3
rb1805,20170814,20170811,210441000,3690.0,3870,173078,143275700.0,3691.0,25,3689.0,3
rb1805,20170814,20170811,210441500,3690.0,3870,173078,143275700.0,3691.0,18,3690.0,5
rb1805,20170814,20170811,210442000,3691.0,3908,173078,144678260.0,3693.0,40,3691.0,11
rb1805,20170814,20170811,210442500,3691.0,3920,173066,145121180.0,3693.0,40,3691.0,5
rb1805,20170814,20170811,210443000,3693.0,3930,173066,145490480.0,3693.0,35,3691.0,5
rb1805,20170814,20170811,210443500,3693.0,3930,173066,145490480.0,3692.0,3,3690.0,3
rb1805,20170814,20170811,210444500,3690.0,3932,173068,145564280.0,3691.0,1,3690.0,2
rb1805,20170814,20170811,210445000,3691.0,3934,173070,145638100.0,3692.0,3,3690.0,2
rb1805,20170814,20170811,210445500,3692.0,3936,173072,145711940.0,3692.0,2,3690.0,2
rb1805,20170814,20170811,210446000,3692.0,3940,173074,145859580.0,3692.0,2,3690.0,1
rb1805,20170814,20170811,210446500,3692.0,3940,173074,145859580.0,3692.0,2,3690.0,7
rb1805,20170814,20170811,210447000,3692.0,3940,173074,145859580.0,3692.0,6,3690.0,7
rb1805,20170814,20170811,210447500,3690.0,3952,173074,146302380.0,3692.0,6,3691.0,1
rb1805,20170814,20170811,210448000,3693.0,3972,173084,147040820.0,3693.0,32,3691.0,1
rb1805,20170814,20170811,210448500,3692.0,3974,173082,147114660.0,3693.0,25,3691.0,1
rb1805,20170814,20170811,210449000,3692.0,3974,173082,147114660.0,3693.0,25,3691.0,2
rb1805,20170814,20170811,210449500,3692.0,3974,173082,147114660.0,3693.0,25,3692.0,2
rb1805,20170814,20170811,210450000,3693.0,3978,173080,147262380.0,3693.0,23,3692.0,4
rb1805,20170814,20170811,210450500,3693.0,3982,173080,147410100.0,3693.0,21,3692.0,4
rb1805,20170814,20170811,210451000,3693.0,3982,173080,147410100.0,3693.0,21,3692.0,4
rb1805,20170814,20170811,210451500,3693.0,3982,173080,147410100.0,3693.0,21,3692.0,4
rb1805,20170814,20170811,210452500,3693.0,3998,173094,148000880.0,3693.0,18,3691.0,2
rb1805,20170814,20170811,210453000,3693.0,4002,173094,148148600.0,3693.0,17,3692.0,4
rb1805,20170814,20170811,210453500,3693.0,4036,173106,149404220.0,3695.0,6,3693.0,1
rb1805,20170814,20170811,210454000,3693.0,4036,173106,149404220.0,3695.0,4,3693.0,1
rb1805,20170814,20170811,210454500,3693.0,4036,173106,149404220.0,3695.0,4,3693.0,20
rb1805,20170814,20170811,210455000,3693.0,4036,173106,149404220.0,3695.0,4,3694.0,2
rb1805,20170814,20170811,210455500,3694.0,4044,173112,149699760.0,3695.0,3,3693.0,20
rb1805,20170814,20170811,210456000,3694.0,4044,173112,149699760.0,3695.0,3,3693.0,20
rb1805,20170814,20170811,210456500,3694.0,4044,173112,149699760.0,3695.0,3,3693.0,20
rb1805,20170814,20170811,210457000,3695.0,4046,173110,149773660.0,3695.0,2,3693.0,20
rb1805,20170814,20170811,210457500,3695.0,4048,173112,149847560.0,3695.0,1,3694.0,5
rb1805,20170814,20170811,210458000,3694.0,4058,173112,150216960.0,3695.0,1,3693.0,20
rb1805,20170814,20170811,210458500,3694.0,4058,173112,150216960.0,3695.0,1,3693.0,20
rb1805,20170814,20170811,210459000,3694.0,4058,173112,150216960.0,3695.0,1,3693.0,20
rb1805,20170814,20170811,210459500,3694.0,4058,173112,150216960.0,3695.0,6,3693.0,20
rb1805,20170814,20170811,210500500,3694.0,4058,173112,150216960.0,3694.0,96,3693.0,20
rb1805,20170814,20170811,210501000,3694.0,4086,173098,151251140.0,3694.0,89,3693.0,13
rb1805,20170814,20170811,210501500,3694.0,4092,173096,151472780.0,3694.0,86,3693.0,13
rb1805,20170814,20170811,210502000,3694.0,4094,173096,151546660.0,3694.0,85,3693.0,23
rb1805,20170814,20170811,210502500,3694.0,4150,173096,153615300.0,3694.0,57,3693.0,23
rb1805,20170814,20170811,210503000,3693.0,4192,173096,155166760.0,3694.0,37,3693.0,22
rb1805,20170814,20170811,210503500,3694.0,4234,173086,156718200.0,3694.0,18,3693.0,20
rb1805,20170814,20170811,210504000,3694.0,4264,173082,157826200.0,3694.0,13,3693.0,10
rb1805,20170814,20170811,210504500,3694.0,4296,173056,159008280.0,3695.0,13,3694.0,2
rb1805,20170814,20170811,210505000,3693.0,4340,173076,160633320.0,3696.0,1,3694.0,1
rb1805,20170814,20170811,210505500,3693.0,4348,173084,160928760.0,3693.0,1,3692.0,1
rb1805,20170814,20170811,210506000,3693.0,4350,173084,161002620.0,3696.0,11,3695.0,3
rb1805,20170814,20170811,210506500,3695.0,4356,173084,161224320.0,3696.0,8,3694.0,2
rb1805,20170814,20170811,210507000,3695.0,4356,173084,161224320.0,3696.0,9,3694.0,1
rb1805,20170814,20170811,210507500,3695.0,4356,173084,161224320.0,3696.0,10,3694.0,1
rb1805,20170814,20170811,210508000,3695.0,4356,173084,161224320.0,3696.0,10,3694.0,1
rb1805,20170814,20170811,210508500,3695.0,4356,173084,161224320.0,3696.0,9,3694.0,1
rb1805,20170814,20170811,210509000,3695.0,4356,173084,161224320.0,3696.0,9,3694.0,1
rb1805,20170814,20170811,210509500,3695.0,4356,173084,161224320.0,3695.0,6,3694.0,1
rb1805,20170814,20170811,210510000,3694.0,4358,173082,161298200.0,3694.0,3,3692.0,2
rb1805,20170814,20170811,210510500,3694.0,4358,173082,161298200.0,3694.0,4,3692.0,2
rb1805,20170814,20170811,210511000,3694.0,4368,173088,161667600.0,3694.0,9,3692.0,2
rb1805,20170814,20170811,210511500,3692.0,4372,173088,161815280.0,3694.0,7,3691.0,6
rb1805,20170814,20170811,210512000,3693.0,4374,173090,161889140.0,3693.0,2,3691.0,6
rb1805,20170814,20170811,210512500,3693.0,4374,173090,161889140.0,3693.0,11,3691.0,6
rb1805,20170814,20170811,210513000,3693.0,4380,173094,162110720.0,3693.0,8,3691.0,3
rb1805,20170814,20170811,210513500,3693.0,4380,173094,162110720.0,3693.0,8,3691.0,3
rb1805,20170814,20170811,210514000,3693.0,4380,173094,162110720.0,3693.0,8,3691.0,3
rb1805,20170814,20170811,210514500,3693.0,4384,173094,162258440.0,3694.0,7,3692.0,6
rb1805,20170814,20170811,210515000,3693.0,4384,173094,162258440.0,3694.0,7,3692.0,6
rb1805,20170814,20170811,210515500,3693.0,4384,173094,162258440.0,3694.0,7,3692.0,6
rb1805,20170814,20170811,210516000,3693.0,4384,173094,162258440.0,3694.0,7,3692.0,4
rb1805,20170814,20170811,210516500,3693.0,4384,173094,162258440.0,3694.0,13,3692.0,4
rb1805,20170814,20170811,210517000,3693.0,4384,173094,162258440.0,3694.0,13,3692.0,5
rb1805,20170814,20170811,210517500,3693.0,4384,173094,162258440.0,3694.0,13,3692.0,5
rb1805,20170814,20170811,210518000,3692.0,4386,173094,162332280.0,3694.0,13,3692.0,4
rb1805,20170814,20170811,210518500,3694.0,4394,173094,162627800.0,3694.0,9,3692.0,4
rb1805,20170814,20170811,210519000,3694.0,4394,173094,162627800.0,3694.0,9,3692.0,4
rb1805,20170814,20170811,210519500,3694.0,4394,173094,162627800.0,3694.0,9,3692.0,4
rb1805,20170814,20170811,210520500,3694.0,4394,173094,162627800.0,3694.0,9,3692.0,1
rb1805,20170814,20170811,210521000,3694.0,4394,173094,162627800.0,3694.0,9,3692.0,1
rb1805,20170814,20170811,210521500,3694.0,4394,173094,162627800.0,3694.0,9,3692.0,3
rb1805,20170814,20170811,210522000,3694.0,4404,173096,162997160.0,3695.0,13,3694.0,1
rb1805,20170814,20170811,210522500,3694.0,4406,173094,163071040.0,3695.0,12,3694.0,8
rb1805,20170814,20170811,210523000,3694.0,4406,173094,163071040.0,3695.0,6,3694.0,8
rb1805,20170814,20170811,210523500,3694.0,4406,173094,163071040.0,3695.0,3,3694.0,8
rb1805,20170814,20170811,210524000,3694.0,4406,173094,163071040.0,3695.0,3,3694.0,8
rb1805,20170814,20170811,210524500,3694.0,4406,173094,163071040.0,3695.0,3,3694.0,8
rb1805,20170814,20170811,210525000,3694.0,4406,173094,163071040.0,3695.0,3,3694.0,8
rb1805,20170814,20170811,210525500,3694.0,4422,173110,163662080.0,3694.0,2,3693.0,1
rb1805,20170814,20170811,210526000,3694.0,4422,173110,163662080.0,3694.0,8,3693.0,1
rb1805,20170814,20170811,210526500,3694.0,4422,173110,163662080.0,3694.0,8,3693.0,2
rb1805,20170814,20170811,210527000,3694.0,4422,173110,163662080.0,3694.0,8,3693.0,2
rb1805,20170814,20170811,210527500,3693.0,4426,173108,163809800.0,3694.0,8,3692.0,7
rb1805,20170814,20170811,210528000,3693.0,4426,173108,163809800.0,3694.0,8,3692.0,7
rb1805,20170814,20170811,210528500,3693.0,4426,173108,163809800.0,3694.0,8,3692.0,8
rb1805,20170814,20170811,210529500,3694.0,4428,173110,163883680.0,3694.0,7,3692.0,8
rb1805,20170814,20170811,210530000,3694.0,4428,173110,163883680.0,3694.0,1,3692.0,8
rb1805,20170814,20170811,210530500,3694.0,4428,173110,163883680.0,3694.0,1,3692.0,8
rb1805,20170814,20170811,210531000,3694.0,4428,173110,163883680.0,3694.0,1,3692.0,8
rb1805,20170814,20170811,210531500,3694.0,4428,173110,163883680.0,3694.0,7,3692.0,8
rb1805,20170814,20170811,210532000,3694.0,4428,173110,163883680.0,3694.0,7,3692.0,8
rb1805,20170814,20170811,210532500,3694.0,4430,173112,163957560.0,3694.0,6,3692.0,9
rb1805,20170814,20170811,210533000,3694.0,4430,173112,163957560.0,3695.0,3,3692.0,9
rb1805,20170814,20170811,210533500,3694.0,4430,173112,163957560.0,3695.0,16,3694.0,8
rb1805,20170814,20170811,210534000,3694.0,4430,173112,163957560.0,3695.0,16,3694.0,8
rb1805,20170814,20170811,210534500,3694.0,4446,173112,164548600.0,3695.0,16,3694.0,12
rb1805,20170814,20170811,210535000,3694.0,4470,173132,165435160.0,3695.0,16,3693.0,3
rb1805,20170814,20170811,210535500,3694.0,4470,173132,165435160.0,3695.0,16,3693.0,3
rb1805,20170814,20170811,210536500,3694.0,4470,173132,165435160.0,3695.0,16,3693.0,3
rb1805,20170814,20170811,210537000,3694.0,4470,173132,165435160.0,3695.0,16,3694.0,2
rb1805,20170814,20170811,210537500,3694.0,4474,173128,165582920.0,3695.0,16,3693.0,3
rb1805,20170814,20170811,210538000,3694.0,4474,173128,165582920.0,3695.0,20,3693.0,3
rb1805,20170814,20170811,210540000,3694.0,4474,173128,165582920.0,3695.0,20,3692.0,7
rb1805,20170814,20170811,210541000,3694.0,4474,173128,165582920.0,3695.0,20,3692.0,6
rb1805,20170814,20170811,210541500,3694.0,4474,173128,165582920.0,3694.0,1,3692.0,6
rb1805,20170814,20170811,210542000,3694.0,4476,173128,165656800.0,3694.0,7,3692.0,6
rb1805,20170814,20170811,210542500,3694.0,4482,173132,165878440.0,3694.0,4,3692.0,6
rb1805,20170814,20170811,210544000,3694.0,4482,173132,165878440.0,3694.0,11,3692.0,2
rb1805,20170814,20170811,210546000,3694.0,4482,173132,165878440.0,3694.0,11,3692.0,2
rb1805,20170814,20170811,210547500,3694.0,4482,173132,165878440.0,3694.0,11,3692.0,2
rb1805,20170814,20170811,210548000,3694.0,4482,173132,165878440.0,3693.0,3,3692.0,2
rb1805,20170814,20170811,210548500,3693.0,4488,173138,166100020.0,3694.0,7,3692.0,3
rb1805,20170814,20170811,210549000,3693.0,4488,173138,166100020.0,3694.0,11,3692.0,10
rb1805,20170814,20170811,210549500,3694.0,4494,173144,166321660.0,3694.0,4,3692.0,10
rb1805,20170814,20170811,210550500,3694.0,4494,173144,166321660.0,3694.0,4,3692.0,10
rb1805,20170814,20170811,210551000,3694.0,4494,173144,166321660.0,3694.0,4,3692.0,10
rb1805,20170814,20170811,210551500,3694.0,4504,173142,166691060.0,3695.0,14,3694.0,95
rb1805,20170814,20170811,210552000,3694.0,4506,173140,166764940.0,3695.0,17,3694.0,94
rb1805,20170814,20170811,210552500,3694.0,4538,173108,167947020.0,3695.0,21,3694.0,79
rb1805,20170814,20170811,210553500,3694.0,4538,173108,167947020.0,3695.0,21,3694.0,79
rb1805,20170814,20170811,210554000,3694.0,4540,173106,168020900.0,3695.0,21,3694.0,78
rb1805,20170814,20170811,210554500,3694.0,4542,173106,168094780.0,3695.0,21,3694.0,77
rb1805,20170814,20170811,210556000,3694.0,4548,173108,168316460.0,3695.0,19,3694.0,76
rb1805,20170814,20170811,210556500,3694.0,4550,173108,168390340.0,3695.0,19,3694.0,75
rb1805,20170814,20170811,210557000,3694.0,4550,173108,168390340.0,3695.0,19,3694.0,75
rb1805,20170814,20170811,210557500,3695.0,4564,173098,168907520.0,3695.0,18,3694.0,69
rb1805,20170814,20170811,210558000,3695.0,4564,173098,168907520.0,3695.0,18,3694.0,69
rb1805,20170814,20170811,210558500,3695.0,4564,173098,168907520.0,3695.0,18,3694.0,69
rb1805,20170814,20170811,210559000,3695.0,4564,173098,168907520.0,3695.0,18,3694.0,69
rb1805,20170814,20170811,210559500,3694.0,4566,173098,168981400.0,3695.0,18,3694.0,69
rb1805,20170814,20170811,210600000,3694.0,4566,173098,168981400.0,3695.0,11,3694.0,69
rb1805,20170814,20170811,210600500,3695.0,4588,173098,169794300.0,3696.0,9,3695.0,10
rb1805,20170814,20170811,210601000,3696.0,4592,173100,169942140.0,3696.0,3,3695.0,10
rb1805,20170814,20170811,210601500,3695.0,4598,173100,170163860.0,3696.0,2,3695.0,5
rb1805,20170814,20170811,210602500,3695.0,4598,173100,170163860.0,3696.0,2,3695.0,5
rb1805,20170814,20170811,210603500,3695.0,4598,173100,170163860.0,3696.0,2,3695.0,5
rb1805,20170814,20170811,210604000,3696.0,4600,173100,170237780.0,3696.0,1,3695.0,5
rb1805,20170814,20170811,210605500,3696.0,4602,173102,170311700.0,3697.0,1,3695.0,5
rb1805,20170814,20170811,210606000,3696.0,4604,173102,170385620.0,3696.0,4,3695.0,5
rb1805,20170814,20170811,210606500,3696.0,4604,173102,170385620.0,3696.0,4,3695.0,5
rb1805,20170814,20170811,210607000,3696.0,4604,173102,170385620.0,3696.0,4,3695.0,5
rb1805,20170814,20170811,210607500,3696.0,4606,173104,170459540.0,3696.0,3,3695.0,5
rb1805,20170814,20170811,210608000,3696.0,4606,173104,170459540.0,3696.0,3,3695.0,5
rb1805,20170814,20170811,210608500,3697.0,4614,173104,170755240.0,3697.0,1,3695.0,5
rb1805,20170814,20170811,210609000,3697.0,4614,173104,170755240.0,3698.0,15,3696.0,4
rb1805,20170814,20170811,210609500,3697.0,4614,173104,170755240.0,3698.0,15,3696.0,11
rb1805,20170814,20170811,210610000,3697.0,4614,173104,170755240.0,3698.0,8,3696.0,14
rb1805,20170814,20170811,210610500,3698.0,4618,173106,170903160.0,3698.0,6,3696.0,14
rb1805,20170814,20170811,210611000,3698.0,4628,173112,171272960.0,3698.0,1,3696.0,15
rb1805,20170814,20170811,210611500,3698.0,4630,173114,171346920.0,3699.0,5,3698.0,1
rb1805,20170814,20170811,210612000,3698.0,4632,173112,171420880.0,3699.0,5,3698.0,1
rb1805,20170814,20170811,210612500,3698.0,4632,173112,171420880.0,3699.0,5,3698.0,1
rb1805,20170814,20170811,210613000,3698.0,4632,173112,171420880.0,3699.0,5,3698.0,28
rb1805,20170814,20170811,210613500,3698.0,4632,173112,171420880.0,3699.0,5,3698.0,28
rb1805,20170814,20170811,210614000,3698.0,4632,173112,171420880.0,3699.0,6,3698.0,28
rb1805,20170814,20170811,210615500,3698.0,4632,173112,171420880.0,3699.0,6,3698.0,28
rb1805,20170814,20170811,210616000,3699.0,4644,173110,171864760.0,3700.0,16,3698.0,28
rb1805,20170814,20170811,210616500,3699.0,4644,173110,171864760.0,3700.0,16,3698.0,29
rb1805,20170814,20170811,210617000,3699.0,4644,173110,171864760.0,3699.0,1,3698.0,29
rb1805,20170814,20170811,210617500,3699.0,4646,173110,171938740.0,3700.0,16,3698.0,29
rb1805,20170814,20170811,210618000,3699.0,4646,173110,171938740.0,3700.0,16,3698.0,29
rb1805,20170814,20170811,210619000,3699.0,4646,173110,171938740.0,3700.0,16,3699.0,2
rb1805,20170814,20170811,210619500,3699.0,4646,173110,171938740.0,3700.0,16,3699.0,2
rb1805,20170814,20170811,210620000,3700.0,4648,173108,172012740.0,3700.0,15,3699.0,2
rb1805,20170814,20170811,210620500,3699.0,4650,173108,172086720.0,3700.0,16,3699.0,1
rb1805,20170814,20170811,210621000,3703.0,4752,173034,175862640.0,3703.0,4,3698.0,28
rb1805,20170814,20170811,210621500,3703.0,4752,173034,175862640.0,3702.0,8,3699.0,5
rb1805,20170814,20170811,210622000,3703.0,4752,173034,175862640.0,3702.0,7,3699.0,12
rb1805,20170814,20170811,210622500,3703.0,4752,173034,175862640.0,3701.0,1,3699.0,12
rb1805,20170814,20170811,210623000,3699.0,4754,173032,175936620.0,3701.0,4,3699.0,11
rb1805,20170814,20170811,210623500,3699.0,4754,173032,175936620.0,3700.0,1,3699.0,11
rb1805,20170814,20170811,210624000,3700.0,4756,173034,176010620.0,3701.0,4,3699.0,12
rb1805,20170814,20170811,210624500,3700.0,4756,173034,176010620.0,3701.0,4,3699.0,12
rb1805,20170814,20170811,210625000,3700.0,4756,173034,176010620.0,3701.0,4,3699.0,12
rb1805,20170814,20170811,210625500,3700.0,4756,173034,176010620.0,3701.0,4,3699.0,13
rb1805,20170814,20170811,210626000,3701.0,4758,173032,176084640.0,3701.0,3,3699.0,13
rb1805,20170814,20170811,210627000,3701.0,4758,173032,176084640.0,3702.0,7,3699.0,13
rb1805,20170814,20170811,210627500,3701.0,4758,173032,176084640.0,3701.0,1,3699.0,13
rb1805,20170814,20170811,210628000,3701.0,4758,173032,176084640.0,3701.0,1,3699.0,13
rb1805,20170814,20170811,210628500,3701.0,4758,173032,176084640.0,3701.0,1,3699.0,16
rb1805,20170814,20170811,210629000,3699.0,4768,173024,176454540.0,3701.0,1,3699.0,11
rb1805,20170814,20170811,210629500,3699.0,4768,173024,176454540.0,3701.0,1,3699.0,12
rb1805,20170814,20170811,210630000,3701.0,4770,173024,176528560.0,3702.0,10,3700.0,3
rb1805,20170814,20170811,210630500,3701.0,4770,173024,176528560.0,3701.0,1,3700.0,4
rb1805,20170814,20170811,210631000,3701.0,4770,173024,176528560.0,3701.0,1,3700.0,4
rb1805,20170814,20170811,210631500,3701.0,4770,173024,176528560.0,3701.0,1,3700.0,4
rb1805,20170814,20170811,210632000,3701.0,4770,173024,176528560.0,3701.0,1,3699.0,11
rb1805,20170814,20170811,210632500,3701.0,4770,173024,176528560.0,3701.0,9,3699.0,12
rb1805,20170814,20170811,210633000,3701.0,4770,173024,176528560.0,3701.0,9,3700.0,1
rb1805,20170814,20170811,210633500,3701.0,4770,173024,176528560.0,3701.0,9,3700.0,1
rb1805,20170814,20170811,210634000,3701.0,4770,173024,176528560.0,3701.0,9,3700.0,1
rb1805,20170814,20170811,210634500,3700.0,4772,173026,176602560.0,3700.0,4,3699.0,9
rb1805,20170814,20170811,210635000,3699.0,4778,173024,176824540.0,3700.0,3,3699.0,2
rb1805,20170814,20170811,210635500,3700.0,4780,173024,176898540.0,3700.0,2,3699.0,2
rb1805,20170814,20170811,210636500,3699.0,4784,173026,177046500.0,3700.0,2,3698.0,29
rb1805,20170814,20170811,210637000,3699.0,4784,173026,177046500.0,3700.0,2,3698.0,30
rb1805,20170814,20170811,210637500,3699.0,4784,173026,177046500.0,3699.0,1,3698.0,29
rb1805,20170814,20170811,210638000,3699.0,4786,173024,177120480.0,3700.0,1,3698.0,30
rb1805,20170814,20170811,210638500,3699.0,4786,173024,177120480.0,3700.0,1,3698.0,30
rb1805,20170814,20170811,210639000,3699.0,4786,173024,177120480.0,3700.0,1,3698.0,33
rb1805,20170814,20170811,210640000,3700.0,4788,173024,177194480.0,3700.0,2,3698.0,26
rb1805,20170814,20170811,210640500,3700.0,4788,173024,177194480.0,3700.0,2,3698.0,26
rb1805,20170814,20170811,210641000,3700.0,4788,173024,177194480.0,3700.0,2,3698.0,26
rb1805,20170814,20170811,210642500,3700.0,4788,173024,177194480.0,3700.0,7,3698.0,26
rb1805,20170814,20170811,210643000,3700.0,4802,173010,177712480.0,3701.0,10,3700.0,60
rb1805,20170814,20170811,210643500,3700.0,4846,172990,179340480.0,3701.0,8,3700.0,38
rb1805,20170814,20170811,210644000,3700.0,4846,172990,179340480.0,3701.0,8,3700.0,39
rb1805,20170814,20170811,210644500,3700.0,4848,172990,179414480.0,3701.0,10,3700.0,38
rb1805,20170814,20170811,210645000,3700.0,4848,172990,179414480.0,3701.0,8,3700.0,38
rb1805,20170814,20170811,210645500,3700.0,4848,172990,179414480.0,3701.0,7,3700.0,38
rb1805,20170814,20170811,210646000,3700.0,4848,172990,179414480.0,3701.0,8,3700.0,38
rb1805,20170814,20170811,210646500,3700.0,4850,172990,179488480.0,3701.0,11,3700.0,37
rb1805,20170814,20170811,210647000,3700.0,4850,172990,179488480.0,3701.0,8,3700.0,37
rb1805,20170814,20170811,210647500,3700.0,4850,172990,179488480.0,3701.0,8,3700.0,39
rb1805,20170814,20170811,210648000,3700.0,4850,172990,179488480.0,3701.0,13,3700.0,39
rb1805,20170814,20170811,210648500,3700.0,4852,172990,179562480.0,3701.0,15,3700.0,38
rb1805,20170814,20170811,210649000,3700.0,4852,172990,179562480.0,3701.0,12,3700.0,38
rb1805,20170814,20170811,210649500,3700.0,4856,172988,179710500.0,3701.0,24,3700.0,37
rb1805,20170814,20170811,210650000,3700.0,4856,172988,179710500.0,3701.0,24,3700.0,42
rb1805,20170814,20170811,210650500,3702.0,4912,173018,181783140.0,3702.0,2,3701.0,4
rb1805,20170814,20170811,210651000,3703.0,4918,173020,182005280.0,3703.0,18,3701.0,11
rb1805,20170814,20170811,210651500,3703.0,4918,173020,182005280.0,3702.0,3,3701.0,11
rb1805,20170814,20170811,210652000,3702.0,4924,173020,182227400.0,3703.0,16,3702.0,3
rb1805,20170814,20170811,210652500,3702.0,4926,173020,182301440.0,3703.0,16,3702.0,2
rb1805,20170814,20170811,210653000,3701.0,4946,173000,183041640.0,3703.0,16,3701.0,3
rb1805,20170814,20170811,210654000,3701.0,4946,173000,183041640.0,3702.0,2,3701.0,3
rb1805,20170814,20170811,210654500,3701.0,4950,173002,183189680.0,3702.0,2,3701.0,1
rb1805,20170814,20170811,210655500,3702.0,4952,173000,183263720.0,3702.0,1,3701.0,1
rb1805,20170814,20170811,210656500,3702.0,4952,173000,183263720.0,3702.0,1,3701.0,2
rb1805,20170814,20170811,210657000,3701.0,4958,173000,183485780.0,3701.0,4,3700.0,51
rb1805,20170814,20170811,210657500,3701.0,4958,173000,183485780.0,3701.0,1,3700.0,51
rb1805,20170814,20170811,210658000,3701.0,4958,173000,183485780.0,3701.0,1,3700.0,51
rb1805,20170814,20170811,210658500,3701.0,4958,173000,183485780.0,3701.0,1,3700.0,51
rb1805,20170814,20170811,210659000,3701.0,4958,173000,183485780.0,3701.0,1,3700.0,44
rb1805,20170814,20170811,210659500,3701.0,4960,173000,183559800.0,3702.0,3,3701.0,1
rb1805,20170814,20170811,210700000,3701.0,4962,173000,183633820.0,3701.0,36,3700.0,10
rb1805,20170814,20170811,210700500,3701.0,4962,173000,183633820.0,3701.0,27,3700.0,10
rb1805,20170814,20170811,210701000,3701.0,4962,173000,183633820.0,3701.0,26,3700.0,10
rb1805,20170814,20170811,210701500,3701.0,4962,173000,183633820.0,3701.0,26,3700.0,11
rb1805,20170814,20170811,210702500,3701.0,4964,173000,183707840.0,3701.0,25,3700.0,11
rb1805,20170814,20170811,210703500,3701.0,4964,173000,183707840.0,3701.0,25,3700.0,11
rb1805,20170814,20170811,210704000,3701.0,4964,173000,183707840.0,3701.0,25,3700.0,11
rb1805,20170814,20170811,210704500,3701.0,4970,173000,183929900.0,3701.0,22,3700.0,11
rb1805,20170814,20170811,210705000,3701.0,4972,173000,184003920.0,3701.0,21,3700.0,11
rb1805,20170814,20170811,210705500,3701.0,4972,173000,184003920.0,3701.0,21,3700.0,11
rb1805,20170814,20170811,210706000,3701.0,5014,172958,185558340.0,3702.0,3,3701.0,13
rb1805,20170814,20170811,210706500,3701.0,5016,172958,185632360.0,3703.0,18,3701.0,12
rb1805,20170814,20170811,210707000,3701.0,5016,172958,185632360.0,3702.0,1,3701.0,12
rb1805,20170814,20170811,210708000,3701.0,5016,172958,185632360.0,3702.0,1,3701.0,12
rb1805,20170814,20170811,210708500,3701.0,5016,172958,185632360.0,3703.0,18,3701.0,19
rb1805,20170814,20170811,210709500,3701.0,5016,172958,185632360.0,3703.0,18,3701.0,19
rb1805,20170814,20170811,210710500,3701.0,5016,172958,185632360.0,3703.0,18,3701.0,19
rb1805,20170814,20170811,210711000,3701.0,5016,172958,185632360.0,3703.0,18,3701.0,19
rb1805,20170814,20170811,210711500,3701.0,5016,172958,185632360.0,3703.0,18,3701.0,19
rb1805,20170814,20170811,210712000,3701.0,5016,172958,185632360.0,3703.0,18,3701.0,19
rb1805,20170814,20170811,210713000,3701.0,5016,172958,185632360.0,3703.0,18,3701.0,19
rb1805,20170814,20170811,210713500,3701.0,5016,172958,185632360.0,3703.0,18,3701.0,19
rb1805,20170814,20170811,210714500,3701.0,5016,172958,185632360.0,3703.0,18,3701.0,49
rb1805,20170814,20170811,210715000,3701.0,5016,172958,185632360.0,3703.0,19,3701.0,49
rb1805,20170814,20170811,210717000,3701.0,5016,172958,185632360.0,3703.0,19,3701.0,49
rb1805,20170814,20170811,210717500,3701.0,5016,172958,185632360.0,3703.0,19,3701.0,49
rb1805,20170814,20170811,210718000,3701.0,5018,172958,185706380.0,3703.0,19,3701.0,48
rb1805,20170814,20170811,210718500,3701.0,5018,172958,185706380.0,3702.0,1,3701.0,48
rb1805,20170814,20170811,210719500,3701.0,5018,172958,185706380.0,3702.0,1,3701.0,48
rb1805,20170814,20170811,210720500,3703.0,5058,172986,187187560.0,3704.0,24,3703.0,70
rb1805,20170814,20170811,210721000,3703.0,5130,173010,189853720.0,3704.0,25,3703.0,34
rb1805,20170814,20170811,210721500,3703.0,5158,173030,190890560.0,3704.0,29,3703.0,20
rb1805,20170814,20170811,210722000,3703.0,5176,173030,191557100.0,3704.0,29,3703.0,11
rb1805,20170814,20170811,210723000,3703.0,5176,173030,191557100.0,3704.0,29,3703.0,13
rb1805,20170814,20170811,210723500,3703.0,5176,173030,191557100.0,3704.0,29,3703.0,13
rb1805,20170814,20170811,210724000,3703.0,5176,173030,191557100.0,3704.0,29,3703.0,20
rb1805,20170814,20170811,210724500,3703.0,5176,173030,191557100.0,3704.0,28,3703.0,20
rb1805,20170814,20170811,210725500,3703.0,5178,173032,191631160.0,3704.0,28,3703.0,19
rb1805,20170814,20170811,210726000,3703.0,5178,173032,191631160.0,3704.0,29,3703.0,12
rb1805,20170814,20170811,210726500,3703.0,5178,173032,191631160.0,3704.0,29,3703.0,12
rb1805,20170814,20170811,210727000,3703.0,5178,173032,191631160.0,3704.0,29,3703.0,12
rb1805,20170814,20170811,210727500,3703.0,5178,173032,191631160.0,3704.0,29,3703.0,12
rb1805,20170814,20170811,210728000,3704.0,5198,173026,192371960.0,3704.0,24,3703.0,12
rb1805,20170814,20170811,210728500,3704.0,5200,173026,192446040.0,3704.0,22,3703.0,12
rb1805,20170814,20170811,210730500,3704.0,5200,173026,192446040.0,3704.0,17,3703.0,12
rb1805,20170814,20170811,210731000,3704.0,5200,173026,192446040.0,3704.0,17,3703.0,12
rb1805,20170814,20170811,210732000,3704.0,5200,173026,192446040.0,3704.0,17,3703.0,12
rb1805,20170814,20170811,210732500,3704.0,5224,173026,193335000.0,3704.0,5,3703.0,12
rb1805,20170814,20170811,210733000,3704.0,5230,173030,193557240.0,3704.0,2,3703.0,12
rb1805,20170814,20170811,210733500,3704.0,5230,173030,193557240.0,3704.0,5,3703.0,12
rb1805,20170814,20170811,210734000,3704.0,5230,173030,193557240.0,3704.0,5,3703.0,12
rb1805,20170814,20170811,210734500,3704.0,5232,173032,193631320.0,3704.0,4,3703.0,12
rb1805,20170814,20170811,210735000,3703.0,5256,173052,194520040.0,3703.0,6,3702.0,1
rb1805,20170814,20170811,210735500,3703.0,5256,173052,194520040.0,3702.0,10,3701.0,42
rb1805,20170814,20170811,210736000,3702.0,5276,173072,195260440.0,3704.0,6,3702.0,10
rb1805,20170814,20170811,210736500,3702.0,5276,173072,195260440.0,3704.0,7,3702.0,10
rb1805,20170814,20170811,210737000,3702.0,5280,173068,195408520.0,3702.0,2,3701.0,41
rb1805,20170814,20170811,210737500,3702.0,5284,173064,195556600.0,3703.0,19,3701.0,34
rb1805,20170814,20170811,210738000,3702.0,5284,173064,195556600.0,3702.0,10,3701.0,34
rb1805,20170814,20170811,210738500,3702.0,5288,173064,195704680.0,3702.0,8,3701.0,34
rb1805,20170814,20170811,210739000,3702.0,5306,173064,196371040.0,3703.0,18,3702.0,1
rb1805,20170814,20170811,210739500,3702.0,5306,173064,196371040.0,3703.0,5,3701.0,35
rb1805,20170814,20170811,210740000,3702.0,5306,173064,196371040.0,3703.0,5,3702.0,1
rb1805,20170814,20170811,210740500,3702.0,5306,173064,196371040.0,3703.0,5,3702.0,1
rb1805,20170814,20170811,210741000,3703.0,5308,173064,196445100.0,3703.0,4,3702.0,1
rb1805,20170814,20170811,210741500,3703.0,5308,173064,196445100.0,3703.0,4,3702.0,1
rb1805,20170814,20170811,210742000,3703.0,5310,173066,196519160.0,3703.0,3,3702.0,1
rb1805,20170814,20170811,210742500,3703.0,5310,173066,196519160.0,3703.0,3,3702.0,1
rb1805,20170814,20170811,210743000,3702.0,5312,173068,196593200.0,3703.0,3,3701.0,35
rb1805,20170814,20170811,210743500,3702.0,5312,173068,196593200.0,3703.0,1,3701.0,35
rb1805,20170814,20170811,210744000,3702.0,5312,173068,196593200.0,3703.0,1,3701.0,35
rb1805,20170814,20170811,210744500,3702.0,5312,173068,196593200.0,3703.0,1,3701.0,36
rb1805,20170814,20170811,210745000,3702.0,5312,173068,196593200.0,3702.0,2,3701.0,36
rb1805,20170814,20170811,210745500,3702.0,5316,173064,196741280.0,3703.0,1,3702.0,5
rb1805,20170814,20170811,210746000,3702.0,5316,173064,196741280.0,3703.0,1,3702.0,2
rb1805,20170814,20170811,210746500,3702.0,5316,173064,196741280.0,3703.0,4,3701.0,36
rb1805,20170814,20170811,210747000,3702.0,5324,173064,197037440.0,3702.0,1,3701.0,36
rb1805,20170814,20170811,210747500,3702.0,5326,173066,197111480.0,3703.0,4,3702.0,3
rb1805,20170814,20170811,210748000,3702.0,5326,173066,197111480.0,3703.0,4,3702.0,1
rb1805,20170814,20170811,210748500,3702.0,5328,173066,197185520.0,3703.0,4,3702.0,1
rb1805,20170814,20170811,210749000,3702.0,5330,173068,197259560.0,3702.0,2,3701.0,36
rb1805,20170814,20170811,210749500,3702.0,5334,173072,197407640.0,3703.0,4,3702.0,4
rb1805,20170814,20170811,210750000,3702.0,5334,173072,197407640.0,3703.0,4,3702.0,2
rb1805,20170814,20170811,210750500,3702.0,5334,173072,197407640.0,3702.0,2,3701.0,40
rb1805,20170814,20170811,210751000,3702.0,5342,173080,197703800.0,3703.0,4,3702.0,4
rb1805,20170814,20170811,210751500,3702.0,5342,173080,197703800.0,3703.0,4,3702.0,2
rb1805,20170814,20170811,210752000,3702.0,5342,173080,197703800.0,3703.0,4,3701.0,40
rb1805,20170814,20170811,210752500,3702.0,5342,173080,197703800.0,3703.0,5,3701.0,40
rb1805,20170814,20170811,210753000,3702.0,5346,173080,197851880.0,3703.0,5,3702.0,1
rb1805,20170814,20170811,210753500,3702.0,5346,173080,197851880.0,3703.0,5,3702.0,2
rb1805,20170814,20170811,210754500,3702.0,5346,173080,197851880.0,3703.0,5,3702.0,2
rb1805,20170814,20170811,210755000,3702.0,5346,173080,197851880.0,3703.0,5,3702.0,7
rb1805,20170814,20170811,210756000,3703.0,5356,173078,198222180.0,3704.0,30,3702.0,7
rb1805,20170814,20170811,210756500,3703.0,5360,173078,198370300.0,3704.0,28,3703.0,1
rb1805,20170814,20170811,210757000,3703.0,5360,173078,198370300.0,3704.0,23,3702.0,18
rb1805,20170814,20170811,210757500,3704.0,5388,173076,199407320.0,3704.0,12,3702.0,19
rb1805,20170814,20170811,210758000,3704.0,5388,173076,199407320.0,3704.0,12,3702.0,19
rb1805,20170814,20170811,210758500,3702.0,5390,173078,199481360.0,3704.0,12,3702.0,18
rb1805,20170814,20170811,210759000,3702.0,5390,173078,199481360.0,3704.0,12,3702.0,22
rb1805,20170814,20170811,210800000,3702.0,5390,173078,199481360.0,3704.0,12,3702.0,25
rb1805,20170814,20170811,210800500,3704.0,5392,173076,199555440.0,3704.0,11,3702.0,25
rb1805,20170814,20170811,210801000,3704.0,5392,173076,199555440.0,3704.0,11,3702.0,26
rb1805,20170814,20170811,210801500,3704.0,5392,173076,199555440.0,3704.0,11,3702.0,26
rb1805,20170814,20170811,210802000,3704.0,5392,173076,199555440.0,3704.0,12,3703.0,3
rb1805,20170814,20170811,210802500,3704.0,5392,173076,199555440.0,3704.0,12,3702.0,22
rb1805,20170814,20170811,210803000,3703.0,5396,173078,199703580.0,3703.0,2,3702.0,26
rb1805,20170814,20170811,210803500,3703.0,5400,173082,199851700.0,3704.0,12,3703.0,7
rb1805,20170814,20170811,210804000,3703.0,5404,173084,199999820.0,3704.0,12,3703.0,3
rb1805,20170814,20170811,210804500,3704.0,5428,173090,200888780.0,3705.0,16,3704.0,26
rb1805,20170814,20170811,210805000,3704.0,5428,173090,200888780.0,3705.0,16,3704.0,26
rb1805,20170814,20170811,210805500,3705.0,5438,173086,201259280.0,3705.0,11,3704.0,30
rb1805,20170814,20170811,210806000,3704.0,5508,173138,203852260.0,3705.0,1,3704.0,4
rb1805,20170814,20170811,210807000,3704.0,5508,173138,203852260.0,3705.0,2,3704.0,4
rb1805,20170814,20170811,210807500,3704.0,5508,173138,203852260.0,3705.0,1,3704.0,4
rb1805,20170814,20170811,210808000,3704.0,5508,173138,203852260.0,3705.0,1,3704.0,5
rb1805,20170814,20170811,210808500,3705.0,5510,173138,203926360.0,3706.0,4,3704.0,5
rb1805,20170814,20170811,210809000,3705.0,5510,173138,203926360.0,3706.0,4,3705.0,1
rb1805,20170814,20170811,210809500,3706.0,5514,173136,204074600.0,3707.0,8,3706.0,1
rb1805,20170814,20170811,210810000,3706.0,5514,173136,204074600.0,3707.0,7,3706.0,5
rb1805,20170814,20170811,210810500,3706.0,5524,173138,204445200.0,3707.0,7,3705.0,3
rb1805,20170814,20170811,210811000,3706.0,5524,173138,204445200.0,3707.0,7,3705.0,3
rb1805,20170814,20170811,210811500,3706.0,5524,173138,204445200.0,3707.0,7,3705.0,10
rb1805,20170814,20170811,210812000,3706.0,5524,173138,204445200.0,3707.0,7,3705.0,16
rb1805,20170814,20170811,210812500,3706.0,5524,173138,204445200.0,3707.0,7,3705.0,16
rb1805,20170814,20170811,210813500,3706.0,5524,173138,204445200.0,3707.0,15,3705.0,13
rb1805,20170814,20170811,210814000,3706.0,5524,173138,204445200.0,3707.0,8,3705.0,12
rb1805,20170814,20170811,210814500,3707.0,5526,173138,204519340.0,3707.0,6,3705.0,17
rb1805,20170814,20170811,210815000,3707.0,5526,173138,204519340.0,3707.0,6,3705.0,17
rb1805,20170814,20170811,210815500,3707.0,5526,173138,204519340.0,3707.0,7,3705.0,17
rb1805,20170814,20170811,210816000,3707.0,5530,173138,204667620.0,3707.0,5,3706.0,5
rb1805,20170814,20170811,210816500,3707.0,5540,173138,205038320.0,3708.0,15,3706.0,5
rb1805,20170814,20170811,210817000,3707.0,5540,173138,205038320.0,3708.0,15,3706.0,5
rb1805,20170814,20170811,210817500,3707.0,5540,173138,205038320.0,3708.0,15,3706.0,5
rb1805,20170814,20170811,210818500,3707.0,5540,173138,205038320.0,3708.0,20,3706.0,5
rb1805,20170814,20170811,210819000,3707.0,5540,173138,205038320.0,3708.0,13,3707.0,3
rb1805,20170814,20170811,210819500,3707.0,5540,173138,205038320.0,3708.0,21,3707.0,3
rb1805,20170814,20170811,210820000,3707.0,5546,173144,205260740.0,3708.0,13,3706.0,13
rb1805,20170814,20170811,210820500,3708.0,5558,173142,205705700.0,3708.0,15,3706.0,16
rb1805,20170814,20170811,210821000,3708.0,5572,173142,206224820.0,3709.0,5,3708.0,94
rb1805,20170814,20170811,210821500,3708.0,5638,173166,208672100.0,3709.0,6,3708.0,61
rb1805,20170814,20170811,210822000,3709.0,5688,173204,210526180.0,3710.0,14,3709.0,2
rb1805,20170814,20170811,210822500,3709.0,5694,173202,210748740.0,3710.0,14,3708.0,40
rb1805,20170814,20170811,210823000,3709.0,5694,173202,210748740.0,3709.0,15,3708.0,42
rb1805,20170814,20170811,210823500,3709.0,5700,173206,210971240.0,3709.0,16,3708.0,40
rb1805,20170814,20170811,210824000,3708.0,5782,173210,214011800.0,3708.0,30,3707.0,1
rb1805,20170814,20170811,210824500,3707.0,5790,173212,214308360.0,3707.0,3,3706.0,11
rb1805,20170814,20170811,210825000,3707.0,5790,173212,214308360.0,3707.0,1,3706.0,3
rb1805,20170814,20170811,210825500,3708.0,5796,173218,214530820.0,3708.0,30,3706.0,3
rb1805,20170814,20170811,210826500,3708.0,5796,173218,214530820.0,3708.0,30,3706.0,10
rb1805,20170814,20170811,210827000,3708.0,5796,173218,214530820.0,3708.0,30,3707.0,1
rb1805,20170814,20170811,210827500,3708.0,5796,173218,214530820.0,3708.0,30,3707.0,1
rb1805,20170814,20170811,210828000,3708.0,5796,173218,214530820.0,3708.0,30,3707.0,1
rb1805,20170814,20170811,210829000,3708.0,5796,173218,214530820.0,3708.0,30,3707.0,24
rb1805,20170814,20170811,210830000,3707.0,5798,173218,214604960.0,3708.0,30,3707.0,22
rb1805,20170814,20170811,210830500,3707.0,5802,173222,214753240.0,3708.0,31,3707.0,21
rb1805,20170814,20170811,210831000,3708.0,5804,173224,214827400.0,3708.0,30,3707.0,15
rb1805,20170814,20170811,210832500,3708.0,5804,173224,214827400.0,3708.0,29,3707.0,15
rb1805,20170814,20170811,210833000,3708.0,5806,173226,214901560.0,3708.0,28,3707.0,15
rb1805,20170814,20170811,210833500,3708.0,5806,173226,214901560.0,3708.0,28,3707.0,15
rb1805,20170814,20170811,210834500,3708.0,5806,173226,214901560.0,3708.0,28,3707.0,15
rb1805,20170814,20170811,210835000,3708.0,5806,173226,214901560.0,3708.0,38,3707.0,15
rb1805,20170814,20170811,210836000,3708.0,5808,173228,214975720.0,3708.0,37,3707.0,15
rb1805,20170814,20170811,210836500,3708.0,5808,173228,214975720.0,3708.0,37,3707.0,20
rb1805,20170814,20170811,210837000,3708.0,5808,173228,214975720.0,3708.0,38,3707.0,20
rb1805,20170814,20170811,210837500,3707.0,5810,173226,215049860.0,3708.0,38,3707.0,19
rb1805,20170814,20170811,210838000,3707.0,5810,173226,215049860.0,3708.0,38,3707.0,19
rb1805,20170814,20170811,210839000,3707.0,5810,173226,215049860.0,3708.0,38,3707.0,19
rb1805,20170814,20170811,210839500,3707.0,5814,173224,215198140.0,3708.0,40,3707.0,17
rb1805,20170814,20170811,210840500,3707.0,5814,173224,215198140.0,3708.0,41,3707.0,24
rb1805,20170814,20170811,210841000,3707.0,5838,173212,216087820.0,3708.0,41,3707.0,12
rb1805,20170814,20170811,210842000,3707.0,5842,173212,216236100.0,3708.0,41,3707.0,10
rb1805,20170814,20170811,210842500,3707.0,5846,173216,216384380.0,3708.0,41,3707.0,11
rb1805,20170814,20170811,210843000,3707.0,5852,173220,216606820.0,3708.0,40,3706.0,13
rb1805,20170814,20170811,210843500,3707.0,5852,173220,216606820.0,3707.0,1,3706.0,9
rb1805,20170814,20170811,210844000,3707.0,5852,173220,216606820.0,3707.0,10,3706.0,8
rb1805,20170814,20170811,210844500,3706.0,5856,173218,216755080.0,3707.0,9,3706.0,4
rb1805,20170814,20170811,210845000,3706.0,5864,173224,217051560.0,3707.0,9,3705.0,14
rb1805,20170814,20170811,210845500,3707.0,5882,173238,217718820.0,3708.0,49,3707.0,1
rb1805,20170814,20170811,210846000,3707.0,5884,173240,217792960.0,3707.0,4,3705.0,21
rb1805,20170814,20170811,210846500,3707.0,5884,173240,217792960.0,3707.0,1,3705.0,19
rb1805,20170814,20170811,210847000,3707.0,5884,173240,217792960.0,3707.0,5,3705.0,19
rb1805,20170814,20170811,210848000,3707.0,5884,173240,217792960.0,3707.0,6,3705.0,15
rb1805,20170814,20170811,210848500,3707.0,5884,173240,217792960.0,3707.0,7,3705.0,18
rb1805,20170814,20170811,210849500,3707.0,5888,173244,217941240.0,3707.0,5,3705.0,18
rb1805,20170814,20170811,210850000,3707.0,5888,173244,217941240.0,3707.0,5,3705.0,18
rb1805,20170814,20170811,210850500,3707.0,5888,173244,217941240.0,3706.0,1,3705.0,19
rb1805,20170814,20170811,210851000,3706.0,5890,173246,218015360.0,3707.0,5,3705.0,18
rb1805,20170814,20170811,210851500,3706.0,5890,173246,218015360.0,3707.0,7,3705.0,21
rb1805,20170814,20170811,210852000,3706.0,5890,173246,218015360.0,3707.0,7,3705.0,21
rb1805,20170814,20170811,210852500,3705.0,5892,173246,218089460.0,3707.0,7,3705.0,20
rb1805,20170814,20170811,210853500,3705.0,5892,173246,218089460.0,3707.0,7,3705.0,20
rb1805,20170814,20170811,210854000,3705.0,5892,173246,218089460.0,3707.0,4,3706.0,3
rb1805,20170814,20170811,210854500,3705.0,5906,173246,218608160.0,3707.0,4,3706.0,8
rb1805,20170814,20170811,210855000,3706.0,5910,173242,218756400.0,3707.0,4,3706.0,9
rb1805,20170814,20170811,210855500,3706.0,5910,173242,218756400.0,3707.0,4,3706.0,9
rb1805,20170814,20170811,210856000,3706.0,5910,173242,218756400.0,3707.0,4,3706.0,3
rb1805,20170814,20170811,210856500,3706.0,5910,173242,218756400.0,3707.0,4,3706.0,4
rb1805,20170814,20170811,210857000,3706.0,5910,173242,218756400.0,3707.0,4,3706.0,5
rb1805,20170814,20170811,210857500,3707.0,5918,173238,219052960.0,3708.0,49,3706.0,5
rb1805,20170814,20170811,210858000,3706.0,5920,173238,219127080.0,3708.0,52,3707.0,1
rb1805,20170814,20170811,210858500,3707.0,5922,173238,219201220.0,3707.0,2,3706.0,6
rb1805,20170814,20170811,210859000,3707.0,5924,173238,219275360.0,3708.0,40,3707.0,1
rb1805,20170814,20170811,210859500,3707.0,5926,173238,219349500.0,3707.0,2,3706.0,6
rb1805,20170814,20170811,210900000,3707.0,5926,173238,219349500.0,3708.0,42,3706.0,5
rb1805,20170814,20170811,210900500,3707.0,5926,173238,219349500.0,3708.0,45,3706.0,5
rb1805,20170814,20170811,210901000,3706.0,5928,173238,219423620.0,3708.0,45,3706.0,4
rb1805,20170814,20170811,210901500,3706.0,5936,173234,219720100.0,3706.0,6,3705.0,21
rb1805,20170814,20170811,210902000,3706.0,5946,173228,220090700.0,3708.0,54,3705.0,21
rb1805,20170814,20170811,210902500,3706.0,5946,173228,220090700.0,3707.0,4,3705.0,21
rb1805,20170814,20170811,210903000,3706.0,5946,173228,220090700.0,3707.0,5,3706.0,4
rb1805,20170814,20170811,210903500,3707.0,5948,173230,220164840.0,3707.0,4,3705.0,21
rb1805,20170814,20170811,210904500,3707.0,5956,173236,220461400.0,3708.0,48,3706.0,5
rb1805,20170814,20170811,210905000,3707.0,5956,173236,220461400.0,3708.0,48,3706.0,5
rb1805,20170814,20170811,210906000,3706.0,5958,173236,220535520.0,3708.0,48,3706.0,4
rb1805,20170814,20170811,210906500,3706.0,5958,173236,220535520.0,3708.0,47,3706.0,4
rb1805,20170814,20170811,210907000,3706.0,5960,173234,220609640.0,3708.0,47,3706.0,3
rb1805,20170814,20170811,210908000,3706.0,5962,173232,220683760.0,3708.0,47,3706.0,3
rb1805,20170814,20170811,210908500,3706.0,5964,173232,220757880.0,3708.0,47,3706.0,2
rb1805,20170814,20170811,210909000,3706.0,5964,173232,220757880.0,3708.0,47,3706.0,2
rb1805,20170814,20170811,210909500,3706.0,5970,173236,220980280.0,3708.0,46,3706.0,1
rb1805,20170814,20170811,210910000,3706.0,5974,173236,221128520.0,3708.0,45,3705.0,24
rb1805,20170814,20170811,210910500,3706.0,5974,173236,221128520.0,3708.0,47,3705.0,24
rb1805,20170814,20170811,210911000,3706.0,5974,173236,221128520.0,3708.0,49,3705.0,24
rb1805,20170814,20170811,210911500,3706.0,5974,173236,221128520.0,3708.0,49,3705.0,24
rb1805,20170814,20170811,210912000,3706.0,5974,173236,221128520.0,3707.0,3,3705.0,24
rb1805,20170814,20170811,210912500,3706.0,5974,173236,221128520.0,3707.0,3,3705.0,23
rb1805,20170814,20170811,210913500,3706.0,5974,173236,221128520.0,3707.0,3,3705.0,23
rb1805,20170814,20170811,210914000,3706.0,5974,173236,221128520.0,3707.0,4,3705.0,23
rb1805,20170814,20170811,210914500,3708.0,6104,173162,225948840.0,3709.0,20,3708.0,55
rb1805,20170814,20170811,210915000,3705.0,6218,173158,230175860.0,3708.0,44,3706.0,5
rb1805,20170814,20170811,210915500,3705.0,6218,173158,230175860.0,3708.0,18,3705.0,23
rb1805,20170814,20170811,210916000,3705.0,6218,173158,230175860.0,3708.0,20,3705.0,23
rb1805,20170814,20170811,210917000,3705.0,6218,173158,230175860.0,3708.0,18,3705.0,23
rb1805,20170814,20170811,210917500,3705.0,6218,173158,230175860.0,3708.0,18,3705.0,22
rb1805,20170814,20170811,210918000,3705.0,6218,173158,230175860.0,3707.0,7,3706.0,4
rb1805,20170814,20170811,210918500,3706.0,6226,173150,230472340.0,3706.0,3,3705.0,22
rb1805,20170814,20170811,210919000,3706.0,6228,173150,230546460.0,3707.0,7,3705.0,22
rb1805,20170814,20170811,210919500,3705.0,6232,173150,230694660.0,3706.0,4,3705.0,12
rb1805,20170814,20170811,210920000,3705.0,6240,173158,230991060.0,3706.0,7,3705.0,8
rb1805,20170814,20170811,210920500,3705.0,6246,173162,231213360.0,3706.0,7,3705.0,5
rb1805,20170814,20170811,210921000,3705.0,6256,173164,231583860.0,3706.0,10,3704.0,15
rb1805,20170814,20170811,210921500,3705.0,6256,173164,231583860.0,3706.0,11,3704.0,10
rb1805,20170814,20170811,210922000,3705.0,6256,173164,231583860.0,3706.0,13,3704.0,10
rb1805,20170814,20170811,210922500,3705.0,6256,173164,231583860.0,3706.0,7,3704.0,18
rb1805,20170814,20170811,210923500,3705.0,6256,173164,231583860.0,3706.0,7,3704.0,18
rb1805,20170814,20170811,210924000,3705.0,6256,173164,231583860.0,3706.0,7,3704.0,18
rb1805,20170814,20170811,210925500,3705.0,6256,173164,231583860.0,3706.0,7,3705.0,1
rb1805,20170814,20170811,210926000,3705.0,6258,173164,231657960.0,3706.0,5,3704.0,18
rb1805,20170814,20170811,210926500,3704.0,6270,173168,232102560.0,3707.0,13,3704.0,27
rb1805,20170814,20170811,210927000,3704.0,6270,173168,232102560.0,3705.0,12,3704.0,27
rb1805,20170814,20170811,210927500,3705.0,6274,173164,232250760.0,3705.0,10,3704.0,18
rb1805,20170814,20170811,210928000,3705.0,6274,173164,232250760.0,3705.0,10,3704.0,21
rb1805,20170814,20170811,210928500,3705.0,6274,173164,232250760.0,3705.0,10,3704.0,21
rb1805,20170814,20170811,210929500,3705.0,6274,173164,232250760.0,3705.0,10,3704.0,21
rb1805,20170814,20170811,210931500,3705.0,6274,173164,232250760.0,3705.0,10,3704.0,21
rb1805,20170814,20170811,210932000,3704.0,6276,173166,232324840.0,3705.0,10,3704.0,20
rb1805,20170814,20170811,210932500,3704.0,6276,173166,232324840.0,3705.0,10,3704.0,20
rb1805,20170814,20170811,210933500,3705.0,6278,173166,232398940.0,3705.0,9,3704.0,23
rb1805,20170814,20170811,210935000,3705.0,6278,173166,232398940.0,3705.0,9,3704.0,23
rb1805,20170814,20170811,210935500,3705.0,6278,173166,232398940.0,3705.0,9,3704.0,23
rb1805,20170814,20170811,210937000,3705.0,6278,173166,232398940.0,3705.0,9,3704.0,23
rb1805,20170814,20170811,210937500,3705.0,6278,173166,232398940.0,3705.0,9,3704.0,23
rb1805,20170814,20170811,210938000,3705.0,6278,173166,232398940.0,3705.0,10,3704.0,23
rb1805,20170814,20170811,210938500,3705.0,6278,173166,232398940.0,3705.0,10,3704.0,23
rb1805,20170814,20170811,210939000,3705.0,6278,173166,232398940.0,3705.0,10,3704.0,23
rb1805,20170814,20170811,210940000,3705.0,6278,173166,232398940.0,3705.0,11,3704.0,23
rb1805,20170814,20170811,210940500,3705.0,6278,173166,232398940.0,3705.0,12,3704.0,23
rb1805,20170814,20170811,210941000,3705.0,6278,173166,232398940.0,3705.0,12,3704.0,23
rb1805,20170814,20170811,210941500,3704.0,6282,173170,232547100.0,3705.0,12,3704.0,21
rb1805,20170814,20170811,210942000,3704.0,6282,173170,232547100.0,3705.0,12,3704.0,21
rb1805,20170814,20170811,210942500,3704.0,6282,173170,232547100.0,3705.0,12,3704.0,21
rb1805,20170814,20170811,210943000,3705.0,6286,173172,232695300.0,3705.0,10,3704.0,18
rb1805,20170814,20170811,210943500,3705.0,6286,173172,232695300.0,3705.0,10,3704.0,28
rb1805,20170814,20170811,210944000,3705.0,6286,173172,232695300.0,3705.0,10,3704.0,25
rb1805,20170814,20170811,210944500,3704.0,6336,173218,234547300.0,3704.0,1,3703.0,7
rb1805,20170814,20170811,210945000,3704.0,6338,173218,234621380.0,3704.0,1,3703.0,7
rb1805,20170814,20170811,210945500,3703.0,6342,173220,234769500.0,3704.0,17,3703.0,5
rb1805,20170814,20170811,210946000,3703.0,6354,173218,235213860.0,3703.0,5,3702.0,6
rb1805,20170814,20170811,210946500,3703.0,6354,173218,235213860.0,3703.0,3,3702.0,6
rb1805,20170814,20170811,210947000,3703.0,6354,173218,235213860.0,3703.0,3,3702.0,6
rb1805,20170814,20170811,210947500,3703.0,6354,173218,235213860.0,3703.0,3,3702.0,6
rb1805,20170814,20170811,210948000,3703.0,6354,173218,235213860.0,3703.0,1,3702.0,6
rb1805,20170814,20170811,210949500,3703.0,6356,173218,235287920.0,3704.0,17,3702.0,6
rb1805,20170814,20170811,210950000,3702.0,6362,173218,235510040.0,3704.0,17,3702.0,3
rb1805,20170814,20170811,210950500,3703.0,6376,173218,236028400.0,3703.0,3,3701.0,36
rb1805,20170814,20170811,210951000,3701.0,6378,173218,236102420.0,3703.0,3,3701.0,35
rb1805,20170814,20170811,210951500,3701.0,6380,173218,236176440.0,3703.0,3,3701.0,34
rb1805,20170814,20170811,210953000,3701.0,6380,173218,236176440.0,3703.0,3,3701.0,34
rb1805,20170814,20170811,210954000,3701.0,6380,173218,236176440.0,3703.0,4,3701.0,34
rb1805,20170814,20170811,210954500,3701.0,6380,173218,236176440.0,3703.0,4,3701.0,34
rb1805,20170814,20170811,210955000,3701.0,6380,173218,236176440.0,3703.0,1,3701.0,34
rb1805,20170814,20170811,210956000,3701.0,6380,173218,236176440.0,3703.0,1,3701.0,34
rb1805,20170814,20170811,210956500,3701.0,6380,173218,236176440.0,3703.0,1,3701.0,34
rb1805,20170814,20170811,210957000,3701.0,6380,173218,236176440.0,3703.0,8,3701.0,33
rb1805,20170814,20170811,210958000,3701.0,6380,173218,236176440.0,3703.0,8,3701.0,33
rb1805,20170814,20170811,210958500,3701.0,6390,173228,236546540.0,3703.0,11,3701.0,28
rb1805,20170814,20170811,210959000,3701.0,6390,173228,236546540.0,3703.0,8,3701.0,28
rb1805,20170814,20170811,210959500,3701.0,6390,173228,236546540.0,3703.0,8,3701.0,28
rb1805,20170814,20170811,211000000,3701.0,6390,173228,236546540.0,3703.0,12,3701.0,28
rb1805,20170814,20170811,211000500,3701.0,6390,173228,236546540.0,3703.0,9,3701.0,28
rb1805,20170814,20170811,211001000,3701.0,6390,173228,236546540.0,3703.0,9,3702.0,4
rb1805,20170814,20170811,211001500,3701.0,6390,173228,236546540.0,3703.0,2,3702.0,11
rb1805,20170814,20170811,211002000,3703.0,6394,173224,236694660.0,3704.0,11,3703.0,55
rb1805,20170814,20170811,211002500,3704.0,6416,173222,237509540.0,3705.0,13,3704.0,4
rb1805,20170814,20170811,211003000,3705.0,6444,173232,238546940.0,3706.0,16,3705.0,14
rb1805,20170814,20170811,211003500,3706.0,6446,173234,238621060.0,3706.0,5,3704.0,21
rb1805,20170814,20170811,211004000,3706.0,6454,173234,238917540.0,3706.0,1,3704.0,21
rb1805,20170814,20170811,211004500,3706.0,6468,173226,239436380.0,3707.0,18,3704.0,21
rb1805,20170814,20170811,211005000,3706.0,6468,173226,239436380.0,3707.0,21,3704.0,21
rb1805,20170814,20170811,211005500,3706.0,6468,173226,239436380.0,3707.0,21,3704.0,21
rb1805,20170814,20170811,211006000,3706.0,6468,173226,239436380.0,3706.0,3,3704.0,16
rb1805,20170814,20170811,211006500,3706.0,6468,173226,239436380.0,3706.0,16,3704.0,16
rb1805,20170814,20170811,211008000,3704.0,6472,173228,239584540.0,3706.0,16,3704.0,7
rb1805,20170814,20170811,211008500,3704.0,6476,173228,239732700.0,3705.0,10,3703.0,46
rb1805,20170814,20170811,211009000,3704.0,6476,173228,239732700.0,3705.0,20,3703.0,45
rb1805,20170814,20170811,211010000,3705.0,6478,173228,239806800.0,3705.0,14,3703.0,45
rb1805,20170814,20170811,211010500,3705.0,6478,173228,239806800.0,3705.0,14,3704.0,1
rb1805,20170814,20170811,211011000,3705.0,6478,173228,239806800.0,3705.0,4,3704.0,1
rb1805,20170814,20170811,211011500,3705.0,6478,173228,239806800.0,3705.0,4,3704.0,3
rb1805,20170814,20170811,211012500,3705.0,6478,173228,239806800.0,3705.0,4,3704.0,4
rb1805,20170814,20170811,211013000,3705.0,6478,173228,239806800.0,3705.0,4,3704.0,4
rb1805,20170814,20170811,211013500,3704.0,6480,173228,239880880.0,3705.0,4,3704.0,3
rb1805,20170814,20170811,211014000,3704.0,6486,173230,240103120.0,3705.0,4,3703.0,46
rb1805,20170814,20170811,211014500,3704.0,6486,173230,240103120.0,3705.0,4,3703.0,46
rb1805,20170814,20170811,211015000,3704.0,6486,173230,240103120.0,3705.0,4,3703.0,45
rb1805,20170814,20170811,211015500,3704.0,6486,173230,240103120.0,3705.0,3,3703.0,46
rb1805,20170814,20170811,211016000,3704.0,6486,173230,240103120.0,3705.0,3,3703.0,47
rb1805,20170814,20170811,211017000,3704.0,6486,173230,240103120.0,3705.0,2,3703.0,47
rb1805,20170814,20170811,211017500,3704.0,6486,173230,240103120.0,3705.0,2,3704.0,6
rb1805,20170814,20170811,211018000,3705.0,6488,173230,240177220.0,3705.0,4,3704.0,6
rb1805,20170814,20170811,211018500,3705.0,6488,173230,240177220.0,3705.0,4,3704.0,6
rb1805,20170814,20170811,211019500,3705.0,6488,173230,240177220.0,3705.0,1,3704.0,6
rb1805,20170814,20170811,211020000,3705.0,6488,173230,240177220.0,3705.0,1,3704.0,6
rb1805,20170814,20170811,211020500,3705.0,6488,173230,240177220.0,3705.0,1,3704.0,6
rb1805,20170814,20170811,211021000,3705.0,6488,173230,240177220.0,3705.0,1,3704.0,6
rb1805,20170814,20170811,211021500,3705.0,6492,173230,240325420.0,3705.0,2,3704.0,6
rb1805,20170814,20170811,211022000,3705.0,6494,173228,240399520.0,3705.0,1,3704.0,3
rb1805,20170814,20170811,211022500,3705.0,6494,173228,240399520.0,3705.0,5,3704.0,3
rb1805,20170814,20170811,211023000,3705.0,6494,173228,240399520.0,3705.0,1,3704.0,4
rb1805,20170814,20170811,211024000,3705.0,6494,173228,240399520.0,3706.0,31,3704.0,1
rb1805,20170814,20170811,211024500,3705.0,6494,173228,240399520.0,3706.0,31,3705.0,1
rb1805,20170814,20170811,211025000,3705.0,6494,173228,240399520.0,3706.0,21,3705.0,1
rb1805,20170814,20170811,211025500,3705.0,6494,173228,240399520.0,3706.0,18,3705.0,1
rb1805,20170814,20170811,211026000,3705.0,6494,173228,240399520.0,3706.0,18,3705.0,1
rb1805,20170814,20170811,211026500,3705.0,6494,173228,240399520.0,3706.0,18,3705.0,1
rb1805,20170814,20170811,211027000,3704.0,6504,173238,240769940.0,3706.0,18,3704.0,10
rb1805,20170814,20170811,211027500,3704.0,6504,173238,240769940.0,3706.0,21,3704.0,10
rb1805,20170814,20170811,211028000,3704.0,6504,173238,240769940.0,3706.0,22,3704.0,5
rb1805,20170814,20170811,211028500,3704.0,6504,173238,240769940.0,3705.0,3,3704.0,5
rb1805,20170814,20170811,211029000,3704.0,6504,173238,240769940.0,3705.0,3,3704.0,5
rb1805,20170814,20170811,211030500,3705.0,6508,173238,240918140.0,3705.0,1,3704.0,5
rb1805,20170814,20170811,211031000,3705.0,6508,173238,240918140.0,3705.0,1,3704.0,5
rb1805,20170814,20170811,211033500,3705.0,6508,173238,240918140.0,3705.0,1,3704.0,11
rb1805,20170814,20170811,211034000,3705.0,6508,173238,240918140.0,3706.0,35,3705.0,1
rb1805,20170814,20170811,211034500,3705.0,6510,173236,240992240.0,3706.0,25,3704.0,11
rb1805,20170814,20170811,211035000,3705.0,6510,173236,240992240.0,3705.0,3,3704.0,6
rb1805,20170814,20170811,211035500,3704.0,6512,173238,241066320.0,3705.0,3,3704.0,5
rb1805,20170814,20170811,211036000,3704.0,6512,173238,241066320.0,3705.0,3,3704.0,5
rb1805,20170814,20170811,211037500,3704.0,6514,173238,241140400.0,3705.0,3,3704.0,4
rb1805,20170814,20170811,211038000,3704.0,6514,173238,241140400.0,3705.0,3,3704.0,4
rb1805,20170814,20170811,211038500,3704.0,6514,173238,241140400.0,3705.0,6,3704.0,4
rb1805,20170814,20170811,211039000,3704.0,6514,173238,241140400.0,3705.0,6,3704.0,4
rb1805,20170814,20170811,211039500,3704.0,6522,173238,241436720.0,3705.0,6,3703.0,47
rb1805,20170814,20170811,211040000,3704.0,6522,173238,241436720.0,3705.0,19,3703.0,46
rb1805,20170814,20170811,211041500,3704.0,6522,173238,241436720.0,3705.0,19,3703.0,46
rb1805,20170814,20170811,211042000,3704.0,6522,173238,241436720.0,3705.0,9,3704.0,3
rb1805,20170814,20170811,211042500,3705.0,6524,173238,241510820.0,3705.0,8,3704.0,3
rb1805,20170814,20170811,211043000,3705.0,6524,173238,241510820.0,3705.0,8,3704.0,3
rb1805,20170814,20170811,211045500,3705.0,6526,173238,241584920.0,3705.0,4,3704.0,3
rb1805,20170814,20170811,211046000,3705.0,6526,173238,241584920.0,3705.0,4,3704.0,3
rb1805,20170814,20170811,211046500,3705.0,6526,173238,241584920.0,3705.0,8,3704.0,4
rb1805,20170814,20170811,211047000,3705.0,6542,173230,242177720.0,3706.0,35,3704.0,4
rb1805,20170814,20170811,211047500,3704.0,6548,173232,242399960.0,3704.0,58,3703.0,11
rb1805,20170814,20170811,211048000,3703.0,6556,173234,242696200.0,3704.0,43,3702.0,8
rb1805,20170814,20170811,211048500,3702.0,6572,173236,243288520.0,3702.0,10,3701.0,37
rb1805,20170814,20170811,211049000,3702.0,6572,173236,243288520.0,3704.0,59,3702.0,2
rb1805,20170814,20170811,211049500,3702.0,6572,173236,243288520.0,3704.0,46,3702.0,58
rb1805,20170814,20170811,211050500,3702.0,6572,173236,243288520.0,3704.0,56,3702.0,53
rb1805,20170814,20170811,211052000,3702.0,6572,173236,243288520.0,3704.0,30,3702.0,68
rb1805,20170814,20170811,211052500,3702.0,6572,173236,243288520.0,3704.0,30,3703.0,2
rb1805,20170814,20170811,211053000,3703.0,6576,173232,243436640.0,3703.0,28,3702.0,68
rb1805,20170814,20170811,211053500,3703.0,6628,173188,245362200.0,3703.0,2,3702.0,68
rb1805,20170814,20170811,211054000,3703.0,6632,173184,245510320.0,3705.0,18,3703.0,6
rb1805,20170814,20170811,211054500,3703.0,6632,173184,245510320.0,3705.0,18,3702.0,68
rb1805,20170814,20170811,211055000,3703.0,6632,173184,245510320.0,3705.0,25,3702.0,68
rb1805,20170814,20170811,211056000,3703.0,6632,173184,245510320.0,3705.0,27,3702.0,68
rb1805,20170814,20170811,211056500,3703.0,6632,173184,245510320.0,3704.0,14,3702.0,53
rb1805,20170814,20170811,211057000,3703.0,6632,173184,245510320.0,3704.0,14,3702.0,53
rb1805,20170814,20170811,211057500,3703.0,6632,173184,245510320.0,3704.0,14,3702.0,53
rb1805,20170814,20170811,211058000,3703.0,6632,173184,245510320.0,3704.0,14,3702.0,53
rb1805,20170814,20170811,211058500,3703.0,6632,173184,245510320.0,3704.0,21,3702.0,53
rb1805,20170814,20170811,211059000,3703.0,6632,173184,245510320.0,3703.0,1,3702.0,53
rb1805,20170814,20170811,211059500,3703.0,6632,173184,245510320.0,3703.0,1,3702.0,53
rb1805,20170814,20170811,211100000,3703.0,6632,173184,245510320.0,3703.0,1,3702.0,53
rb1805,20170814,20170811,211100500,3703.0,6634,173184,245584380.0,3704.0,11,3703.0,4
rb1805,20170814,20170811,211101000,3703.0,6634,173184,245584380.0,3704.0,4,3703.0,7
rb1805,20170814,20170811,211101500,3703.0,6634,173184,245584380.0,3704.0,4,3703.0,9
rb1805,20170814,20170811,211102000,3703.0,6636,173186,245658440.0,3704.0,4,3703.0,8
rb1805,20170814,20170811,211103000,3703.0,6636,173186,245658440.0,3705.0,26,3703.0,8
rb1805,20170814,20170811,211103500,3703.0,6636,173186,245658440.0,3705.0,26,3703.0,8
rb1805,20170814,20170811,211104000,3703.0,6636,173186,245658440.0,3705.0,27,3703.0,8
rb1805,20170814,20170811,211104500,3703.0,6636,173186,245658440.0,3705.0,27,3703.0,4
rb1805,20170814,20170811,211105000,3705.0,6644,173188,245954840.0,3705.0,23,3703.0,25
rb1805,20170814,20170811,211105500,3705.0,6644,173188,245954840.0,3705.0,23,3703.0,25
rb1805,20170814,20170811,211106000,3705.0,6644,173188,245954840.0,3705.0,23,3703.0,25
