instrument,tradingday,calendarday,time,lastp,volume,openinterest,turnover,ask1,asksz1,bid1,bidsz1
rb1805,20170712,20170711,183513500,3219.0,0,82858,0.0,0.0,0,0.0,0
rb1805,20170712,20170711,205900500,3220.0,28,82858,901600.0,3220.0,5,3215.0,5
rb1805,20170712,20170711,210000500,3219.0,34,82852,1094740.0,3220.0,6,3216.0,3
rb1805,20170712,20170711,210001000,3219.0,34,82852,1094740.0,3220.0,6,3216.0,1
rb1805,20170712,20170711,210001500,3219.0,34,82852,1094740.0,3220.0,6,3216.0,1
rb1805,20170712,20170711,210002500,3219.0,34,82852,1094740.0,3220.0,6,3216.0,1
rb1805,20170712,20170711,210004000,3215.0,46,82864,1480560.0,3217.0,1,3211.0,1
rb1805,20170712,20170711,210004500,3215.0,48,82864,1544860.0,3217.0,1,3212.0,1
rb1805,20170712,20170711,210005000,3215.0,48,82864,1544860.0,3217.0,1,3212.0,1
rb1805,20170712,20170711,210005500,3215.0,48,82864,1544860.0,3217.0,1,3216.0,1
rb1805,20170712,20170711,210006000,3215.0,50,82866,1609160.0,3217.0,1,3211.0,1
rb1805,20170712,20170711,210006500,3215.0,50,82866,1609160.0,3217.0,1,3212.0,1
rb1805,20170712,20170711,210007000,3215.0,50,82866,1609160.0,3217.0,1,3212.0,1
rb1805,20170712,20170711,210007500,3215.0,50,82866,1609160.0,3217.0,1,3212.0,1
rb1805,20170712,20170711,210008000,3215.0,50,82866,1609160.0,3217.0,1,3212.0,1
rb1805,20170712,20170711,210008500,3212.0,52,82866,1673400.0,3212.0,7,3211.0,1
rb1805,20170712,20170711,210009000,3212.0,68,82866,2187320.0,3216.0,3,3212.0,3
rb1805,20170712,20170711,210009500,3212.0,68,82866,2187320.0,3216.0,3,3211.0,1
rb1805,20170712,20170711,210010000,3212.0,68,82866,2187320.0,3216.0,3,3212.0,2
rb1805,20170712,20170711,210011500,3212.0,68,82866,2187320.0,3215.0,3,3213.0,2
rb1805,20170712,20170711,210012000,3215.0,74,82872,2380220.0,3216.0,3,3213.0,4
rb1805,20170712,20170711,210013000,3215.0,74,82872,2380220.0,3216.0,3,3213.0,2
rb1805,20170712,20170711,210013500,3215.0,74,82872,2380220.0,3216.0,3,3213.0,4
rb1805,20170712,20170711,210014000,3215.0,74,82872,2380220.0,3216.0,3,3213.0,4
rb1805,20170712,20170711,210014500,3215.0,74,82872,2380220.0,3216.0,3,3214.0,1
rb1805,20170712,20170711,210015000,3215.0,74,82872,2380220.0,3216.0,3,3214.0,1
rb1805,20170712,20170711,210015500,3214.0,76,82872,2444500.0,3214.0,1,3213.0,3
rb1805,20170712,20170711,210016000,3214.0,78,82872,2508780.0,3216.0,29,3214.0,2
rb1805,20170712,20170711,210016500,3214.0,78,82872,2508780.0,3216.0,29,3214.0,2
rb1805,20170712,20170711,210017000,3214.0,78,82872,2508780.0,3216.0,29,3214.0,2
rb1805,20170712,20170711,210017500,3214.0,78,82872,2508780.0,3216.0,29,3214.0,1
rb1805,20170712,20170711,210018000,3214.0,80,82872,2573060.0,3214.0,129,3213.0,4
rb1805,20170712,20170711,210018500,3214.0,158,82840,5079980.0,3214.0,90,3213.0,6
rb1805,20170712,20170711,210019000,3214.0,210,82828,6751260.0,3214.0,64,3213.0,4
rb1805,20170712,20170711,210019500,3214.0,226,82812,7265500.0,3214.0,56,3213.0,2
rb1805,20170712,20170711,210020000,3214.0,244,82796,7844020.0,3214.0,47,3213.0,2
rb1805,20170712,20170711,210020500,3214.0,244,82796,7844020.0,3214.0,47,3213.0,4
rb1805,20170712,20170711,210021000,3214.0,262,82778,8422540.0,3214.0,38,3213.0,2
rb1805,20170712,20170711,210021500,3214.0,270,82770,8679660.0,3214.0,34,3213.0,2
rb1805,20170712,20170711,210022000,3214.0,294,82766,9451020.0,3214.0,22,3213.0,4
rb1805,20170712,20170711,210022500,3214.0,296,82766,9515300.0,3214.0,21,3213.0,4
rb1805,20170712,20170711,210023000,3214.0,296,82766,9515300.0,3214.0,21,3213.0,4
rb1805,20170712,20170711,210024000,3214.0,298,82766,9579580.0,3214.0,20,3213.0,4
rb1805,20170712,20170711,210024500,3214.0,300,82764,9643860.0,3214.0,19,3213.0,4
rb1805,20170712,20170711,210025000,3214.0,304,82760,9772420.0,3214.0,17,3213.0,2
rb1805,20170712,20170711,210025500,3214.0,306,82760,9836700.0,3214.0,16,3213.0,2
rb1805,20170712,20170711,210026000,3214.0,306,82760,9836700.0,3214.0,17,3213.0,2
rb1805,20170712,20170711,210026500,3214.0,318,82748,10222380.0,3214.0,11,3213.0,2
rb1805,20170712,20170711,210027000,3214.0,324,82742,10415220.0,3214.0,8,3213.0,2
rb1805,20170712,20170711,210028000,3214.0,332,82742,10672340.0,3214.0,4,3213.0,2
rb1805,20170712,20170711,210028500,3214.0,332,82742,10672340.0,3214.0,4,3213.0,2
rb1805,20170712,20170711,210029000,3214.0,332,82742,10672340.0,3214.0,4,3213.0,2
rb1805,20170712,20170711,210029500,3214.0,332,82742,10672340.0,3214.0,4,3213.0,3
rb1805,20170712,20170711,210030000,3213.0,334,82742,10736600.0,3214.0,4,3213.0,2
rb1805,20170712,20170711,210031000,3214.0,336,82742,10800880.0,3214.0,3,3213.0,2
rb1805,20170712,20170711,210032000,3214.0,338,82742,10865160.0,3214.0,2,3213.0,2
rb1805,20170712,20170711,210033000,3214.0,340,82742,10929440.0,3214.0,1,3213.0,2
rb1805,20170712,20170711,210034000,3214.0,342,82742,10993720.0,3216.0,1,3213.0,2
rb1805,20170712,20170711,210034500,3214.0,342,82742,10993720.0,3216.0,1,3213.0,2
rb1805,20170712,20170711,210035500,3214.0,342,82742,10993720.0,3216.0,1,3214.0,2
rb1805,20170712,20170711,210036000,3214.0,342,82742,10993720.0,3216.0,1,3214.0,2
rb1805,20170712,20170711,210036500,3214.0,342,82742,10993720.0,3216.0,2,3214.0,2
rb1805,20170712,20170711,210037000,3214.0,342,82742,10993720.0,3216.0,2,3214.0,2
rb1805,20170712,20170711,210037500,3214.0,342,82742,10993720.0,3216.0,2,3214.0,3
rb1805,20170712,20170711,210038000,3214.0,342,82742,10993720.0,3216.0,2,3214.0,3
rb1805,20170712,20170711,210038500,3214.0,342,82742,10993720.0,3216.0,2,3214.0,3
rb1805,20170712,20170711,210041000,3216.0,346,82742,11122360.0,3217.0,1,3214.0,3
rb1805,20170712,20170711,210042000,3216.0,346,82742,11122360.0,3217.0,1,3215.0,1
rb1805,20170712,20170711,210044500,3216.0,346,82742,11122360.0,3217.0,1,3215.0,1
rb1805,20170712,20170711,210047000,3216.0,346,82742,11122360.0,3217.0,1,3216.0,5
rb1805,20170712,20170711,210047500,3216.0,346,82742,11122360.0,3217.0,1,3216.0,5
rb1805,20170712,20170711,210048000,3216.0,346,82742,11122360.0,3217.0,1,3216.0,6
rb1805,20170712,20170711,210049500,3217.0,348,82744,11186700.0,3218.0,1,3216.0,6
rb1805,20170712,20170711,210052000,3217.0,348,82744,11186700.0,3218.0,1,3216.0,6
rb1805,20170712,20170711,210053000,3217.0,348,82744,11186700.0,3218.0,1,3216.0,11
rb1805,20170712,20170711,210054500,3217.0,348,82744,11186700.0,3218.0,1,3216.0,11
rb1805,20170712,20170711,210055000,3216.0,350,82742,11251020.0,3218.0,1,3216.0,10
rb1805,20170712,20170711,210055500,3218.0,352,82740,11315380.0,3220.0,7,3219.0,3
rb1805,20170712,20170711,210056000,3219.0,358,82740,11508520.0,3219.0,10,3216.0,10
rb1805,20170712,20170711,210056500,3219.0,358,82740,11508520.0,3219.0,2,3216.0,10
rb1805,20170712,20170711,210057000,3219.0,358,82740,11508520.0,3219.0,2,3217.0,2
rb1805,20170712,20170711,210057500,3219.0,358,82740,11508520.0,3218.0,1,3217.0,2
rb1805,20170712,20170711,210058000,3218.0,360,82740,11572880.0,3219.0,2,3217.0,2
rb1805,20170712,20170711,210058500,3217.0,364,82740,11701560.0,3217.0,3,3216.0,10
rb1805,20170712,20170711,210059000,3217.0,364,82740,11701560.0,3218.0,1,3216.0,10
rb1805,20170712,20170711,210059500,3217.0,364,82740,11701560.0,3218.0,1,3216.0,9
rb1805,20170712,20170711,210100000,3218.0,366,82740,11765920.0,3219.0,4,3216.0,9
rb1805,20170712,20170711,210101000,3218.0,366,82740,11765920.0,3219.0,4,3218.0,3
rb1805,20170712,20170711,210101500,3218.0,372,82740,11959000.0,3218.0,4,3216.0,10
rb1805,20170712,20170711,210102000,3218.0,372,82740,11959000.0,3218.0,6,3216.0,10
rb1805,20170712,20170711,210104000,3218.0,372,82740,11959000.0,3218.0,6,3216.0,10
rb1805,20170712,20170711,210104500,3218.0,372,82740,11959000.0,3218.0,6,3216.0,10
rb1805,20170712,20170711,210105000,3218.0,372,82740,11959000.0,3218.0,6,3216.0,10
rb1805,20170712,20170711,210105500,3218.0,372,82740,11959000.0,3218.0,6,3216.0,10
rb1805,20170712,20170711,210106000,3216.0,380,82732,12216280.0,3217.0,2,3216.0,6
rb1805,20170712,20170711,210106500,3216.0,392,82734,12602200.0,3216.0,5,3214.0,4
rb1805,20170712,20170711,210107000,3216.0,394,82734,12666520.0,3216.0,1,3214.0,4
rb1805,20170712,20170711,210107500,3217.0,400,82738,12859520.0,3217.0,5,3214.0,4
rb1805,20170712,20170711,210108000,3217.0,400,82738,12859520.0,3217.0,6,3214.0,9
rb1805,20170712,20170711,210109000,3217.0,400,82738,12859520.0,3217.0,6,3214.0,4
rb1805,20170712,20170711,210109500,3217.0,406,82738,13052540.0,3217.0,2,3214.0,4
rb1805,20170712,20170711,210110000,3217.0,410,82742,13181220.0,3216.0,2,3214.0,4
rb1805,20170712,20170711,210111000,3217.0,410,82742,13181220.0,3216.0,2,3214.0,4
rb1805,20170712,20170711,210111500,3217.0,412,82744,13245560.0,3216.0,2,3214.0,4
rb1805,20170712,20170711,210112000,3217.0,416,82746,13374240.0,3218.0,5,3214.0,4
rb1805,20170712,20170711,210112500,3217.0,416,82746,13374240.0,3218.0,6,3214.0,9
rb1805,20170712,20170711,210113000,3217.0,416,82746,13374240.0,3217.0,1,3214.0,9
rb1805,20170712,20170711,210114000,3217.0,416,82746,13374240.0,3215.0,1,3214.0,9
rb1805,20170712,20170711,210114500,3217.0,416,82746,13374240.0,3215.0,1,3214.0,4
rb1805,20170712,20170711,210115000,3216.0,418,82744,13438560.0,3217.0,1,3216.0,29
rb1805,20170712,20170711,210115500,3217.0,430,82734,13824500.0,3218.0,7,3216.0,30
rb1805,20170712,20170711,210116000,3217.0,430,82734,13824500.0,3218.0,1,3216.0,30
rb1805,20170712,20170711,210116500,3217.0,430,82734,13824500.0,3218.0,1,3216.0,30
rb1805,20170712,20170711,210117000,3217.0,430,82734,13824500.0,3218.0,1,3216.0,31
rb1805,20170712,20170711,210117500,3217.0,430,82734,13824500.0,3218.0,1,3216.0,31
rb1805,20170712,20170711,210118500,3217.0,462,82716,14853640.0,3218.0,1,3216.0,15
rb1805,20170712,20170711,210119000,3217.0,462,82716,14853640.0,3218.0,1,3216.0,15
rb1805,20170712,20170711,210119500,3217.0,462,82716,14853640.0,3218.0,1,3216.0,15
rb1805,20170712,20170711,210120000,3217.0,462,82716,14853640.0,3218.0,1,3216.0,16
rb1805,20170712,20170711,210120500,3217.0,462,82716,14853640.0,3218.0,1,3216.0,15
rb1805,20170712,20170711,210121000,3217.0,462,82716,14853640.0,3218.0,1,3216.0,11
rb1805,20170712,20170711,210121500,3216.0,464,82714,14917960.0,3218.0,2,3216.0,10
rb1805,20170712,20170711,210122000,3216.0,464,82714,14917960.0,3218.0,2,3216.0,9
rb1805,20170712,20170711,210123000,3216.0,464,82714,14917960.0,3218.0,2,3216.0,9
rb1805,20170712,20170711,210123500,3216.0,464,82714,14917960.0,3218.0,6,3216.0,9
rb1805,20170712,20170711,210124500,3216.0,464,82714,14917960.0,3218.0,6,3216.0,9
rb1805,20170712,20170711,210125500,3216.0,464,82714,14917960.0,3218.0,6,3216.0,9
rb1805,20170712,20170711,210127500,3216.0,464,82714,14917960.0,3218.0,6,3216.0,14
rb1805,20170712,20170711,210128000,3216.0,464,82714,14917960.0,3218.0,6,3217.0,1
rb1805,20170712,20170711,210128500,3218.0,478,82724,15368460.0,3219.0,2,3218.0,15
rb1805,20170712,20170711,210129000,3218.0,478,82724,15368460.0,3219.0,2,3218.0,15
rb1805,20170712,20170711,210130000,3218.0,478,82724,15368460.0,3219.0,2,3218.0,15
rb1805,20170712,20170711,210130500,3218.0,478,82724,15368460.0,3219.0,2,3218.0,15
rb1805,20170712,20170711,210132500,3218.0,478,82724,15368460.0,3219.0,2,3218.0,15
rb1805,20170712,20170711,210133500,3218.0,478,82724,15368460.0,3219.0,2,3218.0,15
rb1805,20170712,20170711,210134000,3218.0,478,82724,15368460.0,3219.0,2,3218.0,15
rb1805,20170712,20170711,210134500,3218.0,478,82724,15368460.0,3219.0,2,3218.0,15
rb1805,20170712,20170711,210135000,3219.0,480,82724,15432840.0,3219.0,1,3218.0,15
rb1805,20170712,20170711,210135500,3219.0,482,82722,15497220.0,3220.0,31,3219.0,2
rb1805,20170712,20170711,210136000,3219.0,482,82722,15497220.0,3220.0,31,3218.0,15
rb1805,20170712,20170711,210137000,3220.0,484,82724,15561620.0,3220.0,30,3218.0,15
rb1805,20170712,20170711,210137500,3218.0,514,82724,16527020.0,3218.0,5,3216.0,9
rb1805,20170712,20170711,210138000,3218.0,520,82718,16720100.0,3218.0,2,3217.0,4
rb1805,20170712,20170711,210138500,3220.0,530,82718,17042020.0,3220.0,27,3218.0,3
rb1805,20170712,20170711,210139000,3220.0,530,82718,17042020.0,3220.0,27,3217.0,4
rb1805,20170712,20170711,210139500,3220.0,530,82718,17042020.0,3220.0,27,3217.0,9
rb1805,20170712,20170711,210140500,3220.0,530,82718,17042020.0,3220.0,27,3217.0,9
rb1805,20170712,20170711,210141500,3220.0,530,82718,17042020.0,3220.0,7,3217.0,9
rb1805,20170712,20170711,210143000,3220.0,530,82718,17042020.0,3220.0,7,3218.0,1
rb1805,20170712,20170711,210143500,3220.0,530,82718,17042020.0,3220.0,7,3219.0,1
rb1805,20170712,20170711,210144000,3220.0,530,82718,17042020.0,3220.0,8,3219.0,1
rb1805,20170712,20170711,210144500,3220.0,530,82718,17042020.0,3220.0,8,3219.0,1
rb1805,20170712,20170711,210146500,3220.0,532,82720,17106420.0,3220.0,7,3219.0,1
rb1805,20170712,20170711,210147000,3220.0,532,82720,17106420.0,3220.0,7,3219.0,1
rb1805,20170712,20170711,210147500,3219.0,534,82718,17170800.0,3220.0,7,3218.0,2
rb1805,20170712,20170711,210148000,3220.0,540,82712,17364000.0,3220.0,4,3218.0,3
rb1805,20170712,20170711,210149500,3220.0,548,82718,17621600.0,3221.0,1,3220.0,1
rb1805,20170712,20170711,210150000,3220.0,550,82718,17686000.0,3220.0,5,3218.0,2
rb1805,20170712,20170711,210151000,3220.0,552,82718,17750400.0,3220.0,4,3218.0,2
rb1805,20170712,20170711,210152000,3220.0,556,82714,17879200.0,3220.0,2,3218.0,3
rb1805,20170712,20170711,210152500,3220.0,558,82712,17943600.0,3220.0,1,3218.0,3
rb1805,20170712,20170711,210153000,3220.0,558,82712,17943600.0,3220.0,1,3218.0,2
rb1805,20170712,20170711,210154000,3218.0,560,82712,18007960.0,3220.0,1,3218.0,2
rb1805,20170712,20170711,210155000,3218.0,560,82712,18007960.0,3220.0,1,3218.0,1
rb1805,20170712,20170711,210155500,3220.0,562,82710,18072360.0,3220.0,1,3218.0,1
rb1805,20170712,20170711,210156000,3220.0,564,82710,18136760.0,3221.0,1,3218.0,1
rb1805,20170712,20170711,210156500,3220.0,564,82710,18136760.0,3221.0,1,3218.0,6
rb1805,20170712,20170711,210157000,3220.0,564,82710,18136760.0,3221.0,1,3219.0,2
rb1805,20170712,20170711,210157500,3220.0,564,82710,18136760.0,3221.0,1,3219.0,2
rb1805,20170712,20170711,210159500,3220.0,564,82710,18136760.0,3221.0,1,3219.0,2
rb1805,20170712,20170711,210201500,3220.0,564,82710,18136760.0,3221.0,2,3220.0,1
rb1805,20170712,20170711,210202000,3220.0,566,82710,18201160.0,3220.0,2,3219.0,2
rb1805,20170712,20170711,210202500,3221.0,570,82708,18330000.0,3222.0,4,3219.0,2
rb1805,20170712,20170711,210203000,3221.0,570,82708,18330000.0,3222.0,4,3219.0,7
rb1805,20170712,20170711,210203500,3221.0,570,82708,18330000.0,3222.0,4,3220.0,3
rb1805,20170712,20170711,210204000,3220.0,572,82710,18394400.0,3222.0,4,3220.0,2
rb1805,20170712,20170711,210204500,3220.0,576,82710,18523200.0,3222.0,4,3219.0,7
rb1805,20170712,20170711,210205000,3220.0,576,82710,18523200.0,3222.0,4,3219.0,2
rb1805,20170712,20170711,210205500,3220.0,576,82710,18523200.0,3222.0,4,3219.0,2
rb1805,20170712,20170711,210206500,3220.0,576,82710,18523200.0,3222.0,4,3219.0,2
rb1805,20170712,20170711,210207000,3219.0,580,82714,18651960.0,3219.0,1,3218.0,6
rb1805,20170712,20170711,210207500,3218.0,582,82714,18716320.0,3222.0,24,3218.0,5
rb1805,20170712,20170711,210208000,3218.0,582,82714,18716320.0,3221.0,2,3218.0,5
rb1805,20170712,20170711,210209000,3218.0,582,82714,18716320.0,3221.0,2,3218.0,5
rb1805,20170712,20170711,210212500,3218.0,582,82714,18716320.0,3221.0,2,3219.0,4
rb1805,20170712,20170711,210213000,3218.0,582,82714,18716320.0,3221.0,2,3219.0,4
rb1805,20170712,20170711,210213500,3218.0,582,82714,18716320.0,3221.0,2,3219.0,4
rb1805,20170712,20170711,210214000,3218.0,582,82714,18716320.0,3221.0,2,3219.0,4
rb1805,20170712,20170711,210216000,3218.0,582,82714,18716320.0,3220.0,20,3219.0,4
rb1805,20170712,20170711,210217000,3218.0,582,82714,18716320.0,3220.0,20,3219.0,4
rb1805,20170712,20170711,210217500,3218.0,582,82714,18716320.0,3220.0,20,3218.0,1
rb1805,20170712,20170711,210218000,3220.0,584,82716,18780720.0,3220.0,19,3218.0,1
rb1805,20170712,20170711,210219000,3220.0,584,82716,18780720.0,3220.0,19,3218.0,1
rb1805,20170712,20170711,210220000,3220.0,586,82718,18845120.0,3220.0,18,3218.0,1
rb1805,20170712,20170711,210220500,3220.0,586,82718,18845120.0,3220.0,20,3218.0,1
rb1805,20170712,20170711,210221500,3220.0,586,82718,18845120.0,3220.0,20,3219.0,4
rb1805,20170712,20170711,210222000,3219.0,594,82726,19102640.0,3220.0,20,3218.0,1
rb1805,20170712,20170711,210223500,3219.0,594,82726,19102640.0,3219.0,1,3218.0,1
rb1805,20170712,20170711,210224000,3219.0,596,82724,19167020.0,3220.0,20,3219.0,2
rb1805,20170712,20170711,210224500,3218.0,598,82726,19231380.0,3220.0,20,3218.0,5
rb1805,20170712,20170711,210226500,3219.0,602,82730,19360140.0,3219.0,9,3218.0,5
rb1805,20170712,20170711,210227000,3219.0,620,82748,19939560.0,3220.0,20,3219.0,4
rb1805,20170712,20170711,210227500,3219.0,620,82748,19939560.0,3220.0,2,3218.0,5
rb1805,20170712,20170711,210228000,3220.0,624,82744,20068360.0,3221.0,2,3220.0,2
rb1805,20170712,20170711,210228500,3220.0,624,82744,20068360.0,3221.0,2,3218.0,5
rb1805,20170712,20170711,210229000,3220.0,624,82744,20068360.0,3222.0,29,3218.0,6
rb1805,20170712,20170711,210231000,3220.0,624,82744,20068360.0,3222.0,9,3218.0,6
rb1805,20170712,20170711,210231500,3220.0,624,82744,20068360.0,3222.0,9,3218.0,5
rb1805,20170712,20170711,210232500,3220.0,624,82744,20068360.0,3220.0,1,3218.0,5
rb1805,20170712,20170711,210233500,3220.0,624,82744,20068360.0,3220.0,1,3218.0,6
rb1805,20170712,20170711,210234500,3220.0,624,82744,20068360.0,3220.0,1,3218.0,6
rb1805,20170712,20170711,210235000,3220.0,624,82744,20068360.0,3220.0,1,3219.0,2
rb1805,20170712,20170711,210235500,3220.0,624,82744,20068360.0,3220.0,1,3219.0,2
rb1805,20170712,20170711,210236000,3218.0,630,82744,20261480.0,3218.0,7,3217.0,12
rb1805,20170712,20170711,210236500,3218.0,644,82742,20712000.0,3220.0,6,3218.0,1
rb1805,20170712,20170711,210237000,3218.0,644,82742,20712000.0,3220.0,6,3217.0,8
rb1805,20170712,20170711,210237500,3218.0,644,82742,20712000.0,3220.0,6,3217.0,13
rb1805,20170712,20170711,210238000,3218.0,644,82742,20712000.0,3220.0,6,3217.0,12
rb1805,20170712,20170711,210240000,3218.0,644,82742,20712000.0,3220.0,6,3217.0,12
rb1805,20170712,20170711,210240500,3218.0,644,82742,20712000.0,3218.0,1,3217.0,12
rb1805,20170712,20170711,210241000,3218.0,646,82742,20776360.0,3220.0,6,3218.0,2
rb1805,20170712,20170711,210241500,3218.0,646,82742,20776360.0,3220.0,6,3217.0,12
rb1805,20170712,20170711,210244000,3218.0,646,82742,20776360.0,3220.0,6,3217.0,12
rb1805,20170712,20170711,210244500,3218.0,646,82742,20776360.0,3220.0,6,3217.0,12
rb1805,20170712,20170711,210245000,3218.0,646,82742,20776360.0,3219.0,2,3217.0,12
rb1805,20170712,20170711,210245500,3218.0,646,82742,20776360.0,3219.0,2,3217.0,12
rb1805,20170712,20170711,210246500,3218.0,646,82742,20776360.0,3219.0,2,3217.0,12
rb1805,20170712,20170711,210247000,3218.0,646,82742,20776360.0,3219.0,2,3217.0,12
rb1805,20170712,20170711,210247500,3219.0,648,82742,20840740.0,3219.0,1,3217.0,12
rb1805,20170712,20170711,210249000,3219.0,648,82742,20840740.0,3219.0,1,3217.0,12
rb1805,20170712,20170711,210249500,3219.0,648,82742,20840740.0,3219.0,1,3217.0,12
rb1805,20170712,20170711,210250500,3219.0,648,82742,20840740.0,3219.0,1,3217.0,13
rb1805,20170712,20170711,210251500,3219.0,648,82742,20840740.0,3219.0,1,3217.0,13
rb1805,20170712,20170711,210253000,3219.0,648,82742,20840740.0,3219.0,1,3217.0,13
rb1805,20170712,20170711,210253500,3219.0,648,82742,20840740.0,3220.0,6,3219.0,1
rb1805,20170712,20170711,210254000,3219.0,648,82742,20840740.0,3220.0,6,3218.0,1
rb1805,20170712,20170711,210257000,3219.0,648,82742,20840740.0,3219.0,1,3218.0,1
rb1805,20170712,20170711,210257500,3219.0,648,82742,20840740.0,3219.0,1,3218.0,1
rb1805,20170712,20170711,210258000,3219.0,648,82742,20840740.0,3219.0,1,3218.0,1
rb1805,20170712,20170711,210258500,3219.0,648,82742,20840740.0,3219.0,1,3218.0,1
rb1805,20170712,20170711,210259000,3219.0,648,82742,20840740.0,3219.0,2,3218.0,1
rb1805,20170712,20170711,210259500,3219.0,648,82742,20840740.0,3219.0,2,3218.0,6
rb1805,20170712,20170711,210300500,3219.0,648,82742,20840740.0,3219.0,2,3218.0,6
rb1805,20170712,20170711,210302500,3219.0,652,82740,20969500.0,3220.0,6,3219.0,2
rb1805,20170712,20170711,210303500,3219.0,652,82740,20969500.0,3220.0,6,3219.0,5
rb1805,20170712,20170711,210304000,3220.0,660,82744,21227100.0,3220.0,3,3219.0,5
rb1805,20170712,20170711,210305000,3220.0,662,82746,21291500.0,3220.0,2,3219.0,5
rb1805,20170712,20170711,210305500,3220.0,666,82744,21420300.0,3221.0,5,3219.0,5
rb1805,20170712,20170711,210306000,3221.0,672,82740,21613560.0,3221.0,2,3220.0,3
rb1805,20170712,20170711,210306500,3221.0,676,82736,21742400.0,3222.0,9,3220.0,4
rb1805,20170712,20170711,210307000,3221.0,676,82736,21742400.0,3222.0,9,3220.0,3
rb1805,20170712,20170711,210307500,3221.0,676,82736,21742400.0,3222.0,9,3220.0,3
rb1805,20170712,20170711,210308000,3221.0,676,82736,21742400.0,3222.0,14,3220.0,3
rb1805,20170712,20170711,210310000,3221.0,676,82736,21742400.0,3222.0,14,3220.0,3
rb1805,20170712,20170711,210311000,3221.0,676,82736,21742400.0,3222.0,14,3220.0,3
rb1805,20170712,20170711,210311500,3222.0,678,82736,21806840.0,3222.0,13,3220.0,8
rb1805,20170712,20170711,210312000,3222.0,678,82736,21806840.0,3222.0,8,3221.0,1
rb1805,20170712,20170711,210312500,3222.0,678,82736,21806840.0,3222.0,8,3221.0,1
rb1805,20170712,20170711,210315500,3222.0,678,82736,21806840.0,3222.0,8,3221.0,2
rb1805,20170712,20170711,210316000,3222.0,678,82736,21806840.0,3222.0,8,3221.0,7
rb1805,20170712,20170711,210318500,3222.0,678,82736,21806840.0,3222.0,8,3221.0,7
rb1805,20170712,20170711,210319000,3222.0,678,82736,21806840.0,3222.0,8,3221.0,7
rb1805,20170712,20170711,210319500,3222.0,678,82736,21806840.0,3222.0,9,3221.0,7
rb1805,20170712,20170711,210320500,3222.0,680,82738,21871280.0,3222.0,8,3221.0,7
rb1805,20170712,20170711,210321000,3222.0,686,82742,22064600.0,3222.0,5,3221.0,7
rb1805,20170712,20170711,210321500,3222.0,692,82742,22257920.0,3222.0,3,3221.0,10
rb1805,20170712,20170711,210322500,3222.0,694,82742,22322360.0,3222.0,2,3221.0,10
rb1805,20170712,20170711,210324000,3222.0,694,82742,22322360.0,3222.0,2,3221.0,10
rb1805,20170712,20170711,210325000,3222.0,698,82744,22451240.0,3223.0,1,3222.0,1
rb1805,20170712,20170711,210325500,3223.0,700,82744,22515700.0,3225.0,4,3222.0,1
rb1805,20170712,20170711,210326000,3223.0,700,82744,22515700.0,3224.0,1,3222.0,6
rb1805,20170712,20170711,210327000,3223.0,700,82744,22515700.0,3224.0,1,3222.0,7
rb1805,20170712,20170711,210327500,3222.0,702,82746,22580140.0,3224.0,1,3222.0,6
rb1805,20170712,20170711,210328500,3222.0,702,82746,22580140.0,3224.0,6,3222.0,8
rb1805,20170712,20170711,210330500,3222.0,702,82746,22580140.0,3224.0,6,3222.0,8
rb1805,20170712,20170711,210331000,3222.0,718,82746,23095660.0,3222.0,2,3221.0,9
rb1805,20170712,20170711,210331500,3222.0,720,82744,23160100.0,3222.0,1,3221.0,9
rb1805,20170712,20170711,210332000,3222.0,722,82742,23224540.0,3224.0,6,3222.0,7
rb1805,20170712,20170711,210332500,3222.0,722,82742,23224540.0,3224.0,6,3222.0,6
rb1805,20170712,20170711,210333000,3222.0,722,82742,23224540.0,3224.0,6,3222.0,2
rb1805,20170712,20170711,210333500,3222.0,722,82742,23224540.0,3224.0,6,3222.0,2
rb1805,20170712,20170711,210334000,3222.0,722,82742,23224540.0,3224.0,6,3221.0,9
rb1805,20170712,20170711,210334500,3222.0,722,82742,23224540.0,3224.0,6,3221.0,9
rb1805,20170712,20170711,210335000,3222.0,722,82742,23224540.0,3224.0,5,3222.0,1
rb1805,20170712,20170711,210336000,3224.0,732,82742,23546940.0,3225.0,11,3224.0,15
rb1805,20170712,20170711,210336500,3224.0,732,82742,23546940.0,3225.0,6,3224.0,15
rb1805,20170712,20170711,210339000,3224.0,732,82742,23546940.0,3225.0,6,3224.0,16
rb1805,20170712,20170711,210339500,3224.0,732,82742,23546940.0,3225.0,6,3224.0,16
rb1805,20170712,20170711,210341500,3224.0,732,82742,23546940.0,3225.0,6,3224.0,16
rb1805,20170712,20170711,210342500,3224.0,732,82742,23546940.0,3225.0,6,3224.0,16
rb1805,20170712,20170711,210343500,3224.0,732,82742,23546940.0,3225.0,10,3224.0,16
rb1805,20170712,20170711,210344000,3225.0,744,82740,23933840.0,3225.0,35,3224.0,11
rb1805,20170712,20170711,210344500,3224.0,746,82740,23998320.0,3225.0,35,3224.0,10
rb1805,20170712,20170711,210345000,3224.0,746,82740,23998320.0,3225.0,30,3224.0,10
rb1805,20170712,20170711,210346000,3225.0,748,82740,24062820.0,3225.0,29,3224.0,10
rb1805,20170712,20170711,210346500,3225.0,748,82740,24062820.0,3225.0,28,3224.0,10
rb1805,20170712,20170711,210347000,3225.0,748,82740,24062820.0,3225.0,28,3224.0,10
rb1805,20170712,20170711,210348500,3224.0,756,82738,24320740.0,3225.0,33,3224.0,6
rb1805,20170712,20170711,210349000,3224.0,762,82738,24514180.0,3225.0,34,3224.0,3
rb1805,20170712,20170711,210349500,3224.0,762,82738,24514180.0,3225.0,34,3224.0,3
rb1805,20170712,20170711,210350000,3225.0,766,82738,24643160.0,3225.0,33,3224.0,2
rb1805,20170712,20170711,210350500,3224.0,770,82740,24772120.0,3224.0,20,3222.0,3
rb1805,20170712,20170711,210351000,3224.0,780,82740,25094520.0,3224.0,15,3222.0,8
rb1805,20170712,20170711,210351500,3224.0,780,82740,25094520.0,3224.0,20,3222.0,2
rb1805,20170712,20170711,210353000,3224.0,782,82742,25159000.0,3224.0,20,3222.0,2
rb1805,20170712,20170711,210354000,3224.0,782,82742,25159000.0,3224.0,20,3222.0,2
rb1805,20170712,20170711,210354500,3222.0,784,82742,25223440.0,3224.0,20,3222.0,1
rb1805,20170712,20170711,210355000,3222.0,784,82742,25223440.0,3224.0,20,3222.0,1
rb1805,20170712,20170711,210355500,3222.0,784,82742,25223440.0,3224.0,20,3222.0,1
rb1805,20170712,20170711,210356000,3222.0,784,82742,25223440.0,3224.0,21,3222.0,1
rb1805,20170712,20170711,210356500,3222.0,786,82744,25287880.0,3222.0,2,3221.0,10
rb1805,20170712,20170711,210357000,3221.0,788,82744,25352300.0,3222.0,2,3221.0,8
rb1805,20170712,20170711,210357500,3221.0,788,82744,25352300.0,3222.0,2,3221.0,8
rb1805,20170712,20170711,210358000,3222.0,792,82744,25481180.0,3224.0,21,3222.0,3
rb1805,20170712,20170711,210358500,3222.0,792,82744,25481180.0,3224.0,21,3221.0,8
rb1805,20170712,20170711,210359000,3222.0,792,82744,25481180.0,3224.0,20,3221.0,8
rb1805,20170712,20170711,210359500,3222.0,792,82744,25481180.0,3223.0,1,3221.0,8
rb1805,20170712,20170711,210400000,3222.0,792,82744,25481180.0,3223.0,1,3221.0,8
rb1805,20170712,20170711,210403000,3223.0,794,82744,25545640.0,3224.0,19,3221.0,8
rb1805,20170712,20170711,210404000,3223.0,794,82744,25545640.0,3224.0,19,3221.0,8
rb1805,20170712,20170711,210404500,3223.0,794,82744,25545640.0,3224.0,20,3221.0,8
rb1805,20170712,20170711,210405500,3223.0,794,82744,25545640.0,3224.0,20,3221.0,8
rb1805,20170712,20170711,210406000,3223.0,794,82744,25545640.0,3224.0,20,3221.0,8
rb1805,20170712,20170711,210407000,3221.0,810,82744,26061000.0,3221.0,2,3220.0,3
rb1805,20170712,20170711,210407500,3221.0,814,82740,26189840.0,3224.0,20,3221.0,5
rb1805,20170712,20170711,210408000,3221.0,814,82740,26189840.0,3224.0,20,3221.0,3
rb1805,20170712,20170711,210408500,3221.0,814,82740,26189840.0,3224.0,19,3221.0,3
rb1805,20170712,20170711,210409000,3221.0,814,82740,26189840.0,3223.0,1,3221.0,3
rb1805,20170712,20170711,210411000,3221.0,814,82740,26189840.0,3223.0,7,3220.0,3
rb1805,20170712,20170711,210413000,3221.0,814,82740,26189840.0,3221.0,1,3220.0,3
rb1805,20170712,20170711,210413500,3221.0,816,82738,26254260.0,3223.0,6,3221.0,1
rb1805,20170712,20170711,210414000,3221.0,816,82738,26254260.0,3223.0,6,3220.0,3
rb1805,20170712,20170711,210415500,3221.0,816,82738,26254260.0,3223.0,8,3220.0,3
rb1805,20170712,20170711,210416000,3221.0,816,82738,26254260.0,3223.0,7,3220.0,3
rb1805,20170712,20170711,210417000,3221.0,816,82738,26254260.0,3223.0,7,3220.0,3
rb1805,20170712,20170711,210418000,3221.0,816,82738,26254260.0,3221.0,3,3220.0,3
rb1805,20170712,20170711,210419500,3221.0,816,82738,26254260.0,3221.0,4,3220.0,3
rb1805,20170712,20170711,210420000,3221.0,816,82738,26254260.0,3221.0,9,3220.0,3
rb1805,20170712,20170711,210421500,3220.0,828,82750,26640660.0,3221.0,9,3220.0,17
rb1805,20170712,20170711,210422000,3221.0,830,82750,26705080.0,3221.0,2,3220.0,20
rb1805,20170712,20170711,210423000,3221.0,830,82750,26705080.0,3221.0,2,3220.0,20
rb1805,20170712,20170711,210423500,3221.0,830,82750,26705080.0,3221.0,2,3220.0,17
rb1805,20170712,20170711,210424000,3221.0,830,82750,26705080.0,3221.0,2,3220.0,17
rb1805,20170712,20170711,210425000,3221.0,830,82750,26705080.0,3221.0,2,3220.0,17
rb1805,20170712,20170711,210425500,3221.0,830,82750,26705080.0,3221.0,2,3220.0,17
rb1805,20170712,20170711,210426500,3221.0,830,82750,26705080.0,3221.0,2,3220.0,17
rb1805,20170712,20170711,210428000,3221.0,830,82750,26705080.0,3221.0,2,3220.0,17
rb1805,20170712,20170711,210428500,3220.0,834,82750,26833880.0,3221.0,2,3220.0,15
rb1805,20170712,20170711,210429000,3220.0,834,82750,26833880.0,3221.0,2,3220.0,15
rb1805,20170712,20170711,210430500,3220.0,834,82750,26833880.0,3221.0,2,3220.0,15
rb1805,20170712,20170711,210432000,3220.0,834,82750,26833880.0,3221.0,8,3220.0,15
rb1805,20170712,20170711,210434500,3220.0,834,82750,26833880.0,3221.0,8,3220.0,15
rb1805,20170712,20170711,210435000,3220.0,834,82750,26833880.0,3221.0,8,3220.0,20
rb1805,20170712,20170711,210435500,3220.0,834,82750,26833880.0,3221.0,7,3220.0,20
rb1805,20170712,20170711,210436000,3220.0,864,82780,27799880.0,3221.0,7,3220.0,5
rb1805,20170712,20170711,210436500,3220.0,866,82782,27864280.0,3221.0,2,3220.0,4
rb1805,20170712,20170711,210437000,3220.0,866,82782,27864280.0,3221.0,3,3220.0,4
rb1805,20170712,20170711,210438000,3220.0,866,82782,27864280.0,3221.0,3,3220.0,4
rb1805,20170712,20170711,210438500,3220.0,866,82782,27864280.0,3221.0,3,3220.0,4
rb1805,20170712,20170711,210440500,3220.0,866,82782,27864280.0,3221.0,2,3220.0,4
rb1805,20170712,20170711,210442000,3220.0,866,82782,27864280.0,3221.0,2,3220.0,4
rb1805,20170712,20170711,210442500,3221.0,870,82782,27993120.0,3222.0,1,3221.0,198
rb1805,20170712,20170711,210443000,3221.0,872,82782,28057540.0,3222.0,1,3221.0,197
rb1805,20170712,20170711,210443500,3221.0,874,82784,28121960.0,3222.0,1,3221.0,196
rb1805,20170712,20170711,210444000,3221.0,874,82784,28121960.0,3222.0,1,3221.0,196
rb1805,20170712,20170711,210444500,3221.0,874,82784,28121960.0,3222.0,1,3221.0,196
rb1805,20170712,20170711,210445000,3221.0,874,82784,28121960.0,3222.0,1,3221.0,196
rb1805,20170712,20170711,210445500,3222.0,876,82782,28186400.0,3223.0,9,3221.0,196
rb1805,20170712,20170711,210447000,3222.0,876,82782,28186400.0,3223.0,9,3221.0,196
rb1805,20170712,20170711,210447500,3222.0,876,82782,28186400.0,3223.0,9,3221.0,196
rb1805,20170712,20170711,210448000,3222.0,876,82782,28186400.0,3223.0,8,3221.0,196
rb1805,20170712,20170711,210449000,3222.0,876,82782,28186400.0,3223.0,8,3221.0,196
rb1805,20170712,20170711,210450500,3222.0,876,82782,28186400.0,3223.0,8,3221.0,196
rb1805,20170712,20170711,210451000,3222.0,876,82782,28186400.0,3223.0,8,3222.0,2
rb1805,20170712,20170711,210451500,3222.0,876,82782,28186400.0,3223.0,3,3222.0,2
rb1805,20170712,20170711,210453000,3222.0,876,82782,28186400.0,3223.0,3,3222.0,2
rb1805,20170712,20170711,210453500,3222.0,876,82782,28186400.0,3223.0,3,3222.0,2
rb1805,20170712,20170711,210454500,3222.0,878,82780,28250840.0,3223.0,3,3222.0,1
rb1805,20170712,20170711,210455000,3222.0,878,82780,28250840.0,3223.0,4,3222.0,1
rb1805,20170712,20170711,210455500,3222.0,878,82780,28250840.0,3223.0,3,3222.0,1
rb1805,20170712,20170711,210456000,3222.0,878,82780,28250840.0,3223.0,4,3222.0,1
rb1805,20170712,20170711,210457000,3222.0,878,82780,28250840.0,3223.0,4,3222.0,6
rb1805,20170712,20170711,210457500,3222.0,878,82780,28250840.0,3223.0,4,3222.0,6
rb1805,20170712,20170711,210500000,3222.0,878,82780,28250840.0,3223.0,3,3222.0,6
rb1805,20170712,20170711,210501000,3222.0,878,82780,28250840.0,3223.0,3,3222.0,6
rb1805,20170712,20170711,210501500,3223.0,880,82780,28315300.0,3223.0,2,3222.0,6
rb1805,20170712,20170711,210504000,3222.0,892,82790,28701940.0,3222.0,3,3221.0,196
rb1805,20170712,20170711,210505000,3222.0,892,82790,28701940.0,3222.0,3,3221.0,196
rb1805,20170712,20170711,210505500,3222.0,892,82790,28701940.0,3222.0,3,3221.0,196
rb1805,20170712,20170711,210507000,3221.0,898,82796,28895200.0,3223.0,4,3221.0,193
rb1805,20170712,20170711,210507500,3221.0,898,82796,28895200.0,3222.0,1,3221.0,193
rb1805,20170712,20170711,210508000,3221.0,898,82796,28895200.0,3222.0,1,3221.0,193
rb1805,20170712,20170711,210509500,3222.0,900,82796,28959640.0,3223.0,9,3221.0,193
rb1805,20170712,20170711,210510000,3222.0,900,82796,28959640.0,3223.0,29,3221.0,193
rb1805,20170712,20170711,210511500,3222.0,900,82796,28959640.0,3223.0,30,3221.0,194
rb1805,20170712,20170711,210513000,3222.0,900,82796,28959640.0,3223.0,30,3221.0,194
rb1805,20170712,20170711,210513500,3222.0,900,82796,28959640.0,3223.0,31,3221.0,194
rb1805,20170712,20170711,210514500,3222.0,900,82796,28959640.0,3223.0,31,3221.0,194
rb1805,20170712,20170711,210515000,3222.0,900,82796,28959640.0,3223.0,31,3221.0,195
rb1805,20170712,20170711,210516000,3222.0,900,82796,28959640.0,3223.0,31,3221.0,195
rb1805,20170712,20170711,210516500,3222.0,900,82796,28959640.0,3223.0,31,3221.0,195
rb1805,20170712,20170711,210517500,3222.0,900,82796,28959640.0,3223.0,31,3221.0,195
rb1805,20170712,20170711,210520000,3222.0,900,82796,28959640.0,3223.0,31,3221.0,195
rb1805,20170712,20170711,210522000,3222.0,900,82796,28959640.0,3222.0,1,3221.0,195
rb1805,20170712,20170711,210523000,3222.0,900,82796,28959640.0,3222.0,1,3221.0,195
rb1805,20170712,20170711,210525000,3221.0,906,82802,29152900.0,3222.0,1,3221.0,192
rb1805,20170712,20170711,210525500,3222.0,908,82802,29217340.0,3223.0,31,3221.0,192
rb1805,20170712,20170711,210526000,3222.0,908,82802,29217340.0,3223.0,30,3221.0,192
rb1805,20170712,20170711,210526500,3222.0,908,82802,29217340.0,3223.0,31,3221.0,192
rb1805,20170712,20170711,210527000,3222.0,908,82802,29217340.0,3223.0,31,3221.0,192
rb1805,20170712,20170711,210527500,3222.0,908,82802,29217340.0,3222.0,10,3221.0,192
rb1805,20170712,20170711,210529000,3222.0,908,82802,29217340.0,3222.0,10,3221.0,193
rb1805,20170712,20170711,210530000,3222.0,908,82802,29217340.0,3222.0,12,3221.0,3
rb1805,20170712,20170711,210530500,3222.0,908,82802,29217340.0,3222.0,13,3221.0,3
rb1805,20170712,20170711,210531500,3221.0,914,82806,29410600.0,3221.0,2,3220.0,8
rb1805,20170712,20170711,210532500,3221.0,914,82806,29410600.0,3222.0,18,3220.0,9
rb1805,20170712,20170711,210533000,3221.0,914,82806,29410600.0,3222.0,17,3220.0,9
rb1805,20170712,20170711,210533500,3221.0,914,82806,29410600.0,3222.0,17,3220.0,9
rb1805,20170712,20170711,210535500,3220.0,932,82804,29990200.0,3220.0,31,3219.0,3
rb1805,20170712,20170711,210536000,3220.0,932,82804,29990200.0,3220.0,31,3219.0,3
rb1805,20170712,20170711,210536500,3220.0,938,82798,30183400.0,3220.0,28,3219.0,3
rb1805,20170712,20170711,210537000,3220.0,938,82798,30183400.0,3220.0,28,3219.0,3
rb1805,20170712,20170711,210537500,3220.0,940,82796,30247800.0,3220.0,27,3219.0,3
rb1805,20170712,20170711,210538000,3220.0,940,82796,30247800.0,3220.0,27,3219.0,3
rb1805,20170712,20170711,210539000,3220.0,940,82796,30247800.0,3220.0,27,3219.0,3
rb1805,20170712,20170711,210539500,3220.0,948,82796,30505400.0,3220.0,23,3219.0,3
rb1805,20170712,20170711,210540000,3220.0,948,82796,30505400.0,3220.0,23,3219.0,3
rb1805,20170712,20170711,210540500,3220.0,948,82796,30505400.0,3220.0,23,3219.0,3
rb1805,20170712,20170711,210541500,3220.0,948,82796,30505400.0,3220.0,23,3219.0,3
rb1805,20170712,20170711,210545500,3220.0,948,82796,30505400.0,3220.0,28,3219.0,3
rb1805,20170712,20170711,210546000,3220.0,948,82796,30505400.0,3220.0,28,3219.0,3
rb1805,20170712,20170711,210546500,3220.0,948,82796,30505400.0,3220.0,28,3219.0,3
rb1805,20170712,20170711,210547500,3219.0,952,82798,30634160.0,3220.0,28,3219.0,1
rb1805,20170712,20170711,210548000,3219.0,952,82798,30634160.0,3220.0,28,3219.0,1
rb1805,20170712,20170711,210548500,3219.0,952,82798,30634160.0,3220.0,28,3219.0,1
rb1805,20170712,20170711,210549000,3219.0,952,82798,30634160.0,3220.0,28,3219.0,2
rb1805,20170712,20170711,210550000,3219.0,954,82798,30698540.0,3220.0,28,3219.0,1
rb1805,20170712,20170711,210553500,3219.0,956,82796,30762920.0,3220.0,28,3218.0,17
rb1805,20170712,20170711,210554500,3219.0,956,82796,30762920.0,3220.0,28,3219.0,1
rb1805,20170712,20170711,210556000,3219.0,956,82796,30762920.0,3220.0,28,3219.0,1
rb1805,20170712,20170711,210558000,3219.0,956,82796,30762920.0,3220.0,28,3219.0,1
rb1805,20170712,20170711,210602500,3219.0,956,82796,30762920.0,3220.0,28,3219.0,1
rb1805,20170712,20170711,210605500,3219.0,956,82796,30762920.0,3220.0,28,3219.0,1
rb1805,20170712,20170711,210606500,3219.0,956,82796,30762920.0,3220.0,28,3219.0,2
rb1805,20170712,20170711,210610000,3220.0,966,82796,31084920.0,3220.0,23,3219.0,2
rb1805,20170712,20170711,210610500,3220.0,972,82796,31278120.0,3220.0,20,3219.0,2
rb1805,20170712,20170711,210611000,3220.0,990,82796,31857720.0,3220.0,11,3219.0,2
rb1805,20170712,20170711,210612500,3219.0,994,82794,31986480.0,3220.0,11,3218.0,18
rb1805,20170712,20170711,210613000,3219.0,994,82794,31986480.0,3220.0,16,3218.0,18
rb1805,20170712,20170711,210613500,3219.0,994,82794,31986480.0,3220.0,16,3218.0,18
rb1805,20170712,20170711,210614000,3219.0,994,82794,31986480.0,3220.0,11,3218.0,18
rb1805,20170712,20170711,210616500,3219.0,994,82794,31986480.0,3220.0,11,3219.0,1
rb1805,20170712,20170711,210619000,3220.0,1006,82788,32372880.0,3220.0,5,3219.0,1
rb1805,20170712,20170711,210621000,3219.0,1008,82788,32437260.0,3219.0,1,3218.0,18
rb1805,20170712,20170711,210621500,3219.0,1010,82788,32501640.0,3220.0,5,3219.0,3
rb1805,20170712,20170711,210622000,3219.0,1010,82788,32501640.0,3220.0,5,3218.0,18
rb1805,20170712,20170711,210623500,3219.0,1010,82788,32501640.0,3220.0,5,3219.0,6
rb1805,20170712,20170711,210624000,3219.0,1010,82788,32501640.0,3220.0,5,3219.0,7
rb1805,20170712,20170711,210626000,3219.0,1010,82788,32501640.0,3220.0,5,3219.0,7
rb1805,20170712,20170711,210628500,3219.0,1010,82788,32501640.0,3220.0,5,3219.0,7
rb1805,20170712,20170711,210629000,3219.0,1010,82788,32501640.0,3220.0,25,3219.0,7
rb1805,20170712,20170711,210629500,3220.0,1012,82788,32566040.0,3220.0,24,3219.0,7
rb1805,20170712,20170711,210630000,3220.0,1012,82788,32566040.0,3220.0,24,3219.0,8
rb1805,20170712,20170711,210632500,3220.0,1012,82788,32566040.0,3220.0,4,3219.0,8
rb1805,20170712,20170711,210633500,3220.0,1012,82788,32566040.0,3220.0,4,3219.0,8
rb1805,20170712,20170711,210634000,3220.0,1012,82788,32566040.0,3220.0,9,3219.0,8
rb1805,20170712,20170711,210635000,3220.0,1012,82788,32566040.0,3220.0,24,3219.0,8
rb1805,20170712,20170711,210637000,3220.0,1012,82788,32566040.0,3220.0,4,3219.0,8
rb1805,20170712,20170711,210637500,3220.0,1020,82786,32823640.0,3221.0,2,3219.0,8
rb1805,20170712,20170711,210638000,3219.0,1022,82786,32888020.0,3220.0,1,3219.0,8
rb1805,20170712,20170711,210638500,3219.0,1022,82786,32888020.0,3220.0,1,3219.0,8
rb1805,20170712,20170711,210641000,3219.0,1022,82786,32888020.0,3220.0,1,3219.0,8
rb1805,20170712,20170711,210642000,3219.0,1022,82786,32888020.0,3220.0,1,3219.0,11
rb1805,20170712,20170711,210644000,3219.0,1022,82786,32888020.0,3220.0,1,3219.0,12
rb1805,20170712,20170711,210645000,3219.0,1022,82786,32888020.0,3220.0,1,3219.0,12
rb1805,20170712,20170711,210646000,3219.0,1022,82786,32888020.0,3220.0,1,3219.0,12
rb1805,20170712,20170711,210646500,3219.0,1022,82786,32888020.0,3220.0,1,3219.0,9
rb1805,20170712,20170711,210648000,3220.0,1024,82788,32952420.0,3221.0,7,3219.0,9
rb1805,20170712,20170711,210649500,3220.0,1024,82788,32952420.0,3221.0,7,3220.0,1
rb1805,20170712,20170711,210650000,3220.0,1024,82788,32952420.0,3221.0,2,3220.0,1
rb1805,20170712,20170711,210650500,3220.0,1024,82788,32952420.0,3221.0,2,3220.0,1
rb1805,20170712,20170711,210651500,3220.0,1024,82788,32952420.0,3221.0,2,3220.0,1
rb1805,20170712,20170711,210652500,3220.0,1024,82788,32952420.0,3221.0,2,3220.0,1
rb1805,20170712,20170711,210653000,3220.0,1026,82788,33016820.0,3220.0,2,3219.0,10
rb1805,20170712,20170711,210653500,3220.0,1028,82788,33081220.0,3220.0,1,3219.0,10
rb1805,20170712,20170711,210654000,3220.0,1028,82788,33081220.0,3220.0,1,3219.0,13
rb1805,20170712,20170711,210655000,3220.0,1028,82788,33081220.0,3220.0,1,3219.0,14
rb1805,20170712,20170711,210656500,3220.0,1030,82788,33145620.0,3221.0,3,3220.0,1
rb1805,20170712,20170711,210658000,3220.0,1032,82788,33210020.0,3221.0,3,3219.0,14
rb1805,20170712,20170711,210658500,3220.0,1032,82788,33210020.0,3221.0,3,3219.0,15
rb1805,20170712,20170711,210659500,3220.0,1032,82788,33210020.0,3221.0,3,3220.0,1
rb1805,20170712,20170711,210700000,3220.0,1032,82788,33210020.0,3221.0,3,3220.0,1
rb1805,20170712,20170711,210701000,3220.0,1034,82788,33274420.0,3221.0,3,3219.0,15
rb1805,20170712,20170711,210701500,3220.0,1034,82788,33274420.0,3221.0,3,3219.0,14
rb1805,20170712,20170711,210702000,3221.0,1036,82788,33338840.0,3221.0,2,3219.0,14
rb1805,20170712,20170711,210702500,3221.0,1038,82788,33403260.0,3221.0,1,3219.0,14
rb1805,20170712,20170711,210703000,3221.0,1038,82788,33403260.0,3221.0,1,3219.0,13
rb1805,20170712,20170711,210703500,3221.0,1038,82788,33403260.0,3221.0,1,3219.0,13
rb1805,20170712,20170711,210704000,3221.0,1038,82788,33403260.0,3221.0,6,3219.0,13
rb1805,20170712,20170711,210704500,3221.0,1050,82798,33789780.0,3222.0,17,3221.0,9
rb1805,20170712,20170711,210705000,3221.0,1068,82798,34369560.0,3222.0,17,3219.0,16
rb1805,20170712,20170711,210705500,3221.0,1068,82798,34369560.0,3222.0,22,3220.0,4
rb1805,20170712,20170711,210706500,3221.0,1068,82798,34369560.0,3222.0,22,3220.0,4
rb1805,20170712,20170711,210707000,3221.0,1068,82798,34369560.0,3222.0,22,3220.0,4
rb1805,20170712,20170711,210708000,3222.0,1070,82798,34434000.0,3222.0,21,3220.0,4
rb1805,20170712,20170711,210710000,3222.0,1070,82798,34434000.0,3222.0,21,3220.0,4
rb1805,20170712,20170711,210712500,3222.0,1070,82798,34434000.0,3222.0,21,3220.0,4
rb1805,20170712,20170711,210714000,3222.0,1070,82798,34434000.0,3222.0,21,3220.0,9
rb1805,20170712,20170711,210714500,3222.0,1112,82784,35787240.0,3223.0,9,3222.0,4
rb1805,20170712,20170711,210715000,3222.0,1112,82784,35787240.0,3223.0,4,3222.0,5
rb1805,20170712,20170711,210715500,3222.0,1118,82778,35980560.0,3223.0,4,3222.0,2
rb1805,20170712,20170711,210716500,3222.0,1118,82778,35980560.0,3223.0,4,3222.0,2
rb1805,20170712,20170711,210717000,3223.0,1126,82776,36238400.0,3224.0,16,3223.0,6
rb1805,20170712,20170711,210717500,3223.0,1138,82764,36625160.0,3223.0,4,3222.0,2
rb1805,20170712,20170711,210718000,3223.0,1138,82764,36625160.0,3223.0,10,3222.0,2
rb1805,20170712,20170711,210718500,3222.0,1142,82766,36754040.0,3223.0,10,3221.0,1
rb1805,20170712,20170711,210719000,3222.0,1142,82766,36754040.0,3223.0,9,3221.0,1
rb1805,20170712,20170711,210719500,3222.0,1142,82766,36754040.0,3223.0,5,3221.0,1
rb1805,20170712,20170711,210720500,3222.0,1142,82766,36754040.0,3223.0,5,3221.0,1
rb1805,20170712,20170711,210721000,3222.0,1142,82766,36754040.0,3223.0,6,3221.0,1
rb1805,20170712,20170711,210722000,3222.0,1142,82766,36754040.0,3223.0,6,3221.0,1
rb1805,20170712,20170711,210722500,3222.0,1142,82766,36754040.0,3223.0,26,3221.0,2
rb1805,20170712,20170711,210725000,3222.0,1142,82766,36754040.0,3222.0,3,3221.0,2
rb1805,20170712,20170711,210726000,3221.0,1146,82770,36882880.0,3221.0,3,3220.0,4
rb1805,20170712,20170711,210727000,3221.0,1146,82770,36882880.0,3221.0,3,3220.0,4
rb1805,20170712,20170711,210730500,3221.0,1146,82770,36882880.0,3221.0,3,3220.0,4
rb1805,20170712,20170711,210732000,3221.0,1152,82776,37076140.0,3222.0,3,3221.0,197
rb1805,20170712,20170711,210733500,3221.0,1152,82776,37076140.0,3222.0,3,3221.0,198
rb1805,20170712,20170711,210735000,3221.0,1152,82776,37076140.0,3222.0,3,3221.0,197
rb1805,20170712,20170711,210735500,3221.0,1152,82776,37076140.0,3222.0,3,3221.0,197
rb1805,20170712,20170711,210736500,3221.0,1152,82776,37076140.0,3222.0,3,3221.0,197
rb1805,20170712,20170711,210738000,3221.0,1152,82776,37076140.0,3222.0,3,3221.0,198
rb1805,20170712,20170711,210740500,3221.0,1152,82776,37076140.0,3222.0,3,3221.0,198
rb1805,20170712,20170711,210741500,3221.0,1152,82776,37076140.0,3222.0,3,3221.0,198
rb1805,20170712,20170711,210743500,3222.0,1154,82774,37140580.0,3222.0,2,3221.0,198
rb1805,20170712,20170711,210744000,3222.0,1154,82774,37140580.0,3222.0,2,3221.0,198
rb1805,20170712,20170711,210744500,3222.0,1154,82774,37140580.0,3222.0,2,3221.0,198
rb1805,20170712,20170711,210745500,3222.0,1154,82774,37140580.0,3222.0,2,3221.0,198
rb1805,20170712,20170711,210747000,3222.0,1154,82774,37140580.0,3222.0,2,3221.0,198
rb1805,20170712,20170711,210749500,3222.0,1156,82774,37205020.0,3222.0,1,3221.0,198
rb1805,20170712,20170711,210752500,3222.0,1156,82774,37205020.0,3222.0,1,3221.0,198
rb1805,20170712,20170711,210753000,3222.0,1158,82774,37269460.0,3223.0,26,3221.0,198
rb1805,20170712,20170711,210753500,3222.0,1158,82774,37269460.0,3222.0,3,3221.0,198
rb1805,20170712,20170711,210754500,3222.0,1158,82774,37269460.0,3222.0,4,3221.0,198
rb1805,20170712,20170711,210756000,3222.0,1158,82774,37269460.0,3222.0,4,3221.0,198
rb1805,20170712,20170711,210757000,3222.0,1158,82774,37269460.0,3222.0,4,3221.0,198
rb1805,20170712,20170711,210758500,3222.0,1158,82774,37269460.0,3222.0,4,3221.0,198
rb1805,20170712,20170711,210801500,3222.0,1158,82774,37269460.0,3222.0,4,3221.0,198
rb1805,20170712,20170711,210806500,3222.0,1160,82776,37333900.0,3222.0,3,3221.0,198
rb1805,20170712,20170711,210807000,3222.0,1160,82776,37333900.0,3222.0,1,3221.0,198
rb1805,20170712,20170711,210808500,3222.0,1160,82776,37333900.0,3223.0,26,3221.0,198
rb1805,20170712,20170711,210810500,3222.0,1160,82776,37333900.0,3223.0,26,3221.0,198
rb1805,20170712,20170711,210812500,3222.0,1160,82776,37333900.0,3222.0,1,3221.0,198
rb1805,20170712,20170711,210816000,3222.0,1168,82776,37591600.0,3223.0,26,3222.0,4
rb1805,20170712,20170711,210816500,3222.0,1176,82784,37849360.0,3222.0,9,3221.0,195
rb1805,20170712,20170711,210817000,3222.0,1176,82784,37849360.0,3222.0,2,3221.0,195
rb1805,20170712,20170711,210818000,3222.0,1178,82784,37913800.0,3222.0,1,3221.0,195
rb1805,20170712,20170711,210818500,3222.0,1178,82784,37913800.0,3222.0,3,3221.0,195
rb1805,20170712,20170711,210819500,3222.0,1178,82784,37913800.0,3222.0,3,3221.0,195
rb1805,20170712,20170711,210824000,3221.0,1180,82786,37978220.0,3222.0,2,3221.0,194
rb1805,20170712,20170711,210825000,3221.0,1180,82786,37978220.0,3222.0,4,3221.0,194
rb1805,20170712,20170711,210825500,3221.0,1180,82786,37978220.0,3222.0,4,3221.0,194
rb1805,20170712,20170711,210826000,3221.0,1180,82786,37978220.0,3222.0,4,3221.0,194
rb1805,20170712,20170711,210826500,3221.0,1180,82786,37978220.0,3222.0,4,3221.0,193
rb1805,20170712,20170711,210827000,3221.0,1180,82786,37978220.0,3222.0,5,3221.0,193
rb1805,20170712,20170711,210828500,3221.0,1180,82786,37978220.0,3222.0,5,3221.0,193
rb1805,20170712,20170711,210829000,3221.0,1192,82794,38364740.0,3222.0,10,3221.0,187
rb1805,20170712,20170711,210829500,3221.0,1192,82794,38364740.0,3222.0,10,3221.0,187
rb1805,20170712,20170711,210831000,3221.0,1192,82794,38364740.0,3222.0,10,3221.0,187
rb1805,20170712,20170711,210831500,3221.0,1192,82794,38364740.0,3222.0,10,3221.0,187
rb1805,20170712,20170711,210833500,3221.0,1200,82794,38622420.0,3222.0,11,3221.0,183
rb1805,20170712,20170711,210834000,3222.0,1202,82794,38686860.0,3222.0,9,3221.0,183
rb1805,20170712,20170711,210834500,3221.0,1208,82800,38880120.0,3222.0,9,3221.0,180
rb1805,20170712,20170711,210835000,3221.0,1208,82800,38880120.0,3222.0,24,3221.0,180
rb1805,20170712,20170711,210836500,3221.0,1208,82800,38880120.0,3222.0,24,3221.0,180
rb1805,20170712,20170711,210837500,3222.0,1210,82802,38944560.0,3222.0,23,3221.0,180
rb1805,20170712,20170711,210838000,3222.0,1210,82802,38944560.0,3222.0,23,3221.0,180
rb1805,20170712,20170711,210839000,3222.0,1210,82802,38944560.0,3222.0,23,3221.0,180
rb1805,20170712,20170711,210839500,3222.0,1210,82802,38944560.0,3222.0,24,3221.0,180
rb1805,20170712,20170711,210840000,3222.0,1210,82802,38944560.0,3222.0,24,3221.0,180
rb1805,20170712,20170711,210841500,3222.0,1222,82806,39331180.0,3222.0,19,3221.0,179
rb1805,20170712,20170711,210842000,3222.0,1222,82806,39331180.0,3222.0,19,3221.0,179
rb1805,20170712,20170711,210843000,3222.0,1222,82806,39331180.0,3222.0,19,3221.0,179
rb1805,20170712,20170711,210844000,3222.0,1222,82806,39331180.0,3222.0,17,3221.0,179
rb1805,20170712,20170711,210844500,3222.0,1224,82808,39395620.0,3222.0,16,3221.0,179
rb1805,20170712,20170711,210845000,3222.0,1224,82808,39395620.0,3222.0,16,3221.0,179
rb1805,20170712,20170711,210847000,3222.0,1224,82808,39395620.0,3222.0,16,3221.0,179
rb1805,20170712,20170711,210847500,3222.0,1224,82808,39395620.0,3222.0,16,3221.0,179
rb1805,20170712,20170711,210849000,3222.0,1224,82808,39395620.0,3222.0,16,3221.0,180
rb1805,20170712,20170711,210849500,3222.0,1232,82808,39653380.0,3222.0,12,3221.0,180
rb1805,20170712,20170711,210850000,3222.0,1250,82826,40233340.0,3222.0,3,3221.0,180
rb1805,20170712,20170711,210850500,3222.0,1250,82826,40233340.0,3222.0,3,3221.0,180
rb1805,20170712,20170711,210851000,3222.0,1250,82826,40233340.0,3222.0,3,3221.0,180
rb1805,20170712,20170711,210852000,3222.0,1256,82822,40426660.0,3223.0,82,3221.0,185
rb1805,20170712,20170711,210852500,3222.0,1256,82822,40426660.0,3223.0,77,3221.0,185
rb1805,20170712,20170711,210853000,3221.0,1258,82822,40491080.0,3223.0,77,3221.0,184
rb1805,20170712,20170711,210853500,3221.0,1258,82822,40491080.0,3223.0,77,3221.0,184
rb1805,20170712,20170711,210854500,3221.0,1258,82822,40491080.0,3223.0,77,3221.0,184
rb1805,20170712,20170711,210855000,3221.0,1258,82822,40491080.0,3223.0,77,3222.0,1
rb1805,20170712,20170711,210856000,3221.0,1258,82822,40491080.0,3223.0,77,3222.0,1
rb1805,20170712,20170711,210858000,3221.0,1258,82822,40491080.0,3223.0,77,3222.0,2
rb1805,20170712,20170711,210900500,3221.0,1258,82822,40491080.0,3223.0,77,3222.0,2
rb1805,20170712,20170711,210901500,3223.0,1260,82822,40555540.0,3223.0,76,3222.0,2
rb1805,20170712,20170711,210902000,3223.0,1260,82822,40555540.0,3223.0,76,3222.0,3
rb1805,20170712,20170711,210903000,3223.0,1260,82822,40555540.0,3223.0,76,3222.0,3
rb1805,20170712,20170711,210903500,3223.0,1260,82822,40555540.0,3223.0,76,3222.0,6
rb1805,20170712,20170711,210905000,3222.0,1262,82822,40619980.0,3223.0,76,3222.0,5
rb1805,20170712,20170711,210906000,3222.0,1262,82822,40619980.0,3223.0,76,3222.0,5
rb1805,20170712,20170711,210906500,3222.0,1262,82822,40619980.0,3223.0,76,3222.0,5
rb1805,20170712,20170711,210908500,3222.0,1262,82822,40619980.0,3223.0,76,3222.0,5
rb1805,20170712,20170711,210910500,3222.0,1262,82822,40619980.0,3223.0,76,3222.0,5
rb1805,20170712,20170711,210911500,3222.0,1262,82822,40619980.0,3223.0,77,3222.0,5
rb1805,20170712,20170711,210912000,3222.0,1268,82826,40813300.0,3223.0,76,3222.0,2
rb1805,20170712,20170711,210913000,3222.0,1270,82824,40877740.0,3223.0,76,3222.0,1
rb1805,20170712,20170711,210913500,3222.0,1272,82824,40942180.0,3222.0,19,3221.0,184
rb1805,20170712,20170711,210914000,3222.0,1272,82824,40942180.0,3222.0,19,3221.0,179
rb1805,20170712,20170711,210915000,3222.0,1272,82824,40942180.0,3222.0,19,3221.0,179
rb1805,20170712,20170711,210918000,3222.0,1272,82824,40942180.0,3222.0,19,3221.0,179
rb1805,20170712,20170711,210919500,3222.0,1272,82824,40942180.0,3222.0,19,3221.0,179
rb1805,20170712,20170711,210920500,3222.0,1272,82824,40942180.0,3222.0,19,3221.0,179
rb1805,20170712,20170711,210921000,3222.0,1272,82824,40942180.0,3222.0,19,3221.0,179
rb1805,20170712,20170711,210922500,3222.0,1272,82824,40942180.0,3222.0,20,3221.0,179
rb1805,20170712,20170711,210923500,3222.0,1272,82824,40942180.0,3222.0,20,3221.0,179
rb1805,20170712,20170711,210924000,3222.0,1272,82824,40942180.0,3222.0,20,3221.0,179
rb1805,20170712,20170711,210924500,3222.0,1272,82824,40942180.0,3222.0,20,3221.0,179
rb1805,20170712,20170711,210926000,3222.0,1272,82824,40942180.0,3222.0,20,3221.0,179
rb1805,20170712,20170711,210926500,3222.0,1272,82824,40942180.0,3222.0,20,3221.0,179
rb1805,20170712,20170711,210928000,3222.0,1272,82824,40942180.0,3222.0,20,3221.0,182
rb1805,20170712,20170711,210933500,3222.0,1272,82824,40942180.0,3222.0,20,3221.0,181
rb1805,20170712,20170711,210934000,3222.0,1272,82824,40942180.0,3222.0,20,3221.0,181
rb1805,20170712,20170711,210934500,3222.0,1272,82824,40942180.0,3222.0,20,3221.0,181
rb1805,20170712,20170711,210936000,3222.0,1272,82824,40942180.0,3222.0,23,3221.0,181
rb1805,20170712,20170711,210937000,3221.0,1274,82824,41006600.0,3222.0,23,3221.0,180
rb1805,20170712,20170711,210941000,3221.0,1274,82824,41006600.0,3222.0,22,3221.0,180
rb1805,20170712,20170711,210943500,3222.0,1276,82824,41071040.0,3222.0,21,3221.0,180
rb1805,20170712,20170711,210946500,3222.0,1276,82824,41071040.0,3222.0,21,3221.0,180
rb1805,20170712,20170711,210949500,3221.0,1278,82824,41135460.0,3222.0,21,3221.0,179
rb1805,20170712,20170711,210950000,3221.0,1278,82824,41135460.0,3222.0,18,3221.0,179
rb1805,20170712,20170711,210953000,3221.0,1278,82824,41135460.0,3222.0,23,3221.0,179
rb1805,20170712,20170711,210954000,3221.0,1282,82824,41264300.0,3222.0,23,3221.0,177
rb1805,20170712,20170711,210954500,3221.0,1282,82824,41264300.0,3222.0,18,3221.0,177
rb1805,20170712,20170711,210956500,3221.0,1282,82824,41264300.0,3222.0,18,3221.0,177
rb1805,20170712,20170711,210957500,3221.0,1282,82824,41264300.0,3222.0,18,3221.0,177
rb1805,20170712,20170711,210959000,3222.0,1284,82824,41328740.0,3222.0,17,3221.0,179
rb1805,20170712,20170711,210959500,3222.0,1284,82824,41328740.0,3222.0,22,3221.0,179
rb1805,20170712,20170711,211002000,3222.0,1284,82824,41328740.0,3222.0,17,3221.0,179
rb1805,20170712,20170711,211002500,3222.0,1288,82828,41457620.0,3222.0,15,3221.0,179
rb1805,20170712,20170711,211004000,3222.0,1290,82830,41522060.0,3222.0,14,3221.0,179
rb1805,20170712,20170711,211004500,3222.0,1290,82830,41522060.0,3223.0,57,3221.0,179
rb1805,20170712,20170711,211005000,3222.0,1290,82830,41522060.0,3223.0,57,3221.0,179
rb1805,20170712,20170711,211005500,3222.0,1290,82830,41522060.0,3223.0,57,3222.0,5
rb1805,20170712,20170711,211007000,3222.0,1290,82830,41522060.0,3223.0,57,3222.0,10
rb1805,20170712,20170711,211007500,3223.0,1294,82830,41650980.0,3223.0,55,3222.0,10
rb1805,20170712,20170711,211009500,3223.0,1294,82830,41650980.0,3223.0,55,3222.0,5
rb1805,20170712,20170711,211010500,3222.0,1296,82830,41715420.0,3223.0,55,3222.0,4
rb1805,20170712,20170711,211012000,3223.0,1298,82830,41779880.0,3223.0,54,3222.0,4
rb1805,20170712,20170711,211013500,3222.0,1300,82828,41844320.0,3223.0,54,3222.0,3
rb1805,20170712,20170711,211015000,3222.0,1300,82828,41844320.0,3223.0,54,3222.0,3
rb1805,20170712,20170711,211016000,3222.0,1300,82828,41844320.0,3223.0,54,3222.0,3
rb1805,20170712,20170711,211016500,3222.0,1300,82828,41844320.0,3223.0,54,3222.0,3
rb1805,20170712,20170711,211017000,3222.0,1300,82828,41844320.0,3223.0,54,3222.0,4
rb1805,20170712,20170711,211017500,3222.0,1300,82828,41844320.0,3223.0,54,3222.0,9
rb1805,20170712,20170711,211018500,3222.0,1300,82828,41844320.0,3223.0,54,3222.0,9
rb1805,20170712,20170711,211022500,3222.0,1300,82828,41844320.0,3223.0,54,3222.0,9
rb1805,20170712,20170711,211023500,3222.0,1300,82828,41844320.0,3223.0,54,3222.0,10
rb1805,20170712,20170711,211024500,3222.0,1300,82828,41844320.0,3223.0,54,3222.0,10
rb1805,20170712,20170711,211027500,3223.0,1306,82822,42037700.0,3223.0,51,3222.0,10
rb1805,20170712,20170711,211028500,3223.0,1306,82822,42037700.0,3223.0,51,3222.0,10
rb1805,20170712,20170711,211029000,3223.0,1306,82822,42037700.0,3223.0,51,3222.0,10
rb1805,20170712,20170711,211029500,3223.0,1306,82822,42037700.0,3223.0,51,3222.0,10
rb1805,20170712,20170711,211030000,3222.0,1308,82820,42102140.0,3223.0,51,3222.0,9
rb1805,20170712,20170711,211032000,3222.0,1308,82820,42102140.0,3223.0,51,3222.0,9
rb1805,20170712,20170711,211032500,3222.0,1308,82820,42102140.0,3223.0,51,3222.0,10
rb1805,20170712,20170711,211033000,3222.0,1308,82820,42102140.0,3223.0,51,3222.0,10
rb1805,20170712,20170711,211034000,3222.0,1308,82820,42102140.0,3223.0,51,3222.0,10
rb1805,20170712,20170711,211035000,3223.0,1314,82814,42295520.0,3223.0,48,3222.0,10
rb1805,20170712,20170711,211035500,3223.0,1320,82814,42488900.0,3223.0,45,3222.0,10
rb1805,20170712,20170711,211036500,3223.0,1320,82814,42488900.0,3223.0,45,3222.0,5
rb1805,20170712,20170711,211038000,3223.0,1320,82814,42488900.0,3223.0,45,3222.0,5
rb1805,20170712,20170711,211039000,3223.0,1326,82808,42682280.0,3223.0,42,3222.0,5
rb1805,20170712,20170711,211041000,3223.0,1326,82808,42682280.0,3223.0,47,3222.0,5
rb1805,20170712,20170711,211041500,3222.0,1328,82808,42746720.0,3223.0,47,3222.0,4
rb1805,20170712,20170711,211043000,3222.0,1328,82808,42746720.0,3223.0,47,3222.0,4
rb1805,20170712,20170711,211043500,3222.0,1330,82810,42811160.0,3223.0,47,3222.0,3
rb1805,20170712,20170711,211044000,3222.0,1330,82810,42811160.0,3223.0,42,3222.0,8
rb1805,20170712,20170711,211044500,3222.0,1330,82810,42811160.0,3223.0,42,3222.0,12
rb1805,20170712,20170711,211045500,3222.0,1330,82810,42811160.0,3223.0,42,3222.0,13
rb1805,20170712,20170711,211046500,3223.0,1334,82810,42940080.0,3223.0,40,3222.0,13
rb1805,20170712,20170711,211047500,3223.0,1346,82804,43326840.0,3223.0,34,3222.0,13
rb1805,20170712,20170711,211048000,3223.0,1348,82804,43391300.0,3223.0,33,3222.0,13
rb1805,20170712,20170711,211048500,3223.0,1348,82804,43391300.0,3223.0,33,3222.0,13
rb1805,20170712,20170711,211050000,3223.0,1348,82804,43391300.0,3223.0,34,3222.0,13
rb1805,20170712,20170711,211050500,3223.0,1350,82804,43455760.0,3223.0,33,3222.0,13
rb1805,20170712,20170711,211051000,3223.0,1350,82804,43455760.0,3223.0,33,3222.0,8
rb1805,20170712,20170711,211052000,3223.0,1350,82804,43455760.0,3223.0,33,3222.0,10
rb1805,20170712,20170711,211058500,3223.0,1350,82804,43455760.0,3223.0,33,3222.0,11
rb1805,20170712,20170711,211059000,3223.0,1350,82804,43455760.0,3223.0,33,3222.0,10
rb1805,20170712,20170711,211102000,3223.0,1352,82804,43520220.0,3223.0,32,3222.0,10
rb1805,20170712,20170711,211103000,3223.0,1352,82804,43520220.0,3223.0,32,3222.0,10
rb1805,20170712,20170711,211103500,3223.0,1352,82804,43520220.0,3223.0,32,3222.0,11
rb1805,20170712,20170711,211104000,3222.0,1374,82804,44229060.0,3222.0,9,3221.0,177
rb1805,20170712,20170711,211105500,3222.0,1374,82804,44229060.0,3222.0,9,3221.0,177
rb1805,20170712,20170711,211106500,3221.0,1378,82802,44357920.0,3222.0,8,3221.0,176
rb1805,20170712,20170711,211108000,3221.0,1378,82802,44357920.0,3222.0,8,3221.0,176
rb1805,20170712,20170711,211109000,3221.0,1378,82802,44357920.0,3222.0,8,3221.0,176
rb1805,20170712,20170711,211111000,3222.0,1380,82802,44422360.0,3222.0,7,3221.0,176
rb1805,20170712,20170711,211112500,3222.0,1380,82802,44422360.0,3222.0,7,3221.0,176
rb1805,20170712,20170711,211114000,3222.0,1380,82802,44422360.0,3222.0,7,3221.0,176
rb1805,20170712,20170711,211114500,3222.0,1380,82802,44422360.0,3222.0,7,3221.0,176
rb1805,20170712,20170711,211115500,3222.0,1384,82798,44551240.0,3222.0,5,3221.0,176
rb1805,20170712,20170711,211122500,3222.0,1384,82798,44551240.0,3222.0,5,3221.0,181
rb1805,20170712,20170711,211124000,3222.0,1388,82798,44680120.0,3222.0,3,3221.0,181
rb1805,20170712,20170711,211124500,3222.0,1388,82798,44680120.0,3222.0,3,3221.0,176
rb1805,20170712,20170711,211127500,3222.0,1392,82798,44809000.0,3222.0,1,3221.0,176
rb1805,20170712,20170711,211128500,3222.0,1394,82798,44873440.0,3223.0,32,3221.0,176
rb1805,20170712,20170711,211129500,3222.0,1394,82798,44873440.0,3223.0,32,3221.0,176
rb1805,20170712,20170711,211130000,3222.0,1394,82798,44873440.0,3223.0,32,3222.0,3
rb1805,20170712,20170711,211131000,3222.0,1394,82798,44873440.0,3223.0,32,3222.0,3
rb1805,20170712,20170711,211133500,3222.0,1394,82798,44873440.0,3223.0,32,3222.0,3
rb1805,20170712,20170711,211135000,3222.0,1396,82800,44937880.0,3223.0,32,3222.0,2
rb1805,20170712,20170711,211135500,3223.0,1398,82798,45002340.0,3223.0,31,3222.0,7
rb1805,20170712,20170711,211138000,3223.0,1398,82798,45002340.0,3223.0,31,3222.0,2
rb1805,20170712,20170711,211139500,3223.0,1398,82798,45002340.0,3223.0,31,3222.0,3
rb1805,20170712,20170711,211140000,3223.0,1398,82798,45002340.0,3223.0,31,3222.0,3
rb1805,20170712,20170711,211146000,3223.0,1398,82798,45002340.0,3223.0,31,3222.0,4
rb1805,20170712,20170711,211147500,3223.0,1398,82798,45002340.0,3223.0,31,3222.0,4
rb1805,20170712,20170711,211148500,3223.0,1398,82798,45002340.0,3223.0,31,3222.0,4
rb1805,20170712,20170711,211150000,3223.0,1398,82798,45002340.0,3223.0,31,3222.0,4
rb1805,20170712,20170711,211151500,3223.0,1398,82798,45002340.0,3223.0,31,3222.0,4
rb1805,20170712,20170711,211153500,3223.0,1398,82798,45002340.0,3223.0,31,3222.0,5
rb1805,20170712,20170711,211154500,3223.0,1398,82798,45002340.0,3223.0,31,3222.0,10
rb1805,20170712,20170711,211155500,3223.0,1398,82798,45002340.0,3223.0,31,3222.0,10
rb1805,20170712,20170711,211156000,3223.0,1398,82798,45002340.0,3223.0,31,3222.0,10
rb1805,20170712,20170711,211157500,3223.0,1398,82798,45002340.0,3223.0,31,3222.0,15
rb1805,20170712,20170711,211158500,3223.0,1398,82798,45002340.0,3223.0,31,3222.0,15
rb1805,20170712,20170711,211159000,3223.0,1398,82798,45002340.0,3223.0,31,3222.0,15
rb1805,20170712,20170711,211202000,3223.0,1404,82798,45195720.0,3223.0,28,3222.0,15
rb1805,20170712,20170711,211204500,3223.0,1404,82798,45195720.0,3223.0,28,3222.0,15
rb1805,20170712,20170711,211205000,3223.0,1406,82798,45260180.0,3223.0,27,3222.0,15
rb1805,20170712,20170711,211208500,3223.0,1406,82798,45260180.0,3223.0,27,3222.0,15
rb1805,20170712,20170711,211210000,3223.0,1406,82798,45260180.0,3223.0,27,3222.0,15
rb1805,20170712,20170711,211210500,3223.0,1406,82798,45260180.0,3223.0,27,3222.0,15
rb1805,20170712,20170711,211214000,3223.0,1406,82798,45260180.0,3223.0,27,3222.0,15
rb1805,20170712,20170711,211216000,3223.0,1406,82798,45260180.0,3223.0,27,3222.0,16
rb1805,20170712,20170711,211217000,3223.0,1408,82796,45324640.0,3223.0,26,3222.0,16
rb1805,20170712,20170711,211217500,3223.0,1408,82796,45324640.0,3223.0,26,3222.0,16
rb1805,20170712,20170711,211218000,3223.0,1408,82796,45324640.0,3223.0,26,3222.0,16
rb1805,20170712,20170711,211218500,3223.0,1440,82786,46356000.0,3223.0,10,3222.0,21
rb1805,20170712,20170711,211219000,3223.0,1460,82774,47000600.0,3224.0,17,3222.0,21
rb1805,20170712,20170711,211219500,3223.0,1460,82774,47000600.0,3224.0,17,3223.0,3
rb1805,20170712,20170711,211221000,3223.0,1460,82774,47000600.0,3224.0,17,3223.0,3
rb1805,20170712,20170711,211221500,3223.0,1460,82774,47000600.0,3224.0,17,3223.0,8
rb1805,20170712,20170711,211222000,3223.0,1460,82774,47000600.0,3224.0,17,3223.0,8
rb1805,20170712,20170711,211222500,3223.0,1460,82774,47000600.0,3224.0,17,3223.0,9
rb1805,20170712,20170711,211223000,3224.0,1464,82776,47129560.0,3224.0,15,3223.0,15
rb1805,20170712,20170711,211223500,3224.0,1464,82776,47129560.0,3224.0,15,3223.0,14
rb1805,20170712,20170711,211224000,3224.0,1464,82776,47129560.0,3224.0,15,3223.0,14
rb1805,20170712,20170711,211224500,3224.0,1466,82776,47194040.0,3224.0,14,3223.0,14
rb1805,20170712,20170711,211225500,3224.0,1470,82780,47323000.0,3224.0,12,3223.0,15
rb1805,20170712,20170711,211226000,3224.0,1470,82780,47323000.0,3224.0,12,3223.0,15
rb1805,20170712,20170711,211226500,3224.0,1482,82786,47709880.0,3224.0,6,3223.0,15
rb1805,20170712,20170711,211228000,3224.0,1484,82786,47774360.0,3224.0,5,3223.0,15
rb1805,20170712,20170711,211228500,3224.0,1486,82786,47838840.0,3224.0,4,3223.0,14
rb1805,20170712,20170711,211229000,3224.0,1490,82788,47967780.0,3224.0,3,3223.0,13
rb1805,20170712,20170711,211231000,3224.0,1494,82788,48096740.0,3224.0,1,3223.0,13
rb1805,20170712,20170711,211232500,3224.0,1496,82788,48161220.0,3225.0,7,3223.0,13
rb1805,20170712,20170711,211233000,3224.0,1496,82788,48161220.0,3225.0,7,3224.0,6
rb1805,20170712,20170711,211233500,3224.0,1496,82788,48161220.0,3225.0,7,3224.0,6
rb1805,20170712,20170711,211234000,3224.0,1496,82788,48161220.0,3225.0,7,3224.0,6
rb1805,20170712,20170711,211236000,3224.0,1496,82788,48161220.0,3225.0,7,3224.0,16
rb1805,20170712,20170711,211236500,3224.0,1526,82818,49128420.0,3225.0,7,3224.0,1
rb1805,20170712,20170711,211237000,3224.0,1526,82818,49128420.0,3225.0,7,3224.0,1
rb1805,20170712,20170711,211238500,3224.0,1526,82818,49128420.0,3225.0,7,3224.0,1
rb1805,20170712,20170711,211240000,3225.0,1528,82820,49192920.0,3225.0,6,3224.0,1
rb1805,20170712,20170711,211240500,3225.0,1528,82820,49192920.0,3225.0,6,3224.0,2
rb1805,20170712,20170711,211241500,3225.0,1538,82820,49515420.0,3225.0,1,3224.0,2
rb1805,20170712,20170711,211243500,3225.0,1538,82820,49515420.0,3225.0,2,3224.0,5
rb1805,20170712,20170711,211244000,3225.0,1538,82820,49515420.0,3225.0,2,3224.0,5
rb1805,20170712,20170711,211244500,3225.0,1538,82820,49515420.0,3225.0,2,3224.0,5
rb1805,20170712,20170711,211245000,3225.0,1538,82820,49515420.0,3225.0,2,3224.0,6
rb1805,20170712,20170711,211246000,3225.0,1538,82820,49515420.0,3225.0,2,3224.0,7
rb1805,20170712,20170711,211246500,3225.0,1538,82820,49515420.0,3225.0,5,3224.0,7
rb1805,20170712,20170711,211250500,3225.0,1538,82820,49515420.0,3225.0,5,3224.0,7
rb1805,20170712,20170711,211253000,3224.0,1540,82822,49579900.0,3225.0,8,3224.0,9
rb1805,20170712,20170711,211253500,3224.0,1540,82822,49579900.0,3225.0,8,3224.0,10
rb1805,20170712,20170711,211254000,3224.0,1540,82822,49579900.0,3225.0,8,3224.0,10
rb1805,20170712,20170711,211255500,3224.0,1540,82822,49579900.0,3225.0,8,3224.0,10
rb1805,20170712,20170711,211257000,3224.0,1540,82822,49579900.0,3225.0,8,3224.0,10
rb1805,20170712,20170711,211258500,3224.0,1540,82822,49579900.0,3225.0,8,3224.0,10
rb1805,20170712,20170711,211259000,3224.0,1540,82822,49579900.0,3225.0,8,3224.0,10
rb1805,20170712,20170711,211259500,3224.0,1540,82822,49579900.0,3225.0,8,3224.0,10
rb1805,20170712,20170711,211302000,3224.0,1540,82822,49579900.0,3225.0,8,3224.0,10
rb1805,20170712,20170711,211303000,3224.0,1540,82822,49579900.0,3225.0,8,3224.0,7
rb1805,20170712,20170711,211305000,3225.0,1546,82824,49773400.0,3225.0,5,3224.0,7
rb1805,20170712,20170711,211305500,3225.0,1546,82824,49773400.0,3225.0,5,3224.0,7
rb1805,20170712,20170711,211306000,3225.0,1546,82824,49773400.0,3225.0,5,3224.0,7
rb1805,20170712,20170711,211306500,3225.0,1546,82824,49773400.0,3225.0,5,3224.0,7
rb1805,20170712,20170711,211307500,3224.0,1548,82824,49837880.0,3225.0,5,3224.0,6
rb1805,20170712,20170711,211308000,3224.0,1548,82824,49837880.0,3225.0,6,3224.0,6
rb1805,20170712,20170711,211309000,3224.0,1548,82824,49837880.0,3225.0,6,3224.0,6
rb1805,20170712,20170711,211309500,3224.0,1548,82824,49837880.0,3225.0,6,3224.0,6
rb1805,20170712,20170711,211310000,3224.0,1548,82824,49837880.0,3225.0,6,3224.0,8
rb1805,20170712,20170711,211311000,3224.0,1548,82824,49837880.0,3225.0,11,3224.0,8
rb1805,20170712,20170711,211311500,3224.0,1548,82824,49837880.0,3225.0,11,3224.0,8
rb1805,20170712,20170711,211312000,3224.0,1548,82824,49837880.0,3225.0,11,3224.0,8
rb1805,20170712,20170711,211312500,3224.0,1548,82824,49837880.0,3225.0,11,3224.0,8
rb1805,20170712,20170711,211313500,3225.0,1550,82826,49902380.0,3225.0,10,3224.0,8
rb1805,20170712,20170711,211314500,3225.0,1550,82826,49902380.0,3225.0,10,3224.0,9
rb1805,20170712,20170711,211315500,3225.0,1550,82826,49902380.0,3225.0,5,3224.0,9
rb1805,20170712,20170711,211316000,3224.0,1552,82828,49966860.0,3225.0,5,3224.0,8
rb1805,20170712,20170711,211316500,3225.0,1554,82830,50031360.0,3225.0,3,3224.0,8
rb1805,20170712,20170711,211318000,3225.0,1554,82830,50031360.0,3225.0,3,3224.0,8
rb1805,20170712,20170711,211318500,3225.0,1554,82830,50031360.0,3225.0,3,3224.0,8
rb1805,20170712,20170711,211319000,3225.0,1556,82830,50095860.0,3225.0,2,3224.0,8
rb1805,20170712,20170711,211321000,3225.0,1558,82830,50160360.0,3225.0,1,3224.0,8
rb1805,20170712,20170711,211321500,3225.0,1568,82830,50482860.0,3225.0,2,3224.0,8
rb1805,20170712,20170711,211322000,3225.0,1568,82830,50482860.0,3225.0,2,3224.0,8
rb1805,20170712,20170711,211322500,3225.0,1568,82830,50482860.0,3225.0,2,3224.0,8
rb1805,20170712,20170711,211324500,3225.0,1568,82830,50482860.0,3225.0,2,3224.0,8
rb1805,20170712,20170711,211326000,3225.0,1568,82830,50482860.0,3225.0,2,3224.0,9
rb1805,20170712,20170711,211327000,3225.0,1568,82830,50482860.0,3225.0,2,3224.0,9
rb1805,20170712,20170711,211331500,3225.0,1568,82830,50482860.0,3225.0,2,3224.0,9
rb1805,20170712,20170711,211332000,3224.0,1570,82832,50547340.0,3225.0,3,3224.0,8
rb1805,20170712,20170711,211333500,3224.0,1570,82832,50547340.0,3225.0,3,3224.0,8
rb1805,20170712,20170711,211334000,3224.0,1570,82832,50547340.0,3225.0,3,3224.0,8
rb1805,20170712,20170711,211334500,3224.0,1570,82832,50547340.0,3225.0,3,3224.0,8
rb1805,20170712,20170711,211335000,3224.0,1576,82832,50740780.0,3225.0,3,3224.0,5
rb1805,20170712,20170711,211335500,3224.0,1586,82830,51063180.0,3225.0,5,3223.0,11
rb1805,20170712,20170711,211336000,3224.0,1586,82830,51063180.0,3225.0,5,3223.0,6
rb1805,20170712,20170711,211337000,3224.0,1586,82830,51063180.0,3225.0,5,3223.0,6
rb1805,20170712,20170711,211340000,3224.0,1586,82830,51063180.0,3225.0,5,3223.0,6
rb1805,20170712,20170711,211340500,3224.0,1586,82830,51063180.0,3225.0,4,3223.0,6
rb1805,20170712,20170711,211341000,3224.0,1586,82830,51063180.0,3225.0,5,3223.0,6
rb1805,20170712,20170711,211342000,3224.0,1586,82830,51063180.0,3225.0,5,3223.0,6
rb1805,20170712,20170711,211342500,3224.0,1586,82830,51063180.0,3225.0,5,3223.0,11
rb1805,20170712,20170711,211345000,3224.0,1586,82830,51063180.0,3225.0,9,3223.0,11
rb1805,20170712,20170711,211345500,3224.0,1586,82830,51063180.0,3225.0,13,3223.0,11
rb1805,20170712,20170711,211346000,3224.0,1586,82830,51063180.0,3225.0,13,3223.0,11
rb1805,20170712,20170711,211346500,3224.0,1586,82830,51063180.0,3225.0,11,3223.0,11
rb1805,20170712,20170711,211347500,3224.0,1586,82830,51063180.0,3225.0,11,3223.0,11
rb1805,20170712,20170711,211348500,3224.0,1586,82830,51063180.0,3225.0,11,3224.0,1
rb1805,20170712,20170711,211351500,3224.0,1588,82830,51127660.0,3224.0,4,3223.0,11
rb1805,20170712,20170711,211352000,3224.0,1588,82830,51127660.0,3224.0,6,3223.0,6
rb1805,20170712,20170711,211354000,3224.0,1588,82830,51127660.0,3224.0,6,3223.0,6
rb1805,20170712,20170711,211354500,3224.0,1588,82830,51127660.0,3224.0,6,3223.0,6
rb1805,20170712,20170711,211355000,3224.0,1588,82830,51127660.0,3224.0,6,3223.0,6
rb1805,20170712,20170711,211356000,3224.0,1588,82830,51127660.0,3224.0,6,3223.0,6
rb1805,20170712,20170711,211356500,3224.0,1588,82830,51127660.0,3224.0,6,3223.0,6
rb1805,20170712,20170711,211357500,3224.0,1588,82830,51127660.0,3224.0,6,3223.0,6
rb1805,20170712,20170711,211359000,3224.0,1590,82832,51192140.0,3224.0,6,3223.0,6
rb1805,20170712,20170711,211359500,3224.0,1590,82832,51192140.0,3224.0,6,3223.0,6
rb1805,20170712,20170711,211400000,3224.0,1590,82832,51192140.0,3224.0,6,3223.0,6
rb1805,20170712,20170711,211400500,3224.0,1590,82832,51192140.0,3224.0,6,3223.0,6
rb1805,20170712,20170711,211403000,3224.0,1590,82832,51192140.0,3224.0,6,3223.0,6
rb1805,20170712,20170711,211403500,3224.0,1592,82834,51256620.0,3224.0,5,3223.0,6
rb1805,20170712,20170711,211406000,3224.0,1592,82834,51256620.0,3224.0,5,3223.0,6
rb1805,20170712,20170711,211407000,3224.0,1592,82834,51256620.0,3224.0,6,3223.0,6
rb1805,20170712,20170711,211408000,3224.0,1592,82834,51256620.0,3224.0,6,3223.0,6
rb1805,20170712,20170711,211409000,3224.0,1592,82834,51256620.0,3224.0,5,3223.0,7
rb1805,20170712,20170711,211411000,3223.0,1598,82832,51450000.0,3224.0,5,3223.0,4
rb1805,20170712,20170711,211412500,3224.0,1608,82836,51772400.0,3225.0,11,3224.0,3
rb1805,20170712,20170711,211415000,3224.0,1608,82836,51772400.0,3225.0,11,3224.0,3
rb1805,20170712,20170711,211415500,3224.0,1608,82836,51772400.0,3225.0,7,3224.0,3
rb1805,20170712,20170711,211416000,3224.0,1608,82836,51772400.0,3225.0,7,3224.0,3
rb1805,20170712,20170711,211416500,3224.0,1608,82836,51772400.0,3225.0,7,3224.0,3
rb1805,20170712,20170711,211417000,3224.0,1608,82836,51772400.0,3225.0,7,3224.0,8
rb1805,20170712,20170711,211417500,3224.0,1608,82836,51772400.0,3225.0,6,3224.0,8
rb1805,20170712,20170711,211418000,3225.0,1610,82836,51836900.0,3225.0,5,3224.0,8
rb1805,20170712,20170711,211421000,3225.0,1610,82836,51836900.0,3225.0,6,3224.0,8
rb1805,20170712,20170711,211422500,3225.0,1610,82836,51836900.0,3225.0,6,3224.0,18
rb1805,20170712,20170711,211423000,3225.0,1610,82836,51836900.0,3225.0,6,3224.0,13
rb1805,20170712,20170711,211425500,3225.0,1610,82836,51836900.0,3225.0,6,3224.0,13
rb1805,20170712,20170711,211426500,3225.0,1614,82832,51965900.0,3225.0,4,3224.0,13
rb1805,20170712,20170711,211428000,3225.0,1614,82832,51965900.0,3225.0,4,3224.0,14
rb1805,20170712,20170711,211430500,3225.0,1614,82832,51965900.0,3225.0,5,3224.0,14
rb1805,20170712,20170711,211434500,3225.0,1614,82832,51965900.0,3225.0,5,3224.0,14
rb1805,20170712,20170711,211439500,3225.0,1614,82832,51965900.0,3225.0,5,3224.0,14
rb1805,20170712,20170711,211442500,3225.0,1616,82832,52030400.0,3225.0,4,3224.0,14
rb1805,20170712,20170711,211445000,3225.0,1618,82832,52094900.0,3225.0,3,3224.0,14
rb1805,20170712,20170711,211446000,3225.0,1618,82832,52094900.0,3225.0,3,3224.0,14
rb1805,20170712,20170711,211447500,3225.0,1618,82832,52094900.0,3225.0,3,3224.0,14
rb1805,20170712,20170711,211452500,3225.0,1620,82832,52159400.0,3225.0,2,3224.0,14
rb1805,20170712,20170711,211453500,3225.0,1620,82832,52159400.0,3225.0,2,3224.0,14
rb1805,20170712,20170711,211454500,3225.0,1620,82832,52159400.0,3225.0,2,3224.0,14
rb1805,20170712,20170711,211455000,3225.0,1620,82832,52159400.0,3225.0,2,3224.0,14
rb1805,20170712,20170711,211455500,3225.0,1620,82832,52159400.0,3225.0,4,3224.0,14
rb1805,20170712,20170711,211456500,3225.0,1620,82832,52159400.0,3225.0,4,3224.0,14
rb1805,20170712,20170711,211504500,3225.0,1620,82832,52159400.0,3225.0,4,3224.0,14
rb1805,20170712,20170711,211507500,3225.0,1620,82832,52159400.0,3225.0,4,3224.0,4
rb1805,20170712,20170711,211509000,3225.0,1620,82832,52159400.0,3225.0,5,3224.0,5
rb1805,20170712,20170711,211510000,3225.0,1620,82832,52159400.0,3225.0,5,3224.0,5
rb1805,20170712,20170711,211510500,3225.0,1620,82832,52159400.0,3225.0,5,3224.0,5
rb1805,20170712,20170711,211512500,3224.0,1624,82836,52288360.0,3225.0,5,3224.0,3
rb1805,20170712,20170711,211513500,3224.0,1624,82836,52288360.0,3225.0,4,3224.0,3
rb1805,20170712,20170711,211515500,3224.0,1626,82836,52352840.0,3225.0,4,3224.0,2
rb1805,20170712,20170711,211516500,3224.0,1626,82836,52352840.0,3225.0,4,3224.0,2
rb1805,20170712,20170711,211517500,3224.0,1626,82836,52352840.0,3225.0,2,3224.0,2
rb1805,20170712,20170711,211518000,3224.0,1626,82836,52352840.0,3225.0,3,3224.0,2
rb1805,20170712,20170711,211519500,3224.0,1628,82836,52417320.0,3225.0,5,3224.0,1
rb1805,20170712,20170711,211521000,3224.0,1628,82836,52417320.0,3225.0,3,3224.0,1
rb1805,20170712,20170711,211523000,3224.0,1628,82836,52417320.0,3225.0,3,3224.0,1
rb1805,20170712,20170711,211524000,3224.0,1630,82834,52481800.0,3225.0,3,3223.0,7
rb1805,20170712,20170711,211526000,3224.0,1630,82834,52481800.0,3225.0,3,3223.0,7
rb1805,20170712,20170711,211528000,3224.0,1630,82834,52481800.0,3225.0,6,3223.0,7
rb1805,20170712,20170711,211528500,3224.0,1630,82834,52481800.0,3224.0,3,3223.0,7
rb1805,20170712,20170711,211529000,3224.0,1630,82834,52481800.0,3225.0,6,3223.0,7
rb1805,20170712,20170711,211529500,3224.0,1632,82834,52546280.0,3224.0,2,3223.0,7
rb1805,20170712,20170711,211530500,3224.0,1632,82834,52546280.0,3224.0,2,3223.0,7
rb1805,20170712,20170711,211531000,3224.0,1632,82834,52546280.0,3224.0,22,3223.0,7
rb1805,20170712,20170711,211531500,3224.0,1632,82834,52546280.0,3224.0,22,3223.0,7
rb1805,20170712,20170711,211532500,3224.0,1632,82834,52546280.0,3224.0,22,3223.0,7
rb1805,20170712,20170711,211533500,3224.0,1632,82834,52546280.0,3224.0,22,3223.0,8
rb1805,20170712,20170711,211534500,3224.0,1632,82834,52546280.0,3224.0,22,3223.0,8
rb1805,20170712,20170711,211535500,3224.0,1634,82834,52610760.0,3224.0,21,3223.0,8
rb1805,20170712,20170711,211540000,3224.0,1634,82834,52610760.0,3224.0,21,3223.0,8
rb1805,20170712,20170711,211541000,3223.0,1650,82834,53126440.0,3223.0,7,3222.0,27
rb1805,20170712,20170711,211541500,3223.0,1650,82834,53126440.0,3224.0,21,3222.0,22
rb1805,20170712,20170711,211542500,3223.0,1650,82834,53126440.0,3224.0,21,3222.0,22
rb1805,20170712,20170711,211543500,3223.0,1650,82834,53126440.0,3224.0,21,3222.0,21
rb1805,20170712,20170711,211546000,3223.0,1650,82834,53126440.0,3224.0,21,3222.0,22
rb1805,20170712,20170711,211547500,3223.0,1650,82834,53126440.0,3224.0,21,3222.0,22
rb1805,20170712,20170711,211548000,3223.0,1650,82834,53126440.0,3224.0,21,3222.0,22
rb1805,20170712,20170711,211550000,3223.0,1650,82834,53126440.0,3224.0,21,3222.0,22
rb1805,20170712,20170711,211551500,3223.0,1650,82834,53126440.0,3224.0,23,3222.0,22
rb1805,20170712,20170711,211553000,3223.0,1650,82834,53126440.0,3224.0,22,3222.0,28
rb1805,20170712,20170711,211553500,3223.0,1650,82834,53126440.0,3224.0,20,3222.0,28
rb1805,20170712,20170711,211554000,3222.0,1660,82832,53448640.0,3224.0,20,3222.0,23
rb1805,20170712,20170711,211554500,3222.0,1662,82832,53513080.0,3224.0,20,3223.0,1
rb1805,20170712,20170711,211555000,3223.0,1664,82830,53577540.0,3223.0,3,3222.0,22
rb1805,20170712,20170711,211555500,3223.0,1664,82830,53577540.0,3224.0,3,3222.0,22
rb1805,20170712,20170711,211559500,3223.0,1664,82830,53577540.0,3225.0,8,3222.0,22
rb1805,20170712,20170711,211600000,3223.0,1664,82830,53577540.0,3225.0,6,3222.0,22
rb1805,20170712,20170711,211600500,3222.0,1666,82830,53641980.0,3225.0,6,3222.0,21
rb1805,20170712,20170711,211601000,3222.0,1666,82830,53641980.0,3225.0,6,3224.0,1
rb1805,20170712,20170711,211601500,3222.0,1666,82830,53641980.0,3225.0,6,3224.0,1
rb1805,20170712,20170711,211602000,3222.0,1666,82830,53641980.0,3225.0,5,3224.0,1
rb1805,20170712,20170711,211602500,3222.0,1666,82830,53641980.0,3225.0,5,3224.0,1
rb1805,20170712,20170711,211603500,3222.0,1666,82830,53641980.0,3225.0,6,3224.0,1
rb1805,20170712,20170711,211604500,3224.0,1668,82830,53706460.0,3224.0,1,3223.0,1
rb1805,20170712,20170711,211605500,3223.0,1670,82828,53770920.0,3224.0,1,3223.0,5
rb1805,20170712,20170711,211606000,3223.0,1670,82828,53770920.0,3224.0,2,3223.0,6
rb1805,20170712,20170711,211607500,3223.0,1670,82828,53770920.0,3224.0,4,3223.0,5
rb1805,20170712,20170711,211608500,3223.0,1670,82828,53770920.0,3224.0,4,3223.0,5
rb1805,20170712,20170711,211609500,3223.0,1670,82828,53770920.0,3224.0,4,3223.0,6
rb1805,20170712,20170711,211610000,3223.0,1670,82828,53770920.0,3224.0,24,3223.0,6
rb1805,20170712,20170711,211610500,3223.0,1682,82816,54157680.0,3224.0,24,3222.0,20
rb1805,20170712,20170711,211612000,3223.0,1682,82816,54157680.0,3224.0,24,3222.0,15
rb1805,20170712,20170711,211612500,3223.0,1682,82816,54157680.0,3224.0,24,3222.0,15
rb1805,20170712,20170711,211613000,3223.0,1682,82816,54157680.0,3224.0,24,3223.0,1
rb1805,20170712,20170711,211613500,3223.0,1684,82816,54222140.0,3223.0,8,3222.0,15
rb1805,20170712,20170711,211614000,3223.0,1684,82816,54222140.0,3223.0,1,3222.0,15
rb1805,20170712,20170711,211618000,3223.0,1684,82816,54222140.0,3223.0,1,3222.0,16
rb1805,20170712,20170711,211621000,3223.0,1684,82816,54222140.0,3223.0,2,3222.0,16
rb1805,20170712,20170711,211624000,3223.0,1684,82816,54222140.0,3223.0,2,3222.0,16
rb1805,20170712,20170711,211624500,3223.0,1684,82816,54222140.0,3223.0,2,3222.0,16
rb1805,20170712,20170711,211626000,3222.0,1692,82816,54479900.0,3223.0,5,3222.0,12
rb1805,20170712,20170711,211626500,3222.0,1718,82838,55317620.0,3222.0,7,3221.0,178
rb1805,20170712,20170711,211627000,3222.0,1730,82850,55704260.0,3222.0,2,3221.0,178
rb1805,20170712,20170711,211627500,3222.0,1732,82852,55768700.0,3222.0,1,3221.0,178
rb1805,20170712,20170711,211628000,3222.0,1732,82852,55768700.0,3222.0,1,3221.0,178
rb1805,20170712,20170711,211629000,3222.0,1732,82852,55768700.0,3222.0,1,3221.0,178
rb1805,20170712,20170711,211630000,3222.0,1734,82850,55833140.0,3223.0,4,3221.0,178
rb1805,20170712,20170711,211630500,3222.0,1734,82850,55833140.0,3223.0,4,3221.0,178
rb1805,20170712,20170711,211631500,3223.0,1736,82852,55897600.0,3223.0,3,3221.0,178
rb1805,20170712,20170711,211632500,3223.0,1736,82852,55897600.0,3223.0,3,3221.0,183
rb1805,20170712,20170711,211634500,3223.0,1736,82852,55897600.0,3223.0,3,3221.0,184
rb1805,20170712,20170711,211635000,3223.0,1736,82852,55897600.0,3224.0,23,3221.0,184
rb1805,20170712,20170711,211635500,3223.0,1736,82852,55897600.0,3224.0,25,3221.0,185
rb1805,20170712,20170711,211637000,3223.0,1736,82852,55897600.0,3224.0,25,3222.0,3
rb1805,20170712,20170711,211638500,3223.0,1736,82852,55897600.0,3223.0,1,3222.0,3
rb1805,20170712,20170711,211639000,3223.0,1736,82852,55897600.0,3224.0,25,3222.0,3
rb1805,20170712,20170711,211641500,3223.0,1736,82852,55897600.0,3224.0,25,3222.0,3
rb1805,20170712,20170711,211642500,3223.0,1736,82852,55897600.0,3224.0,5,3222.0,3
rb1805,20170712,20170711,211643500,3223.0,1736,82852,55897600.0,3224.0,5,3222.0,4
rb1805,20170712,20170711,211646500,3223.0,1736,82852,55897600.0,3224.0,5,3222.0,4
rb1805,20170712,20170711,211651500,3223.0,1736,82852,55897600.0,3223.0,1,3222.0,4
rb1805,20170712,20170711,211655500,3223.0,1736,82852,55897600.0,3223.0,2,3222.0,4
rb1805,20170712,20170711,211656000,3223.0,1736,82852,55897600.0,3223.0,1,3222.0,4
rb1805,20170712,20170711,211657500,3222.0,1738,82850,55962040.0,3223.0,1,3221.0,187
rb1805,20170712,20170711,211700000,3222.0,1738,82850,55962040.0,3223.0,1,3222.0,2
rb1805,20170712,20170711,211700500,3222.0,1740,82850,56026480.0,3223.0,1,3222.0,1
rb1805,20170712,20170711,211702000,3222.0,1742,82848,56090920.0,3222.0,11,3221.0,187
rb1805,20170712,20170711,211702500,3222.0,1742,82848,56090920.0,3223.0,1,3221.0,182
rb1805,20170712,20170711,211709000,3222.0,1742,82848,56090920.0,3223.0,1,3221.0,187
rb1805,20170712,20170711,211713000,3222.0,1742,82848,56090920.0,3223.0,1,3222.0,2
rb1805,20170712,20170711,211714500,3222.0,1742,82848,56090920.0,3223.0,1,3222.0,9
rb1805,20170712,20170711,211715000,3222.0,1742,82848,56090920.0,3223.0,1,3222.0,10
rb1805,20170712,20170711,211715500,3222.0,1742,82848,56090920.0,3223.0,2,3222.0,10
rb1805,20170712,20170711,211716000,3222.0,1742,82848,56090920.0,3223.0,2,3222.0,10
rb1805,20170712,20170711,211716500,3222.0,1742,82848,56090920.0,3223.0,2,3222.0,10
rb1805,20170712,20170711,211717000,3222.0,1742,82848,56090920.0,3223.0,2,3222.0,10
rb1805,20170712,20170711,211719000,3223.0,1746,82846,56219840.0,3224.0,3,3223.0,3
rb1805,20170712,20170711,211719500,3223.0,1746,82846,56219840.0,3224.0,3,3223.0,3
rb1805,20170712,20170711,211720500,3223.0,1746,82846,56219840.0,3224.0,3,3223.0,3
rb1805,20170712,20170711,211721000,3223.0,1748,82844,56284300.0,3224.0,1,3223.0,2
rb1805,20170712,20170711,211722000,3223.0,1748,82844,56284300.0,3224.0,1,3223.0,2
rb1805,20170712,20170711,211722500,3223.0,1748,82844,56284300.0,3224.0,1,3223.0,3
rb1805,20170712,20170711,211723000,3223.0,1748,82844,56284300.0,3224.0,1,3223.0,3
rb1805,20170712,20170711,211724000,3223.0,1750,82842,56348760.0,3224.0,1,3223.0,2
rb1805,20170712,20170711,211724500,3223.0,1750,82842,56348760.0,3224.0,1,3223.0,2
rb1805,20170712,20170711,211727000,3223.0,1750,82842,56348760.0,3224.0,1,3223.0,2
rb1805,20170712,20170711,211729500,3223.0,1750,82842,56348760.0,3224.0,1,3223.0,2
rb1805,20170712,20170711,211730000,3223.0,1750,82842,56348760.0,3224.0,1,3223.0,2
rb1805,20170712,20170711,211731500,3223.0,1750,82842,56348760.0,3224.0,1,3223.0,2
rb1805,20170712,20170711,211736000,3223.0,1750,82842,56348760.0,3224.0,1,3223.0,2
rb1805,20170712,20170711,211737500,3224.0,1752,82842,56413240.0,3225.0,6,3224.0,1
rb1805,20170712,20170711,211738000,3224.0,1754,82842,56477720.0,3224.0,2,3223.0,2
rb1805,20170712,20170711,211738500,3224.0,1754,82842,56477720.0,3225.0,6,3223.0,2
rb1805,20170712,20170711,211739500,3223.0,1758,82838,56606640.0,3225.0,8,3222.0,26
rb1805,20170712,20170711,211742000,3223.0,1758,82838,56606640.0,3225.0,8,3222.0,26
rb1805,20170712,20170711,211742500,3223.0,1758,82838,56606640.0,3224.0,2,3223.0,1
rb1805,20170712,20170711,211743500,3223.0,1758,82838,56606640.0,3224.0,2,3223.0,1
rb1805,20170712,20170711,211744500,3223.0,1758,82838,56606640.0,3224.0,2,3223.0,1
rb1805,20170712,20170711,211746000,3224.0,1760,82840,56671120.0,3224.0,1,3223.0,1
rb1805,20170712,20170711,211747500,3223.0,1762,82838,56735580.0,3223.0,9,3222.0,85
rb1805,20170712,20170711,211748000,3223.0,1762,82838,56735580.0,3223.0,9,3222.0,81
rb1805,20170712,20170711,211749500,3223.0,1762,82838,56735580.0,3223.0,9,3222.0,81
rb1805,20170712,20170711,211752000,3223.0,1764,82838,56800040.0,3223.0,8,3222.0,82
rb1805,20170712,20170711,211752500,3223.0,1764,82838,56800040.0,3223.0,8,3222.0,81
rb1805,20170712,20170711,211755000,3223.0,1764,82838,56800040.0,3223.0,8,3222.0,82
rb1805,20170712,20170711,211755500,3223.0,1764,82838,56800040.0,3223.0,8,3222.0,92
rb1805,20170712,20170711,211757000,3223.0,1764,82838,56800040.0,3223.0,8,3222.0,90
rb1805,20170712,20170711,211757500,3223.0,1764,82838,56800040.0,3223.0,8,3222.0,90
rb1805,20170712,20170711,211759000,3223.0,1764,82838,56800040.0,3223.0,8,3222.0,90
rb1805,20170712,20170711,211801000,3222.0,1778,82844,57251120.0,3223.0,10,3222.0,83
rb1805,20170712,20170711,211801500,3222.0,1784,82850,57444440.0,3223.0,10,3222.0,80
rb1805,20170712,20170711,211803000,3222.0,1784,82850,57444440.0,3223.0,10,3222.0,80
rb1805,20170712,20170711,211810500,3222.0,1784,82850,57444440.0,3223.0,10,3222.0,80
rb1805,20170712,20170711,211811000,3222.0,1784,82850,57444440.0,3223.0,10,3222.0,70
rb1805,20170712,20170711,211811500,3222.0,1784,82850,57444440.0,3223.0,8,3222.0,70
rb1805,20170712,20170711,211812000,3222.0,1786,82850,57508880.0,3223.0,8,3222.0,72
rb1805,20170712,20170711,211815500,3222.0,1786,82850,57508880.0,3223.0,8,3222.0,72
rb1805,20170712,20170711,211816000,3222.0,1786,82850,57508880.0,3223.0,8,3222.0,72
rb1805,20170712,20170711,211816500,3222.0,1786,82850,57508880.0,3223.0,8,3222.0,72
rb1805,20170712,20170711,211818500,3222.0,1786,82850,57508880.0,3223.0,10,3222.0,72
rb1805,20170712,20170711,211820000,3222.0,1786,82850,57508880.0,3223.0,8,3222.0,72
rb1805,20170712,20170711,211821000,3222.0,1786,82850,57508880.0,3223.0,8,3222.0,70
rb1805,20170712,20170711,211826000,3222.0,1786,82850,57508880.0,3223.0,8,3222.0,70
rb1805,20170712,20170711,211827500,3222.0,1786,82850,57508880.0,3223.0,8,3222.0,70
rb1805,20170712,20170711,211839000,3222.0,1786,82850,57508880.0,3223.0,12,3222.0,70
rb1805,20170712,20170711,211839500,3222.0,1788,82850,57573320.0,3223.0,12,3222.0,69
rb1805,20170712,20170711,211840000,3222.0,1788,82850,57573320.0,3223.0,12,3222.0,69
rb1805,20170712,20170711,211845500,3222.0,1788,82850,57573320.0,3223.0,12,3222.0,69
rb1805,20170712,20170711,211849500,3222.0,1788,82850,57573320.0,3223.0,12,3222.0,69
rb1805,20170712,20170711,211850000,3222.0,1788,82850,57573320.0,3223.0,12,3222.0,69
rb1805,20170712,20170711,211851000,3222.0,1788,82850,57573320.0,3223.0,12,3222.0,70
rb1805,20170712,20170711,211852000,3222.0,1788,82850,57573320.0,3223.0,12,3222.0,75
rb1805,20170712,20170711,211852500,3223.0,1790,82850,57637780.0,3223.0,11,3222.0,75
rb1805,20170712,20170711,211854000,3223.0,1790,82850,57637780.0,3223.0,11,3222.0,74
rb1805,20170712,20170711,211855000,3223.0,1792,82848,57702240.0,3223.0,10,3222.0,74
rb1805,20170712,20170711,211856000,3223.0,1792,82848,57702240.0,3223.0,10,3222.0,74
rb1805,20170712,20170711,211900000,3223.0,1792,82848,57702240.0,3223.0,10,3222.0,76
rb1805,20170712,20170711,211900500,3223.0,1792,82848,57702240.0,3223.0,10,3222.0,76
rb1805,20170712,20170711,211911000,3223.0,1792,82848,57702240.0,3223.0,10,3222.0,76
rb1805,20170712,20170711,211914000,3223.0,1792,82848,57702240.0,3223.0,10,3222.0,71
rb1805,20170712,20170711,211914500,3223.0,1792,82848,57702240.0,3223.0,10,3222.0,81
rb1805,20170712,20170711,211922000,3222.0,1800,82854,57960000.0,3223.0,10,3222.0,77
rb1805,20170712,20170711,211926000,3222.0,1800,82854,57960000.0,3223.0,6,3222.0,77
rb1805,20170712,20170711,211933500,3222.0,1800,82854,57960000.0,3223.0,6,3222.0,77
rb1805,20170712,20170711,211934000,3222.0,1800,82854,57960000.0,3223.0,6,3222.0,77
rb1805,20170712,20170711,211934500,3222.0,1800,82854,57960000.0,3223.0,6,3222.0,77
rb1805,20170712,20170711,211942500,3222.0,1800,82854,57960000.0,3223.0,6,3222.0,77
rb1805,20170712,20170711,211943500,3222.0,1800,82854,57960000.0,3223.0,6,3222.0,77
rb1805,20170712,20170711,211945500,3223.0,1802,82854,58024460.0,3223.0,5,3222.0,77
rb1805,20170712,20170711,211946000,3223.0,1802,82854,58024460.0,3223.0,5,3222.0,67
rb1805,20170712,20170711,211947500,3223.0,1808,82848,58217840.0,3223.0,2,3222.0,72
rb1805,20170712,20170711,211949000,3223.0,1812,82844,58346760.0,3225.0,8,3223.0,3
rb1805,20170712,20170711,211952500,3223.0,1814,82842,58411220.0,3225.0,8,3223.0,2
rb1805,20170712,20170711,211953000,3223.0,1816,82840,58475680.0,3225.0,8,3223.0,1
rb1805,20170712,20170711,211953500,3223.0,1818,82840,58540140.0,3223.0,1,3222.0,72
rb1805,20170712,20170711,211954500,3223.0,1818,82840,58540140.0,3223.0,1,3222.0,72
rb1805,20170712,20170711,211955500,3223.0,1818,82840,58540140.0,3223.0,1,3222.0,67
rb1805,20170712,20170711,211956500,3223.0,1818,82840,58540140.0,3223.0,1,3222.0,67
rb1805,20170712,20170711,211957000,3223.0,1818,82840,58540140.0,3223.0,1,3222.0,67
rb1805,20170712,20170711,212004000,3223.0,1818,82840,58540140.0,3223.0,1,3222.0,67
rb1805,20170712,20170711,212004500,3223.0,1818,82840,58540140.0,3223.0,1,3222.0,67
rb1805,20170712,20170711,212008000,3222.0,1822,82840,58669020.0,3223.0,1,3222.0,65
rb1805,20170712,20170711,212009000,3222.0,1822,82840,58669020.0,3223.0,1,3222.0,66
rb1805,20170712,20170711,212010500,3223.0,1824,82842,58733480.0,3224.0,2,3223.0,1
rb1805,20170712,20170711,212011000,3223.0,1826,82842,58797940.0,3224.0,2,3223.0,1
rb1805,20170712,20170711,212011500,3223.0,1828,82842,58862400.0,3223.0,1,3222.0,66
rb1805,20170712,20170711,212012000,3223.0,1828,82842,58862400.0,3223.0,1,3222.0,66
rb1805,20170712,20170711,212012500,3223.0,1828,82842,58862400.0,3223.0,1,3222.0,66
rb1805,20170712,20170711,212013000,3223.0,1828,82842,58862400.0,3224.0,2,3222.0,66
rb1805,20170712,20170711,212014000,3223.0,1828,82842,58862400.0,3224.0,4,3222.0,66
rb1805,20170712,20170711,212020500,3223.0,1828,82842,58862400.0,3224.0,4,3222.0,64
rb1805,20170712,20170711,212023000,3223.0,1828,82842,58862400.0,3224.0,4,3222.0,69
rb1805,20170712,20170711,212029500,3223.0,1828,82842,58862400.0,3224.0,4,3222.0,69
rb1805,20170712,20170711,212032000,3223.0,1828,82842,58862400.0,3224.0,4,3222.0,64
rb1805,20170712,20170711,212034000,3223.0,1828,82842,58862400.0,3224.0,4,3222.0,64
rb1805,20170712,20170711,212035500,3223.0,1828,82842,58862400.0,3224.0,6,3222.0,64
rb1805,20170712,20170711,212039000,3223.0,1828,82842,58862400.0,3224.0,6,3223.0,10
rb1805,20170712,20170711,212039500,3223.0,1832,82842,58991320.0,3224.0,4,3223.0,8
rb1805,20170712,20170711,212040000,3223.0,1832,82842,58991320.0,3224.0,4,3223.0,8
rb1805,20170712,20170711,212040500,3223.0,1832,82842,58991320.0,3224.0,4,3223.0,8
rb1805,20170712,20170711,212045000,3224.0,1836,82838,59120280.0,3224.0,2,3223.0,8
rb1805,20170712,20170711,212047500,3224.0,1836,82838,59120280.0,3224.0,2,3223.0,8
rb1805,20170712,20170711,212051500,3224.0,1838,82838,59184760.0,3224.0,1,3223.0,8
rb1805,20170712,20170711,212053500,3222.0,1878,82878,60473720.0,3224.0,1,3222.0,52
rb1805,20170712,20170711,212059500,3222.0,1878,82878,60473720.0,3224.0,1,3222.0,52
rb1805,20170712,20170711,212105500,3222.0,1878,82878,60473720.0,3224.0,1,3222.0,52
rb1805,20170712,20170711,212107000,3222.0,1878,82878,60473720.0,3224.0,3,3222.0,52
rb1805,20170712,20170711,212108500,3222.0,1878,82878,60473720.0,3224.0,4,3222.0,52
rb1805,20170712,20170711,212110000,3222.0,1878,82878,60473720.0,3224.0,4,3222.0,52
rb1805,20170712,20170711,212110500,3222.0,1878,82878,60473720.0,3224.0,4,3222.0,52
rb1805,20170712,20170711,212111500,3222.0,1894,82878,60989240.0,3224.0,4,3222.0,44
rb1805,20170712,20170711,212112000,3222.0,1894,82878,60989240.0,3224.0,4,3222.0,44
rb1805,20170712,20170711,212117500,3222.0,1894,82878,60989240.0,3224.0,9,3222.0,44
rb1805,20170712,20170711,212118500,3222.0,1894,82878,60989240.0,3224.0,9,3222.0,44
rb1805,20170712,20170711,212120000,3222.0,1894,82878,60989240.0,3224.0,28,3222.0,44
rb1805,20170712,20170711,212120500,3222.0,1894,82878,60989240.0,3224.0,29,3222.0,44
rb1805,20170712,20170711,212121000,3222.0,1894,82878,60989240.0,3224.0,28,3222.0,44
rb1805,20170712,20170711,212123000,3222.0,1894,82878,60989240.0,3224.0,29,3222.0,44
rb1805,20170712,20170711,212125000,3222.0,1894,82878,60989240.0,3224.0,29,3222.0,44
rb1805,20170712,20170711,212129000,3222.0,1894,82878,60989240.0,3223.0,1,3222.0,44
rb1805,20170712,20170711,212130000,3222.0,1894,82878,60989240.0,3223.0,1,3222.0,45
rb1805,20170712,20170711,212136500,3222.0,1894,82878,60989240.0,3223.0,1,3222.0,45
rb1805,20170712,20170711,212140000,3222.0,1894,82878,60989240.0,3223.0,1,3222.0,45
rb1805,20170712,20170711,212141000,3223.0,1896,82878,61053700.0,3224.0,28,3223.0,1
rb1805,20170712,20170711,212142000,3223.0,1898,82878,61118160.0,3223.0,16,3222.0,45
rb1805,20170712,20170711,212142500,3223.0,1898,82878,61118160.0,3223.0,2,3222.0,45
rb1805,20170712,20170711,212143000,3223.0,1898,82878,61118160.0,3223.0,1,3222.0,45
rb1805,20170712,20170711,212143500,3223.0,1898,82878,61118160.0,3224.0,26,3222.0,45
rb1805,20170712,20170711,212146000,3223.0,1898,82878,61118160.0,3224.0,26,3222.0,45
rb1805,20170712,20170711,212149000,3223.0,1898,82878,61118160.0,3224.0,26,3222.0,50
rb1805,20170712,20170711,212152500,3223.0,1898,82878,61118160.0,3223.0,1,3222.0,50
rb1805,20170712,20170711,212153500,3223.0,1898,82878,61118160.0,3223.0,1,3222.0,45
rb1805,20170712,20170711,212158000,3223.0,1898,82878,61118160.0,3223.0,1,3222.0,45
rb1805,20170712,20170711,212202000,3223.0,1898,82878,61118160.0,3223.0,1,3222.0,47
rb1805,20170712,20170711,212205000,3223.0,1898,82878,61118160.0,3223.0,11,3222.0,47
rb1805,20170712,20170711,212208500,3223.0,1898,82878,61118160.0,3223.0,11,3222.0,47
rb1805,20170712,20170711,212213500,3223.0,1898,82878,61118160.0,3223.0,11,3222.0,47
rb1805,20170712,20170711,212214500,3223.0,1898,82878,61118160.0,3223.0,11,3222.0,47
rb1805,20170712,20170711,212220500,3223.0,1898,82878,61118160.0,3223.0,11,3222.0,47
rb1805,20170712,20170711,212224500,3223.0,1898,82878,61118160.0,3223.0,11,3222.0,47
rb1805,20170712,20170711,212226000,3223.0,1898,82878,61118160.0,3223.0,12,3222.0,47
rb1805,20170712,20170711,212228000,3223.0,1898,82878,61118160.0,3223.0,12,3222.0,47
rb1805,20170712,20170711,212228500,3223.0,1898,82878,61118160.0,3223.0,12,3222.0,47
rb1805,20170712,20170711,212232500,3223.0,1898,82878,61118160.0,3223.0,12,3222.0,47
rb1805,20170712,20170711,212240000,3223.0,1898,82878,61118160.0,3223.0,12,3222.0,47
rb1805,20170712,20170711,212241000,3223.0,1898,82878,61118160.0,3223.0,12,3222.0,52
rb1805,20170712,20170711,212241500,3223.0,1902,82878,61247080.0,3223.0,10,3222.0,52
rb1805,20170712,20170711,212242000,3223.0,1902,82878,61247080.0,3223.0,10,3222.0,47
rb1805,20170712,20170711,212245000,3223.0,1902,82878,61247080.0,3223.0,10,3222.0,47
rb1805,20170712,20170711,212245500,3223.0,1902,82878,61247080.0,3223.0,10,3222.0,47
rb1805,20170712,20170711,212246500,3223.0,1922,82878,61891680.0,3224.0,1,3222.0,47
rb1805,20170712,20170711,212247000,3223.0,1922,82878,61891680.0,3224.0,1,3222.0,47
rb1805,20170712,20170711,212249500,3222.0,1928,82884,62085000.0,3224.0,1,3222.0,44
rb1805,20170712,20170711,212250000,3222.0,1928,82884,62085000.0,3224.0,2,3222.0,44
rb1805,20170712,20170711,212256500,3222.0,1928,82884,62085000.0,3224.0,2,3222.0,49
rb1805,20170712,20170711,212257000,3222.0,1928,82884,62085000.0,3224.0,2,3223.0,1
rb1805,20170712,20170711,212300000,3223.0,1930,82882,62149460.0,3224.0,2,3222.0,49
rb1805,20170712,20170711,212303500,3223.0,1930,82882,62149460.0,3224.0,3,3222.0,49
rb1805,20170712,20170711,212306500,3223.0,1930,82882,62149460.0,3224.0,3,3222.0,49
rb1805,20170712,20170711,212312000,3223.0,1930,82882,62149460.0,3224.0,3,3223.0,3
rb1805,20170712,20170711,212314000,3223.0,1930,82882,62149460.0,3224.0,23,3223.0,3
rb1805,20170712,20170711,212316500,3223.0,1930,82882,62149460.0,3224.0,24,3223.0,3
rb1805,20170712,20170711,212318000,3223.0,1930,82882,62149460.0,3224.0,24,3223.0,3
rb1805,20170712,20170711,212318500,3223.0,1930,82882,62149460.0,3224.0,3,3223.0,3
rb1805,20170712,20170711,212324000,3223.0,1932,82880,62213920.0,3224.0,3,3223.0,2
rb1805,20170712,20170711,212324500,3223.0,1932,82880,62213920.0,3224.0,3,3223.0,2
rb1805,20170712,20170711,212327500,3223.0,1932,82880,62213920.0,3224.0,3,3223.0,3
rb1805,20170712,20170711,212332000,3223.0,1932,82880,62213920.0,3224.0,3,3223.0,1
rb1805,20170712,20170711,212332500,3224.0,1936,82880,62342880.0,3224.0,1,3223.0,1
rb1805,20170712,20170711,212335000,3224.0,1936,82880,62342880.0,3224.0,1,3223.0,2
rb1805,20170712,20170711,212335500,3224.0,1936,82880,62342880.0,3224.0,1,3223.0,2
rb1805,20170712,20170711,212337000,3224.0,1936,82880,62342880.0,3224.0,1,3223.0,4
rb1805,20170712,20170711,212341000,3224.0,1936,82880,62342880.0,3224.0,1,3223.0,4
rb1805,20170712,20170711,212342000,3224.0,1938,82882,62407360.0,3225.0,11,3223.0,4
rb1805,20170712,20170711,212342500,3224.0,1938,82882,62407360.0,3225.0,9,3224.0,8
rb1805,20170712,20170711,212343000,3224.0,1938,82882,62407360.0,3225.0,9,3224.0,2
rb1805,20170712,20170711,212343500,3224.0,1942,82882,62536320.0,3224.0,5,3223.0,9
rb1805,20170712,20170711,212344000,3224.0,1942,82882,62536320.0,3225.0,9,3223.0,4
rb1805,20170712,20170711,212345500,3224.0,1942,82882,62536320.0,3225.0,9,3224.0,3
rb1805,20170712,20170711,212347000,3224.0,1942,82882,62536320.0,3225.0,9,3223.0,9
rb1805,20170712,20170711,212347500,3225.0,1944,82882,62600820.0,3225.0,8,3223.0,9
rb1805,20170712,20170711,212348500,3225.0,1944,82882,62600820.0,3225.0,8,3224.0,1
rb1805,20170712,20170711,212349000,3225.0,1954,82874,62923320.0,3225.0,3,3224.0,1
rb1805,20170712,20170711,212350500,3225.0,1954,82874,62923320.0,3225.0,3,3224.0,1
rb1805,20170712,20170711,212354000,3224.0,1956,82876,62987800.0,3225.0,3,3223.0,9
rb1805,20170712,20170711,212355500,3224.0,1956,82876,62987800.0,3225.0,3,3224.0,3
rb1805,20170712,20170711,212356000,3224.0,1956,82876,62987800.0,3225.0,3,3223.0,9
rb1805,20170712,20170711,212358000,3224.0,1956,82876,62987800.0,3225.0,3,3223.0,9
rb1805,20170712,20170711,212358500,3224.0,1956,82876,62987800.0,3225.0,3,3223.0,11
rb1805,20170712,20170711,212400000,3224.0,1956,82876,62987800.0,3225.0,3,3223.0,11
rb1805,20170712,20170711,212402000,3224.0,1956,82876,62987800.0,3225.0,3,3224.0,3
rb1805,20170712,20170711,212403000,3224.0,1958,82878,63052280.0,3225.0,3,3224.0,2
rb1805,20170712,20170711,212406000,3224.0,1960,82880,63116760.0,3225.0,3,3224.0,1
rb1805,20170712,20170711,212409000,3224.0,1962,82880,63181240.0,3225.0,3,3223.0,11
rb1805,20170712,20170711,212409500,3224.0,1962,82880,63181240.0,3225.0,3,3223.0,11
rb1805,20170712,20170711,212410000,3224.0,1962,82880,63181240.0,3225.0,3,3223.0,11
rb1805,20170712,20170711,212410500,3224.0,1962,82880,63181240.0,3225.0,5,3224.0,1
rb1805,20170712,20170711,212411000,3224.0,1962,82880,63181240.0,3225.0,3,3224.0,1
rb1805,20170712,20170711,212411500,3225.0,1968,82884,63374740.0,3226.0,12,3225.0,2
rb1805,20170712,20170711,212413500,3225.0,1968,82884,63374740.0,3226.0,12,3225.0,2
rb1805,20170712,20170711,212414000,3225.0,1972,82888,63503740.0,3225.0,5,3224.0,7
rb1805,20170712,20170711,212414500,3225.0,1972,82888,63503740.0,3225.0,2,3224.0,7
rb1805,20170712,20170711,212415000,3224.0,1986,82888,63955100.0,3224.0,3,3223.0,11
rb1805,20170712,20170711,212415500,3225.0,1988,82888,64019600.0,3224.0,1,3223.0,6
rb1805,20170712,20170711,212416000,3225.0,1988,82888,64019600.0,3224.0,1,3223.0,6
rb1805,20170712,20170711,212416500,3225.0,1988,82888,64019600.0,3225.0,1,3223.0,6
rb1805,20170712,20170711,212417500,3225.0,1988,82888,64019600.0,3225.0,1,3223.0,6
rb1805,20170712,20170711,212418500,3225.0,1988,82888,64019600.0,3225.0,1,3224.0,1
rb1805,20170712,20170711,212419000,3225.0,1988,82888,64019600.0,3226.0,35,3224.0,1
rb1805,20170712,20170711,212419500,3225.0,1988,82888,64019600.0,3225.0,1,3224.0,1
rb1805,20170712,20170711,212420500,3225.0,1988,82888,64019600.0,3225.0,2,3224.0,1
rb1805,20170712,20170711,212421000,3224.0,1990,82888,64084080.0,3225.0,2,3223.0,7
rb1805,20170712,20170711,212421500,3224.0,1990,82888,64084080.0,3225.0,22,3223.0,7
rb1805,20170712,20170711,212422000,3225.0,1992,82888,64148580.0,3225.0,21,3223.0,7
rb1805,20170712,20170711,212422500,3225.0,1992,82888,64148580.0,3225.0,21,3223.0,7
