instrument,tradingday,calendarday,time,lastp,volume,openinterest,turnover,ask1,asksz1,bid1,bidsz1
rb1805,20170821,20170818,183544500,3745.0,0,220928,0.0,0.0,0,0.0,0
rb1805,20170821,20170818,205900500,3725.0,448,220698,16688000.0,3725.0,64,3724.0,7
rb1805,20170821,20170818,210000500,3722.0,990,220798,36846160.0,3722.0,68,3721.0,7
rb1805,20170821,20170818,210001000,3726.0,1748,220562,65080680.0,3730.0,1,3726.0,13
rb1805,20170821,20170818,210001500,3722.0,2070,220472,77074900.0,3728.0,2,3722.0,22
rb1805,20170821,20170818,210002000,3724.0,2364,220472,88017680.0,3722.0,6,3720.0,5
rb1805,20170821,20170818,210002500,3727.0,2468,220416,91888800.0,3727.0,4,3725.0,3
rb1805,20170821,20170818,210003000,3728.0,2546,220370,94796600.0,3732.0,54,3730.0,1
rb1805,20170821,20170818,210003500,3732.0,2626,220398,97779700.0,3732.0,70,3731.0,6
rb1805,20170821,20170818,210004000,3725.0,2748,220404,102330860.0,3731.0,1,3727.0,1
rb1805,20170821,20170818,210004500,3725.0,2892,220376,107697740.0,3730.0,13,3724.0,14
rb1805,20170821,20170818,210005000,3727.0,2920,220372,108741640.0,3729.0,1,3726.0,17
rb1805,20170821,20170818,210005500,3727.0,2980,220362,110978940.0,3729.0,1,3727.0,4
rb1805,20170821,20170818,210006000,3731.0,3034,220370,112993360.0,3730.0,3,3729.0,3
rb1805,20170821,20170818,210006500,3730.0,3058,220380,113888680.0,3732.0,24,3731.0,1
rb1805,20170821,20170818,210007000,3731.0,3082,220404,114783980.0,3732.0,22,3731.0,19
rb1805,20170821,20170818,210007500,3730.0,3192,220438,118888060.0,3732.0,5,3730.0,18
rb1805,20170821,20170818,210008000,3732.0,3200,220442,119186580.0,3732.0,2,3730.0,17
rb1805,20170821,20170818,210008500,3731.0,3214,220452,119708980.0,3733.0,17,3731.0,2
rb1805,20170821,20170818,210009000,3733.0,3244,220456,120828500.0,3733.0,15,3732.0,24
rb1805,20170821,20170818,210009500,3732.0,3268,220460,121724200.0,3733.0,16,3732.0,118
rb1805,20170821,20170818,210010000,3734.0,3406,220478,126874920.0,3735.0,3,3734.0,1
rb1805,20170821,20170818,210010500,3735.0,3420,220488,127397720.0,3735.0,1,3734.0,1
rb1805,20170821,20170818,210011000,3735.0,3462,220526,128966040.0,3735.0,8,3734.0,1
rb1805,20170821,20170818,210011500,3735.0,3480,220526,129638340.0,3735.0,16,3734.0,3
rb1805,20170821,20170818,210012000,3735.0,3512,220532,130833380.0,3734.0,10,3733.0,54
rb1805,20170821,20170818,210012500,3733.0,3528,220538,131430720.0,3734.0,9,3733.0,52
rb1805,20170821,20170818,210013000,3734.0,3548,220536,132177400.0,3734.0,5,3733.0,46
rb1805,20170821,20170818,210013500,3734.0,3572,220536,133073560.0,3735.0,7,3734.0,7
rb1805,20170821,20170818,210014000,3734.0,3588,220532,133671060.0,3735.0,4,3734.0,3
rb1805,20170821,20170818,210014500,3733.0,3596,220532,133969760.0,3734.0,5,3733.0,45
rb1805,20170821,20170818,210015000,3734.0,3608,220532,134417840.0,3735.0,14,3734.0,8
rb1805,20170821,20170818,210015500,3734.0,3632,220534,135314040.0,3735.0,14,3733.0,46
rb1805,20170821,20170818,210016000,3735.0,3650,220540,135986140.0,3735.0,38,3734.0,1
rb1805,20170821,20170818,210016500,3734.0,3654,220540,136135500.0,3735.0,18,3734.0,2
rb1805,20170821,20170818,210017000,3734.0,3676,220538,136957120.0,3735.0,16,3733.0,46
rb1805,20170821,20170818,210017500,3733.0,3682,220540,137181140.0,3734.0,4,3733.0,45
rb1805,20170821,20170818,210018000,3735.0,3696,220548,137703960.0,3735.0,44,3733.0,21
rb1805,20170821,20170818,210018500,3733.0,3782,220514,140915400.0,3735.0,26,3733.0,10
rb1805,20170821,20170818,210019000,3734.0,3798,220514,141512720.0,3734.0,2,3733.0,4
rb1805,20170821,20170818,210019500,3734.0,3828,220512,142632920.0,3734.0,6,3732.0,90
rb1805,20170821,20170818,210020000,3734.0,3832,220510,142782280.0,3734.0,4,3733.0,12
rb1805,20170821,20170818,210020500,3734.0,3836,220510,142931620.0,3734.0,13,3733.0,12
rb1805,20170821,20170818,210021000,3734.0,3854,220508,143603680.0,3734.0,7,3733.0,9
rb1805,20170821,20170818,210021500,3735.0,3872,220496,144275800.0,3735.0,18,3734.0,20
rb1805,20170821,20170818,210022000,3734.0,3914,220482,145844080.0,3734.0,28,3733.0,48
rb1805,20170821,20170818,210022500,3734.0,3918,220484,145993440.0,3734.0,22,3733.0,49
rb1805,20170821,20170818,210023000,3734.0,3926,220484,146292120.0,3734.0,15,3733.0,47
rb1805,20170821,20170818,210023500,3734.0,3974,220494,148084420.0,3735.0,34,3734.0,6
rb1805,20170821,20170818,210024000,3734.0,3992,220510,148756520.0,3734.0,19,3733.0,42
rb1805,20170821,20170818,210024500,3734.0,4012,220516,149503180.0,3734.0,20,3733.0,40
rb1805,20170821,20170818,210025000,3734.0,4030,220520,150175140.0,3734.0,21,3733.0,34
rb1805,20170821,20170818,210025500,3734.0,4048,220524,150847180.0,3734.0,16,3733.0,30
rb1805,20170821,20170818,210026000,3734.0,4186,220566,155998540.0,3734.0,47,3733.0,49
rb1805,20170821,20170818,210026500,3734.0,4196,220562,156371860.0,3734.0,27,3733.0,47
rb1805,20170821,20170818,210027000,3733.0,4294,220510,160030200.0,3734.0,28,3732.0,79
rb1805,20170821,20170818,210027500,3733.0,4298,220512,160179520.0,3733.0,9,3732.0,79
rb1805,20170821,20170818,210028000,3732.0,4312,220512,160702080.0,3733.0,26,3732.0,76
rb1805,20170821,20170818,210028500,3732.0,4314,220514,160776720.0,3733.0,26,3732.0,75
rb1805,20170821,20170818,210029000,3732.0,4342,220522,161821900.0,3733.0,33,3732.0,73
rb1805,20170821,20170818,210029500,3732.0,4388,220534,163538740.0,3733.0,22,3732.0,56
rb1805,20170821,20170818,210030000,3733.0,4390,220534,163613400.0,3733.0,26,3732.0,57
rb1805,20170821,20170818,210030500,3733.0,4392,220534,163688060.0,3733.0,7,3732.0,57
rb1805,20170821,20170818,210031000,3733.0,4414,220524,164509320.0,3734.0,39,3733.0,5
rb1805,20170821,20170818,210031500,3732.0,4418,220524,164658620.0,3734.0,59,3732.0,55
rb1805,20170821,20170818,210032000,3732.0,4422,220526,164807900.0,3734.0,59,3733.0,7
rb1805,20170821,20170818,210032500,3732.0,4422,220526,164807900.0,3734.0,59,3733.0,8
rb1805,20170821,20170818,210033000,3733.0,4442,220536,165554500.0,3734.0,39,3732.0,60
rb1805,20170821,20170818,210033500,3733.0,4458,220546,166151900.0,3734.0,33,3732.0,61
rb1805,20170821,20170818,210034000,3733.0,4460,220548,166226560.0,3733.0,21,3732.0,60
rb1805,20170821,20170818,210034500,3733.0,4476,220556,166823760.0,3733.0,17,3732.0,56
rb1805,20170821,20170818,210035000,3733.0,4500,220560,167719480.0,3733.0,15,3732.0,49
rb1805,20170821,20170818,210035500,3732.0,4524,220560,168615160.0,3733.0,19,3732.0,38
rb1805,20170821,20170818,210036000,3733.0,4630,220528,172570860.0,3733.0,5,3731.0,17
rb1805,20170821,20170818,210036500,3732.0,4632,220530,172645500.0,3733.0,5,3732.0,19
rb1805,20170821,20170818,210037000,3733.0,4640,220534,172944120.0,3733.0,16,3732.0,18
rb1805,20170821,20170818,210037500,3733.0,4676,220552,174288000.0,3733.0,1,3732.0,20
rb1805,20170821,20170818,210038000,3731.0,4756,220556,177273600.0,3733.0,22,3731.0,8
rb1805,20170821,20170818,210038500,3731.0,4764,220564,177572180.0,3733.0,20,3732.0,1
rb1805,20170821,20170818,210039000,3731.0,4768,220564,177721440.0,3732.0,1,3731.0,6
rb1805,20170821,20170818,210039500,3732.0,4772,220564,177870720.0,3733.0,25,3731.0,6
rb1805,20170821,20170818,210040000,3731.0,4776,220564,178019960.0,3733.0,25,3731.0,5
rb1805,20170821,20170818,210040500,3730.0,4944,220546,184286460.0,3730.0,41,3729.0,9
rb1805,20170821,20170818,210041000,3732.0,5046,220528,188091480.0,3732.0,9,3730.0,10
rb1805,20170821,20170818,210041500,3732.0,5050,220528,188240760.0,3732.0,19,3731.0,1
rb1805,20170821,20170818,210042000,3731.0,5062,220524,188688460.0,3731.0,1,3730.0,17
rb1805,20170821,20170818,210042500,3730.0,5074,220528,189136080.0,3731.0,1,3730.0,11
rb1805,20170821,20170818,210043000,3730.0,5076,220528,189210680.0,3731.0,1,3730.0,16
rb1805,20170821,20170818,210043500,3731.0,5082,220530,189434540.0,3732.0,19,3730.0,17
rb1805,20170821,20170818,210044000,3731.0,5098,220516,190031640.0,3731.0,1,3730.0,19
rb1805,20170821,20170818,210044500,3731.0,5104,220512,190255500.0,3732.0,12,3730.0,20
rb1805,20170821,20170818,210045000,3730.0,5106,220512,190330100.0,3732.0,12,3731.0,8
rb1805,20170821,20170818,210045500,3731.0,5132,220504,191300280.0,3732.0,7,3731.0,1
rb1805,20170821,20170818,210046000,3730.0,5148,220516,191897180.0,3732.0,22,3730.0,34
rb1805,20170821,20170818,210046500,3732.0,5158,220506,192270380.0,3732.0,17,3730.0,34
rb1805,20170821,20170818,210047000,3732.0,5158,220506,192270380.0,3732.0,19,3731.0,1
rb1805,20170821,20170818,210047500,3730.0,5174,220518,192867200.0,3732.0,19,3730.0,39
rb1805,20170821,20170818,210048000,3730.0,5176,220520,192941800.0,3732.0,19,3731.0,7
rb1805,20170821,20170818,210048500,3732.0,5188,220518,193389640.0,3732.0,14,3731.0,7
rb1805,20170821,20170818,210049000,3730.0,5292,220510,197269020.0,3732.0,15,3730.0,1
rb1805,20170821,20170818,210049500,3731.0,5298,220514,197492880.0,3732.0,15,3730.0,4
rb1805,20170821,20170818,210050000,3730.0,5300,220514,197567480.0,3731.0,1,3730.0,8
rb1805,20170821,20170818,210050500,3730.0,5302,220516,197642080.0,3731.0,1,3730.0,1
rb1805,20170821,20170818,210051000,3731.0,5304,220516,197716700.0,3732.0,17,3730.0,1
rb1805,20170821,20170818,210051500,3731.0,5304,220516,197716700.0,3731.0,25,3730.0,1
rb1805,20170821,20170818,210052000,3730.0,5306,220516,197791300.0,3731.0,25,3729.0,8
rb1805,20170821,20170818,210052500,3731.0,5310,220516,197940540.0,3731.0,43,3729.0,8
rb1805,20170821,20170818,210053000,3731.0,5314,220512,198089780.0,3731.0,42,3729.0,8
rb1805,20170821,20170818,210053500,3729.0,5324,220504,198462680.0,3730.0,1,3729.0,4
rb1805,20170821,20170818,210054000,3730.0,5326,220504,198537280.0,3731.0,22,3729.0,4
rb1805,20170821,20170818,210054500,3731.0,5336,220508,198910260.0,3731.0,20,3730.0,3
rb1805,20170821,20170818,210055000,3730.0,5344,220508,199208660.0,3730.0,36,3729.0,3
rb1805,20170821,20170818,210055500,3729.0,5358,220520,199730720.0,3729.0,1,3728.0,6
rb1805,20170821,20170818,210056000,3730.0,5446,220546,203012520.0,3730.0,12,3728.0,11
rb1805,20170821,20170818,210056500,3729.0,5510,220530,205398320.0,3729.0,7,3726.0,5
rb1805,20170821,20170818,210057000,3728.0,5560,220516,207261300.0,3728.0,39,3726.0,1
rb1805,20170821,20170818,210057500,3725.0,5602,220512,208825820.0,3726.0,17,3724.0,29
rb1805,20170821,20170818,210058000,3726.0,5682,220508,211805780.0,3726.0,6,3724.0,2
rb1805,20170821,20170818,210058500,3723.0,5700,220504,212476080.0,3724.0,1,3723.0,10
rb1805,20170821,20170818,210059000,3724.0,5718,220490,213146480.0,3728.0,21,3724.0,5
rb1805,20170821,20170818,210059500,3724.0,5730,220486,213593500.0,3727.0,28,3724.0,6
rb1805,20170821,20170818,210100000,3724.0,5732,220486,213667980.0,3726.0,6,3724.0,11
rb1805,20170821,20170818,210100500,3724.0,5768,220490,215009100.0,3726.0,1,3724.0,22
rb1805,20170821,20170818,210101000,3726.0,5792,220478,215903160.0,3727.0,7,3726.0,6
rb1805,20170821,20170818,210101500,3726.0,5882,220482,219255220.0,3726.0,46,3723.0,12
rb1805,20170821,20170818,210102000,3726.0,5888,220482,219478740.0,3726.0,18,3724.0,1
rb1805,20170821,20170818,210102500,3724.0,5898,220484,219851160.0,3726.0,19,3724.0,1
rb1805,20170821,20170818,210103000,3726.0,5914,220482,220447320.0,3726.0,2,3724.0,15
rb1805,20170821,20170818,210103500,3724.0,5970,220484,222533640.0,3726.0,5,3724.0,7
rb1805,20170821,20170818,210104000,3724.0,6016,220472,224246560.0,3724.0,8,3723.0,13
rb1805,20170821,20170818,210104500,3724.0,6110,220468,227747200.0,3726.0,11,3724.0,8
rb1805,20170821,20170818,210105000,3724.0,6110,220468,227747200.0,3726.0,5,3725.0,1
rb1805,20170821,20170818,210105500,3725.0,6138,220472,228790080.0,3725.0,5,3723.0,15
rb1805,20170821,20170818,210106000,3724.0,6142,220472,228939060.0,3725.0,5,3724.0,4
rb1805,20170821,20170818,210106500,3724.0,6176,220480,230205480.0,3724.0,2,3723.0,10
rb1805,20170821,20170818,210107000,3726.0,6210,220496,231472240.0,3727.0,13,3725.0,10
rb1805,20170821,20170818,210107500,3724.0,6232,220480,232291620.0,3727.0,9,3724.0,5
rb1805,20170821,20170818,210108000,3726.0,6236,220478,232440620.0,3727.0,24,3725.0,2
rb1805,20170821,20170818,210108500,3727.0,6244,220480,232738660.0,3725.0,1,3724.0,10
rb1805,20170821,20170818,210109000,3724.0,6306,220464,235048240.0,3727.0,75,3724.0,7
rb1805,20170821,20170818,210109500,3724.0,6338,220456,236239920.0,3724.0,35,3723.0,46
rb1805,20170821,20170818,210110000,3726.0,6414,220438,239070240.0,3726.0,9,3724.0,42
rb1805,20170821,20170818,210110500,3725.0,6418,220440,239219220.0,3726.0,14,3724.0,116
rb1805,20170821,20170818,210111000,3724.0,6426,220442,239517180.0,3726.0,13,3724.0,101
rb1805,20170821,20170818,210111500,3725.0,6450,220450,240411040.0,3726.0,3,3724.0,100
rb1805,20170821,20170818,210112000,3726.0,6456,220444,240634600.0,3727.0,69,3726.0,10
rb1805,20170821,20170818,210112500,3726.0,6478,220422,241454320.0,3727.0,64,3726.0,2
rb1805,20170821,20170818,210113000,3727.0,6482,220420,241603400.0,3727.0,62,3726.0,22
rb1805,20170821,20170818,210113500,3724.0,6532,220376,243466280.0,3727.0,62,3724.0,26
rb1805,20170821,20170818,210114000,3727.0,6666,220252,248460540.0,3728.0,14,3727.0,12
rb1805,20170821,20170818,210114500,3728.0,6694,220248,249504380.0,3728.0,20,3727.0,12
rb1805,20170821,20170818,210115000,3727.0,6716,220236,250324320.0,3728.0,30,3727.0,1
rb1805,20170821,20170818,210115500,3726.0,6752,220268,251665720.0,3726.0,2,3725.0,11
rb1805,20170821,20170818,210116000,3728.0,6760,220268,251963880.0,3728.0,34,3726.0,10
rb1805,20170821,20170818,210116500,3728.0,6768,220268,252262080.0,3728.0,31,3727.0,3
rb1805,20170821,20170818,210117000,3726.0,6794,220284,253230920.0,3726.0,7,3725.0,12
rb1805,20170821,20170818,210117500,3726.0,6818,220304,254125160.0,3728.0,37,3726.0,16
rb1805,20170821,20170818,210118000,3728.0,6822,220300,254274280.0,3728.0,29,3726.0,42
rb1805,20170821,20170818,210118500,3728.0,6824,220300,254348840.0,3727.0,6,3726.0,42
rb1805,20170821,20170818,210119000,3727.0,6838,220304,254870620.0,3728.0,16,3727.0,39
rb1805,20170821,20170818,210119500,3729.0,6876,220304,256287280.0,3729.0,7,3728.0,20
rb1805,20170821,20170818,210120000,3729.0,6876,220304,256287280.0,3729.0,20,3728.0,20
rb1805,20170821,20170818,210120500,3727.0,6918,220324,257853020.0,3729.0,27,3727.0,5
rb1805,20170821,20170818,210121000,3728.0,6932,220322,258374980.0,3729.0,28,3728.0,2
rb1805,20170821,20170818,210121500,3729.0,6936,220326,258524140.0,3729.0,34,3728.0,5
rb1805,20170821,20170818,210122000,3729.0,6948,220322,258971600.0,3729.0,17,3728.0,9
rb1805,20170821,20170818,210122500,3729.0,6982,220318,260239460.0,3730.0,22,3729.0,2
rb1805,20170821,20170818,210123000,3729.0,6986,220318,260388620.0,3730.0,34,3729.0,1
rb1805,20170821,20170818,210123500,3729.0,6998,220318,260836160.0,3730.0,19,3729.0,2
rb1805,20170821,20170818,210124000,3729.0,6998,220318,260836160.0,3730.0,31,3729.0,5
rb1805,20170821,20170818,210124500,3730.0,7058,220264,263074160.0,3730.0,1,3729.0,5
rb1805,20170821,20170818,210125000,3730.0,7058,220264,263074160.0,3730.0,1,3729.0,10
rb1805,20170821,20170818,210125500,3730.0,7060,220262,263148760.0,3731.0,12,3730.0,1
rb1805,20170821,20170818,210126000,3731.0,7072,220256,263596460.0,3731.0,7,3730.0,15
rb1805,20170821,20170818,210126500,3731.0,7094,220256,264417220.0,3731.0,1,3730.0,12
rb1805,20170821,20170818,210127000,3730.0,7120,220238,265387080.0,3731.0,3,3730.0,2
rb1805,20170821,20170818,210127500,3731.0,7126,220238,265610900.0,3731.0,2,3730.0,2
rb1805,20170821,20170818,210128000,3731.0,7132,220240,265834760.0,3732.0,14,3731.0,3
rb1805,20170821,20170818,210128500,3731.0,7138,220240,266058620.0,3732.0,15,3731.0,1
rb1805,20170821,20170818,210129000,3732.0,7144,220240,266282540.0,3732.0,12,3731.0,1
rb1805,20170821,20170818,210129500,3732.0,7168,220234,267178220.0,3733.0,45,3732.0,13
rb1805,20170821,20170818,210130000,3732.0,7208,220208,268670980.0,3732.0,3,3730.0,9
rb1805,20170821,20170818,210130500,3730.0,7228,220204,269416980.0,3732.0,3,3730.0,13
rb1805,20170821,20170818,210131000,3731.0,7240,220204,269864720.0,3731.0,7,3730.0,13
rb1805,20170821,20170818,210131500,3732.0,7276,220194,271208100.0,3732.0,15,3731.0,46
rb1805,20170821,20170818,210132000,3732.0,7306,220180,272327700.0,3733.0,32,3731.0,41
rb1805,20170821,20170818,210132500,3732.0,7314,220174,272626260.0,3733.0,32,3732.0,6
rb1805,20170821,20170818,210133000,3732.0,7338,220152,273522060.0,3733.0,26,3732.0,12
rb1805,20170821,20170818,210133500,3732.0,7340,220154,273596700.0,3733.0,26,3732.0,15
rb1805,20170821,20170818,210134000,3732.0,7340,220154,273596700.0,3733.0,26,3732.0,16
rb1805,20170821,20170818,210134500,3732.0,7342,220154,273671340.0,3733.0,25,3732.0,13
rb1805,20170821,20170818,210135000,3732.0,7350,220148,273969920.0,3733.0,25,3732.0,21
rb1805,20170821,20170818,210135500,3732.0,7374,220138,274865600.0,3732.0,43,3731.0,30
rb1805,20170821,20170818,210136000,3732.0,7374,220138,274865600.0,3732.0,42,3731.0,16
rb1805,20170821,20170818,210136500,3732.0,7410,220140,276208860.0,3732.0,37,3731.0,4
rb1805,20170821,20170818,210137000,3731.0,7420,220136,276581960.0,3731.0,18,3730.0,27
rb1805,20170821,20170818,210137500,3732.0,7444,220136,277477420.0,3732.0,38,3730.0,36
rb1805,20170821,20170818,210138000,3732.0,7446,220136,277552060.0,3732.0,3,3731.0,12
rb1805,20170821,20170818,210138500,3732.0,7446,220136,277552060.0,3732.0,6,3731.0,13
rb1805,20170821,20170818,210139000,3731.0,7466,220132,278298260.0,3732.0,9,3731.0,3
rb1805,20170821,20170818,210139500,3731.0,7474,220130,278596740.0,3731.0,4,3730.0,33
rb1805,20170821,20170818,210140000,3731.0,7482,220130,278895180.0,3731.0,25,3730.0,29
rb1805,20170821,20170818,210140500,3731.0,7506,220128,279790620.0,3731.0,7,3730.0,39
rb1805,20170821,20170818,210141000,3732.0,7536,220114,280910080.0,3732.0,5,3731.0,12
rb1805,20170821,20170818,210141500,3732.0,7554,220118,281581840.0,3733.0,27,3731.0,15
rb1805,20170821,20170818,210142000,3732.0,7556,220120,281656480.0,3733.0,26,3731.0,10
rb1805,20170821,20170818,210142500,3733.0,7572,220120,282253640.0,3733.0,21,3731.0,18
rb1805,20170821,20170818,210143000,3733.0,7572,220120,282253640.0,3732.0,10,3731.0,9
rb1805,20170821,20170818,210143500,3732.0,7584,220130,282701480.0,3732.0,4,3731.0,18
rb1805,20170821,20170818,210144000,3732.0,7588,220134,282850760.0,3732.0,8,3731.0,19
rb1805,20170821,20170818,210144500,3732.0,7618,220126,283970360.0,3732.0,4,3731.0,32
rb1805,20170821,20170818,210145000,3731.0,7640,220116,284791220.0,3733.0,29,3731.0,22
rb1805,20170821,20170818,210145500,3733.0,7646,220116,285015200.0,3733.0,23,3732.0,1
rb1805,20170821,20170818,210146000,3733.0,7646,220116,285015200.0,3733.0,23,3732.0,11
rb1805,20170821,20170818,210146500,3733.0,7654,220116,285313780.0,3733.0,20,3732.0,8
rb1805,20170821,20170818,210147000,3733.0,7654,220116,285313780.0,3733.0,30,3732.0,8
rb1805,20170821,20170818,210147500,3732.0,7660,220116,285537700.0,3733.0,30,3732.0,4
rb1805,20170821,20170818,210148000,3733.0,7664,220116,285687020.0,3733.0,29,3732.0,5
rb1805,20170821,20170818,210148500,3733.0,7664,220116,285687020.0,3733.0,29,3732.0,5
rb1805,20170821,20170818,210149000,3733.0,7664,220116,285687020.0,3733.0,29,3732.0,5
rb1805,20170821,20170818,210149500,3733.0,7678,220122,286209560.0,3733.0,26,3732.0,11
rb1805,20170821,20170818,210150000,3733.0,7678,220122,286209560.0,3733.0,26,3732.0,11
rb1805,20170821,20170818,210150500,3733.0,7678,220122,286209560.0,3733.0,24,3732.0,12
rb1805,20170821,20170818,210151000,3733.0,7678,220122,286209560.0,3733.0,24,3732.0,12
rb1805,20170821,20170818,210151500,3732.0,7680,220122,286284200.0,3733.0,26,3732.0,12
rb1805,20170821,20170818,210152000,3733.0,7714,220112,287553200.0,3733.0,20,3732.0,1
rb1805,20170821,20170818,210152500,3733.0,7726,220116,288001140.0,3733.0,16,3732.0,2
rb1805,20170821,20170818,210153000,3733.0,7744,220118,288673080.0,3733.0,12,3732.0,12
rb1805,20170821,20170818,210153500,3733.0,7760,220118,289270320.0,3733.0,6,3732.0,11
rb1805,20170821,20170818,210154000,3733.0,7762,220120,289344980.0,3733.0,5,3732.0,20
rb1805,20170821,20170818,210154500,3733.0,7764,220120,289419640.0,3734.0,12,3733.0,1
rb1805,20170821,20170818,210155000,3733.0,7766,220122,289494300.0,3733.0,7,3732.0,30
rb1805,20170821,20170818,210155500,3732.0,7780,220108,290016860.0,3733.0,4,3732.0,28
rb1805,20170821,20170818,210156000,3732.0,7784,220108,290166160.0,3733.0,9,3732.0,28
rb1805,20170821,20170818,210156500,3732.0,7810,220126,291136700.0,3734.0,25,3732.0,27
rb1805,20170821,20170818,210157000,3732.0,7814,220126,291286000.0,3734.0,14,3732.0,27
rb1805,20170821,20170818,210157500,3734.0,7826,220130,291734080.0,3734.0,11,3733.0,4
rb1805,20170821,20170818,210158000,3734.0,7826,220130,291734080.0,3734.0,11,3733.0,16
rb1805,20170821,20170818,210158500,3734.0,7848,220122,292555520.0,3735.0,28,3734.0,12
rb1805,20170821,20170818,210159000,3734.0,7854,220118,292779560.0,3735.0,30,3734.0,3
rb1805,20170821,20170818,210159500,3734.0,7862,220118,293078280.0,3735.0,35,3734.0,2
rb1805,20170821,20170818,210200000,3734.0,7866,220118,293227640.0,3734.0,7,3733.0,18
rb1805,20170821,20170818,210200500,3734.0,7870,220118,293376980.0,3734.0,16,3733.0,15
rb1805,20170821,20170818,210201000,3733.0,7892,220126,294198280.0,3734.0,15,3733.0,6
rb1805,20170821,20170818,210201500,3733.0,7900,220130,294496920.0,3734.0,15,3733.0,2
rb1805,20170821,20170818,210202000,3734.0,7954,220086,296512820.0,3734.0,7,3732.0,31
rb1805,20170821,20170818,210202500,3732.0,7956,220084,296587460.0,3733.0,10,3732.0,38
rb1805,20170821,20170818,210203000,3734.0,8000,220078,298229860.0,3734.0,1,3733.0,15
rb1805,20170821,20170818,210203500,3733.0,8034,220088,299499100.0,3734.0,4,3733.0,15
rb1805,20170821,20170818,210204000,3733.0,8034,220088,299499100.0,3734.0,9,3733.0,25
rb1805,20170821,20170818,210204500,3733.0,8090,220096,301590040.0,3735.0,45,3733.0,9
rb1805,20170821,20170818,210205000,3733.0,8102,220092,302038000.0,3734.0,3,3733.0,3
rb1805,20170821,20170818,210205500,3733.0,8102,220092,302038000.0,3734.0,13,3733.0,3
rb1805,20170821,20170818,210206000,3734.0,8104,220090,302112680.0,3734.0,13,3733.0,4
rb1805,20170821,20170818,210206500,3734.0,8116,220090,302560760.0,3734.0,6,3733.0,4
rb1805,20170821,20170818,210207000,3734.0,8118,220090,302635440.0,3735.0,45,3734.0,11
rb1805,20170821,20170818,210207500,3734.0,8138,220080,303382240.0,3735.0,40,3733.0,24
rb1805,20170821,20170818,210208000,3734.0,8138,220080,303382240.0,3734.0,5,3733.0,16
rb1805,20170821,20170818,210208500,3734.0,8150,220078,303830320.0,3734.0,1,3733.0,37
rb1805,20170821,20170818,210209000,3734.0,8150,220078,303830320.0,3734.0,2,3733.0,10
rb1805,20170821,20170818,210209500,3734.0,8154,220082,303979680.0,3735.0,39,3733.0,8
rb1805,20170821,20170818,210210000,3733.0,8174,220098,304726320.0,3733.0,12,3732.0,63
rb1805,20170821,20170818,210210500,3733.0,8200,220124,305696900.0,3734.0,30,3732.0,70
rb1805,20170821,20170818,210211000,3734.0,8218,220142,306369020.0,3734.0,19,3733.0,16
rb1805,20170821,20170818,210211500,3733.0,8360,220092,311670080.0,3733.0,39,3732.0,84
rb1805,20170821,20170818,210212000,3733.0,8422,220090,313984540.0,3733.0,9,3732.0,45
rb1805,20170821,20170818,210212500,3732.0,8444,220092,314805800.0,3734.0,5,3732.0,56
rb1805,20170821,20170818,210213000,3733.0,8456,220094,315253760.0,3734.0,5,3733.0,7
rb1805,20170821,20170818,210213500,3734.0,8466,220102,315627160.0,3734.0,1,3733.0,7
rb1805,20170821,20170818,210214000,3733.0,8498,220120,316821780.0,3735.0,41,3733.0,11
rb1805,20170821,20170818,210214500,3734.0,8502,220124,316971140.0,3734.0,1,3733.0,8
rb1805,20170821,20170818,210215000,3734.0,8504,220126,317045820.0,3734.0,1,3733.0,8
rb1805,20170821,20170818,210215500,3734.0,8510,220130,317269860.0,3735.0,49,3734.0,100
rb1805,20170821,20170818,210216000,3735.0,8512,220130,317344560.0,3735.0,48,3734.0,101
rb1805,20170821,20170818,210216500,3735.0,8512,220130,317344560.0,3735.0,52,3734.0,101
rb1805,20170821,20170818,210217000,3735.0,8606,220100,320855460.0,3735.0,5,3734.0,100
rb1805,20170821,20170818,210217500,3735.0,8616,220104,321228960.0,3736.0,17,3735.0,21
rb1805,20170821,20170818,210218000,3735.0,8638,220112,322050660.0,3735.0,11,3734.0,107
rb1805,20170821,20170818,210218500,3735.0,8648,220112,322424140.0,3735.0,11,3734.0,101
rb1805,20170821,20170818,210219000,3734.0,8654,220112,322648220.0,3735.0,15,3734.0,101
rb1805,20170821,20170818,210219500,3736.0,8684,220110,323768760.0,3736.0,30,3735.0,35
rb1805,20170821,20170818,210220000,3735.0,8692,220110,324067560.0,3736.0,16,3735.0,20
rb1805,20170821,20170818,210220500,3736.0,8696,220112,324216980.0,3736.0,16,3735.0,21
rb1805,20170821,20170818,210221000,3735.0,8698,220114,324291680.0,3736.0,16,3735.0,24
rb1805,20170821,20170818,210221500,3735.0,8776,220136,327204980.0,3735.0,6,3734.0,109
rb1805,20170821,20170818,210222000,3735.0,8776,220136,327204980.0,3735.0,13,3734.0,109
rb1805,20170821,20170818,210222500,3735.0,8792,220138,327802580.0,3735.0,2,3734.0,111
rb1805,20170821,20170818,210223000,3735.0,8796,220138,327951980.0,3736.0,20,3734.0,111
rb1805,20170821,20170818,210223500,3735.0,8850,220150,329968740.0,3735.0,3,3734.0,104
rb1805,20170821,20170818,210224000,3735.0,8852,220152,330043440.0,3735.0,2,3734.0,105
rb1805,20170821,20170818,210224500,3735.0,8858,220158,330267520.0,3736.0,22,3735.0,1
rb1805,20170821,20170818,210225000,3735.0,8860,220158,330342220.0,3735.0,2,3734.0,105
rb1805,20170821,20170818,210225500,3735.0,8860,220158,330342220.0,3736.0,24,3734.0,108
rb1805,20170821,20170818,210226000,3735.0,8860,220158,330342220.0,3735.0,2,3734.0,110
rb1805,20170821,20170818,210226500,3734.0,8864,220162,330491580.0,3735.0,3,3734.0,109
rb1805,20170821,20170818,210227000,3735.0,8870,220162,330715680.0,3736.0,25,3735.0,9
rb1805,20170821,20170818,210227500,3734.0,8896,220156,331686700.0,3735.0,1,3734.0,101
rb1805,20170821,20170818,210228000,3735.0,8898,220156,331761400.0,3735.0,3,3734.0,104
rb1805,20170821,20170818,210228500,3735.0,8904,220156,331985500.0,3736.0,25,3735.0,3
rb1805,20170821,20170818,210229000,3735.0,8922,220166,332657800.0,3735.0,9,3734.0,101
rb1805,20170821,20170818,210229500,3734.0,8924,220166,332732480.0,3735.0,10,3734.0,99
rb1805,20170821,20170818,210230000,3735.0,8938,220178,333255380.0,3736.0,25,3735.0,80
rb1805,20170821,20170818,210230500,3735.0,9058,220246,337737580.0,3736.0,28,3735.0,30
rb1805,20170821,20170818,210231000,3735.0,9118,220302,339978580.0,3735.0,28,3734.0,100
rb1805,20170821,20170818,210231500,3735.0,9122,220304,340127960.0,3735.0,29,3734.0,102
rb1805,20170821,20170818,210232000,3735.0,9122,220304,340127960.0,3735.0,24,3734.0,99
rb1805,20170821,20170818,210232500,3735.0,9144,220310,340949480.0,3735.0,25,3734.0,90
rb1805,20170821,20170818,210233000,3735.0,9148,220312,341098880.0,3735.0,23,3734.0,90
rb1805,20170821,20170818,210233500,3735.0,9152,220314,341248280.0,3735.0,9,3734.0,94
rb1805,20170821,20170818,210234000,3735.0,9162,220314,341621700.0,3735.0,28,3734.0,87
rb1805,20170821,20170818,210234500,3735.0,9170,220314,341920500.0,3735.0,29,3734.0,88
rb1805,20170821,20170818,210235000,3734.0,9172,220314,341995180.0,3735.0,23,3734.0,86
rb1805,20170821,20170818,210235500,3735.0,9174,220314,342069880.0,3735.0,25,3734.0,86
rb1805,20170821,20170818,210236000,3735.0,9208,220300,343339760.0,3735.0,9,3734.0,85
rb1805,20170821,20170818,210236500,3735.0,9226,220302,344012060.0,3736.0,24,3735.0,10
rb1805,20170821,20170818,210237000,3735.0,9274,220304,345805080.0,3736.0,14,3735.0,4
rb1805,20170821,20170818,210237500,3735.0,9282,220308,346103880.0,3736.0,14,3735.0,16
rb1805,20170821,20170818,210238000,3735.0,9304,220300,346925580.0,3735.0,13,3734.0,100
rb1805,20170821,20170818,210238500,3735.0,9314,220302,347299060.0,3735.0,4,3734.0,97
rb1805,20170821,20170818,210239000,3735.0,9330,220300,347896660.0,3735.0,6,3734.0,97
rb1805,20170821,20170818,210239500,3736.0,9350,220290,348643680.0,3736.0,21,3735.0,1
rb1805,20170821,20170818,210240000,3735.0,9356,220284,348867780.0,3736.0,18,3735.0,2
rb1805,20170821,20170818,210240500,3735.0,9360,220280,349017180.0,3735.0,5,3734.0,97
rb1805,20170821,20170818,210241000,3735.0,9370,220280,349390680.0,3736.0,21,3735.0,24
rb1805,20170821,20170818,210241500,3735.0,9374,220284,349540080.0,3736.0,21,3735.0,24
rb1805,20170821,20170818,210242000,3735.0,9390,220290,350137700.0,3736.0,20,3735.0,17
rb1805,20170821,20170818,210242500,3735.0,9424,220276,351407600.0,3735.0,6,3734.0,99
rb1805,20170821,20170818,210243000,3734.0,9438,220282,351930460.0,3736.0,19,3735.0,3
rb1805,20170821,20170818,210243500,3735.0,9444,220288,352154560.0,3735.0,3,3734.0,99
rb1805,20170821,20170818,210244000,3735.0,9444,220288,352154560.0,3735.0,14,3734.0,104
rb1805,20170821,20170818,210244500,3735.0,9444,220288,352154560.0,3735.0,6,3734.0,113
rb1805,20170821,20170818,210245000,3735.0,9444,220288,352154560.0,3735.0,24,3734.0,114
rb1805,20170821,20170818,210245500,3735.0,9444,220288,352154560.0,3735.0,53,3734.0,114
rb1805,20170821,20170818,210246000,3734.0,9498,220312,354170920.0,3735.0,53,3734.0,88
rb1805,20170821,20170818,210246500,3734.0,9610,220308,358353000.0,3735.0,53,3734.0,32
rb1805,20170821,20170818,210247000,3735.0,9646,220316,359697260.0,3735.0,43,3734.0,16
rb1805,20170821,20170818,210247500,3734.0,9678,220314,360892140.0,3734.0,32,3733.0,34
rb1805,20170821,20170818,210248000,3734.0,9684,220318,361116160.0,3734.0,31,3733.0,33
rb1805,20170821,20170818,210248500,3734.0,9688,220320,361265500.0,3734.0,32,3733.0,32
rb1805,20170821,20170818,210249000,3734.0,9688,220320,361265500.0,3734.0,32,3733.0,32
rb1805,20170821,20170818,210249500,3734.0,9730,220362,362833700.0,3734.0,15,3733.0,28
rb1805,20170821,20170818,210250000,3734.0,9730,220362,362833700.0,3734.0,15,3733.0,27
rb1805,20170821,20170818,210250500,3734.0,9730,220362,362833700.0,3734.0,16,3733.0,27
rb1805,20170821,20170818,210251000,3733.0,9750,220352,363580300.0,3734.0,5,3733.0,17
rb1805,20170821,20170818,210251500,3733.0,9750,220352,363580300.0,3734.0,10,3733.0,22
rb1805,20170821,20170818,210252000,3733.0,9760,220348,363953660.0,3734.0,7,3733.0,20
rb1805,20170821,20170818,210252500,3733.0,9760,220348,363953660.0,3734.0,13,3733.0,20
rb1805,20170821,20170818,210253000,3733.0,9762,220346,364028320.0,3734.0,7,3733.0,20
rb1805,20170821,20170818,210253500,3732.0,9804,220322,365596160.0,3734.0,7,3732.0,31
rb1805,20170821,20170818,210254000,3732.0,9804,220322,365596160.0,3733.0,1,3732.0,29
rb1805,20170821,20170818,210254500,3732.0,9850,220330,367313320.0,3733.0,36,3732.0,30
rb1805,20170821,20170818,210255000,3732.0,9910,220298,369552520.0,3732.0,35,3731.0,13
rb1805,20170821,20170818,210255500,3731.0,9956,220300,371268780.0,3732.0,2,3731.0,12
rb1805,20170821,20170818,210256000,3731.0,9956,220300,371268780.0,3732.0,2,3731.0,8
rb1805,20170821,20170818,210256500,3731.0,9956,220300,371268780.0,3732.0,8,3731.0,8
rb1805,20170821,20170818,210257000,3732.0,9964,220304,371567320.0,3732.0,13,3731.0,9
rb1805,20170821,20170818,210257500,3732.0,9964,220304,371567320.0,3732.0,13,3731.0,9
rb1805,20170821,20170818,210258000,3732.0,9964,220304,371567320.0,3732.0,13,3731.0,10
rb1805,20170821,20170818,210258500,3731.0,9970,220298,371791180.0,3732.0,14,3731.0,8
rb1805,20170821,20170818,210259000,3731.0,9990,220290,372537380.0,3731.0,3,3730.0,47
rb1805,20170821,20170818,210259500,3731.0,9992,220292,372612000.0,3731.0,2,3730.0,62
rb1805,20170821,20170818,210300000,3731.0,9992,220292,372612000.0,3731.0,2,3730.0,74
rb1805,20170821,20170818,210300500,3731.0,9998,220294,372835860.0,3732.0,19,3731.0,15
rb1805,20170821,20170818,210301000,3731.0,10000,220296,372910480.0,3732.0,19,3731.0,13
rb1805,20170821,20170818,210301500,3730.0,10020,220296,373656660.0,3731.0,6,3730.0,54
rb1805,20170821,20170818,210302000,3731.0,10024,220298,373805880.0,3731.0,11,3730.0,67
rb1805,20170821,20170818,210302500,3730.0,10026,220298,373880480.0,3731.0,11,3730.0,67
rb1805,20170821,20170818,210303000,3731.0,10028,220298,373955100.0,3731.0,10,3730.0,68
rb1805,20170821,20170818,210303500,3730.0,10038,220300,374328180.0,3732.0,33,3730.0,72
rb1805,20170821,20170818,210304000,3730.0,10038,220300,374328180.0,3732.0,33,3731.0,14
rb1805,20170821,20170818,210304500,3732.0,10050,220296,374775940.0,3732.0,31,3731.0,25
rb1805,20170821,20170818,210305000,3731.0,10104,220298,376790680.0,3732.0,35,3730.0,53
rb1805,20170821,20170818,210305500,3730.0,10164,220290,379028700.0,3732.0,32,3730.0,39
rb1805,20170821,20170818,210306000,3730.0,10246,220336,382087320.0,3731.0,10,3730.0,20
rb1805,20170821,20170818,210306500,3730.0,10246,220336,382087320.0,3731.0,10,3730.0,35
rb1805,20170821,20170818,210307000,3730.0,10246,220336,382087320.0,3731.0,10,3730.0,43
rb1805,20170821,20170818,210307500,3730.0,10270,220360,382982600.0,3731.0,6,3730.0,29
rb1805,20170821,20170818,210308000,3730.0,10276,220366,383206400.0,3731.0,15,3730.0,26
rb1805,20170821,20170818,210308500,3730.0,10290,220380,383728720.0,3731.0,3,3730.0,30
rb1805,20170821,20170818,210309000,3730.0,10296,220380,383952540.0,3731.0,18,3730.0,24
rb1805,20170821,20170818,210309500,3731.0,10332,220390,385295700.0,3731.0,1,3730.0,24
rb1805,20170821,20170818,210310000,3731.0,10336,220390,385444940.0,3732.0,28,3731.0,30
rb1805,20170821,20170818,210310500,3731.0,10362,220378,386415020.0,3732.0,22,3731.0,17
rb1805,20170821,20170818,210311000,3731.0,10366,220378,386564260.0,3732.0,22,3731.0,15
rb1805,20170821,20170818,210311500,3732.0,10370,220382,386713540.0,3732.0,20,3731.0,16
rb1805,20170821,20170818,210312000,3732.0,10380,220380,387086740.0,3732.0,15,3731.0,17
rb1805,20170821,20170818,210312500,3731.0,10388,220382,387385280.0,3732.0,12,3731.0,16
rb1805,20170821,20170818,210313000,3731.0,10388,220382,387385280.0,3732.0,12,3731.0,27
rb1805,20170821,20170818,210313500,3731.0,10388,220382,387385280.0,3732.0,12,3731.0,28
rb1805,20170821,20170818,210314000,3731.0,10388,220382,387385280.0,3732.0,15,3731.0,28
rb1805,20170821,20170818,210314500,3731.0,10390,220382,387459900.0,3732.0,16,3731.0,27
rb1805,20170821,20170818,210315000,3731.0,10390,220382,387459900.0,3732.0,16,3731.0,27
rb1805,20170821,20170818,210315500,3731.0,10390,220382,387459900.0,3732.0,17,3731.0,28
rb1805,20170821,20170818,210316000,3731.0,10390,220382,387459900.0,3732.0,31,3731.0,29
rb1805,20170821,20170818,210316500,3731.0,10390,220382,387459900.0,3732.0,30,3731.0,30
rb1805,20170821,20170818,210317000,3732.0,10398,220390,387758460.0,3732.0,27,3731.0,30
rb1805,20170821,20170818,210317500,3731.0,10402,220388,387907720.0,3732.0,26,3731.0,29
rb1805,20170821,20170818,210318000,3731.0,10402,220388,387907720.0,3732.0,27,3731.0,29
rb1805,20170821,20170818,210318500,3731.0,10418,220372,388504680.0,3732.0,27,3731.0,21
rb1805,20170821,20170818,210319000,3731.0,10438,220374,389250880.0,3732.0,27,3731.0,13
rb1805,20170821,20170818,210319500,3731.0,10438,220374,389250880.0,3732.0,28,3731.0,11
rb1805,20170821,20170818,210320000,3731.0,10446,220366,389549360.0,3732.0,28,3731.0,7
rb1805,20170821,20170818,210320500,3731.0,10462,220372,390146320.0,3732.0,28,3730.0,30
rb1805,20170821,20170818,210321000,3731.0,10464,220372,390220940.0,3732.0,28,3731.0,11
rb1805,20170821,20170818,210321500,3731.0,10486,220352,391041760.0,3732.0,28,3730.0,32
rb1805,20170821,20170818,210322000,3731.0,10488,220354,391116380.0,3732.0,42,3730.0,32
rb1805,20170821,20170818,210322500,3731.0,10488,220354,391116380.0,3732.0,42,3730.0,32
rb1805,20170821,20170818,210323000,3731.0,10488,220354,391116380.0,3732.0,42,3730.0,33
rb1805,20170821,20170818,210323500,3731.0,10488,220354,391116380.0,3731.0,4,3730.0,33
rb1805,20170821,20170818,210324000,3731.0,10496,220348,391414860.0,3731.0,7,3730.0,37
rb1805,20170821,20170818,210324500,3730.0,10498,220348,391489460.0,3731.0,7,3730.0,31
rb1805,20170821,20170818,210325000,3730.0,10498,220348,391489460.0,3731.0,7,3730.0,31
rb1805,20170821,20170818,210325500,3730.0,10498,220348,391489460.0,3731.0,7,3730.0,31
rb1805,20170821,20170818,210326000,3731.0,10500,220348,391564080.0,3731.0,7,3730.0,31
rb1805,20170821,20170818,210326500,3731.0,10502,220348,391638700.0,3731.0,2,3730.0,31
rb1805,20170821,20170818,210327000,3731.0,10514,220348,392086320.0,3731.0,15,3730.0,26
rb1805,20170821,20170818,210328000,3731.0,10514,220348,392086320.0,3731.0,15,3730.0,25
rb1805,20170821,20170818,210328500,3731.0,10530,220350,392683280.0,3731.0,7,3730.0,24
rb1805,20170821,20170818,210329000,3731.0,10532,220350,392757900.0,3731.0,7,3730.0,24
rb1805,20170821,20170818,210329500,3731.0,10578,220332,394473840.0,3732.0,28,3731.0,2
rb1805,20170821,20170818,210330000,3731.0,10596,220336,395145420.0,3731.0,5,3730.0,12
rb1805,20170821,20170818,210330500,3731.0,10598,220334,395220040.0,3732.0,26,3731.0,4
rb1805,20170821,20170818,210331000,3731.0,10606,220326,395518520.0,3731.0,31,3730.0,12
rb1805,20170821,20170818,210331500,3731.0,10618,220326,395966240.0,3731.0,14,3730.0,12
rb1805,20170821,20170818,210332000,3731.0,10620,220326,396040860.0,3731.0,7,3730.0,35
rb1805,20170821,20170818,210332500,3732.0,10636,220316,396637840.0,3731.0,1,3730.0,39
rb1805,20170821,20170818,210333000,3732.0,10730,220282,400145920.0,3733.0,43,3732.0,176
rb1805,20170821,20170818,210333500,3732.0,11072,220214,412909360.0,3733.0,44,3732.0,5
rb1805,20170821,20170818,210334000,3732.0,11082,220214,413282560.0,3732.0,37,3730.0,49
rb1805,20170821,20170818,210334500,3731.0,11086,220210,413431800.0,3731.0,3,3730.0,49
rb1805,20170821,20170818,210335000,3731.0,11086,220210,413431800.0,3731.0,4,3730.0,49
rb1805,20170821,20170818,210336000,3731.0,11090,220214,413581040.0,3731.0,2,3730.0,49
rb1805,20170821,20170818,210336500,3731.0,11094,220212,413730280.0,3732.0,34,3730.0,53
rb1805,20170821,20170818,210337000,3731.0,11094,220212,413730280.0,3732.0,54,3730.0,53
rb1805,20170821,20170818,210337500,3731.0,11094,220212,413730280.0,3732.0,54,3731.0,22
rb1805,20170821,20170818,210338000,3731.0,11096,220212,413804900.0,3732.0,45,3731.0,39
rb1805,20170821,20170818,210338500,3731.0,11106,220222,414178000.0,3732.0,42,3731.0,34
rb1805,20170821,20170818,210339000,3732.0,11122,220212,414775120.0,3732.0,29,3731.0,40
rb1805,20170821,20170818,210339500,3732.0,11122,220212,414775120.0,3732.0,29,3731.0,41
rb1805,20170821,20170818,210340000,3731.0,11126,220216,414924380.0,3732.0,28,3731.0,40
rb1805,20170821,20170818,210340500,3731.0,11126,220216,414924380.0,3732.0,37,3731.0,40
rb1805,20170821,20170818,210341000,3732.0,11140,220230,415446860.0,3732.0,30,3731.0,40
rb1805,20170821,20170818,210341500,3732.0,11140,220230,415446860.0,3732.0,30,3731.0,41
rb1805,20170821,20170818,210342000,3732.0,11140,220230,415446860.0,3732.0,25,3731.0,41
rb1805,20170821,20170818,210342500,3732.0,11172,220230,416641100.0,3732.0,9,3731.0,41
rb1805,20170821,20170818,210343000,3732.0,11172,220230,416641100.0,3732.0,10,3731.0,43
rb1805,20170821,20170818,210343500,3732.0,11174,220228,416715740.0,3732.0,15,3731.0,43
rb1805,20170821,20170818,210344000,3732.0,11176,220228,416790380.0,3732.0,15,3731.0,41
rb1805,20170821,20170818,210344500,3732.0,11210,220234,418059260.0,3733.0,51,3732.0,16
rb1805,20170821,20170818,210345000,3732.0,11210,220234,418059260.0,3733.0,51,3732.0,26
rb1805,20170821,20170818,210345500,3732.0,11210,220234,418059260.0,3733.0,51,3732.0,28
rb1805,20170821,20170818,210346000,3734.0,11314,220194,421941600.0,3734.0,5,3733.0,60
rb1805,20170821,20170818,210346500,3734.0,11336,220194,422763180.0,3735.0,28,3734.0,7
rb1805,20170821,20170818,210347000,3734.0,11340,220194,422912540.0,3735.0,21,3734.0,8
rb1805,20170821,20170818,210347500,3734.0,11342,220192,422987220.0,3735.0,21,3734.0,10
rb1805,20170821,20170818,210348000,3734.0,11342,220192,422987220.0,3735.0,21,3734.0,8
rb1805,20170821,20170818,210348500,3734.0,11342,220192,422987220.0,3735.0,21,3734.0,8
rb1805,20170821,20170818,210349000,3733.0,11348,220190,423211240.0,3734.0,1,3733.0,40
rb1805,20170821,20170818,210349500,3734.0,11356,220190,423509960.0,3735.0,32,3734.0,2
rb1805,20170821,20170818,210350000,3734.0,11356,220190,423509960.0,3735.0,33,3734.0,14
rb1805,20170821,20170818,210350500,3735.0,11360,220192,423659340.0,3735.0,33,3734.0,25
rb1805,20170821,20170818,210351000,3735.0,11368,220200,423958120.0,3735.0,30,3734.0,24
rb1805,20170821,20170818,210351500,3735.0,11394,220206,424928980.0,3735.0,33,3734.0,12
rb1805,20170821,20170818,210352000,3735.0,11396,220208,425003680.0,3735.0,32,3734.0,12
rb1805,20170821,20170818,210352500,3734.0,11398,220208,425078360.0,3735.0,33,3734.0,17
rb1805,20170821,20170818,210353000,3734.0,11398,220208,425078360.0,3735.0,32,3734.0,13
rb1805,20170821,20170818,210353500,3734.0,11428,220238,426198560.0,3734.0,4,3733.0,45
rb1805,20170821,20170818,210354000,3734.0,11428,220238,426198560.0,3734.0,5,3733.0,43
rb1805,20170821,20170818,210354500,3734.0,11428,220238,426198560.0,3734.0,5,3733.0,43
rb1805,20170821,20170818,210355000,3734.0,11430,220240,426273240.0,3734.0,4,3733.0,43
rb1805,20170821,20170818,210355500,3734.0,11432,220242,426347920.0,3734.0,3,3733.0,43
rb1805,20170821,20170818,210356000,3734.0,11434,220244,426422600.0,3734.0,2,3733.0,43
rb1805,20170821,20170818,210356500,3734.0,11438,220246,426571960.0,3735.0,28,3733.0,43
rb1805,20170821,20170818,210357000,3734.0,11438,220246,426571960.0,3735.0,33,3734.0,10
rb1805,20170821,20170818,210357500,3734.0,11446,220246,426870680.0,3735.0,33,3734.0,11
rb1805,20170821,20170818,210358000,3734.0,11468,220254,427692160.0,3735.0,33,3733.0,50
rb1805,20170821,20170818,210358500,3734.0,11468,220254,427692160.0,3735.0,34,3734.0,5
rb1805,20170821,20170818,210359000,3734.0,11474,220254,427916200.0,3735.0,34,3734.0,2
rb1805,20170821,20170818,210359500,3734.0,11476,220254,427990880.0,3735.0,34,3734.0,1
rb1805,20170821,20170818,210400000,3734.0,11478,220256,428065560.0,3735.0,35,3733.0,50
rb1805,20170821,20170818,210400500,3734.0,11484,220254,428289560.0,3735.0,48,3733.0,43
rb1805,20170821,20170818,210401000,3734.0,11484,220254,428289560.0,3735.0,48,3733.0,37
rb1805,20170821,20170818,210401500,3735.0,11568,220208,431426960.0,3735.0,23,3733.0,39
rb1805,20170821,20170818,210402500,3735.0,11568,220208,431426960.0,3735.0,25,3733.0,39
rb1805,20170821,20170818,210403000,3735.0,11580,220202,431875000.0,3735.0,23,3734.0,1
rb1805,20170821,20170818,210403500,3734.0,11582,220202,431949680.0,3735.0,23,3734.0,1
rb1805,20170821,20170818,210404000,3734.0,11582,220202,431949680.0,3735.0,21,3734.0,1
rb1805,20170821,20170818,210404500,3735.0,11594,220202,432397880.0,3735.0,25,3734.0,1
rb1805,20170821,20170818,210405000,3734.0,11598,220202,432547240.0,3734.0,4,3733.0,36
rb1805,20170821,20170818,210405500,3733.0,11602,220198,432696560.0,3734.0,3,3733.0,28
rb1805,20170821,20170818,210406000,3733.0,11606,220194,432845880.0,3734.0,3,3733.0,26
rb1805,20170821,20170818,210406500,3733.0,11606,220194,432845880.0,3734.0,2,3733.0,28
rb1805,20170821,20170818,210407000,3734.0,11610,220198,432995240.0,3735.0,28,3734.0,14
rb1805,20170821,20170818,210407500,3733.0,11640,220214,434115420.0,3735.0,30,3733.0,32
rb1805,20170821,20170818,210408000,3733.0,11640,220214,434115420.0,3735.0,28,3733.0,30
rb1805,20170821,20170818,210408500,3733.0,11646,220212,434339420.0,3734.0,14,3733.0,28
rb1805,20170821,20170818,210409000,3734.0,11648,220214,434414100.0,3734.0,13,3733.0,29
rb1805,20170821,20170818,210409500,3734.0,11648,220214,434414100.0,3734.0,33,3733.0,31
rb1805,20170821,20170818,210410000,3733.0,11652,220212,434563420.0,3734.0,33,3733.0,17
rb1805,20170821,20170818,210410500,3733.0,11652,220212,434563420.0,3734.0,33,3733.0,17
rb1805,20170821,20170818,210411000,3733.0,11652,220212,434563420.0,3734.0,33,3733.0,17
rb1805,20170821,20170818,210411500,3734.0,11654,220212,434638100.0,3734.0,32,3733.0,21
rb1805,20170821,20170818,210412000,3733.0,11668,220218,435160720.0,3734.0,32,3733.0,10
rb1805,20170821,20170818,210412500,3733.0,11688,220238,435907320.0,3734.0,32,3732.0,33
rb1805,20170821,20170818,210413000,3734.0,11692,220242,436056680.0,3734.0,31,3733.0,6
rb1805,20170821,20170818,210413500,3733.0,11696,220244,436206000.0,3734.0,46,3732.0,33
rb1805,20170821,20170818,210414000,3733.0,11696,220244,436206000.0,3733.0,2,3732.0,33
rb1805,20170821,20170818,210414500,3733.0,11706,220252,436579240.0,3734.0,28,3732.0,25
rb1805,20170821,20170818,210415000,3732.0,11736,220240,437698900.0,3734.0,24,3732.0,12
rb1805,20170821,20170818,210415500,3732.0,11736,220240,437698900.0,3733.0,6,3732.0,13
rb1805,20170821,20170818,210416000,3732.0,11736,220240,437698900.0,3733.0,6,3732.0,13
rb1805,20170821,20170818,210416500,3732.0,11736,220240,437698900.0,3733.0,6,3732.0,13
rb1805,20170821,20170818,210417000,3732.0,11736,220240,437698900.0,3733.0,6,3732.0,15
rb1805,20170821,20170818,210417500,3732.0,11740,220244,437848180.0,3733.0,10,3732.0,15
rb1805,20170821,20170818,210418000,3732.0,11740,220244,437848180.0,3733.0,10,3732.0,21
rb1805,20170821,20170818,210418500,3732.0,11742,220244,437922820.0,3733.0,16,3732.0,11
rb1805,20170821,20170818,210419000,3733.0,11768,220230,438893400.0,3734.0,25,3733.0,87
rb1805,20170821,20170818,210419500,3733.0,11878,220228,442999700.0,3734.0,24,3733.0,32
rb1805,20170821,20170818,210420000,3733.0,11908,220228,444119600.0,3734.0,26,3733.0,18
rb1805,20170821,20170818,210420500,3733.0,11912,220226,444268920.0,3734.0,36,3733.0,16
rb1805,20170821,20170818,210421000,3733.0,11912,220226,444268920.0,3734.0,35,3733.0,16
rb1805,20170821,20170818,210421500,3733.0,11912,220226,444268920.0,3734.0,36,3733.0,16
rb1805,20170821,20170818,210422000,3733.0,11934,220206,445090180.0,3734.0,33,3733.0,5
rb1805,20170821,20170818,210422500,3733.0,11936,220204,445164840.0,3734.0,23,3733.0,4
rb1805,20170821,20170818,210423000,3733.0,11944,220198,445463480.0,3733.0,6,3732.0,7
rb1805,20170821,20170818,210423500,3733.0,11944,220198,445463480.0,3733.0,6,3732.0,20
rb1805,20170821,20170818,210424000,3733.0,11950,220198,445687460.0,3733.0,3,3732.0,15
rb1805,20170821,20170818,210424500,3732.0,11994,220170,447329540.0,3732.0,5,3731.0,44
rb1805,20170821,20170818,210425000,3732.0,12004,220170,447702740.0,3733.0,9,3732.0,8
rb1805,20170821,20170818,210425500,3732.0,12004,220170,447702740.0,3733.0,10,3732.0,6
rb1805,20170821,20170818,210426000,3733.0,12006,220170,447777400.0,3733.0,11,3732.0,6
rb1805,20170821,20170818,210427000,3732.0,12008,220170,447852040.0,3733.0,11,3732.0,10
rb1805,20170821,20170818,210427500,3732.0,12008,220170,447852040.0,3733.0,11,3732.0,6
rb1805,20170821,20170818,210428000,3732.0,12008,220170,447852040.0,3733.0,11,3732.0,8
rb1805,20170821,20170818,210428500,3732.0,12008,220170,447852040.0,3733.0,11,3732.0,3
rb1805,20170821,20170818,210429000,3732.0,12008,220170,447852040.0,3733.0,61,3732.0,3
rb1805,20170821,20170818,210429500,3732.0,12012,220170,448001320.0,3733.0,61,3732.0,27
rb1805,20170821,20170818,210430000,3732.0,12016,220168,448150600.0,3733.0,61,3732.0,27
rb1805,20170821,20170818,210430500,3732.0,12016,220168,448150600.0,3733.0,60,3732.0,25
rb1805,20170821,20170818,210431000,3732.0,12070,220118,450165880.0,3732.0,80,3731.0,32
rb1805,20170821,20170818,210431500,3732.0,12106,220086,451509400.0,3732.0,62,3731.0,32
rb1805,20170821,20170818,210432000,3732.0,12118,220074,451957240.0,3732.0,56,3731.0,32
rb1805,20170821,20170818,210432500,3732.0,12120,220074,452031880.0,3732.0,55,3731.0,32
rb1805,20170821,20170818,210433000,3732.0,12120,220074,452031880.0,3732.0,55,3731.0,33
rb1805,20170821,20170818,210433500,3732.0,12120,220074,452031880.0,3732.0,57,3731.0,33
rb1805,20170821,20170818,210434000,3731.0,12126,220074,452255740.0,3732.0,57,3731.0,30
rb1805,20170821,20170818,210434500,3731.0,12134,220074,452554240.0,3732.0,56,3731.0,28
rb1805,20170821,20170818,210435000,3732.0,12138,220074,452703520.0,3732.0,54,3731.0,28
rb1805,20170821,20170818,210435500,3731.0,12148,220084,453076620.0,3732.0,54,3731.0,23
rb1805,20170821,20170818,210436000,3732.0,12150,220084,453151260.0,3732.0,53,3731.0,63
rb1805,20170821,20170818,210436500,3732.0,12176,220106,454121340.0,3732.0,53,3731.0,50
rb1805,20170821,20170818,210437000,3731.0,12178,220106,454195960.0,3732.0,53,3731.0,49
rb1805,20170821,20170818,210437500,3731.0,12180,220108,454270580.0,3732.0,53,3731.0,48
rb1805,20170821,20170818,210438000,3731.0,12180,220108,454270580.0,3732.0,52,3731.0,48
rb1805,20170821,20170818,210438500,3731.0,12184,220110,454419820.0,3732.0,54,3731.0,46
rb1805,20170821,20170818,210439000,3732.0,12196,220114,454867600.0,3732.0,51,3731.0,44
rb1805,20170821,20170818,210439500,3732.0,12196,220114,454867600.0,3732.0,51,3731.0,49
rb1805,20170821,20170818,210440000,3732.0,12196,220114,454867600.0,3732.0,51,3731.0,49
rb1805,20170821,20170818,210440500,3731.0,12202,220110,455091500.0,3732.0,49,3731.0,48
rb1805,20170821,20170818,210441000,3731.0,12246,220090,456733560.0,3732.0,28,3731.0,48
rb1805,20170821,20170818,210441500,3731.0,12246,220090,456733560.0,3732.0,29,3731.0,48
rb1805,20170821,20170818,210442000,3731.0,12250,220090,456882820.0,3732.0,28,3731.0,47
rb1805,20170821,20170818,210442500,3731.0,12272,220070,457703840.0,3732.0,18,3731.0,46
rb1805,20170821,20170818,210443000,3731.0,12272,220070,457703840.0,3732.0,20,3731.0,41
rb1805,20170821,20170818,210443500,3731.0,12272,220070,457703840.0,3732.0,20,3731.0,41
rb1805,20170821,20170818,210444000,3731.0,12274,220070,457778460.0,3732.0,20,3731.0,40
rb1805,20170821,20170818,210444500,3732.0,12284,220070,458151660.0,3732.0,15,3731.0,41
rb1805,20170821,20170818,210445000,3732.0,12286,220068,458226300.0,3732.0,14,3731.0,40
rb1805,20170821,20170818,210445500,3731.0,12288,220068,458300920.0,3732.0,14,3731.0,41
rb1805,20170821,20170818,210446000,3731.0,12292,220072,458450160.0,3732.0,14,3731.0,41
rb1805,20170821,20170818,210446500,3731.0,12292,220072,458450160.0,3732.0,14,3731.0,41
rb1805,20170821,20170818,210447000,3731.0,12292,220072,458450160.0,3732.0,14,3731.0,41
rb1805,20170821,20170818,210447500,3731.0,12292,220072,458450160.0,3732.0,14,3731.0,41
rb1805,20170821,20170818,210448000,3732.0,12294,220072,458524800.0,3732.0,17,3731.0,41
rb1805,20170821,20170818,210448500,3732.0,12330,220078,459868320.0,3733.0,19,3732.0,32
rb1805,20170821,20170818,210449000,3732.0,12350,220098,460614720.0,3733.0,20,3732.0,22
rb1805,20170821,20170818,210449500,3732.0,12362,220110,461062560.0,3733.0,20,3732.0,21
rb1805,20170821,20170818,210450000,3732.0,12382,220130,461808960.0,3733.0,20,3732.0,11
rb1805,20170821,20170818,210450500,3732.0,12382,220130,461808960.0,3733.0,19,3732.0,19
rb1805,20170821,20170818,210451000,3732.0,12384,220132,461883600.0,3733.0,13,3732.0,21
rb1805,20170821,20170818,210451500,3732.0,12384,220132,461883600.0,3733.0,19,3732.0,15
rb1805,20170821,20170818,210452000,3732.0,12384,220132,461883600.0,3733.0,19,3732.0,15
rb1805,20170821,20170818,210452500,3733.0,12386,220132,461958260.0,3733.0,58,3732.0,16
rb1805,20170821,20170818,210453000,3733.0,12386,220132,461958260.0,3733.0,59,3732.0,16
rb1805,20170821,20170818,210453500,3732.0,12392,220134,462182180.0,3733.0,64,3732.0,16
rb1805,20170821,20170818,210454000,3732.0,12392,220134,462182180.0,3733.0,74,3732.0,16
rb1805,20170821,20170818,210454500,3732.0,12392,220134,462182180.0,3733.0,74,3732.0,16
rb1805,20170821,20170818,210455000,3732.0,12392,220134,462182180.0,3733.0,74,3732.0,16
rb1805,20170821,20170818,210456000,3732.0,12392,220134,462182180.0,3733.0,74,3732.0,18
rb1805,20170821,20170818,210456500,3732.0,12412,220120,462928580.0,3733.0,74,3732.0,9
rb1805,20170821,20170818,210457000,3732.0,12412,220120,462928580.0,3733.0,74,3732.0,13
rb1805,20170821,20170818,210457500,3732.0,12412,220120,462928580.0,3733.0,74,3732.0,15
rb1805,20170821,20170818,210458000,3732.0,12412,220120,462928580.0,3733.0,74,3732.0,15
rb1805,20170821,20170818,210458500,3732.0,12412,220120,462928580.0,3733.0,74,3732.0,15
rb1805,20170821,20170818,210459000,3732.0,12412,220120,462928580.0,3733.0,75,3732.0,17
rb1805,20170821,20170818,210459500,3732.0,12412,220120,462928580.0,3733.0,69,3732.0,17
rb1805,20170821,20170818,210500000,3733.0,12414,220120,463003240.0,3733.0,68,3732.0,17
rb1805,20170821,20170818,210500500,3733.0,12432,220122,463675140.0,3733.0,65,3732.0,15
rb1805,20170821,20170818,210501000,3732.0,12436,220122,463824420.0,3733.0,64,3732.0,13
rb1805,20170821,20170818,210501500,3732.0,12438,220122,463899060.0,3733.0,54,3732.0,20
rb1805,20170821,20170818,210502000,3732.0,12438,220122,463899060.0,3733.0,54,3732.0,20
rb1805,20170821,20170818,210503500,3733.0,12488,220114,465765560.0,3733.0,29,3732.0,20
rb1805,20170821,20170818,210504000,3733.0,12488,220114,465765560.0,3733.0,31,3732.0,14
rb1805,20170821,20170818,210504500,3733.0,12488,220114,465765560.0,3733.0,31,3732.0,14
rb1805,20170821,20170818,210505500,3733.0,12508,220134,466512160.0,3733.0,21,3732.0,14
rb1805,20170821,20170818,210506000,3733.0,12550,220114,468080020.0,3734.0,67,3733.0,64
rb1805,20170821,20170818,210506500,3734.0,12564,220114,468602780.0,3734.0,63,3733.0,48
rb1805,20170821,20170818,210507000,3733.0,12576,220114,469050740.0,3734.0,60,3733.0,43
rb1805,20170821,20170818,210507500,3733.0,12576,220114,469050740.0,3734.0,60,3733.0,43
rb1805,20170821,20170818,210508000,3733.0,12586,220104,469424040.0,3734.0,60,3733.0,38
rb1805,20170821,20170818,210508500,3734.0,12588,220106,469498720.0,3734.0,59,3733.0,38
rb1805,20170821,20170818,210509000,3734.0,12592,220110,469648080.0,3734.0,57,3733.0,39
rb1805,20170821,20170818,210509500,3734.0,12606,220124,470170840.0,3734.0,50,3733.0,39
rb1805,20170821,20170818,210510000,3733.0,12610,220126,470320180.0,3734.0,49,3733.0,38
rb1805,20170821,20170818,210510500,3734.0,12612,220126,470394860.0,3734.0,48,3733.0,38
rb1805,20170821,20170818,210511000,3734.0,12614,220128,470469540.0,3734.0,47,3733.0,38
rb1805,20170821,20170818,210511500,3734.0,12620,220128,470693580.0,3734.0,45,3733.0,38
rb1805,20170821,20170818,210512000,3734.0,12620,220128,470693580.0,3734.0,35,3733.0,39
rb1805,20170821,20170818,210512500,3734.0,12622,220128,470768260.0,3734.0,34,3733.0,39
rb1805,20170821,20170818,210513000,3733.0,12624,220128,470842920.0,3734.0,34,3733.0,38
rb1805,20170821,20170818,210513500,3734.0,12638,220114,471365600.0,3734.0,31,3733.0,39
rb1805,20170821,20170818,210514000,3734.0,12640,220114,471440280.0,3734.0,33,3733.0,39
rb1805,20170821,20170818,210514500,3734.0,12660,220114,472187080.0,3734.0,23,3733.0,39
rb1805,20170821,20170818,210515000,3734.0,12676,220112,472784520.0,3734.0,15,3733.0,39
rb1805,20170821,20170818,210515500,3734.0,12678,220110,472859200.0,3734.0,14,3733.0,39
rb1805,20170821,20170818,210516000,3734.0,12680,220110,472933880.0,3734.0,16,3733.0,39
rb1805,20170821,20170818,210516500,3734.0,12682,220108,473008560.0,3734.0,13,3733.0,44
rb1805,20170821,20170818,210517000,3734.0,12704,220112,473830040.0,3734.0,2,3733.0,45
rb1805,20170821,20170818,210517500,3734.0,12704,220112,473830040.0,3734.0,2,3733.0,46
rb1805,20170821,20170818,210518000,3734.0,12708,220116,473979400.0,3735.0,23,3733.0,46
rb1805,20170821,20170818,210518500,3734.0,12708,220116,473979400.0,3735.0,23,3734.0,6
rb1805,20170821,20170818,210519000,3734.0,12714,220122,474203440.0,3734.0,1,3733.0,47
rb1805,20170821,20170818,210519500,3734.0,12714,220122,474203440.0,3734.0,9,3733.0,23
rb1805,20170821,20170818,210520000,3734.0,12716,220122,474278120.0,3734.0,8,3733.0,23
rb1805,20170821,20170818,210520500,3734.0,12716,220122,474278120.0,3734.0,8,3733.0,24
rb1805,20170821,20170818,210521000,3734.0,12734,220120,474950220.0,3735.0,26,3734.0,9
rb1805,20170821,20170818,210521500,3734.0,12756,220120,475771700.0,3735.0,32,3734.0,10
rb1805,20170821,20170818,210522000,3734.0,12776,220136,476518500.0,3734.0,24,3733.0,23
rb1805,20170821,20170818,210522500,3733.0,12814,220134,477937040.0,3734.0,33,3733.0,1
rb1805,20170821,20170818,210523000,3733.0,12816,220136,478011700.0,3733.0,3,3732.0,22
rb1805,20170821,20170818,210523500,3734.0,12818,220136,478086380.0,3734.0,15,3732.0,23
rb1805,20170821,20170818,210524000,3734.0,12820,220136,478161060.0,3734.0,22,3733.0,1
rb1805,20170821,20170818,210524500,3734.0,12820,220136,478161060.0,3734.0,21,3733.0,26
rb1805,20170821,20170818,210525000,3734.0,12824,220138,478310400.0,3734.0,18,3733.0,5
rb1805,20170821,20170818,210526000,3733.0,12838,220142,478833020.0,3733.0,7,3732.0,22
rb1805,20170821,20170818,210526500,3733.0,12838,220142,478833020.0,3733.0,10,3732.0,17
rb1805,20170821,20170818,210527000,3733.0,12866,220156,479878020.0,3733.0,8,3732.0,5
rb1805,20170821,20170818,210527500,3732.0,12882,220170,480475140.0,3733.0,16,3731.0,12
rb1805,20170821,20170818,210528000,3732.0,12882,220170,480475140.0,3733.0,16,3731.0,12
rb1805,20170821,20170818,210528500,3733.0,12884,220172,480549800.0,3733.0,26,3732.0,15
rb1805,20170821,20170818,210529000,3732.0,12914,220200,481669400.0,3732.0,5,3731.0,12
rb1805,20170821,20170818,210529500,3731.0,12918,220196,481818640.0,3732.0,27,3731.0,10
rb1805,20170821,20170818,210530000,3732.0,12926,220196,482117160.0,3732.0,27,3731.0,9
rb1805,20170821,20170818,210530500,3731.0,12936,220194,482490260.0,3732.0,27,3731.0,5
rb1805,20170821,20170818,210531000,3731.0,12946,220194,482863360.0,3732.0,23,3730.0,126
rb1805,20170821,20170818,210531500,3731.0,12946,220194,482863360.0,3732.0,23,3731.0,1
rb1805,20170821,20170818,210532000,3731.0,12946,220194,482863360.0,3732.0,24,3731.0,1
rb1805,20170821,20170818,210532500,3731.0,12948,220196,482937980.0,3732.0,21,3730.0,126
rb1805,20170821,20170818,210533000,3731.0,12948,220196,482937980.0,3732.0,21,3731.0,8
rb1805,20170821,20170818,210533500,3731.0,12964,220196,483534940.0,3731.0,8,3730.0,126
rb1805,20170821,20170818,210534000,3731.0,13002,220162,484952720.0,3732.0,13,3731.0,42
rb1805,20170821,20170818,210534500,3731.0,13004,220162,485027340.0,3732.0,23,3731.0,52
rb1805,20170821,20170818,210535000,3732.0,13006,220164,485101980.0,3732.0,42,3731.0,52
rb1805,20170821,20170818,210535500,3731.0,13016,220154,485475080.0,3732.0,42,3731.0,47
rb1805,20170821,20170818,210536000,3731.0,13016,220154,485475080.0,3732.0,42,3731.0,57
rb1805,20170821,20170818,210536500,3731.0,13016,220154,485475080.0,3732.0,30,3731.0,58
rb1805,20170821,20170818,210537000,3731.0,13020,220154,485624320.0,3732.0,30,3731.0,56
rb1805,20170821,20170818,210537500,3731.0,13020,220154,485624320.0,3732.0,35,3731.0,57
rb1805,20170821,20170818,210538000,3732.0,13022,220156,485698960.0,3732.0,30,3731.0,57
rb1805,20170821,20170818,210538500,3731.0,13026,220156,485848200.0,3732.0,37,3731.0,60
rb1805,20170821,20170818,210539000,3731.0,13026,220156,485848200.0,3732.0,29,3731.0,60
rb1805,20170821,20170818,210539500,3731.0,13028,220154,485922820.0,3732.0,33,3731.0,60
rb1805,20170821,20170818,210540000,3731.0,13030,220154,485997440.0,3732.0,29,3731.0,60
rb1805,20170821,20170818,210540500,3731.0,13042,220144,486445160.0,3732.0,29,3731.0,69
rb1805,20170821,20170818,210541000,3731.0,13042,220144,486445160.0,3732.0,33,3731.0,54
rb1805,20170821,20170818,210541500,3732.0,13052,220142,486818280.0,3732.0,32,3731.0,51
rb1805,20170821,20170818,210542000,3731.0,13062,220132,487191380.0,3732.0,32,3731.0,48
rb1805,20170821,20170818,210542500,3731.0,13062,220132,487191380.0,3732.0,32,3731.0,48
rb1805,20170821,20170818,210543000,3731.0,13066,220132,487340640.0,3732.0,27,3731.0,47
rb1805,20170821,20170818,210543500,3732.0,13126,220138,489579840.0,3733.0,15,3732.0,5
rb1805,20170821,20170818,210544000,3731.0,13160,220136,490848480.0,3733.0,16,3731.0,36
rb1805,20170821,20170818,210544500,3731.0,13160,220136,490848480.0,3733.0,16,3732.0,1
rb1805,20170821,20170818,210545000,3732.0,13162,220136,490923120.0,3732.0,1,3731.0,36
rb1805,20170821,20170818,210545500,3733.0,13166,220136,491072420.0,3733.0,11,3732.0,1
rb1805,20170821,20170818,210546000,3732.0,13174,220134,491371000.0,3732.0,50,3731.0,56
rb1805,20170821,20170818,210546500,3732.0,13210,220122,492714520.0,3732.0,32,3731.0,56
rb1805,20170821,20170818,210547000,3732.0,13232,220108,493535460.0,3732.0,27,3731.0,52
rb1805,20170821,20170818,210547500,3732.0,13262,220108,494655060.0,3732.0,12,3731.0,57
rb1805,20170821,20170818,210548000,3732.0,13286,220110,495550740.0,3733.0,21,3732.0,4
rb1805,20170821,20170818,210548500,3732.0,13306,220098,496297140.0,3732.0,4,3731.0,57
rb1805,20170821,20170818,210549000,3732.0,13336,220076,497416740.0,3733.0,6,3732.0,4
rb1805,20170821,20170818,210549500,3732.0,13336,220076,497416740.0,3733.0,6,3731.0,72
rb1805,20170821,20170818,210550000,3732.0,13336,220076,497416740.0,3733.0,9,3731.0,75
rb1805,20170821,20170818,210550500,3732.0,13336,220076,497416740.0,3732.0,3,3731.0,75
rb1805,20170821,20170818,210551000,3732.0,13342,220082,497640660.0,3733.0,9,3732.0,6
rb1805,20170821,20170818,210551500,3732.0,13342,220082,497640660.0,3733.0,15,3732.0,21
rb1805,20170821,20170818,210552000,3732.0,13342,220082,497640660.0,3733.0,9,3732.0,21
rb1805,20170821,20170818,210552500,3732.0,13342,220082,497640660.0,3733.0,9,3732.0,21
rb1805,20170821,20170818,210553000,3732.0,13388,220082,499357440.0,3733.0,4,3732.0,1
rb1805,20170821,20170818,210553500,3733.0,13404,220082,499954640.0,3734.0,17,3733.0,14
rb1805,20170821,20170818,210554000,3735.0,13484,220118,502942500.0,3736.0,51,3735.0,1
rb1805,20170821,20170818,210554500,3734.0,13546,220150,505258180.0,3735.0,7,3734.0,5
rb1805,20170821,20170818,210555000,3734.0,13548,220150,505332860.0,3735.0,26,3734.0,4
rb1805,20170821,20170818,210555500,3734.0,13548,220150,505332860.0,3735.0,41,3734.0,4
rb1805,20170821,20170818,210556000,3734.0,13556,220150,505631580.0,3734.0,3,3733.0,14
rb1805,20170821,20170818,210556500,3734.0,13564,220150,505930300.0,3735.0,30,3734.0,2
rb1805,20170821,20170818,210557000,3735.0,13566,220150,506005000.0,3735.0,31,3734.0,2
rb1805,20170821,20170818,210557500,3734.0,13568,220148,506079680.0,3735.0,31,3734.0,1
rb1805,20170821,20170818,210558000,3734.0,13568,220148,506079680.0,3735.0,27,3734.0,2
rb1805,20170821,20170818,210558500,3734.0,13576,220148,506378400.0,3735.0,31,3734.0,8
rb1805,20170821,20170818,210559500,3734.0,13576,220148,506378400.0,3735.0,31,3733.0,17
rb1805,20170821,20170818,210600000,3734.0,13576,220148,506378400.0,3735.0,31,3734.0,17
rb1805,20170821,20170818,210600500,3734.0,13580,220144,506527760.0,3735.0,25,3734.0,15
rb1805,20170821,20170818,210601000,3734.0,13580,220144,506527760.0,3735.0,25,3734.0,15
rb1805,20170821,20170818,210601500,3734.0,13580,220144,506527760.0,3735.0,25,3734.0,15
rb1805,20170821,20170818,210602000,3734.0,13580,220144,506527760.0,3735.0,26,3734.0,20
rb1805,20170821,20170818,210602500,3735.0,13586,220144,506751860.0,3735.0,23,3734.0,20
rb1805,20170821,20170818,210603000,3735.0,13586,220144,506751860.0,3735.0,23,3734.0,15
rb1805,20170821,20170818,210603500,3734.0,13592,220142,506975940.0,3735.0,23,3734.0,14
rb1805,20170821,20170818,210604000,3734.0,13594,220140,507050620.0,3735.0,23,3734.0,13
rb1805,20170821,20170818,210604500,3735.0,13636,220142,508619320.0,3735.0,2,3734.0,13
rb1805,20170821,20170818,210605000,3735.0,13638,220144,508694020.0,3735.0,2,3734.0,13
rb1805,20170821,20170818,210605500,3735.0,13638,220144,508694020.0,3735.0,2,3734.0,18
rb1805,20170821,20170818,210606000,3735.0,13642,220142,508843420.0,3736.0,59,3735.0,3
rb1805,20170821,20170818,210606500,3735.0,13662,220144,509590420.0,3735.0,1,3734.0,18
rb1805,20170821,20170818,210607000,3734.0,13664,220142,509665100.0,3736.0,86,3735.0,1
rb1805,20170821,20170818,210607500,3736.0,13670,220138,509889240.0,3736.0,74,3735.0,11
rb1805,20170821,20170818,210608000,3736.0,13680,220140,510262760.0,3736.0,83,3735.0,5
rb1805,20170821,20170818,210608500,3736.0,13726,220170,511981320.0,3736.0,44,3735.0,6
rb1805,20170821,20170818,210609000,3735.0,13728,220170,512056020.0,3736.0,44,3735.0,16
rb1805,20170821,20170818,210609500,3735.0,13748,220168,512803020.0,3736.0,44,3735.0,6
rb1805,20170821,20170818,210610500,3736.0,13758,220178,513176620.0,3736.0,39,3735.0,6
rb1805,20170821,20170818,210611000,3736.0,13758,220178,513176620.0,3736.0,25,3735.0,7
rb1805,20170821,20170818,210611500,3736.0,13758,220178,513176620.0,3736.0,27,3735.0,8
rb1805,20170821,20170818,210612000,3736.0,13758,220178,513176620.0,3736.0,33,3735.0,9
rb1805,20170821,20170818,210612500,3736.0,13758,220178,513176620.0,3736.0,33,3735.0,9
rb1805,20170821,20170818,210613000,3736.0,13826,220216,515717080.0,3737.0,41,3736.0,17
rb1805,20170821,20170818,210613500,3736.0,13896,220214,518331840.0,3737.0,78,3734.0,22
rb1805,20170821,20170818,210614000,3736.0,13896,220214,518331840.0,3736.0,3,3734.0,22
rb1805,20170821,20170818,210614500,3736.0,13896,220214,518331840.0,3736.0,49,3735.0,9
rb1805,20170821,20170818,210615000,3736.0,13898,220214,518406560.0,3736.0,49,3735.0,13
rb1805,20170821,20170818,210615500,3736.0,13900,220214,518481280.0,3736.0,49,3735.0,13
rb1805,20170821,20170818,210616000,3736.0,13900,220214,518481280.0,3736.0,51,3735.0,13
rb1805,20170821,20170818,210616500,3736.0,13902,220214,518556000.0,3736.0,49,3735.0,13
rb1805,20170821,20170818,210617000,3736.0,13902,220214,518556000.0,3736.0,49,3735.0,13
rb1805,20170821,20170818,210617500,3736.0,13908,220214,518780160.0,3736.0,46,3735.0,14
rb1805,20170821,20170818,210618000,3736.0,13912,220212,518929600.0,3736.0,44,3735.0,14
rb1805,20170821,20170818,210618500,3736.0,13934,220212,519751520.0,3736.0,33,3735.0,15
rb1805,20170821,20170818,210619000,3734.0,14026,220174,523188140.0,3736.0,7,3734.0,21
rb1805,20170821,20170818,210619500,3736.0,14034,220174,523487020.0,3736.0,3,3734.0,30
rb1805,20170821,20170818,210620000,3735.0,14040,220178,523711160.0,3736.0,1,3735.0,2
rb1805,20170821,20170818,210620500,3736.0,14042,220176,523785880.0,3737.0,65,3736.0,2
rb1805,20170821,20170818,210621000,3736.0,14042,220176,523785880.0,3737.0,65,3736.0,2
rb1805,20170821,20170818,210621500,3736.0,14044,220178,523860600.0,3737.0,63,3736.0,1
rb1805,20170821,20170818,210622000,3737.0,14066,220196,524682360.0,3737.0,62,3736.0,2
rb1805,20170821,20170818,210622500,3736.0,14102,220194,526027660.0,3737.0,45,3736.0,7
rb1805,20170821,20170818,210623000,3737.0,14114,220200,526476100.0,3737.0,28,3736.0,7
rb1805,20170821,20170818,210623500,3736.0,14116,220200,526550820.0,3737.0,28,3736.0,6
rb1805,20170821,20170818,210624000,3736.0,14116,220200,526550820.0,3737.0,28,3736.0,11
rb1805,20170821,20170818,210624500,3736.0,14116,220200,526550820.0,3737.0,28,3736.0,11
rb1805,20170821,20170818,210625000,3736.0,14116,220200,526550820.0,3737.0,28,3736.0,13
rb1805,20170821,20170818,210625500,3737.0,14172,220232,528643540.0,3738.0,13,3737.0,13
rb1805,20170821,20170818,210626000,3738.0,14182,220238,529017340.0,3738.0,22,3737.0,16
rb1805,20170821,20170818,210626500,3738.0,14194,220238,529465880.0,3738.0,17,3737.0,26
rb1805,20170821,20170818,210627000,3738.0,14228,220222,530736800.0,3739.0,7,3737.0,27
rb1805,20170821,20170818,210627500,3738.0,14230,220224,530811560.0,3739.0,22,3737.0,17
rb1805,20170821,20170818,210628000,3739.0,14234,220222,530961100.0,3739.0,21,3737.0,18
rb1805,20170821,20170818,210628500,3739.0,14236,220224,531035880.0,3739.0,20,3738.0,3
rb1805,20170821,20170818,210629000,3739.0,14246,220214,531409780.0,3739.0,16,3738.0,4
rb1805,20170821,20170818,210629500,3739.0,14268,220222,532232360.0,3740.0,31,3739.0,10
rb1805,20170821,20170818,210630000,3737.0,14324,220236,534325580.0,3740.0,55,3737.0,6
rb1805,20170821,20170818,210630500,3739.0,14330,220236,534549920.0,3739.0,16,3737.0,14
rb1805,20170821,20170818,210631000,3739.0,14332,220238,534624700.0,3739.0,19,3737.0,19
rb1805,20170821,20170818,210631500,3737.0,14342,220244,534998400.0,3739.0,19,3737.0,16
rb1805,20170821,20170818,210632000,3739.0,14344,220244,535073180.0,3739.0,50,3737.0,16
rb1805,20170821,20170818,210632500,3738.0,14346,220242,535147940.0,3739.0,42,3738.0,4
rb1805,20170821,20170818,210633000,3739.0,14374,220260,536194860.0,3739.0,31,3738.0,15
rb1805,20170821,20170818,210633500,3738.0,14400,220282,537166920.0,3739.0,24,3738.0,18
rb1805,20170821,20170818,210634000,3739.0,14414,220294,537690380.0,3739.0,17,3738.0,20
rb1805,20170821,20170818,210634500,3739.0,14414,220294,537690380.0,3739.0,17,3738.0,26
rb1805,20170821,20170818,210635000,3739.0,14420,220298,537914720.0,3739.0,14,3738.0,28
rb1805,20170821,20170818,210635500,3739.0,14436,220314,538512960.0,3739.0,6,3738.0,26
rb1805,20170821,20170818,210636000,3739.0,14448,220304,538961640.0,3740.0,44,3739.0,26
rb1805,20170821,20170818,210636500,3739.0,14466,220304,539634660.0,3740.0,44,3739.0,17
rb1805,20170821,20170818,210637000,3740.0,14494,220286,540681660.0,3740.0,40,3739.0,9
rb1805,20170821,20170818,210637500,3740.0,14538,220260,542327140.0,3740.0,25,3739.0,25
rb1805,20170821,20170818,210638000,3740.0,14564,220252,543299380.0,3740.0,13,3739.0,18
rb1805,20170821,20170818,210638500,3740.0,14592,220244,544346580.0,3741.0,3,3740.0,13
rb1805,20170821,20170818,210639000,3741.0,14600,220246,544645800.0,3741.0,32,3740.0,69
rb1805,20170821,20170818,210639500,3740.0,14620,220232,545393980.0,3741.0,42,3740.0,69
rb1805,20170821,20170818,210640000,3740.0,14650,220228,546516200.0,3741.0,30,3740.0,66
rb1805,20170821,20170818,210640500,3742.0,14692,220242,548087440.0,3742.0,19,3741.0,26
rb1805,20170821,20170818,210641000,3741.0,14704,220240,548536420.0,3742.0,14,3741.0,28
rb1805,20170821,20170818,210641500,3741.0,14772,220190,551080300.0,3742.0,23,3741.0,4
rb1805,20170821,20170818,210642000,3740.0,14788,220192,551678780.0,3742.0,32,3740.0,64
rb1805,20170821,20170818,210642500,3740.0,14788,220192,551678780.0,3741.0,3,3740.0,55
rb1805,20170821,20170818,210643000,3742.0,14808,220206,552427120.0,3742.0,32,3740.0,55
rb1805,20170821,20170818,210643500,3742.0,14812,220210,552576800.0,3742.0,31,3740.0,55
rb1805,20170821,20170818,210644000,3742.0,14824,220204,553025840.0,3741.0,15,3740.0,56
rb1805,20170821,20170818,210644500,3741.0,14860,220198,554372620.0,3741.0,2,3740.0,56
rb1805,20170821,20170818,210645000,3742.0,14872,220198,554821580.0,3742.0,60,3741.0,5
rb1805,20170821,20170818,210645500,3741.0,14904,220194,556018720.0,3741.0,5,3740.0,63
rb1805,20170821,20170818,210646000,3741.0,14962,220166,558188500.0,3742.0,58,3741.0,4
rb1805,20170821,20170818,210646500,3742.0,15002,220178,559684800.0,3742.0,54,3741.0,19
rb1805,20170821,20170818,210647000,3741.0,15016,220180,560208540.0,3742.0,56,3741.0,12
rb1805,20170821,20170818,210647500,3742.0,15050,220186,561480780.0,3742.0,40,3741.0,11
rb1805,20170821,20170818,210648000,3741.0,15056,220188,561705260.0,3742.0,40,3741.0,9
rb1805,20170821,20170818,210648500,3742.0,15068,220192,562154240.0,3742.0,38,3741.0,7
rb1805,20170821,20170818,210649000,3742.0,15068,220192,562154240.0,3742.0,38,3741.0,23
rb1805,20170821,20170818,210649500,3741.0,15100,220194,563351660.0,3742.0,28,3741.0,24
rb1805,20170821,20170818,210650000,3741.0,15160,220146,565596840.0,3742.0,1,3741.0,24
rb1805,20170821,20170818,210650500,3741.0,15188,220166,566644480.0,3743.0,8,3741.0,19
rb1805,20170821,20170818,210651000,3741.0,15188,220166,566644480.0,3742.0,1,3741.0,38
rb1805,20170821,20170818,210651500,3742.0,15198,220164,567018720.0,3743.0,6,3742.0,15
rb1805,20170821,20170818,210652000,3742.0,15210,220170,567467860.0,3743.0,1,3742.0,15
rb1805,20170821,20170818,210652500,3743.0,15222,220168,567917020.0,3744.0,33,3742.0,17
rb1805,20170821,20170818,210653000,3744.0,15228,220166,568141640.0,3744.0,31,3742.0,17
rb1805,20170821,20170818,210653500,3742.0,15244,220174,568740600.0,3744.0,25,3742.0,24
rb1805,20170821,20170818,210654000,3744.0,15250,220176,568965240.0,3744.0,23,3742.0,25
rb1805,20170821,20170818,210654500,3742.0,15252,220176,569040080.0,3744.0,23,3742.0,25
rb1805,20170821,20170818,210655000,3742.0,15252,220176,569040080.0,3743.0,2,3742.0,25
rb1805,20170821,20170818,210655500,3743.0,15266,220186,569564120.0,3743.0,1,3742.0,26
rb1805,20170821,20170818,210656000,3743.0,15270,220188,569713840.0,3744.0,23,3743.0,1
rb1805,20170821,20170818,210656500,3744.0,15302,220204,570911920.0,3744.0,7,3743.0,5
rb1805,20170821,20170818,210657000,3743.0,15304,220204,570986780.0,3744.0,7,3743.0,4
rb1805,20170821,20170818,210657500,3744.0,15320,220200,571585800.0,3745.0,52,3744.0,13
rb1805,20170821,20170818,210658000,3744.0,15350,220176,572709000.0,3744.0,2,3743.0,4
rb1805,20170821,20170818,210658500,3743.0,15352,220178,572783860.0,3744.0,2,3743.0,3
rb1805,20170821,20170818,210659000,3743.0,15358,220184,573008440.0,3744.0,12,3742.0,28
rb1805,20170821,20170818,210659500,3744.0,15370,220178,573457720.0,3744.0,12,3743.0,1
rb1805,20170821,20170818,210700000,3744.0,15374,220178,573607480.0,3744.0,11,3743.0,3
rb1805,20170821,20170818,210700500,3744.0,15380,220176,573832080.0,3744.0,12,3743.0,1
rb1805,20170821,20170818,210701000,3743.0,15384,220180,573981800.0,3743.0,1,3742.0,28
rb1805,20170821,20170818,210701500,3743.0,15388,220182,574131520.0,3744.0,17,3743.0,2
rb1805,20170821,20170818,210702000,3743.0,15394,220182,574356120.0,3744.0,16,3742.0,22
rb1805,20170821,20170818,210702500,3743.0,15396,220182,574430980.0,3743.0,2,3742.0,27
rb1805,20170821,20170818,210703000,3743.0,15404,220184,574730420.0,3744.0,11,3743.0,1
rb1805,20170821,20170818,210703500,3743.0,15416,220178,575179680.0,3744.0,12,3742.0,18
rb1805,20170821,20170818,210704000,3743.0,15416,220178,575179680.0,3744.0,12,3742.0,18
rb1805,20170821,20170818,210704500,3742.0,15426,220170,575553880.0,3743.0,2,3742.0,13
rb1805,20170821,20170818,210705000,3742.0,15442,220168,576152780.0,3743.0,1,3742.0,10
rb1805,20170821,20170818,210705500,3743.0,15448,220170,576377360.0,3743.0,14,3742.0,10
rb1805,20170821,20170818,210706000,3743.0,15456,220170,576676740.0,3743.0,13,3742.0,7
rb1805,20170821,20170818,210706500,3743.0,15456,220170,576676740.0,3743.0,10,3742.0,7
rb1805,20170821,20170818,210707000,3742.0,15460,220170,576826420.0,3743.0,10,3742.0,10
rb1805,20170821,20170818,210707500,3742.0,15464,220170,576976100.0,3743.0,11,3742.0,4
rb1805,20170821,20170818,210708000,3742.0,15466,220172,577050940.0,3743.0,12,3742.0,4
rb1805,20170821,20170818,210708500,3743.0,15484,220170,577724680.0,3743.0,5,3742.0,9
rb1805,20170821,20170818,210709000,3743.0,15484,220170,577724680.0,3743.0,9,3742.0,4
rb1805,20170821,20170818,210709500,3742.0,15496,220178,578173740.0,3743.0,8,3742.0,4
rb1805,20170821,20170818,210710000,3742.0,15496,220178,578173740.0,3743.0,10,3742.0,6
rb1805,20170821,20170818,210710500,3743.0,15508,220178,578622800.0,3743.0,23,3742.0,1
rb1805,20170821,20170818,210711000,3742.0,15510,220180,578697640.0,3742.0,13,3741.0,42
rb1805,20170821,20170818,210711500,3742.0,15510,220180,578697640.0,3742.0,11,3741.0,40
rb1805,20170821,20170818,210712000,3741.0,15512,220180,578772460.0,3742.0,15,3741.0,39
rb1805,20170821,20170818,210712500,3742.0,15524,220178,579221500.0,3742.0,9,3741.0,34
rb1805,20170821,20170818,210713000,3742.0,15552,220194,580269260.0,3743.0,48,3742.0,26
rb1805,20170821,20170818,210713500,3742.0,15606,220220,582289940.0,3742.0,19,3741.0,34
rb1805,20170821,20170818,210714000,3741.0,15608,220222,582364760.0,3742.0,19,3741.0,30
rb1805,20170821,20170818,210714500,3742.0,15610,220224,582439600.0,3742.0,18,3741.0,31
rb1805,20170821,20170818,210715000,3742.0,15710,220220,586180960.0,3743.0,48,3742.0,5
rb1805,20170821,20170818,210715500,3742.0,15720,220218,586555160.0,3742.0,34,3740.0,70
rb1805,20170821,20170818,210716000,3742.0,15722,220216,586630000.0,3742.0,28,3740.0,73
rb1805,20170821,20170818,210716500,3741.0,15724,220214,586704820.0,3742.0,28,3741.0,3
rb1805,20170821,20170818,210717000,3742.0,15728,220214,586854500.0,3742.0,28,3741.0,3
rb1805,20170821,20170818,210717500,3741.0,15740,220204,587303420.0,3742.0,28,3741.0,2
rb1805,20170821,20170818,210718000,3741.0,15742,220204,587378240.0,3742.0,28,3741.0,3
rb1805,20170821,20170818,210718500,3742.0,15746,220204,587527920.0,3742.0,27,3741.0,3
rb1805,20170821,20170818,210719000,3742.0,15746,220204,587527920.0,3742.0,27,3741.0,3
rb1805,20170821,20170818,210719500,3741.0,15760,220216,588051780.0,3742.0,24,3741.0,2
rb1805,20170821,20170818,210720000,3741.0,15764,220220,588201420.0,3741.0,7,3740.0,75
rb1805,20170821,20170818,210720500,3741.0,15778,220222,588725160.0,3742.0,25,3741.0,29
rb1805,20170821,20170818,210721000,3741.0,15782,220222,588874820.0,3742.0,24,3741.0,30
rb1805,20170821,20170818,210721500,3742.0,15784,220224,588949660.0,3742.0,23,3741.0,30
rb1805,20170821,20170818,210722000,3741.0,15790,220224,589174140.0,3742.0,22,3741.0,28
rb1805,20170821,20170818,210722500,3741.0,15798,220220,589473420.0,3742.0,22,3741.0,24
rb1805,20170821,20170818,210723000,3741.0,15798,220220,589473420.0,3742.0,22,3741.0,27
rb1805,20170821,20170818,210723500,3741.0,15808,220218,589847540.0,3742.0,22,3741.0,23
rb1805,20170821,20170818,210724000,3741.0,15808,220218,589847540.0,3742.0,22,3741.0,23
rb1805,20170821,20170818,210724500,3742.0,15810,220220,589922380.0,3742.0,21,3741.0,24
rb1805,20170821,20170818,210725000,3741.0,15816,220214,590146840.0,3742.0,21,3741.0,19
rb1805,20170821,20170818,210725500,3742.0,15818,220216,590221680.0,3742.0,20,3741.0,19
rb1805,20170821,20170818,210726000,3742.0,15818,220216,590221680.0,3742.0,20,3741.0,22
rb1805,20170821,20170818,210726500,3742.0,15820,220218,590296520.0,3742.0,29,3741.0,20
rb1805,20170821,20170818,210727000,3742.0,15828,220226,590595880.0,3742.0,35,3741.0,20
rb1805,20170821,20170818,210727500,3741.0,15838,220228,590970040.0,3742.0,34,3741.0,18
rb1805,20170821,20170818,210728000,3741.0,15950,220284,595160960.0,3743.0,68,3741.0,14
rb1805,20170821,20170818,210728500,3741.0,15950,220284,595160960.0,3743.0,68,3742.0,1
rb1805,20170821,20170818,210729000,3742.0,15962,220288,595610000.0,3742.0,30,3741.0,17
rb1805,20170821,20170818,210729500,3741.0,16000,220300,597031580.0,3741.0,3,3740.0,86
rb1805,20170821,20170818,210730000,3741.0,16008,220298,597330860.0,3741.0,7,3740.0,86
rb1805,20170821,20170818,210730500,3741.0,16010,220298,597405680.0,3741.0,6,3740.0,86
rb1805,20170821,20170818,210731000,3741.0,16010,220298,597405680.0,3741.0,6,3740.0,84
rb1805,20170821,20170818,210731500,3740.0,16018,220304,597704880.0,3741.0,6,3740.0,77
rb1805,20170821,20170818,210732000,3741.0,16024,220304,597929340.0,3741.0,7,3740.0,78
rb1805,20170821,20170818,210732500,3741.0,16026,220304,598004160.0,3741.0,3,3740.0,79
rb1805,20170821,20170818,210733000,3741.0,16026,220304,598004160.0,3741.0,1,3740.0,78
rb1805,20170821,20170818,210733500,3741.0,16026,220304,598004160.0,3741.0,6,3740.0,78
rb1805,20170821,20170818,210734000,3741.0,16028,220304,598078980.0,3741.0,5,3740.0,83
rb1805,20170821,20170818,210734500,3741.0,16030,220304,598153800.0,3741.0,10,3740.0,84
rb1805,20170821,20170818,210735000,3741.0,16030,220304,598153800.0,3741.0,10,3740.0,86
rb1805,20170821,20170818,210735500,3741.0,16030,220304,598153800.0,3741.0,10,3740.0,87
rb1805,20170821,20170818,210736000,3741.0,16030,220304,598153800.0,3741.0,10,3740.0,88
rb1805,20170821,20170818,210736500,3741.0,16032,220304,598228620.0,3741.0,10,3740.0,80
rb1805,20170821,20170818,210737000,3741.0,16032,220304,598228620.0,3741.0,6,3740.0,80
rb1805,20170821,20170818,210737500,3740.0,16038,220308,598453020.0,3741.0,10,3740.0,77
rb1805,20170821,20170818,210738000,3741.0,16040,220308,598527840.0,3741.0,9,3740.0,78
rb1805,20170821,20170818,210738500,3741.0,16040,220308,598527840.0,3741.0,5,3740.0,76
rb1805,20170821,20170818,210739000,3741.0,16040,220308,598527840.0,3741.0,6,3740.0,76
rb1805,20170821,20170818,210739500,3740.0,16046,220310,598752260.0,3741.0,19,3740.0,74
rb1805,20170821,20170818,210740000,3740.0,16046,220310,598752260.0,3741.0,20,3740.0,77
rb1805,20170821,20170818,210740500,3740.0,16052,220310,598976660.0,3741.0,22,3740.0,71
rb1805,20170821,20170818,210741000,3740.0,16076,220320,599874260.0,3741.0,23,3740.0,58
rb1805,20170821,20170818,210741500,3740.0,16218,220372,605185060.0,3740.0,20,3739.0,21
rb1805,20170821,20170818,210742000,3739.0,16220,220372,605259840.0,3740.0,20,3739.0,23
rb1805,20170821,20170818,210742500,3739.0,16238,220378,605932860.0,3740.0,64,3739.0,14
rb1805,20170821,20170818,210743000,3739.0,16250,220372,606381560.0,3740.0,112,3739.0,9
rb1805,20170821,20170818,210743500,3739.0,16268,220376,607054580.0,3739.0,40,3738.0,11
rb1805,20170821,20170818,210744000,3739.0,16272,220372,607204140.0,3739.0,28,3738.0,10
rb1805,20170821,20170818,210744500,3739.0,16272,220372,607204140.0,3739.0,28,3738.0,10
rb1805,20170821,20170818,210745000,3739.0,16274,220372,607278920.0,3739.0,27,3738.0,20
rb1805,20170821,20170818,210745500,3738.0,16314,220378,608774120.0,3738.0,21,3737.0,9
rb1805,20170821,20170818,210746000,3738.0,16314,220378,608774120.0,3738.0,15,3736.0,5
rb1805,20170821,20170818,210746500,3738.0,16316,220378,608848880.0,3738.0,14,3736.0,14
rb1805,20170821,20170818,210747000,3738.0,16316,220378,608848880.0,3738.0,15,3737.0,2
rb1805,20170821,20170818,210747500,3737.0,16320,220380,608998380.0,3738.0,14,3737.0,3
rb1805,20170821,20170818,210748000,3737.0,16320,220380,608998380.0,3738.0,15,3737.0,3
rb1805,20170821,20170818,210748500,3737.0,16322,220380,609073120.0,3738.0,27,3737.0,4
rb1805,20170821,20170818,210749000,3737.0,16322,220380,609073120.0,3738.0,27,3737.0,4
rb1805,20170821,20170818,210749500,3738.0,16326,220380,609222640.0,3738.0,26,3737.0,6
rb1805,20170821,20170818,210750000,3737.0,16328,220380,609297380.0,3738.0,26,3737.0,5
rb1805,20170821,20170818,210750500,3737.0,16342,220368,609820560.0,3737.0,44,3736.0,19
rb1805,20170821,20170818,210751000,3737.0,16432,220296,613183860.0,3738.0,27,3737.0,12
rb1805,20170821,20170818,210751500,3738.0,16434,220296,613258620.0,3738.0,26,3737.0,17
rb1805,20170821,20170818,210752000,3738.0,16436,220298,613333380.0,3738.0,23,3737.0,19
rb1805,20170821,20170818,210752500,3738.0,16436,220298,613333380.0,3738.0,23,3737.0,19
rb1805,20170821,20170818,210753000,3738.0,16438,220300,613408140.0,3738.0,26,3737.0,19
rb1805,20170821,20170818,210753500,3738.0,16438,220300,613408140.0,3738.0,27,3737.0,25
rb1805,20170821,20170818,210754000,3738.0,16438,220300,613408140.0,3738.0,27,3737.0,26
rb1805,20170821,20170818,210754500,3737.0,16440,220300,613482880.0,3738.0,37,3737.0,27
rb1805,20170821,20170818,210755000,3738.0,16446,220302,613707140.0,3738.0,36,3737.0,26
rb1805,20170821,20170818,210755500,3738.0,16446,220302,613707140.0,3738.0,37,3737.0,22
rb1805,20170821,20170818,210756000,3737.0,16450,220304,613856640.0,3738.0,36,3737.0,19
rb1805,20170821,20170818,210756500,3737.0,16450,220304,613856640.0,3738.0,37,3737.0,19
rb1805,20170821,20170818,210757000,3737.0,16450,220304,613856640.0,3738.0,37,3737.0,28
rb1805,20170821,20170818,210757500,3738.0,16454,220304,614006140.0,3738.0,36,3737.0,28
rb1805,20170821,20170818,210758000,3738.0,16466,220306,614454600.0,3738.0,35,3737.0,23
rb1805,20170821,20170818,210758500,3737.0,16470,220302,614604080.0,3738.0,41,3737.0,30
rb1805,20170821,20170818,210759000,3738.0,16472,220304,614678840.0,3738.0,40,3737.0,42
rb1805,20170821,20170818,210759500,3738.0,16472,220304,614678840.0,3738.0,40,3737.0,50
rb1805,20170821,20170818,210800000,3738.0,16472,220304,614678840.0,3738.0,40,3737.0,50
rb1805,20170821,20170818,210800500,3738.0,16474,220306,614753600.0,3738.0,39,3737.0,50
rb1805,20170821,20170818,210801000,3737.0,16478,220308,614903080.0,3738.0,38,3737.0,48
rb1805,20170821,20170818,210801500,3737.0,16478,220308,614903080.0,3738.0,38,3737.0,51
rb1805,20170821,20170818,210802000,3737.0,16478,220308,614903080.0,3738.0,42,3737.0,51
rb1805,20170821,20170818,210802500,3737.0,16488,220318,615276780.0,3738.0,42,3737.0,46
rb1805,20170821,20170818,210803000,3738.0,16520,220340,616472940.0,3738.0,26,3737.0,45
rb1805,20170821,20170818,210803500,3738.0,16520,220340,616472940.0,3738.0,26,3737.0,47
rb1805,20170821,20170818,210804000,3738.0,16528,220338,616771980.0,3738.0,28,3737.0,48
rb1805,20170821,20170818,210804500,3738.0,16530,220338,616846740.0,3738.0,27,3737.0,48
rb1805,20170821,20170818,210805000,3738.0,16532,220340,616921500.0,3738.0,26,3737.0,48
rb1805,20170821,20170818,210805500,3737.0,16536,220344,617071000.0,3738.0,25,3737.0,48
rb1805,20170821,20170818,210806000,3738.0,16538,220346,617145760.0,3738.0,24,3737.0,48
rb1805,20170821,20170818,210806500,3738.0,16590,220354,619089520.0,3739.0,4,3737.0,48
rb1805,20170821,20170818,210807000,3737.0,16598,220362,619388480.0,3738.0,1,3737.0,49
rb1805,20170821,20170818,210807500,3738.0,16600,220362,619463240.0,3739.0,4,3738.0,26
rb1805,20170821,20170818,210808000,3739.0,16608,220366,619762360.0,3740.0,95,3739.0,8
rb1805,20170821,20170818,210808500,3740.0,16652,220346,621407920.0,3740.0,75,3739.0,6
rb1805,20170821,20170818,210809000,3740.0,16698,220322,623128320.0,3740.0,52,3739.0,21
rb1805,20170821,20170818,210809500,3740.0,16804,220424,627092720.0,3741.0,6,3740.0,8
rb1805,20170821,20170818,210810000,3740.0,16816,220424,627541620.0,3741.0,1,3740.0,7
rb1805,20170821,20170818,210810500,3740.0,16816,220424,627541620.0,3741.0,1,3740.0,17
rb1805,20170821,20170818,210811000,3741.0,16818,220422,627616440.0,3742.0,16,3740.0,21
rb1805,20170821,20170818,210811500,3740.0,16820,220422,627691240.0,3742.0,17,3740.0,18
rb1805,20170821,20170818,210812000,3741.0,16824,220422,627840880.0,3742.0,23,3740.0,10
rb1805,20170821,20170818,210812500,3740.0,16828,220424,627990480.0,3742.0,23,3740.0,8
rb1805,20170821,20170818,210813000,3742.0,16838,220416,628364680.0,3742.0,18,3740.0,9
rb1805,20170821,20170818,210813500,3742.0,16838,220416,628364680.0,3742.0,17,3740.0,23
rb1805,20170821,20170818,210814000,3742.0,16838,220416,628364680.0,3742.0,16,3741.0,3
rb1805,20170821,20170818,210814500,3742.0,16850,220422,628813700.0,3742.0,16,3741.0,2
rb1805,20170821,20170818,210815000,3742.0,16854,220424,628963380.0,3742.0,14,3741.0,2
rb1805,20170821,20170818,210815500,3741.0,16858,220422,629113020.0,3742.0,15,3740.0,27
rb1805,20170821,20170818,210816000,3742.0,16872,220420,629636900.0,3741.0,1,3740.0,32
rb1805,20170821,20170818,210816500,3741.0,16874,220420,629711720.0,3742.0,10,3741.0,6
rb1805,20170821,20170818,210817000,3740.0,16886,220428,630160600.0,3741.0,2,3740.0,37
rb1805,20170821,20170818,210817500,3741.0,16902,220432,630759240.0,3741.0,29,3740.0,38
rb1805,20170821,20170818,210818000,3741.0,16914,220432,631208140.0,3741.0,25,3740.0,30
rb1805,20170821,20170818,210818500,3741.0,16914,220432,631208140.0,3741.0,25,3740.0,26
rb1805,20170821,20170818,210819000,3741.0,16956,220392,632779360.0,3741.0,5,3740.0,26
rb1805,20170821,20170818,210820000,3740.0,16958,220392,632854160.0,3741.0,5,3740.0,27
rb1805,20170821,20170818,210820500,3740.0,16958,220392,632854160.0,3741.0,5,3740.0,27
rb1805,20170821,20170818,210821000,3740.0,16958,220392,632854160.0,3741.0,5,3740.0,29
rb1805,20170821,20170818,210821500,3740.0,16958,220392,632854160.0,3741.0,7,3740.0,29
rb1805,20170821,20170818,210822000,3740.0,16958,220392,632854160.0,3741.0,19,3740.0,30
rb1805,20170821,20170818,210822500,3740.0,16960,220394,632928960.0,3741.0,22,3740.0,27
rb1805,20170821,20170818,210823000,3740.0,16960,220394,632928960.0,3741.0,22,3740.0,27
rb1805,20170821,20170818,210823500,3740.0,16960,220394,632928960.0,3741.0,27,3740.0,27
rb1805,20170821,20170818,210824000,3741.0,16970,220384,633303060.0,3741.0,24,3740.0,27
rb1805,20170821,20170818,210824500,3741.0,16970,220384,633303060.0,3741.0,24,3740.0,27
rb1805,20170821,20170818,210825000,3740.0,16990,220384,634051060.0,3741.0,25,3740.0,17
rb1805,20170821,20170818,210825500,3740.0,16990,220384,634051060.0,3741.0,26,3740.0,19
rb1805,20170821,20170818,210826000,3740.0,16990,220384,634051060.0,3741.0,26,3740.0,12
rb1805,20170821,20170818,210826500,3740.0,16990,220384,634051060.0,3741.0,27,3740.0,12
rb1805,20170821,20170818,210827000,3740.0,17014,220380,634948660.0,3740.0,65,3739.0,12
rb1805,20170821,20170818,210827500,3739.0,17020,220374,635173000.0,3740.0,65,3739.0,9
rb1805,20170821,20170818,210828000,3739.0,17028,220368,635472120.0,3740.0,66,3739.0,3
rb1805,20170821,20170818,210828500,3739.0,17034,220368,635696460.0,3740.0,67,3738.0,18
rb1805,20170821,20170818,210829000,3740.0,17036,220368,635771260.0,3740.0,67,3738.0,18
rb1805,20170821,20170818,210829500,3740.0,17036,220368,635771260.0,3740.0,67,3739.0,1
rb1805,20170821,20170818,210830000,3739.0,17038,220368,635846040.0,3740.0,67,3738.0,33
rb1805,20170821,20170818,210830500,3740.0,17050,220368,636294800.0,3740.0,63,3738.0,34
rb1805,20170821,20170818,210831500,3740.0,17050,220368,636294800.0,3740.0,73,3738.0,34
rb1805,20170821,20170818,210832000,3740.0,17050,220368,636294800.0,3740.0,73,3739.0,8
rb1805,20170821,20170818,210832500,3740.0,17050,220368,636294800.0,3740.0,72,3739.0,8
rb1805,20170821,20170818,210833000,3739.0,17068,220370,636967820.0,3739.0,8,3738.0,33
rb1805,20170821,20170818,210833500,3739.0,17078,220374,637341640.0,3739.0,22,3738.0,26
rb1805,20170821,20170818,210834000,3739.0,17122,220376,638986800.0,3740.0,70,3739.0,20
rb1805,20170821,20170818,210834500,3739.0,17122,220376,638986800.0,3740.0,73,3739.0,20
rb1805,20170821,20170818,210835000,3739.0,17122,220376,638986800.0,3740.0,73,3739.0,20
rb1805,20170821,20170818,210835500,3739.0,17132,220372,639360700.0,3740.0,73,3739.0,15
rb1805,20170821,20170818,210836000,3739.0,17132,220372,639360700.0,3740.0,73,3739.0,15
rb1805,20170821,20170818,210836500,3739.0,17162,220366,640482400.0,3739.0,55,3738.0,31
rb1805,20170821,20170818,210837000,3739.0,17172,220372,640856280.0,3739.0,26,3738.0,29
rb1805,20170821,20170818,210837500,3739.0,17172,220372,640856280.0,3739.0,22,3738.0,31
rb1805,20170821,20170818,210838000,3739.0,17172,220372,640856280.0,3739.0,22,3738.0,31
rb1805,20170821,20170818,210838500,3739.0,17172,220372,640856280.0,3739.0,22,3738.0,32
rb1805,20170821,20170818,210839000,3739.0,17174,220374,640931060.0,3739.0,22,3738.0,32
rb1805,20170821,20170818,210839500,3739.0,17176,220376,641005840.0,3739.0,21,3738.0,32
rb1805,20170821,20170818,210840000,3739.0,17206,220394,642127540.0,3739.0,6,3738.0,32
rb1805,20170821,20170818,210840500,3739.0,17208,220394,642202320.0,3739.0,5,3738.0,32
rb1805,20170821,20170818,210841000,3739.0,17208,220394,642202320.0,3739.0,5,3738.0,32
rb1805,20170821,20170818,210841500,3738.0,17228,220386,642949920.0,3739.0,5,3738.0,22
rb1805,20170821,20170818,210842000,3739.0,17230,220388,643024700.0,3739.0,5,3738.0,22
rb1805,20170821,20170818,210842500,3739.0,17230,220388,643024700.0,3739.0,5,3738.0,23
rb1805,20170821,20170818,210843000,3739.0,17230,220388,643024700.0,3739.0,5,3738.0,23
rb1805,20170821,20170818,210843500,3738.0,17236,220388,643249020.0,3739.0,3,3738.0,24
rb1805,20170821,20170818,210844000,3738.0,17236,220388,643249020.0,3739.0,6,3738.0,24
rb1805,20170821,20170818,210844500,3738.0,17284,220356,645043260.0,3738.0,26,3737.0,51
rb1805,20170821,20170818,210845000,3738.0,17296,220356,645491820.0,3738.0,20,3737.0,46
rb1805,20170821,20170818,210845500,3738.0,17298,220356,645566580.0,3738.0,19,3737.0,46
rb1805,20170821,20170818,210846000,3738.0,17298,220356,645566580.0,3738.0,19,3737.0,46
rb1805,20170821,20170818,210846500,3738.0,17298,220356,645566580.0,3738.0,19,3737.0,46
rb1805,20170821,20170818,210847000,3738.0,17300,220356,645641340.0,3738.0,18,3737.0,46
rb1805,20170821,20170818,210847500,3737.0,17304,220356,645790820.0,3738.0,18,3737.0,44
rb1805,20170821,20170818,210848000,3738.0,17306,220356,645865580.0,3738.0,17,3737.0,44
rb1805,20170821,20170818,210848500,3738.0,17390,220352,649004760.0,3738.0,14,3737.0,7
rb1805,20170821,20170818,210849000,3738.0,17424,220324,650275380.0,3738.0,12,3736.0,30
rb1805,20170821,20170818,210849500,3738.0,17424,220324,650275380.0,3738.0,12,3737.0,1
rb1805,20170821,20170818,210850000,3737.0,17430,220320,650499600.0,3738.0,15,3736.0,28
rb1805,20170821,20170818,210850500,3737.0,17432,220318,650574340.0,3737.0,13,3736.0,28
rb1805,20170821,20170818,210851000,3737.0,17432,220318,650574340.0,3737.0,9,3736.0,29
rb1805,20170821,20170818,210851500,3736.0,17434,220318,650649060.0,3737.0,9,3736.0,28
rb1805,20170821,20170818,210852000,3736.0,17434,220318,650649060.0,3737.0,12,3736.0,28
rb1805,20170821,20170818,210852500,3736.0,17490,220282,652741220.0,3736.0,22,3735.0,36
rb1805,20170821,20170818,210853000,3736.0,17494,220280,652890640.0,3736.0,22,3735.0,36
rb1805,20170821,20170818,210854000,3736.0,17494,220280,652890640.0,3736.0,22,3735.0,36
rb1805,20170821,20170818,210854500,3735.0,17506,220284,653338840.0,3736.0,26,3735.0,31
rb1805,20170821,20170818,210855000,3735.0,17508,220284,653413540.0,3736.0,22,3735.0,30
rb1805,20170821,20170818,210855500,3735.0,17514,220284,653637660.0,3736.0,21,3735.0,28
rb1805,20170821,20170818,210856000,3735.0,17520,220288,653861760.0,3736.0,25,3735.0,27
rb1805,20170821,20170818,210856500,3735.0,17520,220288,653861760.0,3736.0,25,3735.0,27
rb1805,20170821,20170818,210857000,3735.0,17520,220288,653861760.0,3736.0,25,3735.0,28
rb1805,20170821,20170818,210857500,3736.0,17526,220284,654085900.0,3736.0,23,3735.0,27
rb1805,20170821,20170818,210858000,3736.0,17526,220284,654085900.0,3736.0,23,3735.0,25
rb1805,20170821,20170818,210858500,3736.0,17528,220282,654160620.0,3736.0,22,3735.0,25
rb1805,20170821,20170818,210859000,3735.0,17532,220282,654310020.0,3736.0,26,3735.0,22
rb1805,20170821,20170818,210859500,3736.0,17534,220280,654384740.0,3736.0,25,3735.0,22
rb1805,20170821,20170818,210900000,3736.0,17536,220280,654459460.0,3736.0,26,3735.0,23
rb1805,20170821,20170818,210900500,3736.0,17536,220280,654459460.0,3736.0,29,3735.0,23
rb1805,20170821,20170818,210901000,3736.0,17540,220276,654608900.0,3736.0,27,3735.0,25
rb1805,20170821,20170818,210901500,3735.0,17542,220276,654683600.0,3736.0,28,3735.0,24
rb1805,20170821,20170818,210902000,3735.0,17546,220278,654833020.0,3736.0,27,3735.0,23
rb1805,20170821,20170818,210902500,3735.0,17546,220278,654833020.0,3736.0,28,3735.0,25
rb1805,20170821,20170818,210903000,3735.0,17622,220294,657671860.0,3735.0,26,3734.0,14
rb1805,20170821,20170818,210903500,3735.0,17626,220298,657821240.0,3735.0,25,3734.0,17
rb1805,20170821,20170818,210904000,3735.0,17626,220298,657821240.0,3735.0,29,3734.0,17
rb1805,20170821,20170818,210904500,3734.0,17652,220286,658792140.0,3735.0,26,3734.0,7
rb1805,20170821,20170818,210905000,3733.0,17676,220272,659688200.0,3735.0,26,3733.0,58
rb1805,20170821,20170818,210905500,3733.0,17694,220260,660360140.0,3735.0,26,3734.0,11
rb1805,20170821,20170818,210906000,3735.0,17702,220260,660658940.0,3735.0,22,3734.0,21
rb1805,20170821,20170818,210906500,3735.0,17708,220258,660883000.0,3735.0,23,3734.0,31
rb1805,20170821,20170818,210907000,3735.0,17708,220258,660883000.0,3735.0,23,3734.0,31
rb1805,20170821,20170818,210907500,3735.0,17712,220260,661032380.0,3735.0,22,3734.0,30
rb1805,20170821,20170818,210908000,3735.0,17712,220260,661032380.0,3735.0,22,3734.0,31
rb1805,20170821,20170818,210908500,3735.0,17716,220262,661181760.0,3735.0,21,3734.0,30
rb1805,20170821,20170818,210909000,3734.0,17726,220252,661555160.0,3735.0,21,3734.0,23
rb1805,20170821,20170818,210909500,3734.0,17738,220254,662003240.0,3735.0,21,3734.0,17
rb1805,20170821,20170818,210910000,3734.0,17738,220254,662003240.0,3735.0,21,3734.0,17
rb1805,20170821,20170818,210910500,3735.0,17748,220246,662376660.0,3735.0,21,3734.0,14
rb1805,20170821,20170818,210911000,3734.0,17750,220246,662451340.0,3735.0,22,3734.0,13
rb1805,20170821,20170818,210911500,3734.0,17752,220246,662526020.0,3735.0,23,3734.0,58
rb1805,20170821,20170818,210912000,3734.0,17752,220246,662526020.0,3735.0,23,3734.0,58
rb1805,20170821,20170818,210912500,3734.0,17758,220244,662750060.0,3735.0,23,3734.0,56
rb1805,20170821,20170818,210913000,3735.0,17762,220246,662899440.0,3735.0,22,3734.0,55
rb1805,20170821,20170818,210913500,3735.0,17762,220246,662899440.0,3735.0,22,3734.0,55
rb1805,20170821,20170818,210914000,3735.0,17762,220246,662899440.0,3735.0,22,3734.0,56
rb1805,20170821,20170818,210914500,3735.0,17764,220248,662974140.0,3735.0,21,3734.0,56
rb1805,20170821,20170818,210915000,3735.0,17764,220248,662974140.0,3735.0,22,3734.0,62
rb1805,20170821,20170818,210915500,3735.0,17766,220250,663048840.0,3735.0,21,3734.0,63
rb1805,20170821,20170818,210916000,3735.0,17766,220250,663048840.0,3735.0,33,3734.0,63
rb1805,20170821,20170818,210916500,3735.0,17768,220252,663123540.0,3735.0,32,3734.0,65
rb1805,20170821,20170818,210917000,3735.0,17776,220254,663422320.0,3735.0,29,3734.0,64
rb1805,20170821,20170818,210917500,3735.0,17778,220256,663497020.0,3735.0,28,3734.0,64
rb1805,20170821,20170818,210918500,3735.0,17778,220256,663497020.0,3735.0,26,3734.0,64
rb1805,20170821,20170818,210919000,3734.0,17798,220238,664243820.0,3735.0,37,3734.0,55
rb1805,20170821,20170818,210919500,3734.0,17798,220238,664243820.0,3735.0,37,3734.0,55
rb1805,20170821,20170818,210920000,3734.0,17812,220230,664766580.0,3735.0,30,3734.0,48
rb1805,20170821,20170818,210920500,3734.0,17816,220232,664915960.0,3735.0,29,3734.0,47
rb1805,20170821,20170818,210921000,3735.0,17844,220212,665961560.0,3735.0,30,3734.0,37
rb1805,20170821,20170818,210921500,3735.0,17852,220210,666260300.0,3735.0,29,3734.0,35
rb1805,20170821,20170818,210922000,3734.0,17854,220208,666334980.0,3735.0,34,3734.0,34
rb1805,20170821,20170818,210922500,3735.0,17884,220218,667455480.0,3735.0,20,3734.0,34
rb1805,20170821,20170818,210923000,3734.0,17888,220218,667604840.0,3735.0,20,3734.0,30
rb1805,20170821,20170818,210923500,3734.0,17888,220218,667604840.0,3735.0,20,3734.0,30
rb1805,20170821,20170818,210924000,3734.0,17892,220214,667754200.0,3735.0,20,3734.0,29
rb1805,20170821,20170818,210924500,3734.0,17894,220212,667828880.0,3735.0,20,3734.0,34
rb1805,20170821,20170818,210925000,3734.0,17898,220208,667978240.0,3735.0,20,3734.0,32
rb1805,20170821,20170818,210925500,3734.0,17962,220182,670368000.0,3735.0,27,3733.0,60
rb1805,20170821,20170818,210926000,3733.0,17972,220192,670741300.0,3734.0,10,3733.0,55
rb1805,20170821,20170818,210926500,3734.0,17984,220194,671189300.0,3734.0,8,3733.0,51
rb1805,20170821,20170818,210927000,3734.0,17988,220198,671338660.0,3734.0,11,3733.0,51
rb1805,20170821,20170818,210927500,3733.0,17992,220198,671487980.0,3734.0,116,3733.0,49
rb1805,20170821,20170818,210928000,3733.0,18090,220288,675146320.0,3733.0,12,3732.0,23
rb1805,20170821,20170818,210928500,3733.0,18102,220278,675594180.0,3734.0,121,3732.0,18
rb1805,20170821,20170818,210929000,3733.0,18102,220278,675594180.0,3733.0,8,3732.0,18
rb1805,20170821,20170818,210929500,3732.0,18106,220280,675743460.0,3733.0,8,3732.0,16
rb1805,20170821,20170818,210930000,3732.0,18110,220280,675892740.0,3733.0,9,3732.0,15
rb1805,20170821,20170818,210930500,3732.0,18110,220280,675892740.0,3733.0,10,3732.0,20
rb1805,20170821,20170818,210931000,3732.0,18110,220280,675892740.0,3733.0,10,3732.0,22
rb1805,20170821,20170818,210931500,3733.0,18136,220278,676863300.0,3733.0,13,3732.0,21
rb1805,20170821,20170818,210932000,3732.0,18182,220268,678580020.0,3732.0,47,3731.0,43
rb1805,20170821,20170818,210932500,3732.0,18190,220260,678878580.0,3732.0,45,3731.0,55
rb1805,20170821,20170818,210933000,3732.0,18198,220260,679177140.0,3732.0,41,3731.0,57
rb1805,20170821,20170818,210933500,3731.0,18206,220254,679475660.0,3732.0,39,3731.0,56
rb1805,20170821,20170818,210934000,3731.0,18214,220248,679774140.0,3732.0,39,3731.0,53
rb1805,20170821,20170818,210934500,3732.0,18226,220242,680221880.0,3732.0,38,3731.0,49
rb1805,20170821,20170818,210935000,3732.0,18310,220202,683356760.0,3733.0,14,3732.0,6
rb1805,20170821,20170818,210935500,3732.0,18316,220198,683580680.0,3733.0,14,3732.0,5
rb1805,20170821,20170818,210936000,3731.0,18344,220196,684625500.0,3733.0,14,3732.0,1
rb1805,20170821,20170818,210936500,3732.0,18350,220194,684849420.0,3732.0,1,3731.0,52
rb1805,20170821,20170818,210937000,3732.0,18352,220196,684924060.0,3732.0,2,3731.0,40
rb1805,20170821,20170818,210937500,3732.0,18352,220196,684924060.0,3732.0,2,3731.0,44
rb1805,20170821,20170818,210938000,3732.0,18354,220194,684998700.0,3732.0,3,3731.0,56
rb1805,20170821,20170818,210938500,3731.0,18360,220194,685222560.0,3732.0,3,3731.0,42
rb1805,20170821,20170818,210939000,3731.0,18360,220194,685222560.0,3732.0,3,3731.0,42
rb1805,20170821,20170818,210939500,3732.0,18408,220202,687013480.0,3732.0,8,3731.0,20
rb1805,20170821,20170818,210940000,3731.0,18458,220216,688878980.0,3731.0,5,3730.0,153
rb1805,20170821,20170818,210940500,3731.0,18472,220210,689401340.0,3732.0,15,3731.0,16
rb1805,20170821,20170818,210941000,3731.0,18492,220210,690147540.0,3732.0,15,3731.0,10
rb1805,20170821,20170818,210941500,3731.0,18504,220204,690595280.0,3732.0,14,3731.0,7
rb1805,20170821,20170818,210942000,3731.0,18518,220192,691117620.0,3731.0,13,3730.0,152
rb1805,20170821,20170818,210942500,3731.0,18520,220192,691192240.0,3731.0,13,3730.0,152
rb1805,20170821,20170818,210943000,3731.0,18526,220192,691416080.0,3731.0,11,3730.0,151
rb1805,20170821,20170818,210943500,3730.0,18528,220192,691490680.0,3731.0,11,3730.0,170
rb1805,20170821,20170818,210944000,3730.0,18580,220152,693430280.0,3731.0,20,3730.0,162
rb1805,20170821,20170818,210944500,3730.0,18586,220152,693654080.0,3731.0,20,3730.0,146
rb1805,20170821,20170818,210945000,3730.0,18638,220154,695593780.0,3731.0,15,3730.0,124
rb1805,20170821,20170818,210945500,3731.0,18646,220150,695892240.0,3731.0,12,3730.0,134
