instrument,tradingday,calendarday,time,lastp,volume,openinterest,turnover,ask1,asksz1,bid1,bidsz1
rb1805,20171020,20171019,183133500,3537.0,0,758232,0.0,0.0,0,0.0,0
rb1805,20171020,20171019,205900500,3535.0,266,758250,9403100.0,3536.0,5,3535.0,32
rb1805,20171020,20171019,210000500,3535.0,574,758236,20302200.0,3537.0,7,3536.0,11
rb1805,20171020,20171019,210001000,3535.0,708,758278,25040340.0,3536.0,3,3535.0,11
rb1805,20171020,20171019,210001500,3535.0,766,758324,27090900.0,3535.0,3,3534.0,3
rb1805,20171020,20171019,210002000,3535.0,796,758330,28151420.0,3536.0,24,3535.0,31
rb1805,20171020,20171019,210002500,3536.0,894,758332,31616240.0,3537.0,3,3535.0,18
rb1805,20171020,20171019,210003000,3535.0,1068,758224,37767020.0,3535.0,58,3534.0,2
rb1805,20171020,20171019,210003500,3535.0,1248,758134,44130100.0,3537.0,4,3533.0,5
rb1805,20171020,20171019,210004000,3536.0,1282,758136,45332560.0,3536.0,5,3535.0,134
rb1805,20171020,20171019,210004500,3536.0,1320,758136,46676280.0,3537.0,8,3536.0,17
rb1805,20171020,20171019,210005000,3534.0,1418,758186,50141060.0,3535.0,4,3534.0,4
rb1805,20171020,20171019,210005500,3535.0,1842,758382,65123320.0,3535.0,10,3532.0,18
rb1805,20171020,20171019,210006000,3533.0,1950,758352,68940300.0,3533.0,66,3532.0,25
rb1805,20171020,20171019,210006500,3535.0,2306,758386,81518900.0,3535.0,9,3534.0,11
rb1805,20171020,20171019,210007000,3535.0,2388,758396,84418080.0,3536.0,7,3535.0,43
rb1805,20171020,20171019,210007500,3536.0,2500,758432,88378100.0,3538.0,6,3536.0,47
rb1805,20171020,20171019,210008000,3536.0,2640,758502,93328100.0,3536.0,26,3535.0,12
rb1805,20171020,20171019,210008500,3536.0,2776,758476,98136880.0,3537.0,7,3536.0,11
rb1805,20171020,20171019,210009000,3535.0,2860,758530,101106920.0,3535.0,2,3534.0,14
rb1805,20171020,20171019,210009500,3534.0,2866,758534,101319000.0,3535.0,3,3534.0,25
rb1805,20171020,20171019,210010000,3534.0,2930,758544,103581200.0,3534.0,7,3533.0,45
rb1805,20171020,20171019,210010500,3535.0,2952,758546,104358660.0,3535.0,23,3534.0,2
rb1805,20171020,20171019,210011000,3535.0,2958,758546,104570720.0,3535.0,22,3534.0,4
rb1805,20171020,20171019,210011500,3535.0,2976,758548,105206980.0,3535.0,16,3534.0,2
rb1805,20171020,20171019,210012000,3533.0,3084,758480,109024320.0,3534.0,1,3533.0,25
rb1805,20171020,20171019,210012500,3534.0,3096,758478,109448400.0,3534.0,4,3533.0,40
rb1805,20171020,20171019,210013000,3535.0,3154,758480,111498500.0,3536.0,34,3534.0,32
rb1805,20171020,20171019,210013500,3534.0,3174,758478,112205320.0,3535.0,20,3534.0,25
rb1805,20171020,20171019,210014000,3534.0,3286,758540,116163380.0,3535.0,21,3534.0,7
rb1805,20171020,20171019,210014500,3534.0,3322,758544,117435620.0,3535.0,32,3534.0,1
rb1805,20171020,20171019,210015000,3535.0,3356,758552,118637180.0,3534.0,1,3533.0,101
rb1805,20171020,20171019,210015500,3533.0,3414,758566,120687180.0,3534.0,21,3533.0,103
rb1805,20171020,20171019,210016000,3534.0,3444,758546,121747380.0,3534.0,7,3533.0,105
rb1805,20171020,20171019,210016500,3535.0,3476,758558,122878340.0,3535.0,14,3534.0,9
rb1805,20171020,20171019,210017000,3534.0,3490,758564,123373160.0,3535.0,14,3534.0,13
rb1805,20171020,20171019,210017500,3534.0,3522,758566,124504340.0,3535.0,9,3534.0,21
rb1805,20171020,20171019,210018000,3534.0,3560,758574,125847280.0,3535.0,8,3534.0,12
rb1805,20171020,20171019,210018500,3534.0,3582,758572,126624780.0,3535.0,7,3534.0,9
rb1805,20171020,20171019,210019000,3535.0,3594,758576,127048880.0,3535.0,6,3534.0,7
rb1805,20171020,20171019,210019500,3535.0,3598,758578,127190280.0,3535.0,4,3534.0,14
rb1805,20171020,20171019,210020000,3534.0,3618,758582,127897160.0,3536.0,38,3534.0,54
rb1805,20171020,20171019,210020500,3536.0,3658,758606,129311560.0,3536.0,18,3535.0,15
rb1805,20171020,20171019,210021000,3535.0,3664,758606,129523660.0,3536.0,19,3535.0,12
rb1805,20171020,20171019,210021500,3536.0,3712,758654,131220940.0,3537.0,11,3536.0,48
rb1805,20171020,20171019,210022000,3537.0,3784,758702,133767580.0,3538.0,16,3537.0,39
rb1805,20171020,20171019,210022500,3537.0,3908,758796,138153580.0,3537.0,468,3536.0,78
rb1805,20171020,20171019,210023000,3536.0,3976,758794,140558060.0,3537.0,469,3536.0,36
rb1805,20171020,20171019,210023500,3536.0,4060,758766,143528300.0,3536.0,14,3535.0,27
rb1805,20171020,20171019,210024000,3536.0,4068,758764,143811180.0,3537.0,469,3535.0,27
rb1805,20171020,20171019,210024500,3536.0,4072,758768,143952640.0,3537.0,468,3536.0,51
rb1805,20171020,20171019,210025000,3537.0,4114,758786,145438080.0,3537.0,452,3536.0,47
rb1805,20171020,20171019,210025500,3537.0,4256,758914,150460600.0,3537.0,382,3536.0,246
rb1805,20171020,20171019,210026000,3537.0,4606,759188,162840060.0,3537.0,210,3536.0,254
rb1805,20171020,20171019,210026500,3537.0,4718,759278,166801480.0,3537.0,155,3536.0,253
rb1805,20171020,20171019,210027000,3537.0,4856,759376,171682500.0,3537.0,88,3536.0,245
rb1805,20171020,20171019,210027500,3537.0,5084,759562,179747500.0,3539.0,1,3537.0,67
rb1805,20171020,20171019,210028000,3539.0,5110,759558,180667420.0,3539.0,1,3538.0,7
rb1805,20171020,20171019,210028500,3539.0,5122,759558,181092100.0,3540.0,8,3539.0,30
rb1805,20171020,20171019,210029000,3539.0,5156,759564,182295660.0,3541.0,17,3539.0,33
rb1805,20171020,20171019,210029500,3541.0,5202,759546,183924040.0,3541.0,22,3539.0,26
rb1805,20171020,20171019,210030000,3541.0,5276,759550,186544000.0,3541.0,19,3539.0,29
rb1805,20171020,20171019,210030500,3541.0,5318,759554,188031140.0,3542.0,69,3541.0,1
rb1805,20171020,20171019,210031000,3541.0,5352,759546,189235040.0,3541.0,42,3540.0,14
rb1805,20171020,20171019,210031500,3540.0,5380,759540,190226240.0,3540.0,4,3539.0,27
rb1805,20171020,20171019,210032000,3541.0,5504,759554,194616640.0,3541.0,10,3539.0,26
rb1805,20171020,20171019,210032500,3540.0,5512,759554,194899820.0,3540.0,1,3539.0,25
rb1805,20171020,20171019,210033000,3541.0,5518,759558,195112260.0,3541.0,16,3539.0,25
rb1805,20171020,20171019,210033500,3539.0,5556,759572,196457680.0,3541.0,21,3539.0,22
rb1805,20171020,20171019,210034000,3540.0,5590,759598,197661020.0,3540.0,1,3539.0,26
rb1805,20171020,20171019,210034500,3541.0,5602,759596,198085920.0,3541.0,21,3540.0,5
rb1805,20171020,20171019,210035000,3541.0,5668,759586,200422680.0,3542.0,72,3541.0,30
rb1805,20171020,20171019,210035500,3540.0,5730,759530,202618080.0,3541.0,55,3540.0,11
rb1805,20171020,20171019,210036000,3541.0,5734,759534,202759720.0,3541.0,46,3540.0,17
rb1805,20171020,20171019,210036500,3541.0,5828,759608,206088260.0,3542.0,73,3541.0,8
rb1805,20171020,20171019,210037000,3539.0,6010,759702,212531240.0,3542.0,63,3539.0,14
rb1805,20171020,20171019,210037500,3540.0,6024,759704,213026940.0,3541.0,3,3540.0,27
rb1805,20171020,20171019,210038000,3541.0,6100,759690,215717520.0,3542.0,66,3541.0,15
rb1805,20171020,20171019,210038500,3541.0,6158,759682,217771300.0,3541.0,8,3540.0,2
rb1805,20171020,20171019,210039000,3540.0,6176,759682,218408520.0,3540.0,23,3539.0,29
rb1805,20171020,20171019,210039500,3540.0,6224,759698,220107580.0,3540.0,6,3539.0,19
rb1805,20171020,20171019,210040000,3540.0,6234,759702,220461580.0,3540.0,11,3539.0,20
rb1805,20171020,20171019,210040500,3539.0,6244,759710,220815540.0,3540.0,14,3539.0,12
rb1805,20171020,20171019,210041000,3540.0,6282,759728,222160480.0,3540.0,4,3539.0,5
rb1805,20171020,20171019,210041500,3539.0,6326,759764,223717680.0,3539.0,30,3538.0,14
rb1805,20171020,20171019,210042000,3540.0,6390,759786,225982680.0,3541.0,41,3540.0,24
rb1805,20171020,20171019,210042500,3541.0,6450,759842,228106760.0,3541.0,97,3540.0,6
rb1805,20171020,20171019,210043000,3541.0,6456,759848,228319200.0,3541.0,111,3540.0,3
rb1805,20171020,20171019,210043500,3541.0,6562,759824,232072660.0,3541.0,58,3540.0,4
rb1805,20171020,20171019,210044000,3541.0,6562,759824,232072660.0,3541.0,62,3540.0,11
rb1805,20171020,20171019,210044500,3540.0,6564,759824,232143460.0,3541.0,63,3540.0,19
rb1805,20171020,20171019,210045000,3540.0,6602,759858,233488980.0,3541.0,49,3540.0,16
rb1805,20171020,20171019,210045500,3540.0,6620,759876,234126240.0,3541.0,47,3540.0,10
rb1805,20171020,20171019,210046000,3541.0,6722,759866,237738060.0,3542.0,80,3540.0,16
rb1805,20171020,20171019,210046500,3541.0,6736,759870,238233740.0,3542.0,79,3541.0,3
rb1805,20171020,20171019,210047000,3542.0,6738,759870,238304580.0,3542.0,79,3541.0,16
rb1805,20171020,20171019,210047500,3542.0,6876,759808,243192260.0,3542.0,39,3541.0,2
rb1805,20171020,20171019,210048000,3541.0,6886,759810,243546400.0,3542.0,39,3541.0,33
rb1805,20171020,20171019,210048500,3542.0,6922,759818,244821260.0,3542.0,34,3541.0,23
rb1805,20171020,20171019,210049000,3541.0,6924,759820,244892080.0,3542.0,34,3541.0,33
rb1805,20171020,20171019,210049500,3542.0,6926,759820,244962920.0,3542.0,40,3541.0,28
rb1805,20171020,20171019,210050000,3541.0,6932,759824,245175420.0,3542.0,39,3541.0,30
rb1805,20171020,20171019,210050500,3542.0,6990,759802,247229600.0,3542.0,13,3541.0,21
rb1805,20171020,20171019,210051000,3542.0,7028,759808,248575560.0,3543.0,35,3542.0,51
rb1805,20171020,20171019,210051500,3543.0,7042,759816,249071560.0,3543.0,31,3542.0,38
rb1805,20171020,20171019,210052000,3544.0,7128,759828,252118740.0,3544.0,32,3543.0,1
rb1805,20171020,20171019,210052500,3542.0,7208,759864,254953380.0,3544.0,13,3543.0,5
rb1805,20171020,20171019,210053000,3545.0,7254,759856,256583540.0,3545.0,107,3544.0,5
rb1805,20171020,20171019,210053500,3544.0,7368,759856,260623160.0,3544.0,58,3543.0,2
rb1805,20171020,20171019,210054000,3544.0,7428,759852,262749520.0,3544.0,31,3543.0,4
rb1805,20171020,20171019,210054500,3544.0,7456,759834,263741820.0,3544.0,84,3543.0,7
rb1805,20171020,20171019,210055000,3544.0,7508,759842,265584640.0,3544.0,57,3543.0,11
rb1805,20171020,20171019,210055500,3544.0,7522,759854,266080780.0,3544.0,73,3543.0,10
rb1805,20171020,20171019,210056000,3543.0,7560,759852,267427120.0,3543.0,4,3542.0,43
rb1805,20171020,20171019,210056500,3544.0,7614,759846,269340360.0,3544.0,83,3543.0,2
rb1805,20171020,20171019,210057000,3543.0,7636,759830,270119820.0,3544.0,91,3543.0,15
rb1805,20171020,20171019,210057500,3543.0,7668,759800,271253580.0,3543.0,9,3542.0,32
rb1805,20171020,20171019,210058000,3543.0,7676,759800,271537020.0,3543.0,32,3542.0,31
rb1805,20171020,20171019,210058500,3543.0,7706,759820,272599680.0,3543.0,30,3542.0,19
rb1805,20171020,20171019,210059000,3543.0,7752,759780,274229420.0,3543.0,28,3542.0,17
rb1805,20171020,20171019,210059500,3543.0,7760,759782,274512840.0,3543.0,26,3542.0,16
rb1805,20171020,20171019,210100000,3543.0,7808,759814,276213460.0,3543.0,4,3542.0,19
rb1805,20171020,20171019,210100500,3543.0,7816,759814,276496880.0,3543.0,2,3542.0,18
rb1805,20171020,20171019,210101000,3542.0,7864,759844,278197040.0,3542.0,31,3541.0,27
rb1805,20171020,20171019,210101500,3542.0,7980,759838,282305060.0,3542.0,10,3540.0,58
rb1805,20171020,20171019,210102000,3542.0,8014,759870,283509060.0,3542.0,51,3540.0,48
rb1805,20171020,20171019,210102500,3540.0,8110,759916,286907460.0,3540.0,10,3539.0,47
rb1805,20171020,20171019,210103000,3539.0,8210,759834,290446460.0,3539.0,89,3538.0,146
rb1805,20171020,20171019,210103500,3538.0,8324,759862,294479780.0,3539.0,89,3538.0,89
rb1805,20171020,20171019,210104000,3538.0,8566,759998,303042120.0,3538.0,6,3537.0,132
rb1805,20171020,20171019,210104500,3538.0,8788,760006,310896520.0,3539.0,19,3538.0,14
rb1805,20171020,20171019,210105000,3540.0,8934,760058,316064480.0,3541.0,64,3540.0,28
rb1805,20171020,20171019,210105500,3540.0,8990,760096,318046880.0,3541.0,63,3539.0,1
rb1805,20171020,20171019,210106000,3539.0,9006,760110,318613120.0,3540.0,6,3539.0,30
rb1805,20171020,20171019,210106500,3541.0,9174,760018,324561380.0,3542.0,32,3541.0,20
rb1805,20171020,20171019,210107000,3541.0,9218,759978,326119420.0,3541.0,26,3540.0,2
rb1805,20171020,20171019,210107500,3540.0,9236,759974,326756500.0,3540.0,17,3539.0,53
rb1805,20171020,20171019,210108000,3539.0,9296,759952,328880320.0,3541.0,78,3539.0,3
rb1805,20171020,20171019,210108500,3540.0,9332,759944,330154700.0,3540.0,15,3539.0,20
rb1805,20171020,20171019,210109000,3539.0,9386,759892,332065760.0,3539.0,1,3538.0,63
rb1805,20171020,20171019,210109500,3539.0,9386,759892,332065760.0,3539.0,20,3538.0,63
rb1805,20171020,20171019,210110000,3540.0,9438,759896,333906160.0,3540.0,33,3538.0,63
rb1805,20171020,20171019,210110500,3540.0,9446,759902,334189340.0,3540.0,32,3539.0,10
rb1805,20171020,20171019,210111000,3541.0,9554,759948,338012520.0,3541.0,26,3540.0,24
rb1805,20171020,20171019,210111500,3540.0,9560,759948,338224920.0,3541.0,14,3540.0,24
rb1805,20171020,20171019,210112000,3540.0,9608,759928,339924120.0,3540.0,24,3539.0,68
rb1805,20171020,20171019,210112500,3540.0,9652,759932,341481720.0,3540.0,2,3539.0,28
rb1805,20171020,20171019,210113000,3540.0,9664,759932,341906520.0,3541.0,15,3540.0,32
rb1805,20171020,20171019,210113500,3540.0,9678,759932,342402160.0,3541.0,13,3540.0,27
rb1805,20171020,20171019,210114000,3541.0,9680,759934,342472980.0,3541.0,13,3540.0,27
rb1805,20171020,20171019,210114500,3541.0,9712,759964,343606100.0,3542.0,115,3541.0,38
rb1805,20171020,20171019,210115000,3541.0,9748,759974,344880860.0,3542.0,108,3541.0,21
rb1805,20171020,20171019,210115500,3541.0,9756,759972,345164140.0,3542.0,109,3541.0,17
rb1805,20171020,20171019,210116000,3542.0,9804,759970,346864220.0,3542.0,93,3541.0,16
rb1805,20171020,20171019,210116500,3540.0,9844,759940,348280540.0,3542.0,97,3540.0,32
rb1805,20171020,20171019,210117000,3542.0,9962,760016,352459680.0,3542.0,57,3540.0,17
rb1805,20171020,20171019,210117500,3542.0,9962,760016,352459680.0,3542.0,57,3540.0,16
rb1805,20171020,20171019,210118000,3542.0,10006,759978,354018160.0,3541.0,40,3540.0,8
rb1805,20171020,20171019,210118500,3542.0,10010,759978,354159840.0,3541.0,38,3540.0,8
rb1805,20171020,20171019,210119000,3540.0,10044,759984,355363480.0,3540.0,36,3539.0,56
rb1805,20171020,20171019,210119500,3540.0,10122,760034,358124700.0,3541.0,37,3540.0,53
rb1805,20171020,20171019,210120000,3540.0,10122,760034,358124700.0,3541.0,39,3539.0,64
rb1805,20171020,20171019,210120500,3540.0,10124,760032,358195500.0,3541.0,39,3540.0,7
rb1805,20171020,20171019,210121000,3541.0,10204,760038,361028300.0,3542.0,49,3541.0,19
rb1805,20171020,20171019,210121500,3542.0,10208,760036,361169960.0,3542.0,45,3541.0,18
rb1805,20171020,20171019,210122000,3541.0,10210,760036,361240780.0,3542.0,45,3541.0,27
rb1805,20171020,20171019,210122500,3541.0,10214,760036,361382420.0,3542.0,45,3541.0,25
rb1805,20171020,20171019,210123000,3542.0,10342,759982,365914920.0,3542.0,26,3541.0,5
rb1805,20171020,20171019,210123500,3540.0,10434,760004,369171820.0,3541.0,22,3540.0,43
rb1805,20171020,20171019,210124000,3541.0,10478,759966,370729860.0,3541.0,1,3540.0,43
rb1805,20171020,20171019,210124500,3541.0,10478,759966,370729860.0,3541.0,5,3540.0,44
rb1805,20171020,20171019,210125000,3542.0,10498,759980,371438160.0,3542.0,63,3540.0,44
rb1805,20171020,20171019,210125500,3542.0,10498,759980,371438160.0,3541.0,2,3540.0,44
rb1805,20171020,20171019,210126000,3540.0,10500,759978,371508960.0,3541.0,2,3540.0,43
rb1805,20171020,20171019,210126500,3540.0,10500,759978,371508960.0,3541.0,3,3540.0,44
rb1805,20171020,20171019,210127000,3542.0,10522,759982,372288000.0,3542.0,65,3540.0,46
rb1805,20171020,20171019,210127500,3542.0,10562,760016,373704800.0,3542.0,54,3540.0,48
rb1805,20171020,20171019,210128000,3542.0,10578,760022,374271520.0,3542.0,47,3540.0,48
rb1805,20171020,20171019,210128500,3540.0,10620,760024,375758320.0,3542.0,48,3540.0,27
rb1805,20171020,20171019,210129000,3540.0,10622,760024,375829120.0,3542.0,48,3540.0,37
rb1805,20171020,20171019,210129500,3542.0,10624,760022,375899960.0,3542.0,47,3541.0,1
rb1805,20171020,20171019,210130000,3541.0,10626,760022,375970780.0,3542.0,58,3540.0,47
rb1805,20171020,20171019,210130500,3541.0,10626,760022,375970780.0,3541.0,1,3540.0,47
rb1805,20171020,20171019,210131000,3540.0,10642,760020,376537200.0,3541.0,4,3540.0,40
rb1805,20171020,20171019,210131500,3541.0,10644,760018,376608020.0,3541.0,17,3540.0,43
rb1805,20171020,20171019,210132000,3542.0,10682,760014,377953680.0,3542.0,59,3541.0,18
rb1805,20171020,20171019,210132500,3541.0,10740,760004,380007440.0,3542.0,59,3541.0,1
rb1805,20171020,20171019,210133000,3541.0,10758,760006,380644800.0,3542.0,66,3541.0,2
rb1805,20171020,20171019,210133500,3542.0,10844,759992,383689920.0,3542.0,56,3540.0,30
rb1805,20171020,20171019,210134000,3541.0,10846,759994,383760740.0,3542.0,56,3541.0,1
rb1805,20171020,20171019,210134500,3542.0,10868,760006,384539820.0,3542.0,53,3541.0,3
rb1805,20171020,20171019,210135000,3541.0,10876,760006,384823100.0,3541.0,18,3540.0,31
rb1805,20171020,20171019,210135500,3540.0,10894,760024,385460440.0,3541.0,6,3540.0,32
rb1805,20171020,20171019,210136000,3541.0,10908,760024,385956180.0,3542.0,56,3541.0,1
rb1805,20171020,20171019,210136500,3541.0,10912,760024,386097820.0,3542.0,56,3540.0,34
rb1805,20171020,20171019,210137000,3542.0,10914,760026,386168660.0,3542.0,56,3541.0,26
rb1805,20171020,20171019,210137500,3541.0,10960,760022,387797520.0,3542.0,56,3541.0,13
rb1805,20171020,20171019,210138000,3540.0,11098,759996,392682980.0,3540.0,15,3539.0,69
rb1805,20171020,20171019,210138500,3539.0,11122,759990,393532340.0,3540.0,15,3539.0,49
rb1805,20171020,20171019,210139000,3539.0,11122,759990,393532340.0,3540.0,21,3539.0,49
rb1805,20171020,20171019,210139500,3539.0,11122,759990,393532340.0,3540.0,21,3539.0,49
rb1805,20171020,20171019,210140000,3540.0,11156,759982,394735940.0,3541.0,58,3540.0,14
rb1805,20171020,20171019,210140500,3541.0,11158,759982,394806760.0,3541.0,62,3540.0,22
rb1805,20171020,20171019,210141000,3541.0,11174,759984,395373280.0,3541.0,57,3540.0,10
rb1805,20171020,20171019,210141500,3540.0,11180,759984,395585680.0,3541.0,57,3540.0,26
rb1805,20171020,20171019,210142000,3540.0,11186,759990,395798080.0,3541.0,60,3540.0,25
rb1805,20171020,20171019,210142500,3540.0,11196,759994,396152080.0,3541.0,80,3540.0,20
rb1805,20171020,20171019,210143000,3539.0,11240,759986,397709680.0,3540.0,26,3539.0,61
rb1805,20171020,20171019,210143500,3540.0,11246,759988,397922040.0,3540.0,31,3539.0,55
rb1805,20171020,20171019,210144000,3539.0,11250,759984,398063620.0,3540.0,38,3539.0,54
rb1805,20171020,20171019,210144500,3539.0,11250,759984,398063620.0,3540.0,41,3539.0,51
rb1805,20171020,20171019,210145000,3539.0,11274,759988,398913200.0,3540.0,30,3539.0,50
rb1805,20171020,20171019,210145500,3539.0,11274,759988,398913200.0,3540.0,30,3539.0,44
rb1805,20171020,20171019,210146000,3540.0,11276,759988,398984000.0,3540.0,39,3539.0,44
rb1805,20171020,20171019,210146500,3540.0,11354,759968,401745200.0,3541.0,101,3540.0,172
rb1805,20171020,20171019,210147000,3540.0,11378,759968,402594800.0,3541.0,103,3540.0,163
rb1805,20171020,20171019,210147500,3541.0,11382,759964,402736440.0,3541.0,99,3540.0,163
rb1805,20171020,20171019,210148000,3540.0,11516,760042,407481320.0,3541.0,35,3540.0,160
rb1805,20171020,20171019,210148500,3541.0,11588,760078,410030840.0,3542.0,82,3541.0,50
rb1805,20171020,20171019,210149000,3541.0,11600,760088,410455760.0,3542.0,83,3541.0,4
rb1805,20171020,20171019,210149500,3541.0,11600,760088,410455760.0,3542.0,83,3541.0,67
rb1805,20171020,20171019,210150000,3541.0,11604,760092,410597420.0,3542.0,74,3541.0,67
rb1805,20171020,20171019,210150500,3542.0,11614,760102,410951560.0,3542.0,72,3541.0,64
rb1805,20171020,20171019,210151000,3541.0,11620,760104,411164020.0,3542.0,75,3541.0,61
rb1805,20171020,20171019,210151500,3541.0,11626,760108,411376480.0,3542.0,75,3541.0,58
rb1805,20171020,20171019,210152000,3541.0,11652,760128,412297340.0,3542.0,65,3541.0,55
rb1805,20171020,20171019,210152500,3542.0,11770,760126,416475780.0,3542.0,81,3541.0,1
rb1805,20171020,20171019,210153000,3541.0,11772,760126,416546600.0,3542.0,80,3540.0,172
rb1805,20171020,20171019,210153500,3542.0,11776,760126,416688280.0,3542.0,84,3540.0,172
rb1805,20171020,20171019,210154000,3541.0,11788,760134,417113220.0,3542.0,82,3540.0,184
rb1805,20171020,20171019,210154500,3540.0,11802,760134,417608920.0,3541.0,1,3540.0,183
rb1805,20171020,20171019,210155000,3541.0,11804,760134,417679740.0,3542.0,75,3541.0,11
rb1805,20171020,20171019,210155500,3541.0,11808,760130,417821380.0,3542.0,67,3541.0,12
rb1805,20171020,20171019,210156000,3541.0,11810,760132,417892200.0,3542.0,68,3541.0,76
rb1805,20171020,20171019,210156500,3541.0,11812,760134,417963020.0,3542.0,70,3541.0,75
rb1805,20171020,20171019,210157000,3541.0,11820,760138,418246340.0,3542.0,69,3541.0,82
rb1805,20171020,20171019,210157500,3541.0,11820,760138,418246340.0,3542.0,69,3541.0,82
rb1805,20171020,20171019,210158000,3541.0,11824,760142,418387980.0,3542.0,69,3541.0,80
rb1805,20171020,20171019,210158500,3542.0,11836,760144,418812920.0,3542.0,68,3541.0,79
rb1805,20171020,20171019,210159000,3542.0,11836,760144,418812920.0,3542.0,73,3541.0,80
rb1805,20171020,20171019,210159500,3541.0,11846,760144,419167040.0,3542.0,72,3541.0,77
rb1805,20171020,20171019,210200000,3542.0,11848,760146,419237880.0,3542.0,72,3541.0,16
rb1805,20171020,20171019,210200500,3541.0,11854,760152,419450340.0,3542.0,72,3541.0,14
rb1805,20171020,20171019,210201000,3541.0,11886,760152,420583460.0,3541.0,11,3540.0,230
rb1805,20171020,20171019,210201500,3542.0,11986,760148,424124860.0,3542.0,58,3541.0,37
rb1805,20171020,20171019,210202000,3541.0,11990,760150,424266520.0,3542.0,57,3541.0,12
rb1805,20171020,20171019,210202500,3541.0,12012,760162,425045740.0,3542.0,47,3541.0,18
rb1805,20171020,20171019,210203000,3542.0,12084,760148,427595740.0,3542.0,25,3541.0,8
rb1805,20171020,20171019,210203500,3542.0,12138,760130,429508440.0,3543.0,73,3542.0,81
rb1805,20171020,20171019,210204000,3543.0,12294,760244,435035520.0,3544.0,69,3543.0,1
rb1805,20171020,20171019,210204500,3544.0,12426,760156,439713360.0,3544.0,17,3543.0,51
rb1805,20171020,20171019,210205000,3544.0,12484,760126,441768880.0,3545.0,157,3544.0,48
rb1805,20171020,20171019,210205500,3545.0,12492,760126,442052480.0,3545.0,155,3544.0,36
rb1805,20171020,20171019,210206000,3544.0,12568,760080,444746660.0,3545.0,151,3544.0,47
rb1805,20171020,20171019,210206500,3544.0,12622,760114,446660540.0,3545.0,145,3544.0,42
rb1805,20171020,20171019,210207000,3545.0,12638,760120,447227720.0,3545.0,138,3544.0,42
rb1805,20171020,20171019,210207500,3544.0,12654,760122,447794880.0,3545.0,132,3544.0,50
rb1805,20171020,20171019,210208000,3545.0,12926,760052,457437260.0,3546.0,128,3545.0,84
rb1805,20171020,20171019,210208500,3546.0,13138,760258,464954740.0,3546.0,26,3545.0,121
rb1805,20171020,20171019,210209000,3546.0,13220,760212,467862440.0,3547.0,58,3546.0,30
rb1805,20171020,20171019,210209500,3546.0,13376,760238,473394120.0,3546.0,84,3545.0,116
rb1805,20171020,20171019,210210000,3546.0,13526,760176,478712480.0,3546.0,14,3545.0,83
rb1805,20171020,20171019,210210500,3546.0,13878,759952,491192700.0,3547.0,61,3546.0,127
rb1805,20171020,20171019,210211000,3546.0,13918,759924,492611160.0,3547.0,61,3546.0,323
rb1805,20171020,20171019,210211500,3547.0,14060,759922,497647900.0,3548.0,111,3547.0,39
rb1805,20171020,20171019,210212000,3547.0,14204,759952,502756520.0,3548.0,70,3547.0,24
rb1805,20171020,20171019,210212500,3547.0,14270,759974,505097840.0,3548.0,55,3547.0,11
rb1805,20171020,20171019,210213000,3548.0,14292,759984,505878300.0,3548.0,50,3547.0,23
rb1805,20171020,20171019,210213500,3548.0,14446,759936,511341920.0,3549.0,54,3548.0,30
rb1805,20171020,20171019,210214000,3548.0,14474,759934,512335440.0,3549.0,48,3548.0,29
rb1805,20171020,20171019,210214500,3548.0,14486,759932,512761240.0,3549.0,48,3548.0,283
rb1805,20171020,20171019,210215000,3548.0,14642,759828,518296600.0,3549.0,27,3548.0,230
rb1805,20171020,20171019,210215500,3549.0,14704,759850,520496980.0,3550.0,85,3549.0,16
rb1805,20171020,20171019,210216000,3550.0,14814,759856,524400840.0,3550.0,91,3548.0,230
rb1805,20171020,20171019,210216500,3550.0,15032,759712,532136600.0,3550.0,70,3549.0,5
rb1805,20171020,20171019,210217000,3549.0,15076,759738,533698140.0,3549.0,16,3548.0,154
rb1805,20171020,20171019,210217500,3549.0,15290,759680,541294980.0,3550.0,1,3549.0,2
rb1805,20171020,20171019,210218000,3549.0,15338,759700,542999060.0,3551.0,27,3550.0,1
rb1805,20171020,20171019,210218500,3550.0,15358,759712,543708960.0,3550.0,1,3549.0,83
rb1805,20171020,20171019,210219000,3550.0,15370,759720,544134980.0,3551.0,39,3550.0,5
rb1805,20171020,20171019,210219500,3550.0,15394,759720,544987100.0,3551.0,29,3550.0,22
rb1805,20171020,20171019,210220000,3551.0,15572,759678,551308780.0,3552.0,183,3551.0,26
rb1805,20171020,20171019,210220500,3551.0,15670,759600,554789260.0,3552.0,160,3551.0,4
rb1805,20171020,20171019,210221000,3550.0,15704,759600,555996460.0,3551.0,22,3550.0,36
rb1805,20171020,20171019,210221500,3552.0,15776,759616,558553200.0,3552.0,157,3551.0,5
rb1805,20171020,20171019,210222000,3552.0,16306,759282,577376720.0,3553.0,77,3552.0,191
rb1805,20171020,20171019,210222500,3552.0,16368,759256,579579040.0,3553.0,71,3552.0,169
rb1805,20171020,20171019,210223000,3553.0,16652,758984,589666780.0,3553.0,70,3552.0,50
rb1805,20171020,20171019,210223500,3553.0,17102,758928,605652440.0,3554.0,28,3553.0,105
rb1805,20171020,20171019,210224000,3553.0,17316,759084,613255880.0,3554.0,46,3553.0,20
rb1805,20171020,20171019,210224500,3553.0,17462,759088,618444320.0,3554.0,22,3553.0,1
rb1805,20171020,20171019,210225000,3552.0,17516,759108,620363060.0,3553.0,26,3551.0,47
rb1805,20171020,20171019,210225500,3553.0,17550,759118,621571040.0,3553.0,29,3551.0,43
rb1805,20171020,20171019,210226000,3551.0,17564,759118,622068220.0,3553.0,31,3551.0,39
rb1805,20171020,20171019,210226500,3551.0,17576,759124,622494360.0,3553.0,48,3551.0,37
rb1805,20171020,20171019,210227000,3551.0,17592,759136,623062620.0,3552.0,22,3551.0,33
rb1805,20171020,20171019,210227500,3553.0,17778,759246,629670640.0,3554.0,82,3553.0,10
rb1805,20171020,20171019,210228000,3552.0,17804,759258,630594380.0,3553.0,40,3552.0,1
rb1805,20171020,20171019,210228500,3551.0,17824,759252,631304860.0,3552.0,13,3551.0,47
rb1805,20171020,20171019,210229000,3552.0,17870,759228,632938820.0,3553.0,96,3552.0,33
rb1805,20171020,20171019,210229500,3552.0,17978,759130,636776000.0,3553.0,48,3552.0,30
rb1805,20171020,20171019,210230000,3552.0,18044,759110,639120380.0,3552.0,3,3551.0,78
rb1805,20171020,20171019,210230500,3551.0,18086,759108,640612180.0,3552.0,19,3551.0,76
rb1805,20171020,20171019,210231000,3552.0,18148,759120,642814420.0,3553.0,88,3552.0,8
rb1805,20171020,20171019,210231500,3552.0,18192,759110,644377360.0,3552.0,3,3551.0,78
rb1805,20171020,20171019,210232000,3551.0,18202,759110,644732540.0,3552.0,7,3551.0,78
rb1805,20171020,20171019,210232500,3553.0,18240,759118,646082080.0,3553.0,99,3552.0,9
rb1805,20171020,20171019,210233000,3553.0,18276,759118,647360940.0,3553.0,92,3552.0,13
rb1805,20171020,20171019,210233500,3552.0,18296,759108,648071360.0,3553.0,94,3552.0,8
rb1805,20171020,20171019,210234000,3552.0,18324,759090,649066020.0,3553.0,90,3551.0,71
rb1805,20171020,20171019,210234500,3551.0,18382,759088,651125800.0,3552.0,1,3551.0,51
rb1805,20171020,20171019,210235000,3552.0,18646,759226,660503080.0,3552.0,16,3551.0,52
rb1805,20171020,20171019,210235500,3552.0,18732,759230,663558040.0,3552.0,3,3551.0,52
rb1805,20171020,20171019,210236000,3552.0,18748,759226,664126360.0,3552.0,1,3551.0,52
rb1805,20171020,20171019,210236500,3552.0,18760,759228,664552640.0,3553.0,87,3552.0,3
rb1805,20171020,20171019,210237000,3552.0,18816,759212,666541480.0,3552.0,14,3551.0,44
rb1805,20171020,20171019,210237500,3553.0,18904,759170,669666760.0,3553.0,96,3551.0,22
rb1805,20171020,20171019,210238000,3551.0,18928,759168,670519000.0,3552.0,11,3551.0,14
rb1805,20171020,20171019,210238500,3551.0,18954,759158,671442480.0,3552.0,11,3551.0,21
rb1805,20171020,20171019,210239000,3552.0,18984,759160,672508060.0,3553.0,96,3551.0,62
rb1805,20171020,20171019,210239500,3551.0,18992,759160,672792180.0,3552.0,10,3551.0,58
rb1805,20171020,20171019,210240000,3552.0,19030,759182,674141880.0,3552.0,1,3551.0,62
rb1805,20171020,20171019,210240500,3551.0,19044,759190,674639080.0,3552.0,5,3551.0,58
rb1805,20171020,20171019,210241000,3552.0,19082,759180,675988840.0,3553.0,117,3552.0,6
rb1805,20171020,20171019,210241500,3552.0,19092,759184,676344040.0,3552.0,22,3551.0,87
rb1805,20171020,20171019,210242000,3552.0,19176,759212,679327620.0,3553.0,122,3552.0,14
rb1805,20171020,20171019,210242500,3552.0,19178,759214,679398660.0,3553.0,124,3552.0,19
rb1805,20171020,20171019,210243000,3552.0,19216,759226,680748420.0,3553.0,126,3552.0,10
rb1805,20171020,20171019,210243500,3552.0,19242,759218,681671940.0,3552.0,39,3551.0,59
rb1805,20171020,20171019,210244000,3552.0,19304,759216,683874160.0,3552.0,23,3551.0,58
rb1805,20171020,20171019,210244500,3552.0,19340,759216,685152820.0,3552.0,19,3551.0,57
rb1805,20171020,20171019,210245000,3552.0,19344,759216,685294900.0,3552.0,16,3551.0,57
rb1805,20171020,20171019,210245500,3552.0,19358,759222,685792100.0,3552.0,35,3551.0,53
rb1805,20171020,20171019,210246000,3552.0,19370,759222,686218300.0,3552.0,49,3551.0,20
rb1805,20171020,20171019,210246500,3551.0,19386,759212,686786460.0,3552.0,110,3551.0,12
rb1805,20171020,20171019,210247000,3551.0,19432,759202,688419920.0,3551.0,6,3550.0,188
rb1805,20171020,20171019,210247500,3550.0,19436,759204,688561940.0,3551.0,29,3550.0,196
rb1805,20171020,20171019,210248000,3551.0,19584,759136,693818180.0,3551.0,1,3550.0,196
rb1805,20171020,20171019,210248500,3550.0,19598,759134,694315200.0,3551.0,12,3550.0,150
rb1805,20171020,20171019,210249000,3550.0,20014,759182,709082460.0,3550.0,179,3548.0,36
rb1805,20171020,20171019,210249500,3548.0,20068,759216,710998400.0,3549.0,49,3548.0,11
rb1805,20171020,20171019,210250000,3548.0,20112,759212,712559340.0,3548.0,17,3547.0,135
rb1805,20171020,20171019,210250500,3548.0,20348,759292,720930280.0,3548.0,26,3547.0,28
rb1805,20171020,20171019,210251000,3547.0,20466,759306,725115740.0,3547.0,38,3546.0,327
rb1805,20171020,20171019,210251500,3546.0,20504,759274,726463440.0,3547.0,27,3546.0,320
rb1805,20171020,20171019,210252000,3549.0,20606,759258,730081840.0,3549.0,23,3547.0,155
rb1805,20171020,20171019,210252500,3549.0,20610,759260,730223800.0,3549.0,7,3548.0,4
rb1805,20171020,20171019,210253000,3548.0,20660,759256,731997920.0,3549.0,23,3548.0,2
rb1805,20171020,20171019,210253500,3550.0,20724,759220,734269320.0,3550.0,152,3549.0,53
rb1805,20171020,20171019,210254000,3550.0,20728,759220,734411300.0,3550.0,154,3549.0,25
rb1805,20171020,20171019,210254500,3549.0,20746,759232,735050220.0,3550.0,143,3549.0,22
rb1805,20171020,20171019,210255000,3549.0,20756,759232,735405120.0,3550.0,121,3549.0,17
rb1805,20171020,20171019,210255500,3549.0,20758,759234,735476100.0,3550.0,121,3549.0,18
rb1805,20171020,20171019,210256000,3550.0,20760,759236,735547100.0,3550.0,120,3549.0,418
rb1805,20171020,20171019,210256500,3549.0,20804,759276,737109040.0,3550.0,125,3549.0,415
rb1805,20171020,20171019,210257000,3549.0,20852,759308,738812920.0,3550.0,118,3549.0,409
rb1805,20171020,20171019,210257500,3550.0,20866,759308,739309920.0,3550.0,111,3549.0,409
rb1805,20171020,20171019,210258000,3550.0,21094,759460,747403900.0,3551.0,93,3550.0,14
rb1805,20171020,20171019,210258500,3550.0,21108,759472,747900920.0,3551.0,87,3550.0,8
rb1805,20171020,20171019,210259000,3550.0,21128,759488,748610920.0,3550.0,19,3549.0,410
rb1805,20171020,20171019,210259500,3550.0,21190,759512,750811920.0,3551.0,87,3550.0,13
rb1805,20171020,20171019,210300000,3551.0,21196,759514,751024940.0,3551.0,88,3550.0,11
rb1805,20171020,20171019,210300500,3551.0,21230,759516,752232140.0,3551.0,71,3550.0,73
rb1805,20171020,20171019,210301000,3551.0,21264,759516,753439440.0,3551.0,55,3550.0,73
rb1805,20171020,20171019,210301500,3550.0,21352,759508,756564280.0,3551.0,23,3550.0,72
rb1805,20171020,20171019,210302000,3551.0,21354,759510,756635300.0,3551.0,32,3550.0,103
rb1805,20171020,20171019,210302500,3551.0,21448,759488,759973280.0,3552.0,131,3551.0,8
rb1805,20171020,20171019,210303000,3551.0,21506,759478,762032900.0,3552.0,139,3551.0,89
rb1805,20171020,20171019,210303500,3552.0,21620,759492,766081760.0,3552.0,92,3551.0,67
rb1805,20171020,20171019,210304000,3552.0,21880,759348,775317600.0,3553.0,128,3552.0,2
rb1805,20171020,20171019,210304500,3553.0,21906,759356,776241140.0,3553.0,137,3552.0,51
rb1805,20171020,20171019,210305000,3552.0,22016,759380,780149300.0,3553.0,89,3552.0,55
rb1805,20171020,20171019,210305500,3552.0,22022,759376,780362420.0,3553.0,91,3552.0,64
rb1805,20171020,20171019,210306000,3553.0,22218,759468,787326420.0,3554.0,105,3553.0,21
rb1805,20171020,20171019,210306500,3554.0,22264,759510,788961200.0,3554.0,99,3553.0,42
rb1805,20171020,20171019,210307000,3554.0,22336,759526,791519700.0,3554.0,83,3553.0,26
rb1805,20171020,20171019,210307500,3554.0,22434,759538,795002240.0,3554.0,53,3553.0,160
rb1805,20171020,20171019,210308000,3554.0,22562,759548,799550760.0,3554.0,18,3553.0,131
rb1805,20171020,20171019,210308500,3554.0,22724,759646,805308040.0,3555.0,143,3554.0,30
rb1805,20171020,20171019,210309000,3554.0,22818,759712,808648620.0,3554.0,109,3553.0,115
rb1805,20171020,20171019,210309500,3553.0,23096,759676,818525960.0,3553.0,59,3552.0,40
rb1805,20171020,20171019,210310000,3552.0,23192,759710,821935880.0,3553.0,73,3551.0,28
rb1805,20171020,20171019,210310500,3552.0,23222,759736,823001280.0,3552.0,61,3551.0,15
rb1805,20171020,20171019,210311000,3551.0,23234,759736,823427400.0,3552.0,63,3551.0,20
rb1805,20171020,20171019,210311500,3552.0,23272,759742,824776820.0,3552.0,65,3551.0,3
rb1805,20171020,20171019,210312000,3551.0,23418,759828,829962360.0,3552.0,5,3551.0,1
rb1805,20171020,20171019,210312500,3551.0,23440,759840,830743780.0,3553.0,83,3552.0,43
rb1805,20171020,20171019,210313000,3553.0,23456,759856,831312120.0,3553.0,68,3552.0,51
rb1805,20171020,20171019,210313500,3553.0,23456,759856,831312120.0,3553.0,74,3552.0,55
rb1805,20171020,20171019,210314000,3553.0,23458,759856,831383180.0,3553.0,68,3552.0,55
rb1805,20171020,20171019,210314500,3552.0,23516,759906,833443400.0,3553.0,65,3552.0,34
rb1805,20171020,20171019,210315000,3552.0,23568,759918,835290640.0,3553.0,170,3552.0,18
rb1805,20171020,20171019,210315500,3552.0,23588,759920,836001060.0,3553.0,153,3552.0,14
rb1805,20171020,20171019,210316000,3552.0,23616,759936,836995620.0,3552.0,32,3551.0,91
rb1805,20171020,20171019,210316500,3552.0,23650,759938,838203280.0,3552.0,25,3551.0,91
rb1805,20171020,20171019,210317000,3551.0,23684,759932,839410940.0,3552.0,12,3551.0,95
rb1805,20171020,20171019,210317500,3552.0,23722,759956,840760720.0,3553.0,160,3552.0,66
rb1805,20171020,20171019,210318000,3552.0,23750,759974,841755480.0,3553.0,143,3552.0,25
rb1805,20171020,20171019,210318500,3552.0,23814,759950,844029160.0,3553.0,128,3552.0,15
rb1805,20171020,20171019,210319000,3552.0,23820,759950,844242280.0,3553.0,130,3552.0,13
rb1805,20171020,20171019,210319500,3552.0,23834,759944,844739580.0,3553.0,129,3552.0,10
rb1805,20171020,20171019,210320000,3552.0,23842,759946,845023780.0,3553.0,129,3552.0,78
rb1805,20171020,20171019,210320500,3552.0,23880,759976,846373880.0,3553.0,114,3552.0,84
rb1805,20171020,20171019,210321000,3552.0,23890,759976,846729100.0,3553.0,115,3552.0,83
rb1805,20171020,20171019,210321500,3553.0,24038,760100,851986480.0,3553.0,95,3552.0,43
rb1805,20171020,20171019,210322000,3552.0,24092,760118,853904580.0,3553.0,95,3552.0,19
rb1805,20171020,20171019,210322500,3552.0,24100,760124,854188780.0,3553.0,93,3552.0,20
rb1805,20171020,20171019,210323000,3552.0,24106,760130,854401920.0,3553.0,120,3552.0,19
rb1805,20171020,20171019,210323500,3552.0,24108,760132,854472960.0,3553.0,128,3552.0,24
rb1805,20171020,20171019,210324000,3553.0,24112,760132,854615060.0,3553.0,127,3552.0,23
rb1805,20171020,20171019,210324500,3552.0,24136,760130,855467540.0,3553.0,129,3552.0,11
rb1805,20171020,20171019,210325000,3552.0,24182,760122,857101520.0,3552.0,9,3551.0,122
rb1805,20171020,20171019,210325500,3552.0,24218,760124,858380280.0,3553.0,126,3552.0,6
rb1805,20171020,20171019,210326000,3552.0,24256,760120,859730040.0,3552.0,3,3551.0,122
rb1805,20171020,20171019,210326500,3552.0,24266,760114,860085240.0,3553.0,126,3552.0,8
rb1805,20171020,20171019,210327000,3552.0,24292,760132,861008760.0,3552.0,7,3551.0,123
rb1805,20171020,20171019,210327500,3551.0,24324,760140,862145380.0,3553.0,129,3551.0,122
rb1805,20171020,20171019,210328000,3552.0,24336,760148,862571660.0,3552.0,6,3551.0,122
rb1805,20171020,20171019,210328500,3552.0,24344,760146,862855780.0,3552.0,55,3551.0,120
rb1805,20171020,20171019,210329000,3551.0,24392,760182,864560260.0,3552.0,59,3551.0,96
rb1805,20171020,20171019,210329500,3551.0,24428,760182,865838680.0,3552.0,62,3551.0,82
rb1805,20171020,20171019,210330000,3552.0,24460,760192,866975140.0,3552.0,56,3551.0,73
rb1805,20171020,20171019,210330500,3552.0,24468,760200,867259280.0,3552.0,64,3551.0,72
rb1805,20171020,20171019,210331000,3551.0,24490,760220,868040500.0,3552.0,69,3551.0,61
rb1805,20171020,20171019,210331500,3552.0,24518,760246,869034900.0,3552.0,81,3551.0,58
rb1805,20171020,20171019,210332000,3551.0,24572,760244,870952640.0,3552.0,73,3551.0,41
rb1805,20171020,20171019,210332500,3552.0,24580,760250,871236780.0,3552.0,68,3551.0,42
rb1805,20171020,20171019,210333000,3551.0,24618,760254,872586240.0,3552.0,65,3551.0,27
rb1805,20171020,20171019,210333500,3551.0,24644,760246,873509500.0,3552.0,144,3551.0,14
rb1805,20171020,20171019,210334000,3551.0,24674,760248,874574800.0,3551.0,45,3550.0,38
rb1805,20171020,20171019,210334500,3551.0,24742,760182,876989480.0,3551.0,18,3550.0,38
rb1805,20171020,20171019,210335000,3552.0,24782,760204,878410040.0,3552.0,445,3550.0,37
rb1805,20171020,20171019,210335500,3552.0,24786,760208,878552120.0,3552.0,439,3551.0,15
rb1805,20171020,20171019,210336000,3550.0,24818,760208,879688420.0,3551.0,2,3550.0,44
rb1805,20171020,20171019,210336500,3550.0,24862,760192,881251200.0,3551.0,2,3550.0,36
rb1805,20171020,20171019,210337000,3551.0,24886,760202,882103540.0,3551.0,5,3550.0,47
rb1805,20171020,20171019,210337500,3550.0,24888,760202,882174540.0,3551.0,1,3550.0,46
rb1805,20171020,20171019,210338000,3552.0,24928,760220,883595100.0,3552.0,408,3550.0,45
rb1805,20171020,20171019,210338500,3550.0,24930,760218,883666100.0,3552.0,415,3550.0,44
rb1805,20171020,20171019,210339000,3550.0,24930,760218,883666100.0,3552.0,416,3551.0,2
rb1805,20171020,20171019,210339500,3551.0,24952,760218,884447200.0,3551.0,2,3550.0,35
rb1805,20171020,20171019,210340000,3551.0,24954,760218,884518220.0,3551.0,6,3550.0,48
rb1805,20171020,20171019,210340500,3550.0,25012,760256,886577420.0,3552.0,415,3550.0,27
rb1805,20171020,20171019,210341000,3550.0,25016,760258,886719420.0,3551.0,1,3550.0,36
rb1805,20171020,20171019,210341500,3552.0,25038,760272,887500580.0,3552.0,416,3551.0,22
rb1805,20171020,20171019,210342000,3551.0,25086,760268,889205060.0,3551.0,21,3550.0,34
rb1805,20171020,20171019,210342500,3552.0,25148,760288,891406720.0,3552.0,416,3550.0,35
rb1805,20171020,20171019,210343000,3552.0,25148,760288,891406720.0,3552.0,416,3551.0,6
rb1805,20171020,20171019,210343500,3551.0,25168,760292,892116920.0,3551.0,7,3550.0,32
rb1805,20171020,20171019,210344000,3551.0,25168,760292,892116920.0,3551.0,11,3550.0,24
rb1805,20171020,20171019,210344500,3550.0,25180,760300,892543020.0,3551.0,24,3550.0,16
rb1805,20171020,20171019,210345000,3551.0,25196,760308,893111160.0,3551.0,34,3550.0,16
rb1805,20171020,20171019,210345500,3550.0,25202,760308,893324180.0,3551.0,31,3550.0,17
rb1805,20171020,20171019,210346000,3551.0,25206,760308,893466220.0,3551.0,33,3550.0,17
rb1805,20171020,20171019,210346500,3551.0,25220,760316,893963320.0,3551.0,30,3550.0,17
rb1805,20171020,20171019,210347000,3550.0,25230,760324,894318320.0,3551.0,31,3550.0,37
rb1805,20171020,20171019,210347500,3551.0,25252,760326,895099540.0,3551.0,21,3550.0,62
rb1805,20171020,20171019,210348000,3551.0,25274,760340,895880560.0,3551.0,20,3550.0,55
rb1805,20171020,20171019,210348500,3550.0,25276,760342,895951560.0,3551.0,54,3550.0,62
rb1805,20171020,20171019,210349000,3550.0,25286,760346,896306600.0,3551.0,55,3550.0,59
rb1805,20171020,20171019,210349500,3550.0,25292,760352,896519600.0,3551.0,55,3550.0,56
rb1805,20171020,20171019,210350000,3551.0,25298,760354,896732640.0,3551.0,53,3550.0,66
rb1805,20171020,20171019,210350500,3551.0,25302,760358,896874680.0,3551.0,53,3550.0,70
rb1805,20171020,20171019,210351000,3551.0,25302,760358,896874680.0,3551.0,63,3550.0,70
rb1805,20171020,20171019,210351500,3551.0,25302,760358,896874680.0,3551.0,65,3550.0,70
rb1805,20171020,20171019,210352000,3550.0,25308,760364,897087680.0,3551.0,66,3550.0,67
rb1805,20171020,20171019,210352500,3550.0,25328,760380,897797700.0,3551.0,65,3550.0,59
rb1805,20171020,20171019,210353000,3550.0,25436,760420,901631720.0,3551.0,73,3550.0,46
rb1805,20171020,20171019,210353500,3550.0,25532,760454,905039720.0,3550.0,32,3549.0,422
rb1805,20171020,20171019,210354000,3550.0,25576,760450,906601720.0,3550.0,12,3549.0,421
rb1805,20171020,20171019,210354500,3550.0,25658,760462,909511920.0,3550.0,42,3549.0,389
rb1805,20171020,20171019,210355000,3549.0,25718,760462,911641320.0,3550.0,31,3549.0,351
rb1805,20171020,20171019,210355500,3549.0,25720,760460,911712300.0,3550.0,74,3549.0,350
rb1805,20171020,20171019,210356000,3550.0,25760,760446,913132000.0,3550.0,70,3549.0,340
rb1805,20171020,20171019,210356500,3549.0,25764,760446,913273980.0,3550.0,75,3549.0,339
rb1805,20171020,20171019,210357000,3550.0,25778,760446,913770880.0,3550.0,74,3549.0,344
rb1805,20171020,20171019,210357500,3550.0,25920,760402,918811480.0,3550.0,35,3549.0,324
rb1805,20171020,20171019,210358000,3550.0,25930,760404,919166400.0,3550.0,36,3549.0,321
rb1805,20171020,20171019,210358500,3549.0,25942,760398,919592320.0,3550.0,35,3549.0,323
rb1805,20171020,20171019,210359000,3550.0,26122,760262,925980720.0,3550.0,29,3549.0,249
rb1805,20171020,20171019,210359500,3549.0,26132,760254,926335620.0,3550.0,29,3549.0,245
rb1805,20171020,20171019,210400000,3549.0,26142,760252,926690520.0,3550.0,30,3549.0,240
rb1805,20171020,20171019,210400500,3550.0,26144,760252,926761520.0,3550.0,31,3549.0,240
rb1805,20171020,20171019,210401000,3550.0,26156,760248,927187500.0,3550.0,23,3549.0,239
rb1805,20171020,20171019,210401500,3549.0,26166,760246,927542420.0,3550.0,22,3549.0,235
rb1805,20171020,20171019,210402000,3550.0,26236,760240,930027040.0,3550.0,6,3549.0,265
rb1805,20171020,20171019,210402500,3550.0,26296,760266,932157040.0,3551.0,115,3550.0,7
rb1805,20171020,20171019,210403000,3550.0,26298,760264,932228040.0,3551.0,109,3550.0,66
rb1805,20171020,20171019,210403500,3551.0,26526,760436,940324320.0,3552.0,356,3551.0,64
rb1805,20171020,20171019,210404000,3552.0,27254,761108,966182880.0,3553.0,173,3552.0,133
rb1805,20171020,20171019,210404500,3553.0,27492,761148,974638940.0,3553.0,63,3552.0,169
rb1805,20171020,20171019,210405000,3554.0,27656,761144,980466060.0,3554.0,155,3553.0,88
rb1805,20171020,20171019,210405500,3553.0,27836,761088,986861540.0,3554.0,150,3553.0,51
rb1805,20171020,20171019,210406000,3554.0,27970,761170,991622380.0,3554.0,155,3552.0,87
rb1805,20171020,20171019,210406500,3552.0,28018,761162,993327340.0,3554.0,155,3552.0,63
rb1805,20171020,20171019,210407000,3554.0,28032,761158,993824840.0,3554.0,151,3553.0,4
rb1805,20171020,20171019,210407500,3554.0,28064,761178,994961840.0,3554.0,149,3552.0,63
rb1805,20171020,20171019,210408000,3554.0,28066,761178,995032920.0,3553.0,3,3552.0,63
rb1805,20171020,20171019,210408500,3553.0,28070,761176,995175040.0,3553.0,3,3552.0,73
rb1805,20171020,20171019,210409000,3553.0,28072,761174,995246100.0,3553.0,17,3552.0,73
rb1805,20171020,20171019,210409500,3553.0,28078,761178,995459280.0,3553.0,24,3552.0,65
rb1805,20171020,20171019,210410000,3553.0,28096,761180,996098820.0,3553.0,27,3552.0,65
rb1805,20171020,20171019,210410500,3553.0,28130,761168,997306840.0,3553.0,12,3552.0,67
rb1805,20171020,20171019,210411000,3553.0,28154,761172,998159560.0,3553.0,9,3552.0,75
rb1805,20171020,20171019,210411500,3553.0,28178,761172,999012280.0,3554.0,154,3553.0,19
rb1805,20171020,20171019,210412000,3553.0,28246,761172,1001428300.0,3553.0,9,3552.0,84
rb1805,20171020,20171019,210412500,3553.0,28292,761170,1003062540.0,3554.0,153,3552.0,76
rb1805,20171020,20171019,210413000,3554.0,28366,761144,1005692480.0,3554.0,119,3553.0,7
rb1805,20171020,20171019,210413500,3553.0,28382,761132,1006260960.0,3554.0,116,3553.0,23
rb1805,20171020,20171019,210414000,3554.0,28406,761136,1007113820.0,3554.0,110,3553.0,18
rb1805,20171020,20171019,210414500,3553.0,28410,761136,1007255940.0,3554.0,117,3553.0,19
rb1805,20171020,20171019,210415000,3554.0,28418,761140,1007540220.0,3554.0,118,3553.0,18
rb1805,20171020,20171019,210415500,3553.0,28444,761150,1008464200.0,3554.0,151,3553.0,16
rb1805,20171020,20171019,210416000,3553.0,28512,761178,1010880580.0,3554.0,136,3553.0,15
rb1805,20171020,20171019,210416500,3554.0,28592,761126,1013723640.0,3554.0,103,3553.0,18
rb1805,20171020,20171019,210417000,3553.0,28646,761126,1015642600.0,3554.0,86,3553.0,14
rb1805,20171020,20171019,210417500,3554.0,28690,761150,1017206200.0,3554.0,72,3553.0,51
rb1805,20171020,20171019,210418000,3553.0,28754,761158,1019480520.0,3554.0,50,3553.0,47
rb1805,20171020,20171019,210418500,3554.0,28776,761180,1020262400.0,3554.0,39,3553.0,47
rb1805,20171020,20171019,210419000,3554.0,28808,761212,1021399680.0,3554.0,25,3553.0,54
rb1805,20171020,20171019,210419500,3554.0,28862,761252,1023318840.0,3555.0,197,3554.0,8
rb1805,20171020,20171019,210420000,3554.0,28894,761274,1024456260.0,3555.0,194,3554.0,16
rb1805,20171020,20171019,210420500,3554.0,28926,761272,1025593620.0,3555.0,193,3554.0,23
rb1805,20171020,20171019,210421000,3554.0,28978,761254,1027441720.0,3555.0,192,3553.0,75
rb1805,20171020,20171019,210421500,3555.0,29048,761232,1029930220.0,3554.0,1,3553.0,70
rb1805,20171020,20171019,210422000,3554.0,29088,761238,1031352140.0,3555.0,147,3554.0,5
rb1805,20171020,20171019,210422500,3554.0,29108,761238,1032063000.0,3555.0,147,3554.0,57
rb1805,20171020,20171019,210423000,3555.0,29154,761262,1033698140.0,3555.0,134,3554.0,50
rb1805,20171020,20171019,210423500,3555.0,29162,761264,1033982540.0,3555.0,140,3554.0,51
rb1805,20171020,20171019,210424000,3554.0,29204,761292,1035475360.0,3555.0,136,3554.0,46
rb1805,20171020,20171019,210424500,3555.0,29216,761286,1035901940.0,3555.0,131,3554.0,44
rb1805,20171020,20171019,210425000,3554.0,29468,761370,1044860120.0,3555.0,27,3554.0,23
rb1805,20171020,20171019,210425500,3555.0,29474,761374,1045073420.0,3555.0,31,3554.0,38
rb1805,20171020,20171019,210426000,3554.0,29526,761400,1046921960.0,3555.0,17,3554.0,36
rb1805,20171020,20171019,210426500,3554.0,29550,761410,1047775080.0,3555.0,15,3554.0,35
rb1805,20171020,20171019,210427000,3555.0,29606,761382,1049765880.0,3556.0,69,3555.0,13
rb1805,20171020,20171019,210427500,3556.0,29638,761382,1050903580.0,3556.0,66,3555.0,2
rb1805,20171020,20171019,210428000,3556.0,29728,761352,1054103840.0,3556.0,27,3554.0,44
rb1805,20171020,20171019,210428500,3556.0,29834,761306,1057873260.0,3557.0,101,3556.0,21
rb1805,20171020,20171019,210429000,3557.0,29892,761314,1059936000.0,3557.0,90,3556.0,6
rb1805,20171020,20171019,210429500,3557.0,30018,761226,1064417460.0,3557.0,42,3556.0,1
rb1805,20171020,20171019,210430000,3556.0,30038,761224,1065128760.0,3557.0,37,3556.0,62
rb1805,20171020,20171019,210430500,3557.0,30048,761234,1065484460.0,3557.0,34,3556.0,62
rb1805,20171020,20171019,210431000,3557.0,30062,761244,1065982420.0,3557.0,40,3556.0,63
rb1805,20171020,20171019,210431500,3557.0,30096,761242,1067191700.0,3557.0,42,3556.0,63
rb1805,20171020,20171019,210432000,3556.0,30114,761252,1067831920.0,3557.0,43,3556.0,62
rb1805,20171020,20171019,210432500,3556.0,30154,761258,1069254580.0,3557.0,50,3556.0,55
rb1805,20171020,20171019,210433000,3557.0,30182,761280,1070250460.0,3557.0,31,3556.0,51
rb1805,20171020,20171019,210433500,3557.0,30230,761324,1071957460.0,3557.0,38,3556.0,35
rb1805,20171020,20171019,210434000,3557.0,30298,761358,1074376200.0,3557.0,7,3556.0,37
rb1805,20171020,20171019,210434500,3556.0,30374,761334,1077078900.0,3556.0,2,3555.0,34
rb1805,20171020,20171019,210435000,3556.0,30410,761326,1078359040.0,3556.0,6,3555.0,37
rb1805,20171020,20171019,210435500,3556.0,30446,761342,1079639320.0,3557.0,6,3556.0,13
rb1805,20171020,20171019,210436000,3556.0,30480,761346,1080848420.0,3557.0,8,3556.0,3
rb1805,20171020,20171019,210436500,3556.0,30506,761354,1081773120.0,3557.0,83,3556.0,1
rb1805,20171020,20171019,210437000,3556.0,30510,761352,1081915380.0,3556.0,11,3555.0,56
rb1805,20171020,20171019,210437500,3555.0,30534,761344,1082768760.0,3556.0,8,3555.0,55
rb1805,20171020,20171019,210438000,3555.0,30558,761336,1083622120.0,3556.0,21,3555.0,51
rb1805,20171020,20171019,210438500,3555.0,30584,761320,1084546540.0,3556.0,21,3555.0,45
rb1805,20171020,20171019,210439000,3555.0,30600,761314,1085115380.0,3556.0,19,3555.0,40
rb1805,20171020,20171019,210439500,3556.0,30614,761324,1085613200.0,3556.0,19,3555.0,39
rb1805,20171020,20171019,210440000,3556.0,30672,761358,1087675660.0,3557.0,166,3556.0,13
rb1805,20171020,20171019,210440500,3556.0,30680,761364,1087960140.0,3557.0,177,3556.0,12
rb1805,20171020,20171019,210441000,3556.0,30746,761362,1090307060.0,3556.0,58,3555.0,40
rb1805,20171020,20171019,210441500,3556.0,30890,761286,1095427680.0,3557.0,180,3556.0,26
rb1805,20171020,20171019,210442000,3557.0,31266,761458,1108801860.0,3558.0,226,3556.0,24
rb1805,20171020,20171019,210442500,3556.0,31296,761470,1109868720.0,3557.0,3,3556.0,61
rb1805,20171020,20171019,210443000,3557.0,31320,761484,1110722220.0,3558.0,236,3557.0,14
rb1805,20171020,20171019,210443500,3557.0,31370,761444,1112500700.0,3557.0,24,3556.0,126
rb1805,20171020,20171019,210444000,3557.0,31392,761446,1113283220.0,3557.0,8,3556.0,125
rb1805,20171020,20171019,210444500,3557.0,31432,761414,1114706000.0,3558.0,239,3557.0,48
rb1805,20171020,20171019,210445000,3556.0,31532,761328,1118262980.0,3557.0,109,3556.0,68
rb1805,20171020,20171019,210445500,3556.0,31532,761328,1118262980.0,3557.0,95,3556.0,68
rb1805,20171020,20171019,210446000,3556.0,31676,761254,1123383620.0,3556.0,146,3555.0,79
rb1805,20171020,20171019,210446500,3555.0,31838,761408,1129142720.0,3555.0,102,3554.0,89
rb1805,20171020,20171019,210447000,3554.0,31868,761388,1130209120.0,3555.0,98,3554.0,76
rb1805,20171020,20171019,210447500,3554.0,31898,761378,1131275360.0,3555.0,96,3554.0,64
rb1805,20171020,20171019,210448000,3555.0,31922,761372,1132128420.0,3555.0,92,3554.0,58
rb1805,20171020,20171019,210448500,3554.0,31940,761376,1132768160.0,3555.0,95,3554.0,53
rb1805,20171020,20171019,210449000,3555.0,31954,761380,1133265800.0,3555.0,91,3554.0,50
rb1805,20171020,20171019,210449500,3555.0,31956,761378,1133336900.0,3555.0,90,3554.0,55
rb1805,20171020,20171019,210450000,3555.0,31994,761380,1134687780.0,3555.0,72,3554.0,54
rb1805,20171020,20171019,210450500,3555.0,31996,761380,1134758880.0,3555.0,71,3554.0,54
rb1805,20171020,20171019,210451000,3555.0,32006,761380,1135114380.0,3555.0,66,3554.0,54
rb1805,20171020,20171019,210451500,3555.0,32078,761346,1137673960.0,3555.0,36,3554.0,58
rb1805,20171020,20171019,210452000,3554.0,32154,761294,1140375740.0,3555.0,10,3554.0,57
rb1805,20171020,20171019,210452500,3555.0,32172,761310,1141015640.0,3555.0,7,3554.0,57
rb1805,20171020,20171019,210453000,3555.0,32186,761322,1141513340.0,3556.0,36,3555.0,1
rb1805,20171020,20171019,210453500,3555.0,32188,761320,1141584440.0,3556.0,41,3554.0,64
rb1805,20171020,20171019,210454000,3555.0,32190,761320,1141655540.0,3555.0,9,3554.0,64
rb1805,20171020,20171019,210454500,3555.0,32192,761320,1141726640.0,3555.0,8,3554.0,74
rb1805,20171020,20171019,210455000,3555.0,32194,761320,1141797740.0,3555.0,50,3554.0,74
rb1805,20171020,20171019,210455500,3555.0,32338,761362,1146916320.0,3555.0,38,3554.0,45
rb1805,20171020,20171019,210456000,3555.0,32396,761390,1148978220.0,3555.0,10,3554.0,46
rb1805,20171020,20171019,210456500,3555.0,32414,761382,1149618100.0,3555.0,4,3554.0,46
rb1805,20171020,20171019,210457000,3555.0,32418,761382,1149760280.0,3555.0,6,3554.0,50
rb1805,20171020,20171019,210457500,3556.0,32454,761402,1151040280.0,3556.0,27,3555.0,10
rb1805,20171020,20171019,210458000,3555.0,32462,761402,1151324700.0,3555.0,1,3554.0,46
rb1805,20171020,20171019,210458500,3555.0,32494,761420,1152462300.0,3556.0,22,3555.0,20
rb1805,20171020,20171019,210459000,3555.0,32500,761426,1152675600.0,3556.0,22,3555.0,19
rb1805,20171020,20171019,210459500,3555.0,32502,761426,1152746700.0,3556.0,38,3555.0,18
rb1805,20171020,20171019,210500000,3555.0,32502,761426,1152746700.0,3556.0,43,3555.0,18
rb1805,20171020,20171019,210500500,3555.0,32544,761464,1154239780.0,3555.0,4,3554.0,47
rb1805,20171020,20171019,210501000,3555.0,32604,761470,1156372420.0,3555.0,13,3554.0,29
rb1805,20171020,20171019,210501500,3555.0,32642,761478,1157723320.0,3556.0,30,3554.0,40
rb1805,20171020,20171019,210502000,3555.0,32644,761478,1157794420.0,3556.0,27,3554.0,65
rb1805,20171020,20171019,210502500,3554.0,32688,761484,1159358720.0,3556.0,21,3554.0,82
rb1805,20171020,20171019,210503000,3556.0,32752,761488,1161634580.0,3557.0,102,3556.0,60
rb1805,20171020,20171019,210503500,3556.0,32756,761484,1161776820.0,3557.0,94,3556.0,88
rb1805,20171020,20171019,210504000,3556.0,32872,761462,1165902620.0,3557.0,44,3556.0,73
rb1805,20171020,20171019,210504500,3557.0,32970,761496,1169388480.0,3558.0,258,3556.0,174
rb1805,20171020,20171019,210505000,3557.0,32982,761496,1169815340.0,3558.0,259,3556.0,177
rb1805,20171020,20171019,210505500,3556.0,32988,761496,1170028700.0,3558.0,259,3556.0,177
rb1805,20171020,20171019,210506000,3556.0,32992,761498,1170170940.0,3558.0,259,3556.0,176
rb1805,20171020,20171019,210506500,3556.0,32994,761500,1170242060.0,3558.0,251,3557.0,24
rb1805,20171020,20171019,210507000,3558.0,33064,761522,1172732420.0,3558.0,228,3557.0,53
rb1805,20171020,20171019,210507500,3558.0,33104,761528,1174155480.0,3558.0,214,3557.0,61
rb1805,20171020,20171019,210508000,3557.0,33428,761316,1185683300.0,3558.0,57,3557.0,83
rb1805,20171020,20171019,210508500,3558.0,33516,761366,1188814320.0,3558.0,14,3557.0,83
rb1805,20171020,20171019,210509000,3558.0,33548,761346,1189952880.0,3559.0,166,3558.0,7
rb1805,20171020,20171019,210509500,3559.0,33632,761394,1192942180.0,3559.0,137,3558.0,42
rb1805,20171020,20171019,210510000,3559.0,33684,761364,1194792560.0,3559.0,143,3558.0,50
rb1805,20171020,20171019,210510500,3558.0,33722,761332,1196144620.0,3559.0,153,3558.0,53
rb1805,20171020,20171019,210511000,3559.0,33744,761342,1196927560.0,3559.0,146,3558.0,57
rb1805,20171020,20171019,210511500,3559.0,33794,761378,1198706900.0,3559.0,141,3558.0,53
rb1805,20171020,20171019,210512000,3558.0,33910,761320,1202834220.0,3559.0,138,3557.0,30
rb1805,20171020,20171019,210512500,3559.0,33954,761300,1204400020.0,3559.0,106,3557.0,30
rb1805,20171020,20171019,210513000,3559.0,33984,761304,1205467620.0,3559.0,110,3557.0,30
rb1805,20171020,20171019,210513500,3557.0,33996,761310,1205894520.0,3558.0,5,3557.0,26
rb1805,20171020,20171019,210514000,3559.0,34028,761330,1207032920.0,3558.0,8,3557.0,23
rb1805,20171020,20171019,210514500,3558.0,34044,761330,1207602200.0,3558.0,18,3557.0,27
rb1805,20171020,20171019,210515000,3558.0,34114,761382,1210092800.0,3559.0,114,3557.0,32
rb1805,20171020,20171019,210515500,3557.0,34220,761458,1213865080.0,3558.0,10,3557.0,30
rb1805,20171020,20171019,210516000,3558.0,34452,761600,1222122200.0,3558.0,9,3557.0,29
rb1805,20171020,20171019,210516500,3558.0,34470,761604,1222762640.0,3559.0,7,3558.0,6
rb1805,20171020,20171019,210517000,3558.0,34502,761608,1223901160.0,3558.0,127,3557.0,31
rb1805,20171020,20171019,210517500,3557.0,34606,761670,1227600440.0,3557.0,75,3556.0,15
rb1805,20171020,20171019,210518000,3556.0,34756,761732,1232934440.0,3556.0,18,3555.0,87
rb1805,20171020,20171019,210518500,3556.0,34804,761714,1234640920.0,3556.0,16,3555.0,68
rb1805,20171020,20171019,210519000,3555.0,34938,761684,1239404920.0,3556.0,14,3555.0,33
rb1805,20171020,20171019,210519500,3555.0,35048,761768,1243317120.0,3557.0,11,3556.0,1
rb1805,20171020,20171019,210520000,3556.0,35076,761768,1244312780.0,3557.0,18,3555.0,31
rb1805,20171020,20171019,210520500,3557.0,35082,761772,1244526180.0,3557.0,20,3556.0,10
rb1805,20171020,20171019,210521000,3557.0,35108,761762,1245450860.0,3557.0,10,3556.0,24
rb1805,20171020,20171019,210521500,3556.0,35112,761760,1245593120.0,3557.0,16,3556.0,28
rb1805,20171020,20171019,210522000,3556.0,35122,761756,1245948720.0,3557.0,23,3556.0,23
rb1805,20171020,20171019,210522500,3557.0,35128,761754,1246162120.0,3557.0,33,3556.0,27
rb1805,20171020,20171019,210523000,3556.0,35142,761754,1246659960.0,3557.0,41,3556.0,15
rb1805,20171020,20171019,210523500,3556.0,35216,761728,1249291400.0,3556.0,163,3555.0,80
rb1805,20171020,20171019,210524000,3556.0,35218,761728,1249362520.0,3556.0,214,3555.0,92
rb1805,20171020,20171019,210524500,3556.0,35220,761726,1249433640.0,3556.0,216,3555.0,94
rb1805,20171020,20171019,210525000,3556.0,35236,761724,1250002500.0,3556.0,213,3555.0,80
rb1805,20171020,20171019,210525500,3555.0,35238,761724,1250073600.0,3556.0,162,3555.0,122
rb1805,20171020,20171019,210526000,3555.0,35246,761718,1250358060.0,3556.0,166,3555.0,148
rb1805,20171020,20171019,210526500,3555.0,35288,761722,1251851540.0,3556.0,146,3555.0,155
rb1805,20171020,20171019,210527000,3556.0,35316,761702,1252847200.0,3556.0,135,3555.0,154
rb1805,20171020,20171019,210527500,3555.0,35320,761702,1252989400.0,3556.0,136,3555.0,151
rb1805,20171020,20171019,210528000,3556.0,35322,761700,1253060520.0,3556.0,135,3555.0,159
rb1805,20171020,20171019,210528500,3556.0,35322,761700,1253060520.0,3556.0,136,3555.0,223
rb1805,20171020,20171019,210529000,3556.0,35344,761698,1253842740.0,3556.0,134,3555.0,218
rb1805,20171020,20171019,210529500,3556.0,35348,761698,1253984960.0,3556.0,138,3555.0,235
rb1805,20171020,20171019,210530000,3556.0,35356,761702,1254269400.0,3556.0,136,3555.0,234
rb1805,20171020,20171019,210530500,3556.0,35356,761702,1254269400.0,3556.0,136,3555.0,236
rb1805,20171020,20171019,210531000,3555.0,35370,761708,1254767100.0,3556.0,136,3555.0,230
rb1805,20171020,20171019,210531500,3556.0,35376,761708,1254980460.0,3556.0,133,3555.0,230
rb1805,20171020,20171019,210532000,3556.0,35376,761708,1254980460.0,3556.0,138,3555.0,234
rb1805,20171020,20171019,210532500,3555.0,35378,761708,1255051560.0,3556.0,138,3555.0,234
rb1805,20171020,20171019,210533000,3556.0,35392,761710,1255549360.0,3556.0,134,3555.0,233
rb1805,20171020,20171019,210533500,3556.0,35480,761710,1258678640.0,3556.0,100,3555.0,235
rb1805,20171020,20171019,210534000,3556.0,35762,761742,1268707120.0,3558.0,194,3556.0,97
rb1805,20171020,20171019,210534500,3556.0,35786,761742,1269560600.0,3558.0,193,3556.0,79
rb1805,20171020,20171019,210535000,3556.0,35792,761744,1269773960.0,3557.0,28,3556.0,91
rb1805,20171020,20171019,210535500,3556.0,35806,761754,1270271800.0,3557.0,28,3556.0,91
rb1805,20171020,20171019,210536000,3557.0,35862,761806,1272263720.0,3558.0,203,3556.0,82
rb1805,20171020,20171019,210536500,3556.0,35868,761806,1272477120.0,3558.0,202,3556.0,81
rb1805,20171020,20171019,210537000,3556.0,35876,761806,1272761600.0,3558.0,199,3557.0,5
rb1805,20171020,20171019,210537500,3557.0,35932,761848,1274753100.0,3557.0,18,3556.0,125
rb1805,20171020,20171019,210538000,3557.0,35932,761848,1274753100.0,3558.0,209,3556.0,125
rb1805,20171020,20171019,210538500,3558.0,35938,761850,1274966520.0,3558.0,203,3557.0,6
rb1805,20171020,20171019,210539000,3558.0,35942,761850,1275108840.0,3558.0,202,3557.0,14
rb1805,20171020,20171019,210539500,3558.0,35950,761850,1275393420.0,3558.0,203,3557.0,18
rb1805,20171020,20171019,210540000,3558.0,36174,761990,1283363340.0,3558.0,109,3557.0,45
rb1805,20171020,20171019,210540500,3558.0,36394,762104,1291190940.0,3559.0,66,3558.0,69
rb1805,20171020,20171019,210541000,3558.0,36466,762134,1293753080.0,3559.0,29,3558.0,56
rb1805,20171020,20171019,210541500,3560.0,36530,762112,1296030820.0,3560.0,257,3558.0,64
rb1805,20171020,20171019,210542000,3558.0,36692,762060,1301796500.0,3560.0,217,3558.0,23
rb1805,20171020,20171019,210542500,3560.0,36722,762056,1302864280.0,3560.0,211,3558.0,43
rb1805,20171020,20171019,210543000,3560.0,36738,762066,1303433880.0,3560.0,203,3559.0,1
rb1805,20171020,20171019,210543500,3560.0,37050,761912,1314541060.0,3560.0,52,3559.0,4
rb1805,20171020,20171019,210544000,3560.0,37104,761948,1316463320.0,3560.0,32,3559.0,19
rb1805,20171020,20171019,210544500,3561.0,37218,762004,1320521540.0,3561.0,65,3560.0,74
rb1805,20171020,20171019,210545000,3562.0,37474,761912,1329637260.0,3562.0,153,3560.0,48
rb1805,20171020,20171019,210545500,3560.0,37534,761914,1331773620.0,3561.0,9,3560.0,37
rb1805,20171020,20171019,210546000,3562.0,37590,761920,1333767920.0,3562.0,147,3560.0,74
rb1805,20171020,20171019,210546500,3561.0,37598,761926,1334052780.0,3561.0,5,3560.0,75
rb1805,20171020,20171019,210547000,3562.0,37804,761850,1341387000.0,3562.0,158,3559.0,34
rb1805,20171020,20171019,210547500,3560.0,37862,761878,1343452520.0,3561.0,7,3560.0,4
rb1805,20171020,20171019,210548000,3561.0,37876,761878,1343950920.0,3561.0,58,3559.0,39
rb1805,20171020,20171019,210548500,3561.0,37910,761868,1345161660.0,3560.0,1,3559.0,40
rb1805,20171020,20171019,210549000,3560.0,37952,761862,1346656940.0,3561.0,74,3560.0,6
rb1805,20171020,20171019,210549500,3560.0,37968,761862,1347226540.0,3560.0,2,3559.0,44
rb1805,20171020,20171019,210550000,3560.0,38014,761884,1348864340.0,3560.0,15,3559.0,44
rb1805,20171020,20171019,210550500,3560.0,38052,761890,1350216920.0,3560.0,18,3559.0,35
rb1805,20171020,20171019,210551000,3560.0,38080,761902,1351213720.0,3560.0,18,3559.0,35
rb1805,20171020,20171019,210551500,3560.0,38102,761916,1351996900.0,3560.0,24,3559.0,38
rb1805,20171020,20171019,210552000,3560.0,38156,761934,1353919280.0,3561.0,91,3560.0,52
rb1805,20171020,20171019,210552500,3560.0,38212,761950,1355912880.0,3561.0,79,3560.0,65
rb1805,20171020,20171019,210553000,3560.0,38270,761946,1357977680.0,3561.0,71,3560.0,56
rb1805,20171020,20171019,210553500,3560.0,38278,761954,1358262480.0,3561.0,73,3560.0,53
rb1805,20171020,20171019,210554000,3560.0,38294,761966,1358832080.0,3561.0,84,3560.0,48
rb1805,20171020,20171019,210554500,3560.0,38298,761966,1358974480.0,3561.0,85,3560.0,47
rb1805,20171020,20171019,210555000,3560.0,38344,762002,1360612200.0,3561.0,96,3560.0,41
rb1805,20171020,20171019,210555500,3560.0,38376,761998,1361751500.0,3561.0,110,3560.0,33
rb1805,20171020,20171019,210556000,3560.0,38618,762164,1370368940.0,3561.0,1,3560.0,36
rb1805,20171020,20171019,210556500,3561.0,38626,762158,1370653820.0,3562.0,235,3561.0,1
rb1805,20171020,20171019,210557000,3560.0,38644,762172,1371294780.0,3561.0,27,3560.0,33
rb1805,20171020,20171019,210557500,3561.0,38702,762220,1373360160.0,3562.0,232,3561.0,105
rb1805,20171020,20171019,210558000,3561.0,38814,762324,1377348480.0,3562.0,245,3561.0,49
rb1805,20171020,20171019,210558500,3561.0,38890,762324,1380054880.0,3562.0,246,3561.0,13
rb1805,20171020,20171019,210559000,3560.0,38938,762344,1381763940.0,3561.0,23,3560.0,474
rb1805,20171020,20171019,210559500,3560.0,38944,762340,1381977580.0,3561.0,9,3560.0,465
rb1805,20171020,20171019,210600000,3561.0,38954,762338,1382333640.0,3561.0,17,3560.0,469
rb1805,20171020,20171019,210600500,3561.0,38964,762334,1382689740.0,3561.0,17,3560.0,488
rb1805,20171020,20171019,210601000,3561.0,38986,762332,1383473140.0,3561.0,25,3560.0,511
rb1805,20171020,20171019,210601500,3560.0,39050,762374,1385751560.0,3561.0,30,3560.0,462
rb1805,20171020,20171019,210602000,3560.0,39110,762434,1387887560.0,3561.0,90,3560.0,485
rb1805,20171020,20171019,210602500,3560.0,39178,762490,1390308460.0,3561.0,138,3560.0,462
rb1805,20171020,20171019,210603000,3560.0,40128,762758,1424128460.0,3560.0,5,3559.0,51
rb1805,20171020,20171019,210603500,3559.0,40268,762822,1429111460.0,3559.0,56,3558.0,86
rb1805,20171020,20171019,210604000,3558.0,40390,762938,1433453500.0,3559.0,21,3558.0,80
rb1805,20171020,20171019,210604500,3558.0,40418,762960,1434449860.0,3559.0,18,3558.0,83
rb1805,20171020,20171019,210605000,3558.0,40488,762908,1436940560.0,3559.0,22,3558.0,54
rb1805,20171020,20171019,210605500,3558.0,40570,762918,1439858280.0,3559.0,26,3558.0,24
rb1805,20171020,20171019,210606000,3558.0,40632,762882,1442064280.0,3558.0,2,3557.0,72
rb1805,20171020,20171019,210606500,3557.0,40664,762874,1443202820.0,3558.0,9,3557.0,71
rb1805,20171020,20171019,210607000,3557.0,40772,762820,1447044380.0,3558.0,13,3557.0,45
rb1805,20171020,20171019,210607500,3557.0,40874,762732,1450672520.0,3557.0,110,3556.0,85
rb1805,20171020,20171019,210608000,3557.0,41036,762742,1456434340.0,3557.0,58,3556.0,59
rb1805,20171020,20171019,210608500,3556.0,41084,762706,1458141660.0,3557.0,38,3556.0,80
rb1805,20171020,20171019,210609000,3557.0,41184,762640,1461698540.0,3558.0,17,3557.0,7
rb1805,20171020,20171019,210609500,3557.0,41256,762684,1464259580.0,3557.0,3,3556.0,93
rb1805,20171020,20171019,210610000,3557.0,41318,762666,1466465260.0,3558.0,4,3557.0,77
rb1805,20171020,20171019,210610500,3557.0,41336,762670,1467105520.0,3558.0,20,3557.0,63
rb1805,20171020,20171019,210611000,3558.0,41344,762672,1467390120.0,3558.0,18,3557.0,205
rb1805,20171020,20171019,210611500,3558.0,41356,762670,1467817060.0,3558.0,7,3557.0,388
rb1805,20171020,20171019,210612000,3558.0,41372,762660,1468386340.0,3559.0,34,3558.0,13
rb1805,20171020,20171019,210612500,3559.0,41878,763044,1486385600.0,3559.0,21,3558.0,2
rb1805,20171020,20171019,210613000,3559.0,41892,763046,1486883800.0,3559.0,32,3557.0,214
rb1805,20171020,20171019,210613500,3557.0,41896,763044,1487026080.0,3559.0,32,3558.0,13
rb1805,20171020,20171019,210614000,3557.0,41926,763046,1488093460.0,3558.0,3,3557.0,240
rb1805,20171020,20171019,210614500,3557.0,41926,763046,1488093460.0,3558.0,21,3557.0,249
rb1805,20171020,20171019,210615000,3557.0,41938,763046,1488520300.0,3558.0,28,3557.0,226
rb1805,20171020,20171019,210615500,3558.0,41962,763050,1489374060.0,3558.0,125,3557.0,222
rb1805,20171020,20171019,210616000,3557.0,42204,763052,1497984420.0,3558.0,2,3557.0,248
rb1805,20171020,20171019,210616500,3558.0,42226,763062,1498767180.0,3559.0,38,3558.0,10
rb1805,20171020,20171019,210617000,3557.0,42750,763430,1517406060.0,3558.0,8,3557.0,284
rb1805,20171020,20171019,210617500,3557.0,42766,763444,1517975260.0,3558.0,10,3557.0,285
rb1805,20171020,20171019,210618000,3557.0,42774,763448,1518259840.0,3558.0,10,3557.0,282
rb1805,20171020,20171019,210618500,3557.0,42778,763448,1518402120.0,3558.0,4,3557.0,280
rb1805,20171020,20171019,210619000,3558.0,42794,763454,1518971340.0,3559.0,51,3558.0,8
rb1805,20171020,20171019,210619500,3559.0,42800,763460,1519184880.0,3559.0,41,3558.0,8
rb1805,20171020,20171019,210620000,3558.0,42846,763476,1520821540.0,3559.0,44,3558.0,4
rb1805,20171020,20171019,210620500,3561.0,43414,763878,1541040460.0,3561.0,215,3559.0,5
rb1805,20171020,20171019,210621000,3559.0,43550,763846,1545878860.0,3560.0,36,3559.0,1
rb1805,20171020,20171019,210621500,3559.0,43600,763878,1547657840.0,3560.0,49,3559.0,60
rb1805,20171020,20171019,210622000,3559.0,43640,763916,1549081440.0,3560.0,49,3559.0,43
rb1805,20171020,20171019,210622500,3559.0,43646,763918,1549294980.0,3560.0,55,3559.0,50
rb1805,20171020,20171019,210623000,3559.0,43682,763938,1550576420.0,3560.0,46,3559.0,47
rb1805,20171020,20171019,210623500,3559.0,43694,763946,1551003520.0,3560.0,60,3559.0,40
rb1805,20171020,20171019,210624000,3558.0,43796,763958,1554633500.0,3559.0,16,3558.0,9
rb1805,20171020,20171019,210624500,3558.0,43814,763958,1555273940.0,3558.0,9,3557.0,28
rb1805,20171020,20171019,210625000,3557.0,43852,763922,1556625960.0,3559.0,57,3558.0,1
rb1805,20171020,20171019,210625500,3559.0,43896,763940,1558191800.0,3559.0,41,3558.0,3
rb1805,20171020,20171019,210626000,3558.0,43986,763986,1561394880.0,3560.0,66,3558.0,12
rb1805,20171020,20171019,210626500,3558.0,43988,763986,1561466040.0,3559.0,10,3558.0,25
rb1805,20171020,20171019,210627000,3559.0,44014,764012,1562391380.0,3560.0,60,3559.0,10
rb1805,20171020,20171019,210627500,3560.0,44108,763990,1565737780.0,3560.0,17,3559.0,16
rb1805,20171020,20171019,210628000,3560.0,44154,763968,1567375460.0,3561.0,198,3560.0,18
rb1805,20171020,20171019,210628500,3560.0,44266,764026,1571362660.0,3560.0,1,3559.0,32
rb1805,20171020,20171019,210629000,3560.0,44308,764038,1572857980.0,3560.0,17,3559.0,32
rb1805,20171020,20171019,210629500,3559.0,44314,764032,1573071540.0,3560.0,147,3559.0,19
rb1805,20171020,20171019,210630000,3559.0,44376,764054,1575278520.0,3560.0,148,3559.0,1
rb1805,20171020,20171019,210630500,3558.0,44382,764056,1575492060.0,3559.0,15,3558.0,40
rb1805,20171020,20171019,210631000,3559.0,44402,764058,1576203860.0,3559.0,13,3558.0,35
rb1805,20171020,20171019,210631500,3559.0,44430,764058,1577200380.0,3560.0,168,3559.0,4
rb1805,20171020,20171019,210632000,3560.0,44456,764060,1578125800.0,3560.0,181,3559.0,3
rb1805,20171020,20171019,210632500,3559.0,44468,764056,1578552860.0,3559.0,6,3558.0,38
rb1805,20171020,20171019,210633000,3559.0,44474,764054,1578766400.0,3560.0,182,3559.0,16
rb1805,20171020,20171019,210633500,3559.0,44474,764054,1578766400.0,3560.0,183,3559.0,16
rb1805,20171020,20171019,210634000,3560.0,44476,764054,1578837600.0,3560.0,183,3559.0,16
rb1805,20171020,20171019,210634500,3559.0,44488,764054,1579264680.0,3560.0,187,3559.0,22
rb1805,20171020,20171019,210635000,3559.0,44490,764052,1579335860.0,3560.0,292,3559.0,21
rb1805,20171020,20171019,210635500,3560.0,44556,764114,1581685060.0,3560.0,284,3559.0,34
rb1805,20171020,20171019,210636000,3560.0,44590,764114,1582895140.0,3560.0,295,3559.0,13
rb1805,20171020,20171019,210636500,3559.0,44616,764108,1583820500.0,3560.0,296,3559.0,1
rb1805,20171020,20171019,210637000,3559.0,44618,764106,1583891680.0,3559.0,13,3558.0,44
rb1805,20171020,20171019,210637500,3558.0,44646,764104,1584888180.0,3559.0,63,3558.0,29
rb1805,20171020,20171019,210638000,3558.0,44666,764098,1585599900.0,3559.0,69,3558.0,25
rb1805,20171020,20171019,210638500,3559.0,44670,764094,1585742260.0,3559.0,64,3558.0,25
rb1805,20171020,20171019,210639000,3559.0,44670,764094,1585742260.0,3559.0,67,3558.0,25
rb1805,20171020,20171019,210639500,3559.0,44692,764110,1586525240.0,3559.0,57,3558.0,25
rb1805,20171020,20171019,210640000,3558.0,44714,764130,1587308200.0,3559.0,45,3558.0,24
rb1805,20171020,20171019,210640500,3559.0,44720,764130,1587521700.0,3559.0,46,3558.0,24
rb1805,20171020,20171019,210641000,3559.0,44720,764130,1587521700.0,3559.0,55,3558.0,25
rb1805,20171020,20171019,210641500,3558.0,44736,764146,1588091120.0,3559.0,49,3558.0,25
rb1805,20171020,20171019,210642000,3558.0,44752,764144,1588660400.0,3559.0,57,3558.0,33
rb1805,20171020,20171019,210642500,3558.0,44758,764142,1588873900.0,3559.0,64,3558.0,37
rb1805,20171020,20171019,210643000,3559.0,44764,764146,1589087420.0,3559.0,94,3558.0,35
rb1805,20171020,20171019,210643500,3558.0,44794,764164,1590155020.0,3559.0,84,3558.0,31
rb1805,20171020,20171019,210644000,3558.0,44822,764168,1591151520.0,3559.0,71,3558.0,30
rb1805,20171020,20171019,210644500,3559.0,44846,764176,1592005680.0,3559.0,59,3558.0,46
rb1805,20171020,20171019,210645000,3559.0,44978,764224,1596703560.0,3560.0,353,3559.0,50
rb1805,20171020,20171019,210645500,3559.0,44996,764232,1597344200.0,3560.0,347,3559.0,45
rb1805,20171020,20171019,210646000,3558.0,45110,764338,1601401260.0,3559.0,14,3558.0,65
rb1805,20171020,20171019,210646500,3558.0,45158,764352,1603109560.0,3559.0,7,3558.0,62
rb1805,20171020,20171019,210647000,3558.0,45194,764364,1604390700.0,3559.0,1,3558.0,58
rb1805,20171020,20171019,210647500,3559.0,45216,764376,1605173480.0,3559.0,11,3558.0,50
rb1805,20171020,20171019,210648000,3558.0,45220,764374,1605315820.0,3559.0,14,3558.0,59
rb1805,20171020,20171019,210648500,3558.0,45242,764354,1606098580.0,3559.0,15,3558.0,53
rb1805,20171020,20171019,210649000,3559.0,45244,764354,1606169760.0,3559.0,16,3558.0,53
rb1805,20171020,20171019,210649500,3558.0,45252,764350,1606454420.0,3559.0,24,3558.0,52
rb1805,20171020,20171019,210650000,3558.0,45362,764298,1610368220.0,3558.0,12,3557.0,68
rb1805,20171020,20171019,210650500,3558.0,45396,764300,1611577800.0,3558.0,10,3557.0,55
rb1805,20171020,20171019,210651000,3558.0,45404,764294,1611862440.0,3558.0,7,3557.0,57
rb1805,20171020,20171019,210651500,3558.0,45406,764294,1611933600.0,3558.0,9,3557.0,57
rb1805,20171020,20171019,210652000,3558.0,45420,764288,1612431700.0,3558.0,6,3557.0,61
rb1805,20171020,20171019,210652500,3557.0,45430,764294,1612787440.0,3558.0,17,3557.0,64
rb1805,20171020,20171019,210653000,3558.0,45454,764280,1613641200.0,3558.0,13,3557.0,91
rb1805,20171020,20171019,210653500,3558.0,45480,764270,1614566220.0,3558.0,10,3557.0,101
rb1805,20171020,20171019,210654000,3558.0,45492,764270,1614993180.0,3558.0,14,3557.0,97
rb1805,20171020,20171019,210654500,3557.0,45510,764270,1615633440.0,3558.0,14,3557.0,88
rb1805,20171020,20171019,210655000,3557.0,45574,764264,1617909920.0,3558.0,26,3557.0,73
rb1805,20171020,20171019,210655500,3557.0,45722,764290,1623174280.0,3557.0,60,3556.0,111
rb1805,20171020,20171019,210656000,3557.0,45728,764288,1623387700.0,3557.0,58,3556.0,116
rb1805,20171020,20171019,210656500,3557.0,45728,764288,1623387700.0,3557.0,61,3556.0,116
rb1805,20171020,20171019,210657000,3557.0,45730,764286,1623458840.0,3557.0,60,3556.0,118
rb1805,20171020,20171019,210657500,3557.0,45732,764286,1623529980.0,3557.0,59,3556.0,119
rb1805,20171020,20171019,210658000,3556.0,45738,764286,1623743340.0,3557.0,59,3556.0,115
rb1805,20171020,20171019,210658500,3557.0,45744,764282,1623956760.0,3557.0,56,3556.0,110
rb1805,20171020,20171019,210659000,3556.0,45844,764288,1627513680.0,3557.0,11,3556.0,116
rb1805,20171020,20171019,210659500,3557.0,45848,764288,1627655960.0,3557.0,52,3556.0,126
rb1805,20171020,20171019,210700000,3557.0,45848,764288,1627655960.0,3557.0,52,3556.0,126
rb1805,20171020,20171019,210700500,3557.0,45856,764290,1627940500.0,3557.0,50,3556.0,131
rb1805,20171020,20171019,210701000,3556.0,45866,764284,1628296100.0,3557.0,52,3556.0,127
rb1805,20171020,20171019,210701500,3556.0,45866,764284,1628296100.0,3557.0,52,3556.0,127
rb1805,20171020,20171019,210702000,3556.0,45874,764278,1628580600.0,3557.0,66,3556.0,140
rb1805,20171020,20171019,210702500,3556.0,45898,764280,1629434140.0,3557.0,62,3556.0,133
rb1805,20171020,20171019,210703000,3557.0,45912,764276,1629932100.0,3557.0,56,3556.0,132
rb1805,20171020,20171019,210703500,3557.0,45914,764276,1630003240.0,3557.0,46,3556.0,132
rb1805,20171020,20171019,210704000,3556.0,45974,764238,1632136840.0,3557.0,48,3556.0,102
rb1805,20171020,20171019,210704500,3556.0,46014,764260,1633559440.0,3557.0,39,3556.0,92
rb1805,20171020,20171019,210705000,3556.0,46086,764310,1636119840.0,3557.0,32,3556.0,61
rb1805,20171020,20171019,210705500,3556.0,46086,764310,1636119840.0,3557.0,37,3556.0,62
rb1805,20171020,20171019,210706000,3556.0,46100,764314,1636617740.0,3557.0,37,3556.0,53
rb1805,20171020,20171019,210706500,3557.0,46188,764376,1639747640.0,3557.0,7,3556.0,44
rb1805,20171020,20171019,210707000,3556.0,46192,764372,1639889880.0,3557.0,7,3556.0,42
rb1805,20171020,20171019,210707500,3557.0,46198,764370,1640103260.0,3557.0,4,3556.0,42
rb1805,20171020,20171019,210708000,3556.0,46262,764336,1642379120.0,3557.0,3,3556.0,22
rb1805,20171020,20171019,210708500,3558.0,46290,764350,1643375080.0,3558.0,58,3557.0,490
rb1805,20171020,20171019,210709000,3557.0,46772,764686,1660519820.0,3558.0,54,3557.0,250
rb1805,20171020,20171019,210709500,3557.0,47276,764906,1678447080.0,3557.0,44,3556.0,23
rb1805,20171020,20171019,210710000,3557.0,47288,764910,1678873840.0,3557.0,53,3556.0,19
rb1805,20171020,20171019,210710500,3556.0,47300,764902,1679300560.0,3557.0,58,3556.0,15
rb1805,20171020,20171019,210711000,3556.0,47328,764886,1680296280.0,3557.0,56,3556.0,24
rb1805,20171020,20171019,210711500,3556.0,47336,764884,1680580780.0,3557.0,66,3556.0,30
rb1805,20171020,20171019,210712000,3556.0,47344,764886,1680865260.0,3557.0,66,3556.0,28
rb1805,20171020,20171019,210712500,3556.0,47352,764890,1681149740.0,3557.0,62,3556.0,35
rb1805,20171020,20171019,210713000,3556.0,47364,764900,1681576480.0,3557.0,56,3556.0,36
rb1805,20171020,20171019,210713500,3557.0,47522,764904,1687196540.0,3558.0,60,3557.0,58
rb1805,20171020,20171019,210714000,3557.0,47532,764904,1687552240.0,3558.0,46,3557.0,83
rb1805,20171020,20171019,210714500,3557.0,47534,764902,1687623380.0,3558.0,47,3557.0,46
rb1805,20171020,20171019,210715000,3557.0,47538,764898,1687765660.0,3558.0,44,3557.0,44
rb1805,20171020,20171019,210715500,3557.0,47538,764898,1687765660.0,3558.0,46,3557.0,45
rb1805,20171020,20171019,210716000,3557.0,47546,764896,1688050220.0,3558.0,46,3557.0,41
rb1805,20171020,20171019,210716500,3557.0,47554,764894,1688334800.0,3558.0,45,3557.0,48
rb1805,20171020,20171019,210717000,3558.0,47570,764908,1688904080.0,3558.0,37,3557.0,48
rb1805,20171020,20171019,210717500,3557.0,47576,764906,1689117500.0,3558.0,52,3557.0,55
rb1805,20171020,20171019,210718000,3557.0,47576,764906,1689117500.0,3558.0,53,3557.0,55
rb1805,20171020,20171019,210718500,3557.0,47846,764842,1698721400.0,3558.0,53,3557.0,20
rb1805,20171020,20171019,210719000,3557.0,47876,764872,1699788500.0,3558.0,50,3557.0,5
rb1805,20171020,20171019,210719500,3557.0,47888,764882,1700215340.0,3557.0,4,3556.0,68
rb1805,20171020,20171019,210720000,3557.0,47890,764884,1700286480.0,3557.0,3,3556.0,49
rb1805,20171020,20171019,210720500,3556.0,47892,764886,1700357600.0,3557.0,7,3556.0,49
rb1805,20171020,20171019,210721000,3557.0,47894,764888,1700428740.0,3557.0,13,3556.0,50
rb1805,20171020,20171019,210721500,3557.0,47928,764908,1701638120.0,3558.0,73,3557.0,485
rb1805,20171020,20171019,210722000,3557.0,47934,764908,1701851540.0,3558.0,77,3557.0,483
rb1805,20171020,20171019,210722500,3557.0,47936,764908,1701922680.0,3558.0,77,3557.0,482
rb1805,20171020,20171019,210723000,3557.0,48016,764914,1704768320.0,3558.0,78,3557.0,444
rb1805,20171020,20171019,210723500,3558.0,48028,764914,1705195280.0,3558.0,64,3557.0,454
rb1805,20171020,20171019,210724000,3558.0,48048,764914,1705906880.0,3558.0,50,3557.0,455
rb1805,20171020,20171019,210724500,3557.0,48118,764932,1708397340.0,3558.0,21,3557.0,449
rb1805,20171020,20171019,210725000,3557.0,48130,764934,1708824180.0,3558.0,20,3557.0,444
rb1805,20171020,20171019,210725500,3558.0,48134,764930,1708966500.0,3558.0,20,3557.0,444
rb1805,20171020,20171019,210726000,3557.0,48140,764934,1709179920.0,3558.0,20,3557.0,441
rb1805,20171020,20171019,210726500,3558.0,48158,764938,1709820360.0,3558.0,11,3557.0,442
rb1805,20171020,20171019,210727000,3558.0,48162,764942,1709962660.0,3558.0,10,3557.0,442
rb1805,20171020,20171019,210727500,3557.0,48168,764942,1710176100.0,3558.0,10,3557.0,440
rb1805,20171020,20171019,210728000,3557.0,48170,764944,1710247240.0,3558.0,10,3557.0,439
rb1805,20171020,20171019,210728500,3557.0,48170,764944,1710247240.0,3558.0,13,3557.0,439
rb1805,20171020,20171019,210729000,3558.0,48196,764962,1711172320.0,3559.0,268,3558.0,487
rb1805,20171020,20171019,210729500,3558.0,48198,764964,1711243480.0,3559.0,268,3558.0,486
rb1805,20171020,20171019,210730000,3558.0,48198,764964,1711243480.0,3559.0,269,3558.0,487
rb1805,20171020,20171019,210730500,3558.0,48198,764964,1711243480.0,3559.0,269,3558.0,489
rb1805,20171020,20171019,210731000,3558.0,48206,764968,1711528120.0,3559.0,264,3558.0,485
rb1805,20171020,20171019,210731500,3558.0,48238,764992,1712666920.0,3559.0,242,3558.0,486
rb1805,20171020,20171019,210732000,3559.0,48240,764994,1712738100.0,3559.0,243,3558.0,486
rb1805,20171020,20171019,210732500,3559.0,48254,764996,1713236240.0,3559.0,242,3558.0,480
rb1805,20171020,20171019,210733000,3558.0,48264,765002,1713592080.0,3559.0,241,3558.0,477
rb1805,20171020,20171019,210733500,3559.0,48266,765002,1713663260.0,3559.0,240,3558.0,477
rb1805,20171020,20171019,210734000,3558.0,48280,765002,1714161380.0,3559.0,240,3558.0,470
rb1805,20171020,20171019,210734500,3558.0,48322,765006,1715655740.0,3559.0,250,3558.0,450
rb1805,20171020,20171019,210735000,3559.0,48330,765014,1715940460.0,3559.0,246,3558.0,451
rb1805,20171020,20171019,210735500,3558.0,48336,765016,1716153980.0,3559.0,245,3558.0,450
rb1805,20171020,20171019,210736000,3558.0,48346,765018,1716509840.0,3559.0,242,3558.0,448
rb1805,20171020,20171019,210736500,3559.0,48502,765106,1722061880.0,3559.0,165,3558.0,448
rb1805,20171020,20171019,210737000,3559.0,48848,765096,1734375860.0,3560.0,249,3559.0,22
rb1805,20171020,20171019,210737500,3560.0,48864,765110,1734945440.0,3560.0,239,3559.0,32
rb1805,20171020,20171019,210738000,3559.0,48868,765106,1735087800.0,3560.0,239,3559.0,49
rb1805,20171020,20171019,210738500,3560.0,48878,765116,1735443800.0,3560.0,232,3559.0,50
rb1805,20171020,20171019,210739000,3559.0,48904,765094,1736369140.0,3560.0,236,3559.0,21
rb1805,20171020,20171019,210739500,3559.0,48904,765094,1736369140.0,3560.0,236,3559.0,21
rb1805,20171020,20171019,210740000,3559.0,48906,765094,1736440320.0,3560.0,240,3559.0,22
rb1805,20171020,20171019,210740500,3559.0,48922,765096,1737009760.0,3560.0,240,3559.0,14
rb1805,20171020,20171019,210741000,3559.0,48922,765096,1737009760.0,3560.0,240,3559.0,14
rb1805,20171020,20171019,210741500,3560.0,48924,765098,1737080960.0,3560.0,239,3559.0,15
rb1805,20171020,20171019,210742000,3559.0,48928,765100,1737223320.0,3560.0,239,3559.0,13
rb1805,20171020,20171019,210742500,3559.0,48932,765098,1737365680.0,3560.0,239,3559.0,12
rb1805,20171020,20171019,210743000,3559.0,48960,765076,1738362200.0,3560.0,239,3558.0,29
rb1805,20171020,20171019,210743500,3559.0,48968,765080,1738646920.0,3559.0,26,3558.0,17
rb1805,20171020,20171019,210744000,3559.0,48968,765080,1738646920.0,3559.0,37,3558.0,17
rb1805,20171020,20171019,210744500,3559.0,48978,765080,1739002820.0,3559.0,32,3558.0,17
rb1805,20171020,20171019,210745000,3558.0,48980,765078,1739073980.0,3559.0,36,3558.0,19
rb1805,20171020,20171019,210745500,3559.0,48986,765084,1739287520.0,3559.0,34,3558.0,23
rb1805,20171020,20171019,210746000,3559.0,49054,765136,1741707640.0,3560.0,257,3559.0,467
rb1805,20171020,20171019,210746500,3560.0,49056,765138,1741778840.0,3560.0,253,3559.0,475
rb1805,20171020,20171019,210747000,3560.0,49072,765142,1742348440.0,3560.0,241,3559.0,479
rb1805,20171020,20171019,210747500,3559.0,49138,765144,1744698000.0,3560.0,208,3559.0,486
rb1805,20171020,20171019,210748000,3560.0,49174,765178,1745979560.0,3560.0,193,3559.0,485
rb1805,20171020,20171019,210748500,3559.0,49260,765222,1749040960.0,3560.0,162,3559.0,479
rb1805,20171020,20171019,210749000,3559.0,49326,765266,1751390060.0,3560.0,155,3559.0,458
rb1805,20171020,20171019,210749500,3560.0,49332,765264,1751603640.0,3560.0,151,3559.0,458
rb1805,20171020,20171019,210750000,3559.0,49366,765264,1752813700.0,3560.0,154,3559.0,442
rb1805,20171020,20171019,210750500,3560.0,49368,765262,1752884900.0,3560.0,150,3559.0,443
rb1805,20171020,20171019,210751000,3559.0,49372,765264,1753027280.0,3560.0,150,3559.0,442
rb1805,20171020,20171019,210751500,3559.0,49380,765268,1753312060.0,3560.0,147,3559.0,441
rb1805,20171020,20171019,210752000,3560.0,49418,765302,1754664720.0,3560.0,135,3559.0,437
rb1805,20171020,20171019,210752500,3560.0,49434,765306,1755234260.0,3560.0,130,3559.0,442
rb1805,20171020,20171019,210753000,3559.0,49446,765318,1755661380.0,3560.0,129,3559.0,438
rb1805,20171020,20171019,210753500,3560.0,49458,765330,1756088480.0,3560.0,180,3559.0,433
rb1805,20171020,20171019,210754000,3560.0,49480,765352,1756871680.0,3560.0,169,3559.0,433
rb1805,20171020,20171019,210754500,3560.0,49684,765454,1764134060.0,3560.0,70,3559.0,434
rb1805,20171020,20171019,210755000,3559.0,50348,765498,1787766420.0,3560.0,41,3559.0,141
rb1805,20171020,20171019,210755500,3560.0,50354,765502,1787980020.0,3560.0,39,3559.0,134
rb1805,20171020,20171019,210756000,3559.0,50402,765534,1789688620.0,3560.0,100,3559.0,125
rb1805,20171020,20171019,210756500,3559.0,50554,765526,1795099520.0,3560.0,47,3559.0,111
rb1805,20171020,20171019,210757000,3559.0,50568,765536,1795597840.0,3560.0,47,3559.0,131
rb1805,20171020,20171019,210757500,3559.0,50568,765536,1795597840.0,3560.0,48,3559.0,132
rb1805,20171020,20171019,210758000,3559.0,50570,765538,1795669020.0,3560.0,63,3559.0,132
rb1805,20171020,20171019,210758500,3559.0,50570,765538,1795669020.0,3560.0,88,3559.0,132
rb1805,20171020,20171019,210759000,3560.0,50572,765540,1795740220.0,3560.0,88,3559.0,132
rb1805,20171020,20171019,210759500,3559.0,50574,765540,1795811400.0,3560.0,91,3559.0,132
rb1805,20171020,20171019,210800000,3559.0,50590,765556,1796380840.0,3560.0,97,3559.0,126
rb1805,20171020,20171019,210800500,3559.0,50604,765562,1796879100.0,3560.0,97,3559.0,120
rb1805,20171020,20171019,210801000,3560.0,50610,765568,1797092680.0,3560.0,95,3559.0,96
rb1805,20171020,20171019,210801500,3560.0,50610,765568,1797092680.0,3560.0,96,3559.0,103
rb1805,20171020,20171019,210802000,3559.0,50628,765570,1797733300.0,3560.0,101,3559.0,94
rb1805,20171020,20171019,210802500,3559.0,50712,765568,1800722860.0,3560.0,102,3559.0,52
rb1805,20171020,20171019,210803000,3559.0,50818,765586,1804495420.0,3559.0,8,3558.0,50
rb1805,20171020,20171019,210803500,3558.0,50872,765602,1806416920.0,3559.0,78,3558.0,27
rb1805,20171020,20171019,210804000,3559.0,50876,765602,1806559280.0,3559.0,100,3558.0,17
rb1805,20171020,20171019,210804500,3559.0,50878,765602,1806630460.0,3559.0,105,3558.0,17
rb1805,20171020,20171019,210805000,3558.0,50880,765600,1806701620.0,3559.0,106,3558.0,16
rb1805,20171020,20171019,210805500,3558.0,50886,765600,1806915100.0,3559.0,108,3558.0,13
rb1805,20171020,20171019,210806000,3558.0,50888,765602,1806986260.0,3559.0,108,3558.0,12
rb1805,20171020,20171019,210806500,3558.0,50900,765604,1807413220.0,3559.0,108,3558.0,9
rb1805,20171020,20171019,210807000,3558.0,50920,765616,1808124820.0,3558.0,9,3557.0,34
rb1805,20171020,20171019,210807500,3557.0,50922,765618,1808195960.0,3558.0,427,3557.0,39
rb1805,20171020,20171019,210808000,3557.0,50988,765648,1810543580.0,3557.0,43,3556.0,78
rb1805,20171020,20171019,210808500,3557.0,51076,765652,1813673720.0,3558.0,440,3557.0,59
rb1805,20171020,20171019,210809000,3556.0,51250,765764,1819863280.0,3558.0,441,3556.0,83
rb1805,20171020,20171019,210809500,3556.0,51250,765764,1819863280.0,3557.0,3,3556.0,83
rb1805,20171020,20171019,210810000,3557.0,51254,765766,1820005540.0,3557.0,16,3556.0,71
rb1805,20171020,20171019,210810500,3556.0,51396,765840,1825055060.0,3556.0,51,3555.0,250
rb1805,20171020,20171019,210811000,3555.0,51458,765834,1827259360.0,3556.0,47,3555.0,224
rb1805,20171020,20171019,210811500,3557.0,51712,765954,1836290640.0,3557.0,50,3556.0,9
rb1805,20171020,20171019,210812000,3556.0,51738,765950,1837215220.0,3557.0,42,3556.0,10
rb1805,20171020,20171019,210812500,3557.0,51826,765992,1840345340.0,3558.0,457,3557.0,10
rb1805,20171020,20171019,210813000,3557.0,51874,766008,1842052820.0,3558.0,449,3557.0,78
rb1805,20171020,20171019,210813500,3557.0,51914,766018,1843475620.0,3558.0,449,3557.0,58
rb1805,20171020,20171019,210814000,3557.0,51916,766020,1843546760.0,3558.0,455,3557.0,57
rb1805,20171020,20171019,210814500,3557.0,51922,766024,1843760180.0,3558.0,451,3557.0,54
rb1805,20171020,20171019,210815000,3557.0,51950,766042,1844756140.0,3558.0,452,3557.0,40
rb1805,20171020,20171019,210815500,3557.0,52032,766064,1847672900.0,3557.0,7,3556.0,17
rb1805,20171020,20171019,210816000,3557.0,52034,766066,1847744040.0,3557.0,17,3556.0,23
rb1805,20171020,20171019,210816500,3557.0,52034,766066,1847744040.0,3557.0,27,3556.0,18
rb1805,20171020,20171019,210817000,3557.0,52042,766070,1848028560.0,3557.0,41,3556.0,13
rb1805,20171020,20171019,210817500,3556.0,52044,766070,1848099680.0,3557.0,41,3556.0,13
rb1805,20171020,20171019,210818000,3556.0,52046,766072,1848170800.0,3557.0,51,3556.0,12
rb1805,20171020,20171019,210818500,3557.0,52080,766058,1849379860.0,3557.0,108,3556.0,47
rb1805,20171020,20171019,210819000,3557.0,52142,766052,1851584720.0,3557.0,101,3556.0,24
rb1805,20171020,20171019,210819500,3556.0,52164,766050,1852367040.0,3557.0,98,3556.0,14
rb1805,20171020,20171019,210820000,3556.0,52188,766048,1853220480.0,3557.0,98,3556.0,2
rb1805,20171020,20171019,210820500,3557.0,52392,766154,1860476260.0,3557.0,27,3555.0,215
rb1805,20171020,20171019,210821000,3556.0,52402,766160,1860831860.0,3557.0,82,3556.0,7
rb1805,20171020,20171019,210821500,3556.0,52418,766172,1861400820.0,3556.0,94,3555.0,215
rb1805,20171020,20171019,210822000,3555.0,52478,766128,1863533940.0,3556.0,113,3555.0,192
rb1805,20171020,20171019,210822500,3556.0,52486,766130,1863818400.0,3556.0,112,3555.0,192
rb1805,20171020,20171019,210823000,3556.0,52728,766292,1872423520.0,3556.0,11,3555.0,159
rb1805,20171020,20171019,210823500,3555.0,52734,766292,1872636820.0,3556.0,28,3555.0,156
rb1805,20171020,20171019,210824000,3556.0,52750,766296,1873205660.0,3556.0,93,3555.0,150
rb1805,20171020,20171019,210824500,3556.0,52958,766476,1880602100.0,3556.0,2,3555.0,149
rb1805,20171020,20171019,210825000,3555.0,52966,766474,1880886540.0,3557.0,214,3556.0,2
rb1805,20171020,20171019,210825500,3556.0,53004,766462,1882237620.0,3556.0,2,3555.0,137
rb1805,20171020,20171019,210826000,3556.0,53012,766462,1882522060.0,3556.0,13,3555.0,127
rb1805,20171020,20171019,210826500,3555.0,53020,766466,1882806460.0,3556.0,15,3555.0,125
rb1805,20171020,20171019,210827000,3555.0,53030,766464,1883161960.0,3556.0,4,3555.0,122
rb1805,20171020,20171019,210827500,3556.0,53042,766474,1883588680.0,3557.0,222,3556.0,24
rb1805,20171020,20171019,210828000,3556.0,53074,766478,1884726600.0,3557.0,234,3556.0,9
rb1805,20171020,20171019,210828500,3556.0,53304,766478,1892903340.0,3556.0,14,3555.0,42
rb1805,20171020,20171019,210829000,3556.0,53344,766484,1894325440.0,3556.0,27,3555.0,25
rb1805,20171020,20171019,210829500,3556.0,53458,766484,1898378780.0,3557.0,236,3556.0,29
rb1805,20171020,20171019,210830000,3556.0,53552,766512,1901721180.0,3556.0,58,3554.0,120
rb1805,20171020,20171019,210830500,3555.0,53554,766512,1901792280.0,3556.0,43,3555.0,20
rb1805,20171020,20171019,210831000,3554.0,53618,766458,1904067240.0,3555.0,6,3554.0,101
rb1805,20171020,20171019,210831500,3555.0,53680,766430,1906270860.0,3556.0,54,3555.0,4
rb1805,20171020,20171019,210832000,3554.0,53740,766430,1908403640.0,3555.0,2,3554.0,65
rb1805,20171020,20171019,210832500,3555.0,53748,766426,1908688040.0,3556.0,138,3555.0,10
rb1805,20171020,20171019,210833000,3555.0,53774,766408,1909612340.0,3556.0,143,3554.0,84
rb1805,20171020,20171019,210833500,3556.0,53776,766408,1909683460.0,3556.0,145,3555.0,3
rb1805,20171020,20171019,210834000,3554.0,53784,766404,1909967840.0,3556.0,153,3554.0,83
rb1805,20171020,20171019,210834500,3554.0,53820,766398,1911247480.0,3556.0,152,3555.0,3
rb1805,20171020,20171019,210835000,3556.0,54002,766506,1917719380.0,3556.0,63,3555.0,4
rb1805,20171020,20171019,210835500,3555.0,54010,766506,1918003780.0,3556.0,49,3554.0,86
rb1805,20171020,20171019,210836000,3554.0,54198,766420,1924685300.0,3554.0,214,3553.0,109
rb1805,20171020,20171019,210836500,3554.0,54340,766290,1929731980.0,3554.0,145,3553.0,102
rb1805,20171020,20171019,210837000,3554.0,54380,766254,1931153580.0,3554.0,127,3553.0,148
rb1805,20171020,20171019,210837500,3553.0,54472,766254,1934422340.0,3554.0,127,3553.0,105
rb1805,20171020,20171019,210838000,3554.0,54648,766122,1940675720.0,3554.0,152,3553.0,22
rb1805,20171020,20171019,210838500,3554.0,54654,766116,1940888940.0,3554.0,152,3553.0,25
rb1805,20171020,20171019,210839000,3553.0,54670,766116,1941457520.0,3554.0,147,3553.0,64
rb1805,20171020,20171019,210839500,3554.0,54678,766112,1941741840.0,3554.0,161,3553.0,72
rb1805,20171020,20171019,210840000,3554.0,54696,766108,1942381420.0,3554.0,159,3553.0,70
rb1805,20171020,20171019,210840500,3553.0,54756,766108,1944513760.0,3554.0,142,3553.0,85
rb1805,20171020,20171019,210841000,3553.0,54756,766108,1944513760.0,3554.0,142,3553.0,89
rb1805,20171020,20171019,210841500,3554.0,54760,766108,1944655900.0,3554.0,143,3553.0,113
rb1805,20171020,20171019,210842000,3554.0,54804,766134,1946219240.0,3554.0,146,3553.0,98
rb1805,20171020,20171019,210842500,3553.0,54820,766150,1946787720.0,3554.0,147,3553.0,90
rb1805,20171020,20171019,210843000,3553.0,54832,766152,1947214140.0,3554.0,146,3553.0,120
rb1805,20171020,20171019,210843500,3553.0,55054,766176,1955103800.0,3554.0,47,3553.0,115
rb1805,20171020,20171019,210844000,3554.0,55176,766158,1959438600.0,3554.0,40,3553.0,83
rb1805,20171020,20171019,210844500,3554.0,55190,766158,1959936080.0,3554.0,33,3553.0,84
rb1805,20171020,20171019,210845000,3553.0,55192,766160,1960007140.0,3554.0,36,3553.0,99
rb1805,20171020,20171019,210845500,3554.0,55212,766160,1960717900.0,3554.0,27,3553.0,99
rb1805,20171020,20171019,210846000,3554.0,55212,766160,1960717900.0,3554.0,29,3553.0,115
rb1805,20171020,20171019,210846500,3554.0,55290,766154,1963489880.0,3555.0,115,3554.0,97
rb1805,20171020,20171019,210847000,3554.0,55366,766174,1966191320.0,3555.0,95,3554.0,83
rb1805,20171020,20171019,210847500,3554.0,55378,766186,1966617800.0,3555.0,92,3554.0,88
rb1805,20171020,20171019,210848000,3554.0,55380,766188,1966688880.0,3555.0,105,3554.0,89
rb1805,20171020,20171019,210848500,3554.0,55388,766196,1966973200.0,3555.0,102,3554.0,85
rb1805,20171020,20171019,210849000,3554.0,55572,766170,1973512540.0,3555.0,102,3554.0,401
rb1805,20171020,20171019,210849500,3555.0,55596,766152,1974365540.0,3555.0,100,3554.0,392
rb1805,20171020,20171019,210850000,3555.0,55598,766154,1974436640.0,3555.0,100,3554.0,340
rb1805,20171020,20171019,210850500,3555.0,55632,766172,1975645260.0,3555.0,89,3554.0,337
rb1805,20171020,20171019,210851000,3555.0,55632,766172,1975645260.0,3555.0,89,3554.0,390
rb1805,20171020,20171019,210851500,3554.0,55634,766170,1975716340.0,3555.0,90,3554.0,392
rb1805,20171020,20171019,210852000,3554.0,55836,766172,1982895440.0,3555.0,89,3554.0,294
rb1805,20171020,20171019,210852500,3554.0,55862,766174,1983819680.0,3555.0,79,3554.0,292
rb1805,20171020,20171019,210853000,3554.0,55924,766174,1986023160.0,3555.0,78,3554.0,209
rb1805,20171020,20171019,210853500,3554.0,55926,766174,1986094240.0,3555.0,78,3554.0,210
rb1805,20171020,20171019,210854000,3555.0,56082,766210,1991640040.0,3556.0,118,3555.0,23
rb1805,20171020,20171019,210854500,3554.0,56134,766240,1993488600.0,3555.0,23,3554.0,213
rb1805,20171020,20171019,210855000,3554.0,56134,766240,1993488600.0,3555.0,77,3554.0,213
rb1805,20171020,20171019,210855500,3554.0,56138,766240,1993630760.0,3555.0,85,3554.0,215
rb1805,20171020,20171019,210856000,3555.0,56148,766238,1993986180.0,3555.0,86,3554.0,212
rb1805,20171020,20171019,210856500,3554.0,56186,766232,1995336700.0,3555.0,89,3554.0,193
rb1805,20171020,20171019,210857000,3554.0,56196,766232,1995692100.0,3555.0,89,3554.0,189
rb1805,20171020,20171019,210857500,3554.0,56212,766230,1996260740.0,3555.0,93,3554.0,181
rb1805,20171020,20171019,210858000,3554.0,56220,766230,1996545060.0,3555.0,110,3554.0,178
rb1805,20171020,20171019,210858500,3555.0,56444,766386,2004508020.0,3555.0,17,3554.0,166
rb1805,20171020,20171019,210859000,3555.0,56466,766386,2005290100.0,3555.0,21,3554.0,166
rb1805,20171020,20171019,210859500,3555.0,56518,766434,2007138680.0,3556.0,111,3555.0,75
rb1805,20171020,20171019,210900000,3555.0,56598,766506,2009982680.0,3556.0,115,3555.0,36
rb1805,20171020,20171019,210900500,3555.0,56644,766544,2011618060.0,3556.0,111,3555.0,19
rb1805,20171020,20171019,210901000,3555.0,56682,766580,2012968960.0,3556.0,111,3554.0,175
rb1805,20171020,20171019,210901500,3556.0,56794,766658,2016951120.0,3556.0,78,3554.0,175
rb1805,20171020,20171019,210902000,3556.0,56996,766778,2024134240.0,3556.0,2,3554.0,173
rb1805,20171020,20171019,210902500,3555.0,57044,766774,2025840220.0,3555.0,248,3554.0,152
rb1805,20171020,20171019,210903000,3554.0,57066,766762,2026622220.0,3555.0,233,3554.0,147
rb1805,20171020,20171019,210903500,3555.0,57098,766760,2027759520.0,3555.0,232,3554.0,128
rb1805,20171020,20171019,210904000,3555.0,57098,766760,2027759520.0,3555.0,234,3554.0,138
rb1805,20171020,20171019,210904500,3555.0,57100,766760,2027830620.0,3555.0,235,3554.0,141
rb1805,20171020,20171019,210905000,3555.0,57102,766758,2027901720.0,3555.0,235,3554.0,141
rb1805,20171020,20171019,210905500,3555.0,57130,766736,2028896880.0,3555.0,233,3554.0,129
rb1805,20171020,20171019,210906000,3555.0,57146,766722,2029465640.0,3555.0,228,3554.0,127
rb1805,20171020,20171019,210906500,3554.0,57348,766720,2036646720.0,3555.0,129,3554.0,128
rb1805,20171020,20171019,210907000,3555.0,57606,766734,2045818620.0,3556.0,17,3555.0,30
rb1805,20171020,20171019,210907500,3554.0,57690,766780,2048804600.0,3555.0,5,3554.0,133
rb1805,20171020,20171019,210908000,3554.0,57748,766794,2050866480.0,3555.0,2,3554.0,151
rb1805,20171020,20171019,210908500,3555.0,57832,766790,2053852680.0,3556.0,16,3555.0,51
rb1805,20171020,20171019,210909000,3556.0,57884,766812,2055701680.0,3557.0,72,3556.0,80
rb1805,20171020,20171019,210909500,3556.0,57896,766822,2056128400.0,3557.0,74,3556.0,76
rb1805,20171020,20171019,210910000,3557.0,58050,766920,2061606140.0,3558.0,443,3557.0,25
rb1805,20171020,20171019,210910500,3557.0,58078,766946,2062602100.0,3558.0,459,3557.0,14
rb1805,20171020,20171019,210911000,3557.0,58102,766952,2063455780.0,3558.0,457,3557.0,4
rb1805,20171020,20171019,210911500,3557.0,58116,766946,2063953760.0,3558.0,438,3557.0,2
rb1805,20171020,20171019,210912000,3556.0,58130,766954,2064451640.0,3557.0,3,3556.0,129
rb1805,20171020,20171019,210912500,3557.0,58140,766962,2064807340.0,3558.0,439,3556.0,129
rb1805,20171020,20171019,210913000,3557.0,58144,766962,2064949620.0,3557.0,25,3556.0,132
rb1805,20171020,20171019,210913500,3556.0,58154,766956,2065305300.0,3557.0,22,3556.0,132
rb1805,20171020,20171019,210914000,3557.0,58166,766966,2065732040.0,3557.0,30,3556.0,127
rb1805,20171020,20171019,210914500,3557.0,58168,766966,2065803180.0,3557.0,31,3556.0,127
rb1805,20171020,20171019,210915000,3557.0,58174,766960,2066016600.0,3557.0,54,3556.0,138
rb1805,20171020,20171019,210915500,3557.0,58176,766960,2066087740.0,3557.0,54,3556.0,139
rb1805,20171020,20171019,210916000,3557.0,58184,766966,2066372240.0,3557.0,53,3556.0,136
rb1805,20171020,20171019,210916500,3556.0,58186,766968,2066443360.0,3557.0,53,3556.0,138
rb1805,20171020,20171019,210917000,3557.0,58196,766968,2066799060.0,3557.0,56,3556.0,139
rb1805,20171020,20171019,210917500,3556.0,58218,766988,2067581380.0,3557.0,57,3556.0,129
rb1805,20171020,20171019,210918000,3557.0,58286,767002,2070000080.0,3557.0,27,3556.0,126
rb1805,20171020,20171019,210918500,3556.0,58294,767004,2070284560.0,3557.0,30,3556.0,119
rb1805,20171020,20171019,210919000,3557.0,58354,767006,2072418760.0,3558.0,456,3557.0,84
rb1805,20171020,20171019,210919500,3557.0,58366,767016,2072845600.0,3558.0,455,3557.0,79
rb1805,20171020,20171019,210920000,3557.0,58368,767018,2072916740.0,3558.0,455,3557.0,78
rb1805,20171020,20171019,210920500,3558.0,58370,767020,2072987900.0,3558.0,456,3557.0,78
rb1805,20171020,20171019,210921000,3557.0,58392,767040,2073770440.0,3558.0,457,3557.0,67
rb1805,20171020,20171019,210921500,3557.0,58402,767040,2074126140.0,3558.0,454,3557.0,65
rb1805,20171020,20171019,210922000,3557.0,58402,767040,2074126140.0,3558.0,455,3557.0,72
rb1805,20171020,20171019,210922500,3557.0,58548,767034,2079319360.0,3557.0,129,3556.0,125
rb1805,20171020,20171019,210923000,3557.0,58556,767034,2079603920.0,3557.0,126,3556.0,73
rb1805,20171020,20171019,210923500,3556.0,58704,767152,2084866800.0,3556.0,18,3555.0,95
rb1805,20171020,20171019,210924000,3555.0,58720,767156,2085435600.0,3556.0,12,3555.0,87
rb1805,20171020,20171019,210924500,3556.0,58722,767156,2085506720.0,3556.0,11,3555.0,88
rb1805,20171020,20171019,210925000,3556.0,58724,767156,2085577840.0,3556.0,5,3555.0,95
rb1805,20171020,20171019,210925500,3556.0,58730,767156,2085791200.0,3557.0,148,3556.0,31
rb1805,20171020,20171019,210926000,3557.0,58732,767156,2085862340.0,3557.0,173,3556.0,99
rb1805,20171020,20171019,210926500,3556.0,58862,767026,2090486400.0,3557.0,112,3556.0,42
rb1805,20171020,20171019,210927000,3557.0,58864,767026,2090557540.0,3557.0,111,3556.0,42
rb1805,20171020,20171019,210927500,3557.0,59066,767104,2097742660.0,3557.0,11,3556.0,43
rb1805,20171020,20171019,210928000,3557.0,59082,767092,2098311780.0,3557.0,11,3556.0,38
rb1805,20171020,20171019,210928500,3555.0,59170,767130,2101441040.0,3556.0,10,3555.0,63
