instrument,tradingday,calendarday,time,lastp,volume,openinterest,turnover,ask1,asksz1,bid1,bidsz1
rb1805,20170911,20170908,183302500,3805.0,0,298008,0.0,0.0,0,0.0,0
rb1805,20170911,20170908,205900500,3799.0,322,298078,12232780.0,3799.0,4,3798.0,9
rb1805,20170911,20170908,210000500,3798.0,386,298102,14663740.0,3798.0,2,3797.0,29
rb1805,20170911,20170908,210001000,3799.0,514,298126,19525600.0,3798.0,12,3797.0,15
rb1805,20170911,20170908,210001500,3797.0,584,298164,22183940.0,3797.0,48,3796.0,65
rb1805,20170911,20170908,210002000,3797.0,656,298212,24917740.0,3797.0,16,3796.0,68
rb1805,20170911,20170908,210002500,3797.0,772,298232,29321600.0,3797.0,6,3796.0,35
rb1805,20170911,20170908,210003000,3796.0,870,298254,33041740.0,3797.0,18,3795.0,32
rb1805,20170911,20170908,210003500,3795.0,992,298258,37671860.0,3796.0,17,3795.0,1
rb1805,20170911,20170908,210004000,3797.0,1084,298238,41163660.0,3797.0,6,3794.0,45
rb1805,20170911,20170908,210004500,3795.0,1152,298238,43744880.0,3797.0,1,3795.0,2
rb1805,20170911,20170908,210005000,3797.0,1170,298236,44428160.0,3798.0,9,3797.0,57
rb1805,20170911,20170908,210005500,3798.0,1234,298186,46858260.0,3798.0,2,3797.0,32
rb1805,20170911,20170908,210006000,3796.0,1362,298184,51718700.0,3798.0,6,3797.0,1
rb1805,20170911,20170908,210006500,3797.0,1378,298184,52326340.0,3798.0,9,3797.0,32
rb1805,20170911,20170908,210007000,3798.0,1400,298186,53161780.0,3799.0,2,3798.0,8
rb1805,20170911,20170908,210007500,3798.0,1414,298196,53693520.0,3799.0,4,3798.0,15
rb1805,20170911,20170908,210008000,3799.0,1418,298200,53845460.0,3800.0,27,3799.0,8
rb1805,20170911,20170908,210008500,3800.0,1428,298204,54225400.0,3800.0,26,3799.0,14
rb1805,20170911,20170908,210009000,3799.0,1460,298218,55441340.0,3800.0,13,3799.0,14
rb1805,20170911,20170908,210009500,3800.0,1488,298232,56505340.0,3801.0,4,3800.0,17
rb1805,20170911,20170908,210010000,3803.0,1504,298234,57113560.0,3803.0,20,3801.0,53
rb1805,20170911,20170908,210010500,3801.0,1632,298302,61979040.0,3802.0,13,3801.0,10
rb1805,20170911,20170908,210011000,3802.0,1666,298294,63271500.0,3802.0,4,3800.0,34
rb1805,20170911,20170908,210011500,3802.0,1682,298302,63879820.0,3802.0,2,3801.0,1
rb1805,20170911,20170908,210012000,3803.0,1710,298326,64944520.0,3803.0,12,3801.0,10
rb1805,20170911,20170908,210012500,3802.0,1722,298328,65400760.0,3803.0,12,3802.0,2
rb1805,20170911,20170908,210013000,3803.0,1728,298334,65628920.0,3803.0,10,3802.0,25
rb1805,20170911,20170908,210013500,3803.0,1768,298348,67149940.0,3804.0,3,3803.0,1
rb1805,20170911,20170908,210014000,3803.0,1774,298352,67378120.0,3804.0,12,3803.0,5
rb1805,20170911,20170908,210014500,3803.0,1798,298374,68290820.0,3803.0,5,3802.0,32
rb1805,20170911,20170908,210015000,3804.0,1814,298370,68899360.0,3804.0,11,3802.0,34
rb1805,20170911,20170908,210015500,3803.0,1836,298360,69736220.0,3804.0,6,3803.0,3
rb1805,20170911,20170908,210016000,3804.0,1864,298384,70801260.0,3804.0,14,3803.0,9
rb1805,20170911,20170908,210016500,3803.0,1876,298394,71257620.0,3803.0,6,3802.0,34
rb1805,20170911,20170908,210017000,3802.0,1898,298388,72094160.0,3803.0,2,3802.0,31
rb1805,20170911,20170908,210017500,3803.0,1904,298388,72322300.0,3804.0,35,3803.0,3
rb1805,20170911,20170908,210018000,3803.0,1918,298386,72854720.0,3803.0,7,3802.0,30
rb1805,20170911,20170908,210018500,3803.0,1928,298390,73234960.0,3803.0,5,3802.0,27
rb1805,20170911,20170908,210019000,3802.0,2014,298346,76504460.0,3802.0,67,3800.0,29
rb1805,20170911,20170908,210019500,3800.0,2088,298324,79316440.0,3800.0,43,3799.0,15
rb1805,20170911,20170908,210020000,3800.0,2104,298336,79924400.0,3800.0,48,3799.0,17
rb1805,20170911,20170908,210020500,3799.0,2140,298364,81292040.0,3799.0,7,3798.0,17
rb1805,20170911,20170908,210021000,3800.0,2170,298374,82431760.0,3800.0,36,3799.0,14
rb1805,20170911,20170908,210021500,3799.0,2174,298374,82583720.0,3800.0,28,3799.0,12
rb1805,20170911,20170908,210022000,3800.0,2230,298372,84711720.0,3801.0,4,3800.0,1
rb1805,20170911,20170908,210022500,3800.0,2244,298380,85243760.0,3801.0,6,3800.0,2
rb1805,20170911,20170908,210023000,3800.0,2246,298382,85319760.0,3802.0,45,3801.0,1
rb1805,20170911,20170908,210023500,3800.0,2260,298384,85851880.0,3801.0,3,3800.0,8
rb1805,20170911,20170908,210024000,3801.0,2266,298384,86079900.0,3801.0,1,3800.0,10
rb1805,20170911,20170908,210024500,3801.0,2278,298384,86536020.0,3802.0,16,3801.0,10
rb1805,20170911,20170908,210025000,3801.0,2300,298390,87372240.0,3801.0,9,3800.0,10
rb1805,20170911,20170908,210025500,3801.0,2320,298400,88132420.0,3802.0,22,3801.0,4
rb1805,20170911,20170908,210026000,3801.0,2354,298414,89424760.0,3801.0,28,3800.0,10
rb1805,20170911,20170908,210026500,3801.0,2366,298420,89880780.0,3801.0,26,3800.0,8
rb1805,20170911,20170908,210027000,3801.0,2374,298424,90184860.0,3801.0,25,3800.0,9
rb1805,20170911,20170908,210027500,3800.0,2428,298424,92237300.0,3801.0,204,3800.0,19
rb1805,20170911,20170908,210028000,3800.0,2484,298472,94365300.0,3800.0,32,3799.0,18
rb1805,20170911,20170908,210028500,3800.0,2492,298480,94669280.0,3800.0,35,3799.0,16
rb1805,20170911,20170908,210029000,3799.0,2524,298512,95884960.0,3799.0,1,3798.0,32
rb1805,20170911,20170908,210029500,3798.0,2526,298512,95960920.0,3799.0,5,3798.0,32
rb1805,20170911,20170908,210030000,3798.0,2530,298512,96112840.0,3799.0,6,3798.0,32
rb1805,20170911,20170908,210030500,3798.0,2586,298554,98239780.0,3799.0,26,3798.0,5
rb1805,20170911,20170908,210031000,3798.0,2606,298548,98999380.0,3798.0,16,3797.0,22
rb1805,20170911,20170908,210031500,3798.0,2618,298560,99455140.0,3798.0,17,3797.0,22
rb1805,20170911,20170908,210032000,3798.0,2628,298568,99834920.0,3798.0,14,3797.0,21
rb1805,20170911,20170908,210032500,3798.0,2632,298570,99986820.0,3798.0,10,3797.0,26
rb1805,20170911,20170908,210033000,3797.0,2658,298586,100974040.0,3798.0,11,3797.0,7
rb1805,20170911,20170908,210033500,3797.0,2672,298584,101505620.0,3797.0,19,3796.0,2
rb1805,20170911,20170908,210034000,3797.0,2684,298586,101961160.0,3797.0,4,3796.0,6
rb1805,20170911,20170908,210034500,3797.0,2696,298588,102416700.0,3797.0,8,3796.0,6
rb1805,20170911,20170908,210035000,3797.0,2696,298588,102416700.0,3797.0,14,3796.0,1
rb1805,20170911,20170908,210035500,3797.0,2714,298598,103100140.0,3797.0,6,3795.0,8
rb1805,20170911,20170908,210036000,3797.0,2730,298600,103707640.0,3797.0,4,3795.0,14
rb1805,20170911,20170908,210036500,3795.0,2736,298606,103935360.0,3796.0,9,3795.0,11
rb1805,20170911,20170908,210037000,3796.0,2746,298610,104314960.0,3797.0,10,3795.0,17
rb1805,20170911,20170908,210037500,3796.0,2754,298612,104618580.0,3796.0,1,3795.0,14
rb1805,20170911,20170908,210038000,3796.0,2782,298640,105681460.0,3797.0,20,3796.0,11
rb1805,20170911,20170908,210038500,3797.0,2806,298630,106592500.0,3797.0,19,3795.0,15
rb1805,20170911,20170908,210039000,3797.0,2816,298640,106972200.0,3797.0,14,3796.0,1
rb1805,20170911,20170908,210039500,3797.0,2822,298644,107200000.0,3797.0,15,3796.0,3
rb1805,20170911,20170908,210040000,3796.0,2838,298642,107807360.0,3796.0,2,3795.0,15
rb1805,20170911,20170908,210040500,3796.0,2850,298648,108262920.0,3797.0,16,3796.0,11
rb1805,20170911,20170908,210041000,3796.0,2860,298648,108642540.0,3797.0,27,3796.0,13
rb1805,20170911,20170908,210041500,3796.0,2870,298640,109022140.0,3797.0,27,3796.0,4
rb1805,20170911,20170908,210042000,3796.0,2880,298634,109401740.0,3796.0,14,3795.0,25
rb1805,20170911,20170908,210042500,3796.0,2880,298634,109401740.0,3796.0,16,3795.0,26
rb1805,20170911,20170908,210043000,3796.0,2884,298634,109553580.0,3796.0,23,3795.0,24
rb1805,20170911,20170908,210043500,3796.0,2888,298632,109705420.0,3796.0,21,3795.0,24
rb1805,20170911,20170908,210044000,3796.0,2914,298614,110692380.0,3796.0,10,3795.0,27
rb1805,20170911,20170908,210044500,3796.0,2916,298616,110768300.0,3796.0,9,3795.0,29
rb1805,20170911,20170908,210045000,3796.0,2932,298630,111375640.0,3796.0,2,3795.0,26
rb1805,20170911,20170908,210045500,3795.0,2940,298632,111679280.0,3796.0,7,3795.0,18
rb1805,20170911,20170908,210046000,3796.0,2946,298632,111907000.0,3796.0,8,3795.0,17
rb1805,20170911,20170908,210046500,3795.0,2964,298636,112590100.0,3796.0,8,3795.0,14
rb1805,20170911,20170908,210047000,3796.0,2970,298636,112817840.0,3797.0,36,3796.0,3
rb1805,20170911,20170908,210047500,3795.0,2990,298648,113576900.0,3797.0,36,3796.0,6
rb1805,20170911,20170908,210048000,3796.0,3004,298636,114108340.0,3797.0,37,3795.0,10
rb1805,20170911,20170908,210048500,3797.0,3008,298640,114260180.0,3797.0,37,3796.0,2
rb1805,20170911,20170908,210049000,3795.0,3032,298640,115171020.0,3795.0,1,3794.0,57
rb1805,20170911,20170908,210049500,3795.0,3040,298640,115474640.0,3796.0,12,3795.0,27
rb1805,20170911,20170908,210050000,3795.0,3104,298678,117903460.0,3795.0,69,3794.0,58
rb1805,20170911,20170908,210050500,3794.0,3114,298684,118282940.0,3795.0,65,3794.0,57
rb1805,20170911,20170908,210051000,3794.0,3254,298694,123594340.0,3794.0,216,3792.0,23
rb1805,20170911,20170908,210051500,3792.0,3260,298692,123821900.0,3794.0,215,3792.0,21
rb1805,20170911,20170908,210052000,3794.0,3574,298528,135734540.0,3794.0,86,3793.0,9
rb1805,20170911,20170908,210052500,3794.0,3990,298520,151521040.0,3797.0,20,3796.0,3
rb1805,20170911,20170908,210053000,3795.0,4004,298532,152052340.0,3797.0,25,3796.0,27
rb1805,20170911,20170908,210053500,3796.0,4052,298494,153874420.0,3797.0,25,3796.0,15
rb1805,20170911,20170908,210054000,3794.0,4094,298474,155468480.0,3796.0,95,3794.0,4
rb1805,20170911,20170908,210054500,3794.0,4130,298496,156834320.0,3794.0,2,3793.0,10
rb1805,20170911,20170908,210055000,3794.0,4142,298490,157289600.0,3796.0,92,3795.0,1
rb1805,20170911,20170908,210055500,3796.0,4146,298488,157441420.0,3796.0,60,3795.0,11
rb1805,20170911,20170908,210056000,3796.0,4174,298478,158504140.0,3796.0,54,3795.0,1
rb1805,20170911,20170908,210056500,3795.0,4182,298480,158807740.0,3796.0,53,3795.0,20
rb1805,20170911,20170908,210057000,3796.0,4222,298486,160326120.0,3796.0,35,3795.0,39
rb1805,20170911,20170908,210057500,3795.0,4234,298486,160781520.0,3796.0,35,3795.0,34
rb1805,20170911,20170908,210058000,3795.0,4250,298474,161388740.0,3796.0,36,3795.0,28
rb1805,20170911,20170908,210058500,3796.0,4258,298468,161692360.0,3796.0,36,3795.0,25
rb1805,20170911,20170908,210059000,3796.0,4290,298470,162906860.0,3796.0,32,3795.0,14
rb1805,20170911,20170908,210059500,3795.0,4292,298470,162982760.0,3796.0,42,3795.0,14
rb1805,20170911,20170908,210100000,3795.0,4294,298468,163058660.0,3796.0,42,3795.0,14
rb1805,20170911,20170908,210100500,3795.0,4322,298470,164121260.0,3796.0,42,3794.0,18
rb1805,20170911,20170908,210101000,3796.0,4326,298474,164273080.0,3796.0,41,3795.0,12
rb1805,20170911,20170908,210101500,3795.0,4350,298474,165183880.0,3795.0,3,3794.0,13
rb1805,20170911,20170908,210102000,3795.0,4356,298470,165411580.0,3795.0,6,3794.0,13
rb1805,20170911,20170908,210102500,3795.0,4362,298470,165639280.0,3796.0,39,3794.0,13
rb1805,20170911,20170908,210103000,3795.0,4362,298470,165639280.0,3795.0,2,3794.0,40
rb1805,20170911,20170908,210103500,3795.0,4386,298470,166550080.0,3796.0,50,3795.0,12
rb1805,20170911,20170908,210104000,3795.0,4394,298470,166853700.0,3796.0,53,3795.0,13
rb1805,20170911,20170908,210104500,3796.0,4502,298552,170953380.0,3797.0,67,3796.0,15
rb1805,20170911,20170908,210105000,3794.0,4666,298528,177176360.0,3794.0,120,3793.0,30
rb1805,20170911,20170908,210105500,3795.0,4908,298502,186357860.0,3795.0,10,3794.0,87
rb1805,20170911,20170908,210106000,3795.0,4950,298526,187951760.0,3796.0,2,3795.0,60
rb1805,20170911,20170908,210106500,3796.0,4958,298530,188255440.0,3797.0,66,3796.0,18
rb1805,20170911,20170908,210107000,3797.0,5096,298556,193495280.0,3798.0,5,3797.0,28
rb1805,20170911,20170908,210107500,3798.0,5128,298570,194710640.0,3799.0,27,3798.0,14
rb1805,20170911,20170908,210108000,3798.0,5128,298570,194710640.0,3799.0,27,3798.0,16
rb1805,20170911,20170908,210108500,3799.0,5190,298518,197066020.0,3800.0,13,3799.0,15
rb1805,20170911,20170908,210109000,3798.0,5264,298454,199876840.0,3798.0,18,3797.0,39
rb1805,20170911,20170908,210109500,3798.0,5310,298452,201623960.0,3799.0,30,3798.0,22
rb1805,20170911,20170908,210110000,3799.0,5370,298454,203903360.0,3799.0,1,3797.0,40
rb1805,20170911,20170908,210110500,3798.0,5388,298466,204587040.0,3798.0,1,3797.0,41
rb1805,20170911,20170908,210111000,3800.0,5394,298472,204814960.0,3800.0,12,3798.0,3
rb1805,20170911,20170908,210111500,3800.0,5400,298470,205042960.0,3799.0,13,3798.0,36
rb1805,20170911,20170908,210112000,3798.0,5458,298494,207245780.0,3798.0,16,3797.0,41
rb1805,20170911,20170908,210112500,3798.0,5498,298514,208764980.0,3798.0,3,3797.0,41
rb1805,20170911,20170908,210113000,3798.0,5504,298514,208992860.0,3799.0,26,3798.0,5
rb1805,20170911,20170908,210113500,3799.0,5518,298512,209524540.0,3799.0,25,3797.0,35
rb1805,20170911,20170908,210114000,3797.0,5576,298464,211726800.0,3799.0,26,3798.0,1
rb1805,20170911,20170908,210114500,3798.0,5582,298470,211954660.0,3799.0,15,3798.0,5
rb1805,20170911,20170908,210115000,3798.0,5602,298472,212714140.0,3797.0,7,3796.0,10
rb1805,20170911,20170908,210115500,3797.0,5622,298482,213473560.0,3798.0,22,3797.0,3
rb1805,20170911,20170908,210116000,3798.0,5626,298482,213625460.0,3798.0,18,3797.0,6
rb1805,20170911,20170908,210116500,3797.0,5646,298490,214385020.0,3798.0,10,3797.0,50
rb1805,20170911,20170908,210117000,3798.0,5700,298480,216435940.0,3799.0,24,3798.0,8
rb1805,20170911,20170908,210117500,3797.0,5722,298486,217271440.0,3799.0,24,3797.0,14
rb1805,20170911,20170908,210118000,3798.0,5724,298486,217347400.0,3798.0,13,3797.0,7
rb1805,20170911,20170908,210118500,3797.0,5726,298488,217423340.0,3798.0,13,3797.0,2
rb1805,20170911,20170908,210119000,3798.0,5766,298494,218942580.0,3799.0,30,3796.0,46
rb1805,20170911,20170908,210119500,3799.0,5784,298502,219626220.0,3799.0,23,3796.0,51
rb1805,20170911,20170908,210120000,3797.0,5796,298502,220081860.0,3797.0,195,3796.0,51
rb1805,20170911,20170908,210120500,3797.0,5800,298498,220233740.0,3797.0,193,3796.0,12
rb1805,20170911,20170908,210121000,3797.0,5808,298494,220537500.0,3797.0,189,3796.0,12
rb1805,20170911,20170908,210121500,3797.0,5812,298494,220689380.0,3797.0,187,3796.0,15
rb1805,20170911,20170908,210122000,3796.0,5850,298510,222131860.0,3796.0,4,3795.0,83
rb1805,20170911,20170908,210122500,3796.0,5858,298510,222435540.0,3797.0,187,3796.0,8
rb1805,20170911,20170908,210123000,3796.0,5888,298504,223574340.0,3796.0,1,3795.0,83
rb1805,20170911,20170908,210123500,3795.0,5906,298504,224257600.0,3797.0,183,3795.0,80
rb1805,20170911,20170908,210124000,3795.0,5920,298500,224789060.0,3797.0,179,3796.0,2
rb1805,20170911,20170908,210124500,3796.0,5934,298502,225320600.0,3797.0,174,3796.0,3
rb1805,20170911,20170908,210125000,3797.0,5938,298500,225472480.0,3797.0,172,3796.0,10
rb1805,20170911,20170908,210125500,3797.0,6008,298488,228129760.0,3797.0,168,3796.0,19
rb1805,20170911,20170908,210126000,3796.0,6022,298500,228661220.0,3797.0,167,3796.0,19
rb1805,20170911,20170908,210126500,3796.0,6200,298468,235416580.0,3796.0,29,3795.0,8
rb1805,20170911,20170908,210127000,3794.0,6220,298462,236175580.0,3796.0,29,3794.0,24
rb1805,20170911,20170908,210127500,3796.0,6222,298460,236251500.0,3796.0,30,3794.0,29
rb1805,20170911,20170908,210128000,3796.0,6226,298460,236403340.0,3796.0,3,3795.0,15
rb1805,20170911,20170908,210128500,3796.0,6232,298464,236631100.0,3796.0,4,3795.0,15
rb1805,20170911,20170908,210129000,3795.0,6234,298466,236707000.0,3796.0,13,3795.0,14
rb1805,20170911,20170908,210129500,3796.0,6244,298466,237086580.0,3796.0,21,3795.0,13
rb1805,20170911,20170908,210130000,3796.0,6244,298466,237086580.0,3796.0,22,3795.0,13
rb1805,20170911,20170908,210130500,3796.0,6246,298468,237162500.0,3796.0,23,3795.0,16
rb1805,20170911,20170908,210131000,3795.0,6284,298486,238604600.0,3795.0,33,3794.0,29
rb1805,20170911,20170908,210131500,3795.0,6288,298488,238756380.0,3795.0,25,3794.0,25
rb1805,20170911,20170908,210132000,3795.0,6292,298488,238908180.0,3795.0,43,3794.0,26
rb1805,20170911,20170908,210132500,3795.0,6292,298488,238908180.0,3795.0,37,3794.0,27
rb1805,20170911,20170908,210133000,3795.0,6298,298488,239135860.0,3795.0,35,3794.0,27
rb1805,20170911,20170908,210133500,3795.0,6302,298488,239287660.0,3795.0,34,3794.0,28
rb1805,20170911,20170908,210134000,3795.0,6346,298506,240957040.0,3795.0,33,3794.0,9
rb1805,20170911,20170908,210134500,3795.0,6352,298502,241184740.0,3795.0,30,3794.0,10
rb1805,20170911,20170908,210135000,3795.0,6376,298486,242095340.0,3795.0,28,3793.0,33
rb1805,20170911,20170908,210135500,3794.0,6392,298486,242702460.0,3794.0,196,3793.0,35
rb1805,20170911,20170908,210136000,3794.0,6442,298496,244599040.0,3794.0,201,3793.0,12
rb1805,20170911,20170908,210136500,3794.0,6454,298496,245054320.0,3794.0,193,3793.0,12
rb1805,20170911,20170908,210137000,3793.0,6456,298494,245130180.0,3794.0,188,3793.0,16
rb1805,20170911,20170908,210137500,3794.0,6484,298492,246192480.0,3794.0,175,3793.0,18
rb1805,20170911,20170908,210138000,3794.0,6744,298432,256056880.0,3794.0,43,3793.0,48
rb1805,20170911,20170908,210138500,3795.0,6960,298496,264253700.0,3797.0,174,3795.0,19
rb1805,20170911,20170908,210139000,3795.0,6960,298496,264253700.0,3796.0,16,3795.0,22
rb1805,20170911,20170908,210139500,3796.0,6990,298502,265392380.0,3796.0,9,3795.0,26
rb1805,20170911,20170908,210140000,3796.0,6992,298500,265468300.0,3796.0,8,3795.0,18
rb1805,20170911,20170908,210140500,3796.0,6996,298498,265620140.0,3796.0,6,3795.0,18
rb1805,20170911,20170908,210141000,3796.0,6996,298498,265620140.0,3796.0,6,3795.0,18
rb1805,20170911,20170908,210141500,3796.0,7000,298496,265771960.0,3796.0,16,3795.0,4
rb1805,20170911,20170908,210142000,3795.0,7016,298480,266379160.0,3795.0,40,3794.0,110
rb1805,20170911,20170908,210142500,3795.0,7072,298476,268504360.0,3795.0,8,3794.0,115
rb1805,20170911,20170908,210143000,3795.0,7088,298462,269111560.0,3796.0,18,3795.0,8
rb1805,20170911,20170908,210143500,3795.0,7106,298464,269794660.0,3796.0,18,3794.0,110
rb1805,20170911,20170908,210144000,3795.0,7106,298464,269794660.0,3795.0,3,3794.0,111
rb1805,20170911,20170908,210144500,3796.0,7114,298464,270098280.0,3796.0,17,3795.0,7
rb1805,20170911,20170908,210145000,3796.0,7114,298464,270098280.0,3796.0,10,3795.0,23
rb1805,20170911,20170908,210145500,3796.0,7114,298464,270098280.0,3796.0,16,3795.0,22
rb1805,20170911,20170908,210146000,3796.0,7116,298464,270174200.0,3796.0,15,3795.0,22
rb1805,20170911,20170908,210146500,3795.0,7146,298456,271312700.0,3795.0,185,3794.0,117
rb1805,20170911,20170908,210147000,3795.0,7146,298456,271312700.0,3795.0,185,3794.0,96
rb1805,20170911,20170908,210147500,3795.0,7166,298456,272071700.0,3795.0,175,3794.0,118
rb1805,20170911,20170908,210148000,3795.0,7182,298450,272678900.0,3795.0,167,3794.0,116
rb1805,20170911,20170908,210148500,3795.0,7188,298444,272906600.0,3795.0,164,3794.0,110
rb1805,20170911,20170908,210149000,3795.0,7188,298444,272906600.0,3795.0,164,3794.0,117
rb1805,20170911,20170908,210149500,3795.0,7190,298444,272982500.0,3795.0,163,3794.0,112
rb1805,20170911,20170908,210150000,3794.0,7204,298432,273513660.0,3795.0,163,3794.0,102
rb1805,20170911,20170908,210150500,3794.0,7204,298432,273513660.0,3795.0,163,3794.0,104
rb1805,20170911,20170908,210151000,3794.0,7304,298424,277307660.0,3795.0,164,3794.0,54
rb1805,20170911,20170908,210151500,3794.0,7414,298480,281481060.0,3794.0,169,3793.0,35
rb1805,20170911,20170908,210152000,3793.0,7418,298484,281632800.0,3794.0,142,3793.0,32
rb1805,20170911,20170908,210152500,3794.0,7504,298498,284895100.0,3794.0,126,3793.0,5
rb1805,20170911,20170908,210153000,3792.0,7550,298514,286639560.0,3793.0,5,3792.0,17
rb1805,20170911,20170908,210153500,3793.0,7564,298524,287170600.0,3794.0,124,3793.0,16
rb1805,20170911,20170908,210154000,3794.0,7566,298526,287246480.0,3794.0,123,3793.0,17
rb1805,20170911,20170908,210154500,3793.0,7582,298526,287853400.0,3794.0,121,3793.0,31
rb1805,20170911,20170908,210155000,3793.0,7592,298526,288232700.0,3794.0,121,3793.0,26
rb1805,20170911,20170908,210155500,3793.0,7592,298526,288232700.0,3794.0,121,3793.0,29
rb1805,20170911,20170908,210156000,3793.0,7594,298526,288308560.0,3794.0,121,3793.0,27
rb1805,20170911,20170908,210156500,3793.0,7602,298520,288612000.0,3794.0,121,3793.0,50
rb1805,20170911,20170908,210157000,3794.0,7814,298500,296655280.0,3795.0,165,3794.0,34
rb1805,20170911,20170908,210157500,3793.0,7864,298500,298552200.0,3795.0,167,3793.0,47
rb1805,20170911,20170908,210158000,3794.0,7866,298498,298628080.0,3795.0,167,3794.0,18
rb1805,20170911,20170908,210158500,3794.0,7978,298486,302877360.0,3794.0,2,3793.0,48
rb1805,20170911,20170908,210159000,3793.0,7982,298488,303029080.0,3794.0,1,3793.0,48
rb1805,20170911,20170908,210159500,3793.0,7982,298488,303029080.0,3794.0,7,3793.0,47
rb1805,20170911,20170908,210200000,3794.0,7984,298490,303104960.0,3794.0,10,3793.0,47
rb1805,20170911,20170908,210200500,3794.0,7984,298490,303104960.0,3794.0,11,3793.0,47
rb1805,20170911,20170908,210201000,3793.0,8084,298474,306897980.0,3793.0,151,3792.0,38
rb1805,20170911,20170908,210201500,3793.0,8086,298474,306973840.0,3793.0,151,3792.0,36
rb1805,20170911,20170908,210202000,3793.0,8090,298472,307125560.0,3793.0,150,3792.0,36
rb1805,20170911,20170908,210202500,3792.0,8098,298472,307428940.0,3793.0,153,3792.0,35
rb1805,20170911,20170908,210203000,3792.0,8102,298468,307580640.0,3793.0,152,3792.0,36
rb1805,20170911,20170908,210203500,3793.0,8108,298466,307808180.0,3793.0,156,3792.0,59
rb1805,20170911,20170908,210204000,3792.0,8118,298468,308187380.0,3793.0,156,3792.0,54
rb1805,20170911,20170908,210204500,3793.0,8230,298376,312434440.0,3793.0,155,3792.0,9
rb1805,20170911,20170908,210205000,3793.0,8286,298330,314558020.0,3793.0,152,3792.0,35
rb1805,20170911,20170908,210205500,3793.0,8364,298262,317515860.0,3792.0,1,3791.0,87
rb1805,20170911,20170908,210206000,3792.0,8370,298256,317743380.0,3793.0,151,3792.0,1
rb1805,20170911,20170908,210206500,3792.0,8410,298254,319260280.0,3793.0,146,3792.0,4
rb1805,20170911,20170908,210207000,3792.0,8418,298246,319563640.0,3792.0,1,3791.0,87
rb1805,20170911,20170908,210207500,3791.0,8428,298242,319942800.0,3792.0,11,3791.0,85
rb1805,20170911,20170908,210208000,3792.0,8632,298240,327676540.0,3792.0,7,3790.0,59
rb1805,20170911,20170908,210208500,3791.0,8832,298202,335257300.0,3791.0,17,3790.0,22
rb1805,20170911,20170908,210209000,3793.0,9044,298260,343294000.0,3793.0,137,3791.0,9
rb1805,20170911,20170908,210209500,3791.0,9076,298246,344507120.0,3791.0,19,3789.0,28
rb1805,20170911,20170908,210210000,3791.0,9084,298254,344810400.0,3790.0,8,3789.0,45
rb1805,20170911,20170908,210210500,3790.0,9186,298264,348675300.0,3789.0,1,3788.0,71
rb1805,20170911,20170908,210211000,3788.0,9314,298252,353524540.0,3789.0,1,3788.0,34
rb1805,20170911,20170908,210211500,3788.0,9358,298250,355191660.0,3790.0,32,3788.0,32
rb1805,20170911,20170908,210212000,3789.0,9406,298262,357010360.0,3790.0,32,3789.0,4
rb1805,20170911,20170908,210212500,3790.0,9418,298260,357465100.0,3790.0,30,3789.0,7
rb1805,20170911,20170908,210213000,3789.0,9438,298248,358222880.0,3790.0,30,3789.0,2
rb1805,20170911,20170908,210213500,3789.0,9460,298268,359056520.0,3790.0,27,3789.0,2
rb1805,20170911,20170908,210214000,3789.0,9474,298278,359587060.0,3790.0,23,3789.0,2
rb1805,20170911,20170908,210214500,3789.0,9490,298294,360193300.0,3790.0,23,3789.0,4
rb1805,20170911,20170908,210215000,3789.0,9506,298286,360799560.0,3790.0,22,3789.0,19
rb1805,20170911,20170908,210215500,3789.0,9510,298288,360951120.0,3790.0,22,3789.0,17
rb1805,20170911,20170908,210216000,3790.0,9520,298290,361330100.0,3790.0,19,3789.0,17
rb1805,20170911,20170908,210216500,3789.0,9528,298286,361633220.0,3790.0,23,3789.0,16
rb1805,20170911,20170908,210217000,3790.0,9534,298288,361860600.0,3790.0,21,3789.0,12
rb1805,20170911,20170908,210217500,3789.0,9572,298322,363300460.0,3789.0,4,3788.0,69
rb1805,20170911,20170908,210218000,3788.0,9680,298250,367392180.0,3790.0,18,3788.0,56
rb1805,20170911,20170908,210218500,3790.0,9726,298296,369135580.0,3791.0,39,3789.0,1
rb1805,20170911,20170908,210219000,3789.0,9728,298298,369211360.0,3790.0,16,3789.0,1
rb1805,20170911,20170908,210219500,3790.0,9730,298298,369287160.0,3790.0,15,3789.0,3
rb1805,20170911,20170908,210220000,3788.0,9872,298186,374666220.0,3788.0,133,3787.0,40
rb1805,20170911,20170908,210220500,3788.0,9882,298178,375045020.0,3788.0,128,3787.0,47
rb1805,20170911,20170908,210221000,3788.0,10040,298056,381029800.0,3788.0,63,3787.0,34
rb1805,20170911,20170908,210221500,3787.0,10060,298066,381787200.0,3788.0,63,3787.0,16
rb1805,20170911,20170908,210222000,3787.0,10172,298060,386028120.0,3787.0,6,3786.0,69
rb1805,20170911,20170908,210222500,3786.0,10246,298024,388829840.0,3787.0,6,3786.0,37
rb1805,20170911,20170908,210223000,3786.0,10484,298132,397838960.0,3786.0,2,3785.0,44
rb1805,20170911,20170908,210223500,3785.0,10502,298130,398520400.0,3786.0,13,3785.0,42
rb1805,20170911,20170908,210224000,3784.0,10640,298190,403743720.0,3785.0,3,3784.0,41
rb1805,20170911,20170908,210224500,3786.0,10680,298208,405257760.0,3786.0,35,3784.0,49
rb1805,20170911,20170908,210225000,3786.0,10690,298208,405636340.0,3786.0,34,3785.0,10
rb1805,20170911,20170908,210225500,3786.0,10746,298198,407756420.0,3787.0,55,3786.0,10
rb1805,20170911,20170908,210226000,3786.0,10752,298194,407983580.0,3787.0,56,3786.0,15
rb1805,20170911,20170908,210226500,3786.0,10764,298186,408437920.0,3787.0,55,3786.0,15
rb1805,20170911,20170908,210227000,3786.0,10768,298186,408589360.0,3787.0,52,3786.0,14
rb1805,20170911,20170908,210227500,3786.0,10778,298188,408967980.0,3787.0,52,3786.0,10
rb1805,20170911,20170908,210228000,3787.0,10814,298178,410330820.0,3787.0,54,3786.0,1
rb1805,20170911,20170908,210228500,3785.0,10836,298166,411163640.0,3786.0,14,3784.0,42
rb1805,20170911,20170908,210229000,3786.0,10850,298166,411693680.0,3786.0,7,3784.0,53
rb1805,20170911,20170908,210229500,3785.0,10854,298162,411845100.0,3786.0,11,3784.0,67
rb1805,20170911,20170908,210230000,3786.0,10888,298142,413132380.0,3787.0,60,3786.0,7
rb1805,20170911,20170908,210230500,3784.0,10908,298160,413889200.0,3786.0,8,3784.0,84
rb1805,20170911,20170908,210231000,3786.0,10910,298158,413964920.0,3786.0,7,3785.0,2
rb1805,20170911,20170908,210231500,3785.0,10926,298168,414570520.0,3785.0,9,3784.0,80
rb1805,20170911,20170908,210232000,3784.0,10994,298188,417143760.0,3785.0,3,3784.0,47
rb1805,20170911,20170908,210232500,3784.0,11002,298192,417446520.0,3785.0,6,3784.0,54
rb1805,20170911,20170908,210233000,3784.0,11012,298200,417824960.0,3785.0,7,3784.0,51
rb1805,20170911,20170908,210233500,3785.0,11034,298196,418657660.0,3786.0,246,3785.0,8
rb1805,20170911,20170908,210234000,3785.0,11052,298186,419338980.0,3786.0,246,3785.0,1
rb1805,20170911,20170908,210234500,3785.0,11106,298186,421383340.0,3786.0,222,3784.0,54
rb1805,20170911,20170908,210235000,3785.0,11110,298188,421534740.0,3785.0,1,3784.0,55
rb1805,20170911,20170908,210235500,3785.0,11114,298186,421686140.0,3786.0,223,3785.0,5
rb1805,20170911,20170908,210236000,3786.0,11116,298188,421761860.0,3786.0,222,3785.0,13
rb1805,20170911,20170908,210236500,3786.0,11180,298204,424184840.0,3786.0,193,3785.0,10
rb1805,20170911,20170908,210237000,3785.0,11206,298214,425168940.0,3786.0,192,3785.0,3
rb1805,20170911,20170908,210237500,3784.0,11464,298104,434936200.0,3786.0,84,3784.0,49
rb1805,20170911,20170908,210238000,3787.0,11646,298126,441826760.0,3787.0,20,3786.0,33
rb1805,20170911,20170908,210238500,3787.0,11686,298162,443341560.0,3788.0,70,3787.0,65
rb1805,20170911,20170908,210239000,3787.0,11852,298160,449629480.0,3789.0,39,3787.0,89
rb1805,20170911,20170908,210239500,3789.0,11872,298150,450387280.0,3790.0,17,3788.0,37
rb1805,20170911,20170908,210240000,3789.0,11880,298152,450690440.0,3790.0,17,3789.0,5
rb1805,20170911,20170908,210240500,3789.0,11886,298154,450917800.0,3790.0,16,3789.0,30
rb1805,20170911,20170908,210241000,3789.0,12034,298242,456524260.0,3790.0,16,3787.0,44
rb1805,20170911,20170908,210241500,3788.0,12042,298242,456827420.0,3789.0,1,3788.0,19
rb1805,20170911,20170908,210242000,3788.0,12048,298248,457054740.0,3790.0,14,3788.0,18
rb1805,20170911,20170908,210242500,3790.0,12060,298250,457509440.0,3790.0,19,3789.0,2
rb1805,20170911,20170908,210243000,3789.0,12072,298256,457964120.0,3789.0,5,3788.0,19
rb1805,20170911,20170908,210243500,3789.0,12090,298260,458646180.0,3790.0,24,3789.0,3
rb1805,20170911,20170908,210244000,3789.0,12102,298260,459100880.0,3790.0,23,3789.0,4
rb1805,20170911,20170908,210244500,3789.0,12108,298260,459328260.0,3790.0,21,3789.0,3
rb1805,20170911,20170908,210245000,3789.0,12114,298256,459555600.0,3789.0,1,3788.0,28
rb1805,20170911,20170908,210245500,3789.0,12136,298250,460389340.0,3790.0,14,3789.0,41
rb1805,20170911,20170908,210246000,3789.0,12176,298248,461905020.0,3790.0,11,3789.0,24
rb1805,20170911,20170908,210246500,3790.0,12196,298238,462663000.0,3790.0,2,3789.0,24
rb1805,20170911,20170908,210247000,3790.0,12204,298234,462966200.0,3790.0,8,3789.0,34
rb1805,20170911,20170908,210247500,3790.0,12208,298234,463117800.0,3790.0,7,3789.0,34
rb1805,20170911,20170908,210248000,3789.0,12300,298174,466603680.0,3789.0,26,3788.0,13
rb1805,20170911,20170908,210248500,3788.0,12326,298154,467588560.0,3788.0,15,3787.0,25
rb1805,20170911,20170908,210249000,3788.0,12336,298152,467967360.0,3788.0,12,3787.0,20
rb1805,20170911,20170908,210249500,3788.0,12336,298152,467967360.0,3788.0,12,3787.0,21
rb1805,20170911,20170908,210250000,3788.0,12338,298152,468043120.0,3788.0,11,3787.0,21
rb1805,20170911,20170908,210250500,3787.0,12356,298146,468724780.0,3787.0,1,3786.0,21
rb1805,20170911,20170908,210251000,3787.0,12358,298146,468800520.0,3788.0,12,3787.0,1
rb1805,20170911,20170908,210251500,3788.0,12360,298146,468876280.0,3788.0,13,3787.0,2
rb1805,20170911,20170908,210252000,3788.0,12360,298146,468876280.0,3788.0,5,3787.0,2
rb1805,20170911,20170908,210252500,3788.0,12360,298146,468876280.0,3788.0,1,3787.0,11
rb1805,20170911,20170908,210253000,3788.0,12362,298146,468952040.0,3789.0,17,3788.0,7
rb1805,20170911,20170908,210253500,3787.0,12496,298068,474026760.0,3787.0,4,3786.0,21
rb1805,20170911,20170908,210254000,3788.0,12506,298070,474405480.0,3788.0,9,3787.0,36
rb1805,20170911,20170908,210254500,3788.0,12626,298092,478950180.0,3789.0,17,3788.0,2
rb1805,20170911,20170908,210255000,3788.0,12626,298092,478950180.0,3789.0,14,3788.0,4
rb1805,20170911,20170908,210255500,3788.0,12636,298100,479329060.0,3789.0,10,3788.0,3
rb1805,20170911,20170908,210256000,3788.0,12636,298100,479329060.0,3789.0,10,3788.0,5
rb1805,20170911,20170908,210256500,3788.0,12642,298100,479556360.0,3789.0,9,3788.0,6
rb1805,20170911,20170908,210257000,3789.0,12664,298090,480389920.0,3790.0,68,3789.0,41
rb1805,20170911,20170908,210257500,3789.0,12712,298086,482208640.0,3790.0,61,3789.0,17
rb1805,20170911,20170908,210258000,3788.0,12750,298086,483648440.0,3789.0,12,3788.0,4
rb1805,20170911,20170908,210258500,3789.0,12764,298088,484178820.0,3789.0,12,3788.0,4
rb1805,20170911,20170908,210259000,3789.0,12774,298086,484557660.0,3789.0,10,3788.0,1
rb1805,20170911,20170908,210259500,3788.0,12776,298086,484633420.0,3788.0,23,3787.0,33
rb1805,20170911,20170908,210300000,3787.0,12778,298088,484709160.0,3788.0,8,3787.0,2
rb1805,20170911,20170908,210300500,3788.0,12792,298094,485239360.0,3788.0,16,3786.0,46
rb1805,20170911,20170908,210301000,3788.0,12796,298092,485390880.0,3788.0,16,3786.0,43
rb1805,20170911,20170908,210301500,3786.0,12798,298090,485466600.0,3787.0,3,3786.0,47
rb1805,20170911,20170908,210302000,3787.0,12802,298090,485618080.0,3787.0,9,3786.0,40
rb1805,20170911,20170908,210302500,3787.0,12802,298090,485618080.0,3787.0,8,3786.0,42
rb1805,20170911,20170908,210303000,3787.0,12802,298090,485618080.0,3787.0,11,3786.0,42
rb1805,20170911,20170908,210303500,3787.0,12802,298090,485618080.0,3787.0,11,3786.0,42
rb1805,20170911,20170908,210304000,3787.0,12808,298086,485845300.0,3787.0,7,3786.0,44
rb1805,20170911,20170908,210304500,3788.0,12824,298076,486451240.0,3788.0,14,3787.0,11
rb1805,20170911,20170908,210305000,3788.0,12824,298076,486451240.0,3788.0,4,3787.0,11
rb1805,20170911,20170908,210305500,3788.0,12824,298076,486451240.0,3788.0,8,3787.0,13
rb1805,20170911,20170908,210306000,3788.0,12824,298076,486451240.0,3788.0,6,3787.0,15
rb1805,20170911,20170908,210306500,3788.0,12836,298082,486905780.0,3788.0,1,3787.0,13
rb1805,20170911,20170908,210307000,3787.0,12862,298076,487890420.0,3787.0,1,3786.0,54
rb1805,20170911,20170908,210307500,3787.0,12864,298074,487966160.0,3788.0,7,3787.0,14
rb1805,20170911,20170908,210308000,3787.0,12872,298068,488269160.0,3788.0,3,3787.0,16
rb1805,20170911,20170908,210308500,3788.0,12876,298066,488420660.0,3788.0,2,3787.0,16
rb1805,20170911,20170908,210309000,3788.0,12878,298064,488496420.0,3788.0,5,3787.0,14
rb1805,20170911,20170908,210309500,3788.0,12896,298064,489178120.0,3788.0,8,3787.0,6
rb1805,20170911,20170908,210310000,3788.0,12908,298060,489632580.0,3788.0,15,3787.0,3
rb1805,20170911,20170908,210310500,3787.0,12918,298058,490011280.0,3787.0,48,3786.0,65
rb1805,20170911,20170908,210311000,3787.0,12920,298058,490087020.0,3787.0,30,3786.0,63
rb1805,20170911,20170908,210311500,3786.0,12922,298058,490162740.0,3787.0,29,3786.0,62
rb1805,20170911,20170908,210312000,3786.0,12980,298052,492358720.0,3787.0,24,3786.0,39
rb1805,20170911,20170908,210312500,3786.0,13070,298020,495766120.0,3786.0,17,3785.0,34
rb1805,20170911,20170908,210313000,3785.0,13076,298018,495993260.0,3786.0,6,3785.0,50
rb1805,20170911,20170908,210313500,3785.0,13108,298008,497204780.0,3786.0,10,3785.0,48
rb1805,20170911,20170908,210314000,3786.0,13134,298006,498189120.0,3786.0,4,3785.0,47
rb1805,20170911,20170908,210314500,3786.0,13160,298002,499173480.0,3787.0,11,3786.0,34
rb1805,20170911,20170908,210315000,3785.0,13338,297938,505911620.0,3785.0,18,3784.0,61
rb1805,20170911,20170908,210315500,3785.0,13384,297934,507652760.0,3787.0,4,3785.0,165
rb1805,20170911,20170908,210316000,3787.0,13396,297934,508107200.0,3788.0,21,3787.0,2
rb1805,20170911,20170908,210316500,3787.0,13398,297934,508182940.0,3788.0,16,3787.0,11
rb1805,20170911,20170908,210317000,3787.0,13416,297944,508864660.0,3788.0,18,3787.0,5
rb1805,20170911,20170908,210317500,3787.0,13416,297944,508864660.0,3788.0,49,3787.0,7
rb1805,20170911,20170908,210318000,3787.0,13428,297954,509319100.0,3787.0,97,3786.0,50
rb1805,20170911,20170908,210318500,3787.0,13430,297954,509394840.0,3787.0,100,3786.0,49
rb1805,20170911,20170908,210319000,3787.0,13438,297960,509697800.0,3787.0,103,3786.0,63
rb1805,20170911,20170908,210319500,3787.0,13466,297960,510758160.0,3787.0,89,3786.0,57
rb1805,20170911,20170908,210320000,3786.0,13474,297960,511061040.0,3787.0,89,3786.0,59
rb1805,20170911,20170908,210320500,3786.0,13504,297930,512196840.0,3787.0,90,3786.0,29
rb1805,20170911,20170908,210321000,3786.0,13562,297910,514392720.0,3787.0,90,3785.0,107
rb1805,20170911,20170908,210321500,3785.0,13570,297910,514695600.0,3787.0,89,3785.0,111
rb1805,20170911,20170908,210322000,3787.0,13572,297912,514771340.0,3787.0,88,3786.0,1
rb1805,20170911,20170908,210322500,3786.0,13574,297910,514847060.0,3787.0,88,3786.0,13
rb1805,20170911,20170908,210323000,3786.0,13754,297908,521663620.0,3788.0,35,3786.0,42
rb1805,20170911,20170908,210323500,3786.0,13758,297908,521815100.0,3788.0,34,3786.0,53
rb1805,20170911,20170908,210324000,3786.0,13758,297908,521815100.0,3788.0,35,3787.0,3
rb1805,20170911,20170908,210324500,3787.0,13764,297904,522042320.0,3787.0,9,3786.0,43
rb1805,20170911,20170908,210325000,3786.0,13776,297904,522496660.0,3787.0,8,3786.0,39
rb1805,20170911,20170908,210325500,3787.0,13778,297904,522572400.0,3787.0,8,3786.0,39
rb1805,20170911,20170908,210326000,3786.0,13782,297906,522723860.0,3787.0,5,3786.0,38
rb1805,20170911,20170908,210326500,3787.0,13784,297904,522799600.0,3787.0,4,3786.0,38
rb1805,20170911,20170908,210327000,3787.0,13786,297904,522875340.0,3787.0,3,3786.0,49
rb1805,20170911,20170908,210327500,3786.0,13792,297910,523102500.0,3787.0,59,3786.0,46
rb1805,20170911,20170908,210328000,3786.0,13792,297910,523102500.0,3787.0,59,3786.0,16
rb1805,20170911,20170908,210328500,3786.0,13796,297914,523253940.0,3787.0,60,3786.0,10
rb1805,20170911,20170908,210329000,3787.0,13834,297928,524692800.0,3787.0,51,3785.0,99
rb1805,20170911,20170908,210329500,3787.0,13838,297926,524844240.0,3786.0,2,3785.0,98
rb1805,20170911,20170908,210330000,3787.0,13838,297926,524844240.0,3786.0,15,3785.0,93
rb1805,20170911,20170908,210330500,3785.0,13840,297926,524919940.0,3786.0,15,3785.0,57
rb1805,20170911,20170908,210331000,3785.0,13842,297924,524995640.0,3786.0,24,3785.0,47
rb1805,20170911,20170908,210331500,3785.0,13940,297876,528704940.0,3785.0,2,3784.0,72
rb1805,20170911,20170908,210332000,3785.0,13942,297876,528780640.0,3785.0,6,3784.0,67
rb1805,20170911,20170908,210332500,3785.0,13942,297876,528780640.0,3785.0,11,3784.0,67
rb1805,20170911,20170908,210333000,3785.0,14080,297948,534002580.0,3785.0,43,3783.0,142
rb1805,20170911,20170908,210333500,3783.0,14086,297946,534229600.0,3785.0,43,3783.0,140
rb1805,20170911,20170908,210334000,3783.0,14244,297942,540206920.0,3784.0,7,3783.0,78
rb1805,20170911,20170908,210334500,3783.0,14316,297928,542930700.0,3784.0,15,3783.0,43
rb1805,20170911,20170908,210335000,3783.0,14386,297944,545579000.0,3784.0,15,3783.0,18
rb1805,20170911,20170908,210335500,3783.0,14422,297956,546940880.0,3783.0,44,3782.0,263
rb1805,20170911,20170908,210336000,3782.0,14440,297964,547621780.0,3783.0,40,3782.0,261
rb1805,20170911,20170908,210336500,3783.0,14538,298038,551329060.0,3783.0,1,3782.0,256
rb1805,20170911,20170908,210337000,3783.0,14542,298038,551480380.0,3784.0,15,3783.0,6
rb1805,20170911,20170908,210337500,3784.0,14626,298030,554658080.0,3784.0,7,3782.0,250
rb1805,20170911,20170908,210338000,3783.0,14642,298034,555263260.0,3784.0,45,3783.0,3
rb1805,20170911,20170908,210338500,3784.0,14648,298034,555490280.0,3784.0,43,3783.0,12
rb1805,20170911,20170908,210339000,3783.0,14672,298042,556398380.0,3784.0,1,3783.0,25
rb1805,20170911,20170908,210339500,3784.0,14694,298044,557230860.0,3785.0,42,3784.0,6
rb1805,20170911,20170908,210340000,3784.0,14696,298044,557306540.0,3785.0,35,3784.0,9
rb1805,20170911,20170908,210340500,3785.0,14770,298114,560107400.0,3786.0,26,3785.0,16
rb1805,20170911,20170908,210341000,3785.0,14804,298146,561394300.0,3785.0,31,3784.0,10
rb1805,20170911,20170908,210341500,3784.0,14896,298146,564874820.0,3785.0,18,3784.0,1
rb1805,20170911,20170908,210342000,3784.0,14916,298146,565631620.0,3785.0,17,3783.0,70
rb1805,20170911,20170908,210342500,3784.0,14920,298148,565783000.0,3785.0,13,3784.0,8
rb1805,20170911,20170908,210343000,3784.0,14940,298144,566539800.0,3784.0,490,3783.0,80
rb1805,20170911,20170908,210343500,3783.0,14992,298138,568507360.0,3784.0,478,3783.0,78
rb1805,20170911,20170908,210344000,3784.0,15030,298168,569944940.0,3784.0,478,3783.0,66
rb1805,20170911,20170908,210344500,3784.0,15090,298132,572215240.0,3784.0,454,3783.0,30
rb1805,20170911,20170908,210345000,3784.0,15102,298124,572669320.0,3784.0,449,3783.0,31
rb1805,20170911,20170908,210345500,3784.0,15590,298002,591135220.0,3784.0,206,3783.0,53
rb1805,20170911,20170908,210346000,3785.0,16068,298004,609223840.0,3787.0,12,3785.0,23
rb1805,20170911,20170908,210346500,3787.0,16096,298018,610284160.0,3788.0,36,3787.0,3
rb1805,20170911,20170908,210347000,3787.0,16124,298002,611344520.0,3788.0,41,3787.0,7
rb1805,20170911,20170908,210347500,3788.0,16168,297992,613011100.0,3788.0,31,3786.0,2
rb1805,20170911,20170908,210348000,3788.0,16190,297982,613844420.0,3788.0,49,3786.0,7
rb1805,20170911,20170908,210348500,3787.0,16192,297982,613920160.0,3788.0,55,3787.0,4
rb1805,20170911,20170908,210349000,3786.0,16212,297994,614677440.0,3787.0,67,3786.0,6
rb1805,20170911,20170908,210349500,3787.0,16218,297990,614904660.0,3787.0,64,3786.0,6
rb1805,20170911,20170908,210350000,3786.0,16234,297976,615510420.0,3786.0,3,3785.0,35
rb1805,20170911,20170908,210350500,3786.0,16236,297974,615586140.0,3786.0,15,3785.0,9
rb1805,20170911,20170908,210351000,3786.0,16270,297996,616873060.0,3786.0,14,3784.0,71
rb1805,20170911,20170908,210351500,3784.0,16272,297996,616948740.0,3786.0,15,3784.0,75
rb1805,20170911,20170908,210352000,3784.0,16272,297996,616948740.0,3786.0,15,3785.0,2
rb1805,20170911,20170908,210352500,3785.0,16274,297994,617024440.0,3786.0,15,3785.0,2
rb1805,20170911,20170908,210353000,3786.0,16298,297974,617933020.0,3786.0,6,3784.0,76
rb1805,20170911,20170908,210353500,3784.0,16302,297974,618084380.0,3786.0,7,3784.0,74
rb1805,20170911,20170908,210354000,3784.0,16304,297974,618160060.0,3786.0,7,3784.0,75
rb1805,20170911,20170908,210354500,3784.0,16314,297974,618538460.0,3786.0,7,3784.0,70
rb1805,20170911,20170908,210355000,3786.0,16334,297986,619295660.0,3786.0,6,3784.0,67
rb1805,20170911,20170908,210355500,3786.0,16338,297986,619447100.0,3786.0,54,3784.0,68
rb1805,20170911,20170908,210356000,3784.0,16418,297926,622474300.0,3785.0,7,3784.0,24
rb1805,20170911,20170908,210356500,3784.0,16466,297926,624290620.0,3784.0,118,3783.0,44
rb1805,20170911,20170908,210357000,3783.0,16570,297876,628224940.0,3784.0,116,3782.0,293
rb1805,20170911,20170908,210357500,3784.0,16582,297876,628678920.0,3784.0,91,3782.0,294
rb1805,20170911,20170908,210358000,3784.0,16582,297876,628678920.0,3784.0,92,3782.0,294
rb1805,20170911,20170908,210358500,3784.0,16584,297878,628754600.0,3784.0,91,3782.0,294
rb1805,20170911,20170908,210359000,3784.0,16592,297886,629057320.0,3784.0,87,3783.0,1
rb1805,20170911,20170908,210359500,3784.0,16596,297888,629208680.0,3784.0,85,3783.0,3
rb1805,20170911,20170908,210400000,3784.0,16644,297854,631025000.0,3784.0,86,3783.0,22
rb1805,20170911,20170908,210400500,3783.0,16726,297848,634127060.0,3783.0,12,3782.0,299
rb1805,20170911,20170908,210401000,3783.0,16726,297848,634127060.0,3783.0,12,3782.0,292
rb1805,20170911,20170908,210401500,3783.0,16726,297848,634127060.0,3783.0,27,3782.0,293
rb1805,20170911,20170908,210402000,3782.0,16730,297850,634278360.0,3783.0,26,3782.0,292
rb1805,20170911,20170908,210402500,3782.0,16744,297836,634807840.0,3783.0,29,3782.0,285
rb1805,20170911,20170908,210403000,3782.0,16746,297836,634883480.0,3783.0,54,3782.0,286
rb1805,20170911,20170908,210403500,3783.0,16758,297838,635337440.0,3783.0,48,3782.0,287
rb1805,20170911,20170908,210404000,3782.0,16840,297866,638439480.0,3783.0,38,3782.0,291
rb1805,20170911,20170908,210404500,3782.0,16844,297868,638590780.0,3783.0,37,3782.0,291
rb1805,20170911,20170908,210405000,3783.0,16884,297872,640103800.0,3783.0,26,3782.0,289
rb1805,20170911,20170908,210405500,3783.0,16942,297930,642297940.0,3784.0,72,3783.0,25
rb1805,20170911,20170908,210406000,3782.0,17002,297936,644567640.0,3784.0,72,3783.0,1
rb1805,20170911,20170908,210406500,3783.0,17030,297960,645626880.0,3784.0,72,3783.0,17
rb1805,20170911,20170908,210407000,3783.0,17054,297940,646535020.0,3784.0,40,3783.0,29
rb1805,20170911,20170908,210407500,3783.0,17092,297958,647972760.0,3784.0,16,3783.0,26
rb1805,20170911,20170908,210408000,3784.0,17098,297952,648199800.0,3784.0,13,3783.0,41
rb1805,20170911,20170908,210408500,3783.0,17118,297958,648956500.0,3784.0,9,3783.0,44
rb1805,20170911,20170908,210409000,3784.0,17120,297956,649032180.0,3784.0,8,3783.0,61
rb1805,20170911,20170908,210409500,3784.0,17150,297970,650167380.0,3785.0,51,3784.0,17
rb1805,20170911,20170908,210410000,3784.0,17160,297980,650545780.0,3785.0,14,3784.0,18
rb1805,20170911,20170908,210410500,3785.0,17162,297980,650621480.0,3785.0,13,3784.0,24
rb1805,20170911,20170908,210411000,3785.0,17188,298004,651605580.0,3786.0,48,3784.0,12
rb1805,20170911,20170908,210411500,3786.0,17192,298004,651757000.0,3786.0,10,3785.0,26
rb1805,20170911,20170908,210412000,3785.0,17210,298006,652438420.0,3786.0,4,3785.0,24
rb1805,20170911,20170908,210412500,3786.0,17224,297998,652968460.0,3787.0,13,3786.0,27
rb1805,20170911,20170908,210413000,3787.0,17250,297986,653953080.0,3787.0,2,3786.0,12
rb1805,20170911,20170908,210413500,3787.0,17280,297966,655089200.0,3788.0,52,3786.0,14
rb1805,20170911,20170908,210414000,3787.0,17290,297962,655467900.0,3787.0,25,3786.0,16
rb1805,20170911,20170908,210414500,3787.0,17352,297948,657815860.0,3788.0,21,3787.0,1
rb1805,20170911,20170908,210415000,3788.0,17364,297942,658270420.0,3788.0,15,3787.0,44
rb1805,20170911,20170908,210415500,3787.0,17402,297922,659709480.0,3787.0,27,3786.0,26
rb1805,20170911,20170908,210416000,3788.0,17478,297944,662587760.0,3788.0,99,3787.0,15
rb1805,20170911,20170908,210416500,3788.0,17478,297944,662587760.0,3788.0,100,3787.0,10
rb1805,20170911,20170908,210417000,3788.0,17482,297946,662739280.0,3788.0,99,3787.0,45
rb1805,20170911,20170908,210417500,3787.0,17492,297950,663118020.0,3788.0,102,3787.0,47
rb1805,20170911,20170908,210418000,3787.0,17518,297962,664102660.0,3788.0,102,3786.0,56
rb1805,20170911,20170908,210418500,3788.0,17520,297964,664178420.0,3788.0,120,3787.0,1
rb1805,20170911,20170908,210419000,3788.0,17524,297966,664329940.0,3788.0,120,3787.0,32
rb1805,20170911,20170908,210419500,3788.0,17534,297966,664708720.0,3788.0,117,3787.0,31
rb1805,20170911,20170908,210420000,3787.0,17542,297966,665011740.0,3788.0,128,3787.0,56
rb1805,20170911,20170908,210420500,3788.0,17570,297942,666072140.0,3788.0,126,3787.0,45
rb1805,20170911,20170908,210421000,3788.0,17612,297908,667662700.0,3788.0,126,3787.0,26
rb1805,20170911,20170908,210421500,3787.0,17672,297958,669934900.0,3787.0,29,3786.0,70
rb1805,20170911,20170908,210422000,3787.0,17678,297958,670162120.0,3787.0,1,3786.0,64
rb1805,20170911,20170908,210422500,3787.0,17686,297956,670465080.0,3787.0,7,3786.0,62
rb1805,20170911,20170908,210423000,3787.0,17692,297954,670692300.0,3787.0,6,3786.0,53
rb1805,20170911,20170908,210423500,3787.0,17704,297952,671146700.0,3787.0,2,3786.0,54
rb1805,20170911,20170908,210424000,3786.0,17706,297952,671222420.0,3787.0,2,3786.0,53
rb1805,20170911,20170908,210424500,3787.0,17710,297952,671373900.0,3787.0,5,3786.0,50
rb1805,20170911,20170908,210425000,3787.0,17716,297952,671601120.0,3787.0,3,3786.0,53
rb1805,20170911,20170908,210425500,3787.0,17724,297950,671904080.0,3787.0,7,3786.0,53
rb1805,20170911,20170908,210426000,3787.0,17754,297962,673039940.0,3787.0,6,3786.0,38
rb1805,20170911,20170908,210426500,3786.0,17780,297936,674024300.0,3787.0,11,3786.0,25
rb1805,20170911,20170908,210427000,3786.0,17780,297936,674024300.0,3787.0,23,3786.0,28
rb1805,20170911,20170908,210427500,3786.0,17780,297936,674024300.0,3787.0,30,3786.0,34
rb1805,20170911,20170908,210428000,3787.0,17788,297934,674327220.0,3787.0,32,3786.0,29
rb1805,20170911,20170908,210428500,3786.0,17828,297962,675841940.0,3787.0,10,3786.0,34
rb1805,20170911,20170908,210429000,3786.0,17830,297962,675917660.0,3787.0,10,3786.0,34
rb1805,20170911,20170908,210429500,3787.0,17836,297968,676144880.0,3787.0,7,3786.0,29
rb1805,20170911,20170908,210430000,3787.0,17846,297976,676523580.0,3787.0,52,3786.0,30
rb1805,20170911,20170908,210430500,3787.0,17848,297978,676599320.0,3787.0,82,3786.0,30
rb1805,20170911,20170908,210431000,3787.0,17852,297980,676750800.0,3787.0,81,3786.0,40
rb1805,20170911,20170908,210431500,3787.0,17854,297980,676826540.0,3787.0,80,3786.0,41
rb1805,20170911,20170908,210432000,3786.0,17860,297980,677053700.0,3787.0,80,3786.0,38
rb1805,20170911,20170908,210432500,3787.0,17948,297988,680386260.0,3787.0,36,3786.0,38
rb1805,20170911,20170908,210433000,3786.0,18002,297982,682431120.0,3787.0,15,3786.0,32
rb1805,20170911,20170908,210433500,3787.0,18012,297984,682809760.0,3787.0,13,3786.0,31
rb1805,20170911,20170908,210434000,3787.0,18014,297986,682885500.0,3787.0,12,3786.0,32
rb1805,20170911,20170908,210434500,3787.0,18020,297988,683112700.0,3787.0,10,3786.0,31
rb1805,20170911,20170908,210435000,3787.0,18028,297994,683415640.0,3787.0,7,3786.0,26
rb1805,20170911,20170908,210435500,3787.0,18042,298008,683945820.0,3788.0,132,3787.0,7
rb1805,20170911,20170908,210436000,3787.0,18042,298008,683945820.0,3788.0,132,3787.0,1
rb1805,20170911,20170908,210436500,3788.0,18044,298008,684021580.0,3788.0,131,3787.0,9
rb1805,20170911,20170908,210437000,3788.0,18044,298008,684021580.0,3788.0,157,3787.0,11
rb1805,20170911,20170908,210437500,3787.0,18050,298006,684248800.0,3787.0,50,3786.0,31
rb1805,20170911,20170908,210438000,3787.0,18094,297966,685915080.0,3787.0,34,3786.0,31
rb1805,20170911,20170908,210438500,3786.0,18156,297946,688262400.0,3787.0,39,3786.0,2
rb1805,20170911,20170908,210439000,3786.0,18182,297924,689246760.0,3786.0,5,3785.0,23
rb1805,20170911,20170908,210439500,3786.0,18186,297922,689398200.0,3787.0,39,3785.0,19
rb1805,20170911,20170908,210440000,3787.0,18192,297922,689625420.0,3787.0,37,3786.0,2
rb1805,20170911,20170908,210440500,3787.0,18192,297922,689625420.0,3787.0,37,3786.0,12
rb1805,20170911,20170908,210441000,3786.0,18206,297928,690155460.0,3787.0,38,3786.0,9
rb1805,20170911,20170908,210441500,3786.0,18224,297928,690836940.0,3786.0,7,3785.0,19
rb1805,20170911,20170908,210442000,3786.0,18224,297928,690836940.0,3787.0,43,3786.0,7
rb1805,20170911,20170908,210442500,3786.0,18268,297924,692502840.0,3786.0,6,3785.0,16
rb1805,20170911,20170908,210443000,3785.0,18300,297914,693714040.0,3786.0,46,3785.0,3
rb1805,20170911,20170908,210443500,3785.0,18308,297916,694016840.0,3785.0,8,3784.0,48
rb1805,20170911,20170908,210444000,3786.0,18312,297914,694168280.0,3786.0,44,3784.0,50
rb1805,20170911,20170908,210444500,3786.0,18318,297916,694395440.0,3785.0,16,3784.0,43
rb1805,20170911,20170908,210445000,3784.0,18340,297914,695227960.0,3785.0,15,3784.0,33
rb1805,20170911,20170908,210445500,3785.0,18410,297944,697876800.0,3785.0,15,3783.0,59
rb1805,20170911,20170908,210446000,3785.0,18412,297944,697952500.0,3785.0,14,3783.0,59
rb1805,20170911,20170908,210446500,3784.0,18420,297944,698255220.0,3784.0,1,3783.0,61
rb1805,20170911,20170908,210447000,3785.0,18428,297946,698558000.0,3786.0,44,3785.0,2
rb1805,20170911,20170908,210447500,3784.0,18436,297948,698860780.0,3786.0,79,3785.0,10
rb1805,20170911,20170908,210448000,3784.0,18436,297948,698860780.0,3786.0,39,3785.0,10
rb1805,20170911,20170908,210448500,3784.0,18436,297948,698860780.0,3786.0,44,3785.0,11
rb1805,20170911,20170908,210449000,3785.0,18440,297948,699012200.0,3786.0,43,3785.0,11
rb1805,20170911,20170908,210449500,3785.0,18440,297948,699012200.0,3786.0,40,3785.0,11
rb1805,20170911,20170908,210450000,3785.0,18440,297948,699012200.0,3786.0,35,3785.0,11
rb1805,20170911,20170908,210450500,3785.0,18440,297948,699012200.0,3786.0,35,3785.0,11
rb1805,20170911,20170908,210451000,3785.0,18440,297948,699012200.0,3786.0,35,3785.0,11
rb1805,20170911,20170908,210451500,3785.0,18442,297946,699087900.0,3786.0,35,3785.0,10
rb1805,20170911,20170908,210452000,3785.0,18444,297946,699163600.0,3786.0,35,3785.0,10
rb1805,20170911,20170908,210452500,3785.0,18444,297946,699163600.0,3786.0,35,3785.0,10
rb1805,20170911,20170908,210453000,3785.0,18446,297946,699239300.0,3786.0,35,3785.0,9
rb1805,20170911,20170908,210453500,3785.0,18472,297952,700223400.0,3785.0,1,3784.0,27
rb1805,20170911,20170908,210454000,3785.0,18474,297952,700299100.0,3786.0,36,3784.0,27
rb1805,20170911,20170908,210454500,3785.0,18476,297952,700374800.0,3785.0,29,3784.0,27
rb1805,20170911,20170908,210455000,3785.0,18482,297952,700601900.0,3785.0,26,3784.0,27
rb1805,20170911,20170908,210455500,3785.0,18482,297952,700601900.0,3785.0,29,3784.0,27
rb1805,20170911,20170908,210456000,3785.0,18484,297952,700677600.0,3785.0,29,3784.0,34
rb1805,20170911,20170908,210456500,3785.0,18484,297952,700677600.0,3785.0,29,3784.0,34
rb1805,20170911,20170908,210457000,3784.0,18530,297910,702418640.0,3785.0,14,3784.0,32
rb1805,20170911,20170908,210457500,3785.0,18564,297900,703705540.0,3786.0,39,3785.0,56
rb1805,20170911,20170908,210458000,3785.0,18570,297906,703932640.0,3786.0,39,3785.0,51
rb1805,20170911,20170908,210458500,3785.0,18634,297948,706355040.0,3786.0,39,3785.0,31
rb1805,20170911,20170908,210459000,3785.0,18640,297954,706582140.0,3786.0,39,3785.0,29
rb1805,20170911,20170908,210459500,3785.0,18642,297956,706657840.0,3786.0,39,3785.0,28
rb1805,20170911,20170908,210500000,3785.0,18698,297954,708777440.0,3785.0,81,3784.0,34
rb1805,20170911,20170908,210500500,3784.0,18814,297960,713166400.0,3784.0,10,3783.0,44
rb1805,20170911,20170908,210501000,3783.0,18818,297964,713317740.0,3784.0,10,3783.0,43
rb1805,20170911,20170908,210501500,3784.0,18820,297964,713393420.0,3784.0,13,3783.0,52
rb1805,20170911,20170908,210502000,3784.0,18832,297966,713847480.0,3784.0,18,3783.0,146
rb1805,20170911,20170908,210502500,3784.0,18868,297940,715209720.0,3785.0,37,3784.0,3
rb1805,20170911,20170908,210503000,3783.0,18886,297954,715890660.0,3784.0,6,3783.0,137
rb1805,20170911,20170908,210503500,3783.0,18886,297954,715890660.0,3784.0,6,3783.0,149
rb1805,20170911,20170908,210504000,3783.0,18886,297954,715890660.0,3784.0,20,3783.0,147
rb1805,20170911,20170908,210504500,3783.0,19200,298010,727769280.0,3783.0,89,3782.0,302
rb1805,20170911,20170908,210505000,3783.0,19216,298002,728374480.0,3783.0,61,3782.0,288
rb1805,20170911,20170908,210505500,3783.0,19470,297960,737980920.0,3783.0,58,3782.0,169
rb1805,20170911,20170908,210506000,3782.0,19638,298008,744334720.0,3783.0,57,3782.0,87
rb1805,20170911,20170908,210506500,3781.0,19868,298126,753032800.0,3782.0,127,3781.0,62
rb1805,20170911,20170908,210507000,3781.0,20002,298208,758099260.0,3781.0,4,3780.0,126
rb1805,20170911,20170908,210507500,3780.0,20094,298232,761577120.0,3782.0,352,3780.0,92
rb1805,20170911,20170908,210508000,3780.0,20286,298220,768836360.0,3782.0,323,3780.0,51
rb1805,20170911,20170908,210508500,3780.0,20326,298218,770348460.0,3781.0,1,3780.0,36
rb1805,20170911,20170908,210509000,3780.0,20440,298180,774657280.0,3781.0,17,3780.0,9
rb1805,20170911,20170908,210509500,3780.0,20464,298180,775564480.0,3780.0,22,3779.0,15
rb1805,20170911,20170908,210510000,3779.0,20478,298180,776093640.0,3780.0,5,3779.0,13
rb1805,20170911,20170908,210510500,3780.0,20538,298220,778361160.0,3780.0,22,3779.0,6
rb1805,20170911,20170908,210511000,3779.0,20552,298214,778890340.0,3780.0,16,3779.0,58
rb1805,20170911,20170908,210511500,3780.0,20598,298226,780628940.0,3780.0,5,3779.0,49
rb1805,20170911,20170908,210512000,3780.0,20616,298222,781309340.0,3781.0,30,3780.0,20
rb1805,20170911,20170908,210512500,3781.0,20628,298222,781762980.0,3781.0,23,3780.0,5
rb1805,20170911,20170908,210513000,3780.0,20656,298236,782821400.0,3781.0,27,3780.0,4
rb1805,20170911,20170908,210513500,3781.0,20706,298246,784711720.0,3781.0,12,3780.0,2
rb1805,20170911,20170908,210514000,3780.0,20714,298252,785014120.0,3780.0,3,3779.0,62
rb1805,20170911,20170908,210514500,3780.0,20728,298250,785543380.0,3781.0,12,3780.0,53
rb1805,20170911,20170908,210515000,3781.0,20756,298246,786602060.0,3781.0,1,3780.0,41
rb1805,20170911,20170908,210515500,3781.0,20776,298240,787358320.0,3782.0,59,3781.0,9
rb1805,20170911,20170908,210516000,3783.0,20916,298134,792653340.0,3784.0,14,3782.0,43
rb1805,20170911,20170908,210516500,3783.0,20922,298136,792880320.0,3784.0,12,3783.0,1
rb1805,20170911,20170908,210517000,3783.0,20954,298154,794091160.0,3784.0,1,3783.0,29
rb1805,20170911,20170908,210517500,3782.0,21014,298200,796360940.0,3783.0,5,3782.0,28
rb1805,20170911,20170908,210518000,3784.0,21032,298212,797041920.0,3784.0,3,3783.0,37
rb1805,20170911,20170908,210518500,3785.0,21048,298214,797647400.0,3785.0,46,3784.0,3
rb1805,20170911,20170908,210519000,3784.0,21056,298220,797950120.0,3784.0,33,3783.0,23
rb1805,20170911,20170908,210519500,3783.0,21098,298202,799538980.0,3784.0,27,3783.0,5
rb1805,20170911,20170908,210520000,3784.0,21114,298200,800144280.0,3784.0,25,3783.0,1
rb1805,20170911,20170908,210520500,3783.0,21126,298198,800598240.0,3783.0,8,3782.0,25
rb1805,20170911,20170908,210521000,3783.0,21130,298198,800749560.0,3783.0,4,3782.0,25
rb1805,20170911,20170908,210521500,3782.0,21166,298212,802111320.0,3783.0,1,3782.0,27
rb1805,20170911,20170908,210522000,3783.0,21182,298214,802716600.0,3784.0,38,3783.0,44
rb1805,20170911,20170908,210522500,3783.0,21290,298194,806802240.0,3783.0,9,3782.0,17
rb1805,20170911,20170908,210523000,3783.0,21294,298190,806953560.0,3783.0,7,3782.0,18
rb1805,20170911,20170908,210523500,3780.0,21610,298062,818900500.0,3780.0,10,3779.0,61
rb1805,20170911,20170908,210524000,3783.0,21636,298046,819883420.0,3783.0,14,3782.0,3
rb1805,20170911,20170908,210524500,3783.0,21650,298046,820413040.0,3784.0,39,3783.0,5
rb1805,20170911,20170908,210525000,3782.0,21678,298044,821472200.0,3783.0,30,3782.0,7
rb1805,20170911,20170908,210525500,3782.0,21692,298052,822001680.0,3782.0,93,3781.0,7
rb1805,20170911,20170908,210526000,3782.0,21692,298052,822001680.0,3782.0,95,3781.0,8
rb1805,20170911,20170908,210526500,3782.0,21698,298058,822228560.0,3782.0,94,3781.0,12
rb1805,20170911,20170908,210527000,3782.0,21704,298064,822455480.0,3782.0,91,3781.0,17
rb1805,20170911,20170908,210527500,3781.0,21720,298070,823060480.0,3782.0,88,3781.0,14
rb1805,20170911,20170908,210528000,3782.0,21732,298070,823514320.0,3782.0,87,3781.0,15
rb1805,20170911,20170908,210528500,3782.0,21738,298074,823741240.0,3782.0,86,3781.0,25
rb1805,20170911,20170908,210529000,3782.0,21742,298078,823892520.0,3782.0,84,3781.0,28
rb1805,20170911,20170908,210529500,3782.0,21742,298078,823892520.0,3782.0,84,3781.0,24
rb1805,20170911,20170908,210530000,3781.0,21756,298068,824421880.0,3782.0,83,3781.0,18
rb1805,20170911,20170908,210530500,3781.0,21756,298068,824421880.0,3782.0,83,3781.0,18
rb1805,20170911,20170908,210531000,3782.0,21758,298070,824497520.0,3782.0,82,3781.0,19
rb1805,20170911,20170908,210531500,3781.0,21796,298048,825934300.0,3781.0,22,3780.0,69
rb1805,20170911,20170908,210532000,3781.0,21800,298052,826085540.0,3781.0,21,3780.0,66
rb1805,20170911,20170908,210532500,3781.0,21842,298050,827673560.0,3782.0,82,3781.0,8
rb1805,20170911,20170908,210533000,3782.0,21844,298052,827749200.0,3781.0,10,3780.0,65
rb1805,20170911,20170908,210533500,3781.0,21884,298052,829261600.0,3782.0,81,3781.0,64
rb1805,20170911,20170908,210534000,3782.0,21998,298052,833573080.0,3782.0,24,3781.0,50
rb1805,20170911,20170908,210534500,3782.0,22046,298070,835388440.0,3783.0,31,3782.0,9
rb1805,20170911,20170908,210535000,3783.0,22052,298070,835615420.0,3783.0,28,3782.0,9
rb1805,20170911,20170908,210535500,3783.0,22080,298090,836674440.0,3783.0,18,3782.0,4
rb1805,20170911,20170908,210536000,3782.0,22100,298084,837430820.0,3782.0,31,3781.0,31
rb1805,20170911,20170908,210536500,3781.0,22138,298108,838867600.0,3782.0,31,3781.0,2
rb1805,20170911,20170908,210537000,3782.0,22322,297990,845825000.0,3782.0,3,3780.0,334
rb1805,20170911,20170908,210537500,3782.0,22364,297968,847413220.0,3782.0,11,3780.0,340
rb1805,20170911,20170908,210538000,3782.0,22482,297976,851874560.0,3782.0,30,3780.0,307
rb1805,20170911,20170908,210538500,3782.0,22482,297976,851874560.0,3781.0,20,3780.0,307
rb1805,20170911,20170908,210539000,3782.0,22536,298002,853916360.0,3782.0,33,3781.0,48
rb1805,20170911,20170908,210539500,3782.0,22602,298006,856412480.0,3783.0,14,3782.0,1
rb1805,20170911,20170908,210540000,3782.0,22602,298006,856412480.0,3783.0,10,3782.0,12
rb1805,20170911,20170908,210540500,3782.0,22616,298014,856942060.0,3783.0,5,3782.0,7
rb1805,20170911,20170908,210541000,3783.0,22638,298028,857774320.0,3784.0,57,3783.0,32
rb1805,20170911,20170908,210541500,3783.0,22640,298028,857849980.0,3784.0,57,3783.0,22
rb1805,20170911,20170908,210542000,3783.0,22686,298072,859590160.0,3783.0,3,3782.0,16
rb1805,20170911,20170908,210542500,3782.0,22692,298078,859817100.0,3783.0,48,3782.0,9
rb1805,20170911,20170908,210543000,3782.0,22710,298068,860497860.0,3782.0,11,3781.0,20
rb1805,20170911,20170908,210543500,3781.0,22720,298072,860876000.0,3782.0,30,3781.0,22
rb1805,20170911,20170908,210544000,3782.0,22740,298080,861632340.0,3782.0,23,3781.0,15
rb1805,20170911,20170908,210544500,3781.0,22784,298110,863296000.0,3781.0,79,3780.0,316
rb1805,20170911,20170908,210545000,3781.0,22810,298120,864279060.0,3781.0,66,3780.0,326
rb1805,20170911,20170908,210545500,3781.0,22816,298122,864505920.0,3781.0,63,3780.0,326
rb1805,20170911,20170908,210546000,3781.0,22842,298146,865488980.0,3781.0,50,3780.0,327
rb1805,20170911,20170908,210546500,3781.0,22880,298150,866925760.0,3781.0,31,3780.0,329
rb1805,20170911,20170908,210547000,3781.0,22900,298168,867681960.0,3781.0,22,3780.0,329
rb1805,20170911,20170908,210547500,3781.0,22902,298170,867757580.0,3781.0,21,3780.0,330
rb1805,20170911,20170908,210548000,3781.0,22942,298170,869269980.0,3781.0,2,3780.0,331
rb1805,20170911,20170908,210548500,3781.0,22948,298172,869496840.0,3782.0,25,3781.0,3
rb1805,20170911,20170908,210549000,3782.0,22950,298172,869572480.0,3782.0,24,3781.0,3
rb1805,20170911,20170908,210549500,3782.0,22956,298176,869799400.0,3782.0,21,3781.0,106
rb1805,20170911,20170908,210550000,3782.0,22972,298192,870404520.0,3782.0,2,3781.0,111
rb1805,20170911,20170908,210550500,3783.0,22980,298196,870707120.0,3783.0,9,3782.0,7
rb1805,20170911,20170908,210551000,3782.0,22984,298198,870858400.0,3783.0,9,3782.0,6
rb1805,20170911,20170908,210551500,3782.0,22984,298198,870858400.0,3783.0,10,3782.0,22
rb1805,20170911,20170908,210552000,3783.0,23004,298204,871615000.0,3784.0,57,3783.0,1
rb1805,20170911,20170908,210552500,3784.0,23026,298204,872447460.0,3784.0,47,3782.0,28
rb1805,20170911,20170908,210553000,3782.0,23036,298200,872825660.0,3784.0,47,3782.0,28
rb1805,20170911,20170908,210553500,3782.0,23040,298204,872976940.0,3784.0,47,3782.0,28
rb1805,20170911,20170908,210554000,3784.0,23044,298204,873128300.0,3784.0,44,3782.0,28
rb1805,20170911,20170908,210554500,3784.0,23046,298206,873203980.0,3783.0,22,3782.0,28
rb1805,20170911,20170908,210555000,3783.0,23090,298206,874868500.0,3784.0,60,3782.0,34
rb1805,20170911,20170908,210555500,3782.0,23098,298212,875171060.0,3784.0,60,3782.0,31
rb1805,20170911,20170908,210556000,3782.0,23098,298212,875171060.0,3784.0,61,3782.0,31
rb1805,20170911,20170908,210556500,3784.0,23104,298216,875398060.0,3784.0,54,3782.0,31
rb1805,20170911,20170908,210557000,3784.0,23116,298218,875852140.0,3784.0,47,3782.0,33
rb1805,20170911,20170908,210557500,3784.0,23122,298218,876079140.0,3784.0,45,3782.0,29
rb1805,20170911,20170908,210558000,3782.0,23138,298222,876684260.0,3784.0,45,3782.0,21
rb1805,20170911,20170908,210558500,3783.0,23140,298220,876759920.0,3783.0,2,3782.0,21
rb1805,20170911,20170908,210559000,3780.0,23394,298098,886362400.0,3780.0,36,3779.0,15
rb1805,20170911,20170908,210559500,3780.0,23466,298036,889084000.0,3783.0,6,3780.0,20
rb1805,20170911,20170908,210600000,3780.0,23466,298036,889084000.0,3782.0,20,3781.0,2
rb1805,20170911,20170908,210600500,3781.0,23476,298036,889462100.0,3781.0,3,3780.0,11
rb1805,20170911,20170908,210601000,3780.0,23480,298032,889613300.0,3782.0,25,3780.0,9
rb1805,20170911,20170908,210601500,3780.0,23484,298032,889764500.0,3782.0,25,3780.0,7
rb1805,20170911,20170908,210602000,3780.0,23486,298034,889840100.0,3782.0,25,3780.0,6
rb1805,20170911,20170908,210602500,3780.0,23498,298036,890293700.0,3780.0,33,3779.0,15
rb1805,20170911,20170908,210603000,3780.0,23538,298024,891805400.0,3780.0,19,3779.0,1
rb1805,20170911,20170908,210603500,3779.0,23598,297982,894072720.0,3779.0,22,3778.0,143
rb1805,20170911,20170908,210604000,3779.0,23608,297990,894450620.0,3779.0,38,3778.0,142
rb1805,20170911,20170908,210604500,3779.0,23878,298000,904651580.0,3779.0,20,3778.0,24
rb1805,20170911,20170908,210605000,3778.0,23948,298048,907296200.0,3778.0,2,3777.0,87
rb1805,20170911,20170908,210605500,3778.0,24146,298078,914774760.0,3778.0,23,3776.0,132
rb1805,20170911,20170908,210606000,3776.0,24292,298130,920288080.0,3777.0,5,3776.0,78
rb1805,20170911,20170908,210606500,3776.0,24558,298190,930331460.0,3776.0,131,3775.0,57
rb1805,20170911,20170908,210607000,3775.0,24904,298352,943390500.0,3775.0,167,3773.0,42
rb1805,20170911,20170908,210607500,3771.0,25242,298478,956141220.0,3773.0,218,3771.0,77
rb1805,20170911,20170908,210608000,3770.0,25796,298506,977036360.0,3771.0,124,3770.0,104
rb1805,20170911,20170908,210608500,3766.0,26894,298540,1018402980.0,3766.0,95,3762.0,71
rb1805,20170911,20170908,210609000,3767.0,27592,298744,1044701740.0,3769.0,1,3768.0,3
rb1805,20170911,20170908,210609500,3768.0,27826,298684,1053521920.0,3771.0,23,3768.0,69
rb1805,20170911,20170908,210610000,3771.0,27938,298616,1057742820.0,3771.0,21,3769.0,77
rb1805,20170911,20170908,210610500,3772.0,28008,298610,1060382220.0,3772.0,14,3771.0,3
rb1805,20170911,20170908,210611000,3771.0,28074,298614,1062871420.0,3772.0,5,3771.0,20
rb1805,20170911,20170908,210611500,3773.0,28096,298618,1063701180.0,3773.0,85,3772.0,62
rb1805,20170911,20170908,210612000,3772.0,28180,298632,1066869800.0,3773.0,79,3772.0,39
rb1805,20170911,20170908,210612500,3773.0,28258,298656,1069812160.0,3773.0,69,3772.0,11
rb1805,20170911,20170908,210613000,3773.0,28290,298684,1071019480.0,3773.0,55,3772.0,20
rb1805,20170911,20170908,210613500,3772.0,28312,298702,1071849520.0,3773.0,91,3772.0,81
rb1805,20170911,20170908,210614000,3773.0,28336,298708,1072754940.0,3773.0,83,3772.0,89
rb1805,20170911,20170908,210614500,3772.0,28346,298712,1073132180.0,3773.0,31,3772.0,87
rb1805,20170911,20170908,210615000,3772.0,28388,298742,1074716740.0,3773.0,21,3772.0,84
rb1805,20170911,20170908,210615500,3772.0,28446,298708,1076904920.0,3774.0,9,3773.0,1
rb1805,20170911,20170908,210616000,3773.0,28490,298668,1078564760.0,3773.0,61,3772.0,65
rb1805,20170911,20170908,210616500,3772.0,28572,298600,1081657840.0,3773.0,68,3772.0,26
rb1805,20170911,20170908,210617000,3772.0,28588,298596,1082261460.0,3773.0,81,3772.0,32
rb1805,20170911,20170908,210617500,3772.0,28698,298560,1086410640.0,3772.0,1,3771.0,112
rb1805,20170911,20170908,210618000,3772.0,28704,298560,1086636940.0,3772.0,5,3771.0,112
rb1805,20170911,20170908,210618500,3772.0,28732,298548,1087693060.0,3772.0,18,3771.0,110
rb1805,20170911,20170908,210619000,3772.0,28762,298528,1088824660.0,3772.0,6,3771.0,120
rb1805,20170911,20170908,210619500,3772.0,28772,298534,1089201820.0,3772.0,12,3771.0,118
rb1805,20170911,20170908,210620000,3772.0,28786,298532,1089729820.0,3772.0,10,3771.0,114
rb1805,20170911,20170908,210620500,3772.0,28800,298532,1090257860.0,3772.0,1,3771.0,112
rb1805,20170911,20170908,210621000,3771.0,28816,298546,1090861360.0,3772.0,10,3771.0,112
rb1805,20170911,20170908,210621500,3772.0,28836,298546,1091615660.0,3772.0,10,3771.0,107
rb1805,20170911,20170908,210622000,3771.0,28846,298550,1091992840.0,3772.0,8,3771.0,107
rb1805,20170911,20170908,210622500,3771.0,28864,298548,1092671660.0,3772.0,9,3771.0,100
rb1805,20170911,20170908,210623000,3771.0,28874,298548,1093048820.0,3772.0,11,3771.0,98
rb1805,20170911,20170908,210623500,3773.0,28910,298556,1094406900.0,3773.0,51,3771.0,98
rb1805,20170911,20170908,210624000,3772.0,28920,298554,1094784120.0,3773.0,50,3772.0,23
rb1805,20170911,20170908,210624500,3772.0,28920,298554,1094784120.0,3773.0,51,3772.0,25
rb1805,20170911,20170908,210625000,3772.0,28978,298598,1096971880.0,3772.0,47,3771.0,110
rb1805,20170911,20170908,210625500,3772.0,28978,298598,1096971880.0,3772.0,47,3771.0,122
rb1805,20170911,20170908,210626000,3772.0,29028,298612,1098857560.0,3772.0,39,3771.0,107
rb1805,20170911,20170908,210626500,3771.0,29124,298624,1102477860.0,3772.0,36,3771.0,66
rb1805,20170911,20170908,210627000,3771.0,29360,298586,1111376440.0,3771.0,4,3770.0,116
rb1805,20170911,20170908,210627500,3770.0,29384,298584,1112281260.0,3771.0,21,3770.0,106
rb1805,20170911,20170908,210628000,3771.0,29408,298562,1113186300.0,3771.0,9,3770.0,106
rb1805,20170911,20170908,210628500,3772.0,29460,298574,1115147140.0,3771.0,2,3770.0,106
rb1805,20170911,20170908,210629000,3771.0,29720,298522,1124951460.0,3772.0,57,3770.0,109
rb1805,20170911,20170908,210629500,3772.0,29740,298510,1125705500.0,3772.0,55,3770.0,101
rb1805,20170911,20170908,210630000,3770.0,29814,298562,1128496500.0,3772.0,25,3770.0,104
rb1805,20170911,20170908,210630500,3770.0,30030,298422,1136639700.0,3772.0,29,3770.0,6
rb1805,20170911,20170908,210631000,3772.0,30056,298444,1137620020.0,3770.0,1,3769.0,42
rb1805,20170911,20170908,210631500,3770.0,30122,298400,1140108320.0,3770.0,170,3769.0,46
rb1805,20170911,20170908,210632000,3769.0,30186,298390,1142520900.0,3770.0,181,3769.0,25
rb1805,20170911,20170908,210632500,3770.0,30312,298394,1147270940.0,3770.0,127,3769.0,17
rb1805,20170911,20170908,210633000,3769.0,30324,298400,1147723220.0,3770.0,128,3769.0,25
rb1805,20170911,20170908,210633500,3769.0,30346,298400,1148552420.0,3770.0,128,3769.0,12
rb1805,20170911,20170908,210634000,3769.0,30408,298410,1150889260.0,3769.0,12,3768.0,20
rb1805,20170911,20170908,210634500,3770.0,30440,298408,1152095380.0,3770.0,126,3769.0,12
rb1805,20170911,20170908,210635000,3769.0,30476,298390,1153452200.0,3769.0,9,3768.0,15
rb1805,20170911,20170908,210635500,3769.0,30482,298386,1153678340.0,3769.0,6,3768.0,18
rb1805,20170911,20170908,210636000,3770.0,30546,298368,1156090060.0,3770.0,125,3769.0,3
rb1805,20170911,20170908,210636500,3770.0,30558,298362,1156542420.0,3770.0,123,3769.0,9
rb1805,20170911,20170908,210637000,3769.0,30572,298358,1157070080.0,3770.0,125,3769.0,23
rb1805,20170911,20170908,210637500,3769.0,30666,298344,1160612560.0,3769.0,1,3768.0,4
rb1805,20170911,20170908,210638000,3769.0,30678,298340,1161064860.0,3770.0,123,3769.0,9
rb1805,20170911,20170908,210638500,3770.0,30730,298378,1163024820.0,3770.0,106,3768.0,17
rb1805,20170911,20170908,210639000,3768.0,30750,298378,1163778780.0,3769.0,4,3768.0,17
rb1805,20170911,20170908,210639500,3769.0,30772,298378,1164607960.0,3769.0,7,3768.0,9
rb1805,20170911,20170908,210640000,3769.0,30780,298380,1164909480.0,3769.0,9,3768.0,10
rb1805,20170911,20170908,210640500,3769.0,30812,298388,1166115320.0,3769.0,10,3767.0,16
rb1805,20170911,20170908,210641000,3767.0,30826,298394,1166642760.0,3769.0,10,3767.0,15
rb1805,20170911,20170908,210641500,3767.0,30890,298392,1169053620.0,3767.0,13,3766.0,15
rb1805,20170911,20170908,210642000,3768.0,30962,298388,1171765600.0,3766.0,1,3765.0,101
rb1805,20170911,20170908,210642500,3765.0,30998,298412,1173121120.0,3766.0,24,3765.0,89
rb1805,20170911,20170908,210643000,3765.0,31268,298500,1183286000.0,3765.0,80,3764.0,13
rb1805,20170911,20170908,210643500,3763.0,31504,298616,1192166100.0,3763.0,5,3762.0,48
rb1805,20170911,20170908,210644000,3761.0,31682,298680,1198862680.0,3762.0,3,3761.0,73
rb1805,20170911,20170908,210644500,3762.0,31774,298672,1202324480.0,3764.0,54,3762.0,33
rb1805,20170911,20170908,210645000,3763.0,31964,298646,1209475580.0,3764.0,6,3763.0,7
rb1805,20170911,20170908,210645500,3763.0,32046,298648,1212561760.0,3765.0,32,3763.0,25
rb1805,20170911,20170908,210646000,3763.0,32136,298666,1215948860.0,3764.0,1,3762.0,151
rb1805,20170911,20170908,210646500,3763.0,32270,298746,1220990580.0,3763.0,6,3762.0,101
rb1805,20170911,20170908,210647000,3765.0,32288,298748,1221667960.0,3765.0,46,3763.0,67
rb1805,20170911,20170908,210647500,3764.0,32320,298768,1222872720.0,3765.0,29,3764.0,6
rb1805,20170911,20170908,210648000,3765.0,32360,298766,1224378560.0,3765.0,17,3764.0,7
rb1805,20170911,20170908,210648500,3765.0,32392,298782,1225583260.0,3765.0,12,3764.0,24
rb1805,20170911,20170908,210649000,3764.0,32486,298784,1229121400.0,3764.0,21,3763.0,70
rb1805,20170911,20170908,210649500,3765.0,32590,298818,1233036560.0,3766.0,53,3765.0,22
rb1805,20170911,20170908,210650000,3764.0,32654,298858,1235446000.0,3765.0,79,3764.0,42
rb1805,20170911,20170908,210650500,3765.0,32702,298884,1237253140.0,3766.0,84,3765.0,1
rb1805,20170911,20170908,210651000,3765.0,32714,298896,1237704920.0,3765.0,22,3764.0,43
rb1805,20170911,20170908,210651500,3765.0,32750,298888,1239060000.0,3765.0,25,3764.0,29
rb1805,20170911,20170908,210652000,3763.0,32834,298858,1242221680.0,3765.0,49,3764.0,5
rb1805,20170911,20170908,210652500,3765.0,33036,298804,1249824280.0,3764.0,4,3763.0,70
rb1805,20170911,20170908,210653000,3764.0,33064,298794,1250878240.0,3765.0,22,3764.0,26
rb1805,20170911,20170908,210653500,3764.0,33120,298804,1252986160.0,3764.0,12,3763.0,64
rb1805,20170911,20170908,210654000,3764.0,33126,298808,1253212000.0,3764.0,9,3763.0,66
rb1805,20170911,20170908,210654500,3765.0,33172,298814,1254943540.0,3765.0,19,3764.0,63
rb1805,20170911,20170908,210655000,3764.0,33204,298846,1256148260.0,3765.0,16,3764.0,53
rb1805,20170911,20170908,210655500,3765.0,33248,298828,1257804860.0,3766.0,50,3765.0,22
rb1805,20170911,20170908,210656000,3765.0,33290,298824,1259386160.0,3766.0,47,3765.0,10
rb1805,20170911,20170908,210656500,3765.0,33294,298826,1259536760.0,3766.0,79,3765.0,38
rb1805,20170911,20170908,210657000,3766.0,33314,298814,1260289860.0,3766.0,74,3765.0,37
rb1805,20170911,20170908,210657500,3766.0,33468,298868,1266089520.0,3767.0,10,3766.0,35
rb1805,20170911,20170908,210658000,3766.0,33490,298854,1266918100.0,3767.0,7,3766.0,23
rb1805,20170911,20170908,210658500,3767.0,33578,298908,1270232480.0,3768.0,33,3767.0,8
rb1805,20170911,20170908,210659000,3767.0,33618,298918,1271739280.0,3767.0,24,3765.0,44
rb1805,20170911,20170908,210659500,3767.0,33630,298912,1272191320.0,3767.0,7,3765.0,44
rb1805,20170911,20170908,210700000,3767.0,33652,298914,1273020060.0,3767.0,3,3766.0,50
rb1805,20170911,20170908,210700500,3767.0,33826,298954,1279572380.0,3767.0,13,3766.0,8
rb1805,20170911,20170908,210701000,3767.0,33878,298946,1281531000.0,3768.0,49,3767.0,9
rb1805,20170911,20170908,210701500,3768.0,33910,298950,1282736460.0,3768.0,49,3767.0,7
rb1805,20170911,20170908,210702000,3767.0,33980,298966,1285373140.0,3768.0,94,3767.0,13
rb1805,20170911,20170908,210702500,3768.0,34020,298954,1286879960.0,3768.0,42,3767.0,3
rb1805,20170911,20170908,210703000,3767.0,34036,298950,1287482700.0,3768.0,41,3767.0,9
rb1805,20170911,20170908,210703500,3768.0,34126,298938,1290873900.0,3769.0,38,3768.0,31
rb1805,20170911,20170908,210704000,3769.0,34150,298950,1291778360.0,3769.0,28,3768.0,21
rb1805,20170911,20170908,210704500,3768.0,34164,298950,1292305920.0,3769.0,47,3768.0,20
rb1805,20170911,20170908,210705000,3769.0,34262,298898,1295999520.0,3769.0,5,3768.0,12
rb1805,20170911,20170908,210705500,3769.0,34274,298896,1296451800.0,3770.0,92,3769.0,27
rb1805,20170911,20170908,210706000,3769.0,34310,298888,1297808720.0,3770.0,90,3769.0,6
rb1805,20170911,20170908,210706500,3769.0,34314,298886,1297959480.0,3770.0,91,3769.0,17
rb1805,20170911,20170908,210707000,3770.0,34496,298846,1304820880.0,3771.0,38,3770.0,14
rb1805,20170911,20170908,210707500,3771.0,34530,298862,1306102980.0,3771.0,23,3770.0,4
rb1805,20170911,20170908,210708000,3770.0,34556,298858,1307083160.0,3770.0,17,3769.0,44
rb1805,20170911,20170908,210708500,3770.0,34600,298852,1308742000.0,3771.0,50,3770.0,1
rb1805,20170911,20170908,210709000,3771.0,34622,298852,1309571280.0,3771.0,54,3769.0,31
rb1805,20170911,20170908,210709500,3770.0,34734,298806,1313794780.0,3771.0,27,3770.0,26
rb1805,20170911,20170908,210710000,3771.0,34842,298742,1317866940.0,3772.0,27,3770.0,2
rb1805,20170911,20170908,210710500,3770.0,34872,298738,1318997940.0,3770.0,19,3769.0,18
rb1805,20170911,20170908,210711000,3771.0,34926,298716,1321033820.0,3772.0,33,3770.0,3
rb1805,20170911,20170908,210711500,3770.0,34932,298716,1321260060.0,3772.0,27,3770.0,32
rb1805,20170911,20170908,210712000,3770.0,34932,298716,1321260060.0,3772.0,85,3771.0,1
rb1805,20170911,20170908,210712500,3770.0,34936,298718,1321410880.0,3771.0,3,3770.0,35
rb1805,20170911,20170908,210713000,3771.0,34938,298720,1321486300.0,3771.0,8,3770.0,36
rb1805,20170911,20170908,210713500,3770.0,34980,298694,1323069700.0,3770.0,2,3769.0,24
rb1805,20170911,20170908,210714000,3771.0,34988,298698,1323371380.0,3770.0,11,3769.0,23
rb1805,20170911,20170908,210714500,3770.0,35016,298702,1324426980.0,3770.0,2,3769.0,21
rb1805,20170911,20170908,210715000,3770.0,35026,298702,1324803980.0,3770.0,30,3769.0,19
rb1805,20170911,20170908,210715500,3769.0,35072,298686,1326537720.0,3769.0,61,3768.0,15
rb1805,20170911,20170908,210716000,3769.0,35116,298670,1328195820.0,3769.0,49,3768.0,2
rb1805,20170911,20170908,210716500,3768.0,35136,298682,1328949360.0,3768.0,26,3767.0,24
rb1805,20170911,20170908,210717000,3767.0,35188,298712,1330908200.0,3768.0,29,3766.0,12
rb1805,20170911,20170908,210717500,3767.0,35220,298692,1332113600.0,3767.0,59,3766.0,7
rb1805,20170911,20170908,210718000,3766.0,35316,298648,1335728780.0,3766.0,15,3765.0,75
rb1805,20170911,20170908,210718500,3766.0,35438,298618,1340322260.0,3766.0,6,3765.0,18
rb1805,20170911,20170908,210719000,3766.0,35460,298618,1341150600.0,3766.0,19,3765.0,9
rb1805,20170911,20170908,210719500,3766.0,35464,298618,1341301240.0,3766.0,17,3765.0,11
rb1805,20170911,20170908,210720000,3766.0,35492,298606,1342355500.0,3765.0,3,3764.0,50
rb1805,20170911,20170908,210720500,3764.0,35560,298624,1344915200.0,3766.0,14,3764.0,47
rb1805,20170911,20170908,210721000,3765.0,35574,298622,1345442380.0,3765.0,4,3764.0,47
rb1805,20170911,20170908,210721500,3764.0,35602,298622,1346496560.0,3765.0,2,3764.0,47
rb1805,20170911,20170908,210722000,3765.0,35638,298596,1347852260.0,3766.0,1,3765.0,64
rb1805,20170911,20170908,210722500,3765.0,35640,298594,1347927560.0,3766.0,1,3765.0,59
rb1805,20170911,20170908,210723000,3766.0,35654,298590,1348454680.0,3767.0,5,3766.0,4
rb1805,20170911,20170908,210723500,3767.0,35674,298592,1349207920.0,3767.0,12,3766.0,4
rb1805,20170911,20170908,210724000,3766.0,35778,298654,1353123820.0,3766.0,26,3765.0,13
rb1805,20170911,20170908,210724500,3765.0,35796,298652,1353801660.0,3766.0,7,3765.0,14
rb1805,20170911,20170908,210725000,3766.0,35802,298650,1354027600.0,3766.0,12,3765.0,12
rb1805,20170911,20170908,210725500,3765.0,35830,298668,1355081800.0,3765.0,44,3764.0,60
rb1805,20170911,20170908,210726000,3765.0,35834,298670,1355232400.0,3765.0,38,3764.0,61
rb1805,20170911,20170908,210726500,3765.0,35848,298684,1355759500.0,3765.0,31,3764.0,67
rb1805,20170911,20170908,210727000,3765.0,35900,298710,1357717300.0,3765.0,6,3764.0,67
rb1805,20170911,20170908,210727500,3765.0,35964,298718,1360126840.0,3766.0,26,3765.0,1
rb1805,20170911,20170908,210728000,3765.0,35970,298724,1360352740.0,3765.0,1,3764.0,65
rb1805,20170911,20170908,210728500,3765.0,35972,298722,1360428040.0,3766.0,18,3765.0,12
rb1805,20170911,20170908,210729000,3766.0,36012,298696,1361934060.0,3766.0,13,3765.0,6
rb1805,20170911,20170908,210729500,3765.0,36018,298690,1362159960.0,3766.0,13,3765.0,12
rb1805,20170911,20170908,210730000,3766.0,36020,298688,1362235280.0,3766.0,19,3765.0,39
rb1805,20170911,20170908,210730500,3766.0,36166,298722,1367731860.0,3766.0,16,3764.0,42
rb1805,20170911,20170908,210731000,3766.0,36168,298724,1367807180.0,3766.0,16,3765.0,2
rb1805,20170911,20170908,210731500,3766.0,36172,298726,1367957800.0,3766.0,17,3765.0,15
rb1805,20170911,20170908,210732000,3765.0,36202,298724,1369087520.0,3766.0,7,3765.0,12
rb1805,20170911,20170908,210732500,3765.0,36208,298730,1369313460.0,3766.0,10,3765.0,29
rb1805,20170911,20170908,210733000,3765.0,36208,298730,1369313460.0,3766.0,19,3765.0,22
rb1805,20170911,20170908,210733500,3766.0,36270,298730,1371647860.0,3766.0,14,3765.0,2
rb1805,20170911,20170908,210734000,3765.0,36308,298706,1373078560.0,3765.0,14,3764.0,44
rb1805,20170911,20170908,210734500,3765.0,36362,298658,1375111140.0,3765.0,14,3764.0,18
rb1805,20170911,20170908,210735000,3765.0,36372,298660,1375487560.0,3765.0,20,3764.0,14
rb1805,20170911,20170908,210735500,3765.0,36374,298660,1375562860.0,3765.0,20,3764.0,15
rb1805,20170911,20170908,210736000,3764.0,36428,298678,1377595420.0,3764.0,28,3763.0,93
rb1805,20170911,20170908,210736500,3764.0,36434,298678,1377821260.0,3764.0,54,3763.0,93
rb1805,20170911,20170908,210737000,3764.0,36488,298716,1379853340.0,3764.0,54,3763.0,69
rb1805,20170911,20170908,210737500,3764.0,36670,298848,1386702400.0,3764.0,41,3762.0,110
rb1805,20170911,20170908,210738000,3762.0,36686,298854,1387304520.0,3763.0,1,3762.0,104
rb1805,20170911,20170908,210738500,3762.0,36698,298856,1387755960.0,3763.0,13,3762.0,98
rb1805,20170911,20170908,210739000,3763.0,36790,298876,1391217360.0,3763.0,12,3762.0,70
rb1805,20170911,20170908,210739500,3762.0,36844,298874,1393249280.0,3763.0,2,3762.0,64
rb1805,20170911,20170908,210740000,3762.0,36914,298926,1395882820.0,3764.0,27,3763.0,1
rb1805,20170911,20170908,210740500,3762.0,36922,298930,1396183820.0,3763.0,18,3762.0,34
rb1805,20170911,20170908,210741000,3762.0,36992,298950,1398817640.0,3764.0,29,3763.0,2
rb1805,20170911,20170908,210741500,3764.0,37004,298952,1399269240.0,3764.0,28,3763.0,1
rb1805,20170911,20170908,210742000,3764.0,37034,298942,1400398180.0,3764.0,25,3763.0,6
rb1805,20170911,20170908,210742500,3762.0,37086,298918,1402355080.0,3764.0,38,3762.0,23
rb1805,20170911,20170908,210743000,3762.0,37090,298914,1402505580.0,3764.0,51,3762.0,24
rb1805,20170911,20170908,210743500,3764.0,37106,298914,1403107720.0,3764.0,46,3763.0,1
rb1805,20170911,20170908,210744000,3763.0,37122,298916,1403709860.0,3764.0,43,3763.0,4
rb1805,20170911,20170908,210744500,3763.0,37134,298922,1404161440.0,3763.0,2,3762.0,30
rb1805,20170911,20170908,210745000,3764.0,37142,298920,1404462500.0,3764.0,33,3763.0,7
rb1805,20170911,20170908,210745500,3763.0,37166,298934,1405365820.0,3764.0,36,3763.0,16
rb1805,20170911,20170908,210746000,3764.0,37238,298934,1408075720.0,3764.0,9,3763.0,9
rb1805,20170911,20170908,210746500,3764.0,37256,298934,1408753240.0,3765.0,14,3764.0,16
rb1805,20170911,20170908,210747000,3764.0,37292,298960,1410108300.0,3765.0,11,3764.0,1
rb1805,20170911,20170908,210747500,3764.0,37298,298966,1410334140.0,3765.0,15,3764.0,5
rb1805,20170911,20170908,210748000,3764.0,37318,298982,1411086940.0,3764.0,39,3763.0,52
rb1805,20170911,20170908,210748500,3765.0,37400,298944,1414173460.0,3765.0,62,3764.0,32
rb1805,20170911,20170908,210749000,3765.0,37480,299010,1417185460.0,3766.0,11,3765.0,13
rb1805,20170911,20170908,210749500,3765.0,37498,299014,1417863280.0,3766.0,5,3765.0,10
rb1805,20170911,20170908,210750000,3765.0,37504,299014,1418089180.0,3766.0,10,3765.0,4
rb1805,20170911,20170908,210750500,3766.0,37506,299012,1418164500.0,3766.0,6,3765.0,17
rb1805,20170911,20170908,210751000,3765.0,37522,299012,1418767020.0,3766.0,11,3765.0,16
rb1805,20170911,20170908,210751500,3765.0,37570,299040,1420574080.0,3765.0,28,3764.0,26
rb1805,20170911,20170908,210752000,3765.0,37570,299040,1420574080.0,3765.0,163,3764.0,26
rb1805,20170911,20170908,210752500,3764.0,37622,299040,1422531360.0,3764.0,5,3763.0,63
rb1805,20170911,20170908,210753000,3765.0,37636,299040,1423058360.0,3764.0,15,3763.0,55
rb1805,20170911,20170908,210753500,3765.0,37642,299040,1423284260.0,3764.0,65,3763.0,57
rb1805,20170911,20170908,210754000,3764.0,37652,299042,1423660620.0,3764.0,84,3763.0,54
rb1805,20170911,20170908,210754500,3764.0,37714,298996,1425994220.0,3764.0,57,3763.0,51
rb1805,20170911,20170908,210755000,3763.0,37736,299012,1426822100.0,3764.0,56,3763.0,41
rb1805,20170911,20170908,210755500,3764.0,37738,299012,1426897380.0,3764.0,55,3763.0,41
rb1805,20170911,20170908,210756000,3763.0,37762,299000,1427800680.0,3764.0,46,3763.0,39
rb1805,20170911,20170908,210756500,3764.0,37854,298952,1431263560.0,3765.0,217,3764.0,22
rb1805,20170911,20170908,210757000,3764.0,37896,298954,1432844440.0,3765.0,217,3764.0,2
rb1805,20170911,20170908,210757500,3764.0,37910,298956,1433371520.0,3765.0,211,3764.0,1
rb1805,20170911,20170908,210758000,3763.0,37920,298966,1433747840.0,3765.0,211,3764.0,10
rb1805,20170911,20170908,210758500,3764.0,37942,298982,1434575920.0,3764.0,3,3763.0,46
rb1805,20170911,20170908,210759000,3764.0,37954,298994,1435027600.0,3765.0,211,3764.0,1
rb1805,20170911,20170908,210759500,3764.0,37968,299006,1435554660.0,3765.0,206,3764.0,14
rb1805,20170911,20170908,210800000,3765.0,38040,299044,1438265440.0,3765.0,171,3764.0,29
rb1805,20170911,20170908,210800500,3765.0,38104,299086,1440674920.0,3765.0,145,3764.0,30
rb1805,20170911,20170908,210801000,3764.0,38164,299136,1442933340.0,3764.0,17,3763.0,54
rb1805,20170911,20170908,210801500,3765.0,38206,299174,1444514280.0,3765.0,143,3764.0,17
rb1805,20170911,20170908,210802000,3764.0,38210,299174,1444664860.0,3765.0,143,3764.0,17
rb1805,20170911,20170908,210802500,3765.0,38216,299180,1444890740.0,3765.0,143,3764.0,17
rb1805,20170911,20170908,210803000,3764.0,38512,299050,1456035180.0,3765.0,2,3764.0,25
rb1805,20170911,20170908,210803500,3765.0,38518,299052,1456261080.0,3766.0,15,3765.0,10
rb1805,20170911,20170908,210804000,3765.0,38542,299054,1457164600.0,3765.0,32,3764.0,23
rb1805,20170911,20170908,210804500,3765.0,38548,299052,1457390500.0,3765.0,30,3764.0,29
rb1805,20170911,20170908,210805000,3765.0,38594,299032,1459122400.0,3765.0,8,3764.0,23
rb1805,20170911,20170908,210805500,3766.0,38664,299040,1461758020.0,3767.0,24,3765.0,58
rb1805,20170911,20170908,210806000,3767.0,38668,299042,1461908660.0,3767.0,20,3765.0,27
rb1805,20170911,20170908,210806500,3765.0,38680,299038,1462360500.0,3767.0,19,3765.0,57
rb1805,20170911,20170908,210807000,3767.0,38694,299046,1462887800.0,3766.0,1,3765.0,79
rb1805,20170911,20170908,210807500,3767.0,38702,299048,1463189120.0,3767.0,19,3766.0,5
rb1805,20170911,20170908,210808000,3766.0,38712,299048,1463565760.0,3767.0,17,3766.0,2
rb1805,20170911,20170908,210808500,3767.0,38734,299038,1464394380.0,3767.0,17,3766.0,6
rb1805,20170911,20170908,210809000,3767.0,38742,299046,1464695740.0,3767.0,13,3766.0,7
rb1805,20170911,20170908,210809500,3767.0,38742,299046,1464695740.0,3767.0,16,3766.0,7
rb1805,20170911,20170908,210810000,3766.0,38748,299046,1464921740.0,3767.0,9,3766.0,12
rb1805,20170911,20170908,210810500,3767.0,38792,299050,1466578960.0,3768.0,25,3767.0,34
rb1805,20170911,20170908,210811000,3767.0,38864,299116,1469291180.0,3767.0,38,3766.0,3
rb1805,20170911,20170908,210811500,3766.0,38874,299120,1469667780.0,3767.0,30,3765.0,75
rb1805,20170911,20170908,210812000,3767.0,38880,299122,1469893800.0,3767.0,30,3766.0,1
rb1805,20170911,20170908,210812500,3766.0,38904,299144,1470797640.0,3766.0,14,3765.0,73
rb1805,20170911,20170908,210813000,3766.0,38932,299152,1471852120.0,3767.0,31,3765.0,55
rb1805,20170911,20170908,210813500,3767.0,38936,299154,1472002760.0,3767.0,36,3765.0,49
rb1805,20170911,20170908,210814000,3767.0,38938,299154,1472078100.0,3767.0,35,3765.0,50
rb1805,20170911,20170908,210814500,3767.0,38940,299154,1472153440.0,3767.0,36,3766.0,17
rb1805,20170911,20170908,210815000,3767.0,38944,299158,1472304120.0,3767.0,35,3766.0,17
rb1805,20170911,20170908,210815500,3766.0,38986,299120,1473885840.0,3767.0,30,3765.0,47
rb1805,20170911,20170908,210816000,3765.0,38990,299120,1474036440.0,3767.0,30,3765.0,52
rb1805,20170911,20170908,210816500,3767.0,38994,299118,1474187120.0,3767.0,30,3766.0,1
rb1805,20170911,20170908,210817000,3766.0,39004,299122,1474563720.0,3767.0,31,3765.0,57
rb1805,20170911,20170908,210817500,3767.0,39018,299114,1475091100.0,3767.0,30,3765.0,59
rb1805,20170911,20170908,210818000,3767.0,39024,299114,1475317060.0,3767.0,29,3765.0,63
rb1805,20170911,20170908,210818500,3767.0,39044,299114,1476070280.0,3767.0,30,3766.0,42
rb1805,20170911,20170908,210819000,3767.0,39140,299186,1479685760.0,3767.0,24,3766.0,8
rb1805,20170911,20170908,210819500,3767.0,39178,299184,1481116920.0,3767.0,20,3766.0,1
rb1805,20170911,20170908,210820000,3766.0,39182,299184,1481267560.0,3767.0,23,3765.0,64
rb1805,20170911,20170908,210820500,3767.0,39186,299182,1481418220.0,3767.0,30,3765.0,64
rb1805,20170911,20170908,210821000,3767.0,39200,299190,1481945600.0,3767.0,73,3765.0,64
rb1805,20170911,20170908,210821500,3766.0,39352,299310,1487668300.0,3765.0,3,3764.0,11
rb1805,20170911,20170908,210822000,3765.0,39380,299320,1488722520.0,3766.0,23,3764.0,16
rb1805,20170911,20170908,210822500,3765.0,39386,299318,1488948420.0,3765.0,1,3764.0,26
rb1805,20170911,20170908,210823000,3766.0,39398,299318,1489400280.0,3767.0,73,3766.0,1
rb1805,20170911,20170908,210823500,3764.0,39436,299330,1490830920.0,3766.0,28,3764.0,14
rb1805,20170911,20170908,210824000,3764.0,39446,299336,1491207360.0,3765.0,100,3764.0,10
rb1805,20170911,20170908,210824500,3765.0,39510,299332,1493616960.0,3765.0,68,3764.0,5
rb1805,20170911,20170908,210825000,3764.0,39518,299332,1493918140.0,3765.0,67,3764.0,11
rb1805,20170911,20170908,210825500,3764.0,39528,299330,1494294540.0,3765.0,67,3764.0,6
rb1805,20170911,20170908,210826000,3765.0,39560,299310,1495499340.0,3765.0,60,3764.0,6
rb1805,20170911,20170908,210826500,3764.0,39578,299300,1496176860.0,3764.0,25,3763.0,58
rb1805,20170911,20170908,210827000,3764.0,39758,299314,1502950820.0,3764.0,4,3762.0,70
rb1805,20170911,20170908,210827500,3764.0,39780,299294,1503778900.0,3764.0,10,3763.0,1
rb1805,20170911,20170908,210828000,3762.0,39814,299310,1505058120.0,3763.0,4,3762.0,65
rb1805,20170911,20170908,210828500,3762.0,39854,299310,1506562940.0,3763.0,2,3762.0,46
rb1805,20170911,20170908,210829000,3762.0,39860,299312,1506788680.0,3763.0,1,3762.0,44
rb1805,20170911,20170908,210829500,3762.0,39920,299310,1509045900.0,3763.0,4,3762.0,15
rb1805,20170911,20170908,210830000,3763.0,39922,299310,1509121160.0,3763.0,3,3762.0,15
rb1805,20170911,20170908,210830500,3763.0,39928,299310,1509346920.0,3763.0,5,3762.0,19
rb1805,20170911,20170908,210831000,3763.0,39942,299316,1509873640.0,3763.0,9,3762.0,25
rb1805,20170911,20170908,210831500,3763.0,39986,299298,1511529340.0,3764.0,49,3763.0,13
rb1805,20170911,20170908,210832000,3763.0,39992,299294,1511755120.0,3764.0,22,3763.0,24
rb1805,20170911,20170908,210832500,3763.0,40060,299320,1514314400.0,3765.0,59,3763.0,33
rb1805,20170911,20170908,210833000,3763.0,40064,299324,1514464920.0,3765.0,61,3763.0,63
rb1805,20170911,20170908,210833500,3763.0,40064,299324,1514464920.0,3765.0,67,3764.0,3
rb1805,20170911,20170908,210834000,3765.0,40184,299338,1518982920.0,3766.0,62,3764.0,10
rb1805,20170911,20170908,210834500,3765.0,40190,299344,1519208820.0,3766.0,47,3765.0,3
rb1805,20170911,20170908,210835000,3765.0,40206,299328,1519811360.0,3766.0,20,3765.0,2
rb1805,20170911,20170908,210835500,3764.0,40218,299324,1520263160.0,3765.0,1,3764.0,20
rb1805,20170911,20170908,210836000,3765.0,40232,299316,1520790300.0,3766.0,11,3765.0,19
rb1805,20170911,20170908,210836500,3764.0,40234,299314,1520865580.0,3766.0,12,3764.0,18
rb1805,20170911,20170908,210837000,3765.0,40238,299314,1521016180.0,3766.0,12,3765.0,7
rb1805,20170911,20170908,210837500,3766.0,40266,299328,1522070600.0,3766.0,1,3765.0,7
rb1805,20170911,20170908,210838000,3765.0,40268,299326,1522145900.0,3766.0,1,3765.0,27
rb1805,20170911,20170908,210838500,3766.0,40272,299324,1522296540.0,3767.0,71,3766.0,1
rb1805,20170911,20170908,210839000,3766.0,40278,299326,1522522500.0,3766.0,13,3765.0,79
rb1805,20170911,20170908,210839500,3766.0,40294,299322,1523125060.0,3766.0,19,3765.0,84
rb1805,20170911,20170908,210840000,3766.0,40364,299366,1525761260.0,3767.0,68,3766.0,31
rb1805,20170911,20170908,210840500,3766.0,40396,299394,1526966440.0,3766.0,2,3765.0,85
rb1805,20170911,20170908,210841000,3767.0,40402,299396,1527192420.0,3767.0,64,3766.0,44
rb1805,20170911,20170908,210841500,3767.0,40404,299396,1527267760.0,3767.0,63,3766.0,30
rb1805,20170911,20170908,210842000,3767.0,40410,299398,1527493760.0,3767.0,67,3766.0,45
rb1805,20170911,20170908,210842500,3767.0,40416,299398,1527719760.0,3767.0,65,3766.0,49
rb1805,20170911,20170908,210843000,3766.0,40424,299402,1528021040.0,3767.0,65,3766.0,45
rb1805,20170911,20170908,210843500,3766.0,40426,299402,1528096360.0,3767.0,71,3766.0,44
rb1805,20170911,20170908,210844000,3766.0,40428,299402,1528171680.0,3767.0,71,3766.0,34
rb1805,20170911,20170908,210844500,3767.0,40430,299404,1528247020.0,3767.0,70,3766.0,35
rb1805,20170911,20170908,210845000,3766.0,40440,299404,1528623620.0,3767.0,79,3766.0,28
rb1805,20170911,20170908,210845500,3766.0,40444,299404,1528774260.0,3767.0,80,3766.0,28
rb1805,20170911,20170908,210846000,3766.0,40456,299404,1529226280.0,3767.0,75,3766.0,27
rb1805,20170911,20170908,210846500,3767.0,40458,299404,1529301620.0,3767.0,74,3766.0,27
rb1805,20170911,20170908,210847000,3767.0,40480,299414,1530130360.0,3767.0,63,3766.0,27
rb1805,20170911,20170908,210847500,3766.0,40490,299414,1530506980.0,3767.0,62,3766.0,24
rb1805,20170911,20170908,210848000,3767.0,40494,299416,1530657660.0,3767.0,60,3766.0,25
rb1805,20170911,20170908,210848500,3767.0,40500,299418,1530883660.0,3767.0,58,3766.0,24
rb1805,20170911,20170908,210849000,3767.0,40532,299448,1532089100.0,3767.0,42,3766.0,30
rb1805,20170911,20170908,210849500,3767.0,40538,299448,1532315120.0,3767.0,39,3766.0,31
rb1805,20170911,20170908,210850000,3767.0,40542,299452,1532465800.0,3767.0,38,3766.0,31
rb1805,20170911,20170908,210850500,3766.0,40584,299458,1534047820.0,3767.0,23,3766.0,46
rb1805,20170911,20170908,210851000,3767.0,40594,299458,1534424520.0,3767.0,23,3766.0,46
rb1805,20170911,20170908,210851500,3767.0,40594,299458,1534424520.0,3767.0,23,3766.0,46
rb1805,20170911,20170908,210852000,3766.0,40616,299460,1535253100.0,3767.0,21,3766.0,38
rb1805,20170911,20170908,210852500,3767.0,40648,299476,1536458520.0,3767.0,5,3766.0,38
rb1805,20170911,20170908,210853000,3767.0,40674,299502,1537437940.0,3768.0,37,3767.0,1
rb1805,20170911,20170908,210853500,3768.0,40682,299506,1537739320.0,3768.0,36,3766.0,43
rb1805,20170911,20170908,210854000,3768.0,40692,299502,1538116120.0,3768.0,41,3767.0,5
rb1805,20170911,20170908,210854500,3768.0,40696,299504,1538266840.0,3768.0,51,3767.0,9
rb1805,20170911,20170908,210855000,3767.0,40698,299504,1538342180.0,3768.0,98,3767.0,9
rb1805,20170911,20170908,210855500,3767.0,40714,299518,1538944920.0,3768.0,97,3767.0,4
rb1805,20170911,20170908,210856000,3768.0,40726,299520,1539397020.0,3768.0,94,3767.0,11
rb1805,20170911,20170908,210856500,3768.0,40730,299522,1539547720.0,3768.0,93,3767.0,10
rb1805,20170911,20170908,210857000,3768.0,40762,299512,1540753440.0,3768.0,79,3767.0,11
rb1805,20170911,20170908,210857500,3768.0,40766,299510,1540904140.0,3768.0,78,3767.0,10
rb1805,20170911,20170908,210858000,3767.0,40784,299502,1541582300.0,3768.0,73,3767.0,14
rb1805,20170911,20170908,210858500,3768.0,40798,299508,1542109820.0,3768.0,66,3767.0,14
rb1805,20170911,20170908,210859000,3768.0,40840,299532,1543692100.0,3768.0,60,3767.0,1
rb1805,20170911,20170908,210859500,3768.0,40872,299504,1544897560.0,3768.0,59,3766.0,32
rb1805,20170911,20170908,210900000,3767.0,40950,299506,1547835160.0,3767.0,15,3765.0,104
rb1805,20170911,20170908,210900500,3766.0,40960,299510,1548211700.0,3766.0,5,3765.0,71
rb1805,20170911,20170908,210901000,3766.0,41042,299434,1551299080.0,3766.0,50,3765.0,34
rb1805,20170911,20170908,210901500,3765.0,41110,299446,1553859280.0,3765.0,12,3764.0,26
rb1805,20170911,20170908,210902000,3765.0,41122,299458,1554311080.0,3765.0,6,3764.0,22
rb1805,20170911,20170908,210902500,3764.0,41130,299456,1554612200.0,3765.0,9,3764.0,18
rb1805,20170911,20170908,210903000,3764.0,41136,299456,1554838060.0,3765.0,26,3764.0,15
rb1805,20170911,20170908,210903500,3764.0,41136,299456,1554838060.0,3765.0,26,3764.0,15
rb1805,20170911,20170908,210904000,3764.0,41144,299458,1555139220.0,3765.0,24,3764.0,13
rb1805,20170911,20170908,210904500,3764.0,41148,299460,1555289800.0,3765.0,23,3764.0,12
rb1805,20170911,20170908,210905000,3765.0,41150,299460,1555365100.0,3765.0,22,3764.0,13
rb1805,20170911,20170908,210905500,3764.0,41176,299440,1556343740.0,3764.0,32,3763.0,46
rb1805,20170911,20170908,210906000,3765.0,41260,299448,1559505700.0,3765.0,12,3764.0,52
rb1805,20170911,20170908,210906500,3764.0,41262,299448,1559580980.0,3765.0,12,3764.0,52
rb1805,20170911,20170908,210907000,3765.0,41316,299440,1561613820.0,3765.0,18,3764.0,49
rb1805,20170911,20170908,210907500,3765.0,41354,299402,1563044520.0,3766.0,44,3764.0,49
rb1805,20170911,20170908,210908000,3765.0,41372,299414,1563722380.0,3766.0,5,3765.0,5
rb1805,20170911,20170908,210908500,3766.0,41376,299412,1563873000.0,3766.0,9,3765.0,4
rb1805,20170911,20170908,210909000,3766.0,41376,299412,1563873000.0,3766.0,9,3765.0,6
rb1805,20170911,20170908,210909500,3766.0,41376,299412,1563873000.0,3766.0,9,3765.0,14
rb1805,20170911,20170908,210910000,3766.0,41384,299410,1564174220.0,3766.0,8,3765.0,24
rb1805,20170911,20170908,210910500,3766.0,41394,299406,1564550820.0,3767.0,136,3766.0,2
rb1805,20170911,20170908,210911000,3766.0,41402,299410,1564852100.0,3767.0,142,3766.0,8
rb1805,20170911,20170908,210911500,3767.0,41410,299414,1565153460.0,3767.0,137,3766.0,8
rb1805,20170911,20170908,210912000,3767.0,41522,299382,1569372500.0,3767.0,59,3766.0,9
rb1805,20170911,20170908,210912500,3767.0,41524,299380,1569447840.0,3767.0,69,3766.0,32
rb1805,20170911,20170908,210913000,3767.0,41646,299368,1574043580.0,3767.0,7,3766.0,48
rb1805,20170911,20170908,210913500,3768.0,41664,299372,1574721680.0,3768.0,70,3767.0,56
rb1805,20170911,20170908,210914000,3768.0,41674,299378,1575098460.0,3768.0,67,3767.0,46
rb1805,20170911,20170908,210914500,3768.0,41674,299378,1575098460.0,3768.0,62,3767.0,47
rb1805,20170911,20170908,210915000,3768.0,41682,299378,1575399860.0,3768.0,60,3767.0,47
rb1805,20170911,20170908,210915500,3767.0,41702,299378,1576153260.0,3768.0,60,3767.0,47
rb1805,20170911,20170908,210916000,3768.0,41834,299370,1581125720.0,3768.0,70,3767.0,42
rb1805,20170911,20170908,210916500,3767.0,41920,299396,1584365340.0,3767.0,35,3766.0,38
rb1805,20170911,20170908,210917000,3767.0,41920,299396,1584365340.0,3767.0,41,3766.0,46
rb1805,20170911,20170908,210917500,3767.0,41924,299394,1584516020.0,3767.0,40,3766.0,44
rb1805,20170911,20170908,210918000,3766.0,41940,299396,1585118660.0,3767.0,37,3766.0,41
rb1805,20170911,20170908,210918500,3767.0,41950,299396,1585495360.0,3767.0,32,3766.0,40
rb1805,20170911,20170908,210919000,3767.0,41950,299396,1585495360.0,3767.0,32,3766.0,40
rb1805,20170911,20170908,210919500,3767.0,41958,299390,1585796680.0,3767.0,37,3766.0,38
rb1805,20170911,20170908,210920000,3767.0,41960,299390,1585872020.0,3767.0,31,3766.0,34
rb1805,20170911,20170908,210920500,3767.0,41964,299390,1586022700.0,3767.0,29,3766.0,35
rb1805,20170911,20170908,210921000,3766.0,42048,299342,1589186140.0,3766.0,71,3765.0,31
rb1805,20170911,20170908,210921500,3766.0,42048,299342,1589186140.0,3766.0,72,3765.0,30
rb1805,20170911,20170908,210922000,3766.0,42056,299336,1589487420.0,3766.0,68,3765.0,30
rb1805,20170911,20170908,210922500,3765.0,42094,299336,1590918480.0,3766.0,50,3765.0,33
rb1805,20170911,20170908,210923000,3766.0,42126,299306,1592123600.0,3766.0,34,3765.0,33
rb1805,20170911,20170908,210923500,3766.0,42218,299308,1595588320.0,3767.0,32,3766.0,30
rb1805,20170911,20170908,210924000,3765.0,42242,299310,1596492120.0,3767.0,38,3765.0,29
rb1805,20170911,20170908,210924500,3765.0,42246,299306,1596642720.0,3767.0,33,3765.0,28
rb1805,20170911,20170908,210925000,3765.0,42246,299306,1596642720.0,3767.0,42,3765.0,29
rb1805,20170911,20170908,210925500,3767.0,42262,299318,1597245160.0,3767.0,41,3765.0,22
rb1805,20170911,20170908,210926000,3766.0,42264,299320,1597320480.0,3766.0,9,3765.0,22
rb1805,20170911,20170908,210926500,3765.0,42320,299336,1599428960.0,3766.0,5,3765.0,2
rb1805,20170911,20170908,210927000,3764.0,42326,299336,1599654840.0,3766.0,39,3764.0,78
rb1805,20170911,20170908,210927500,3764.0,42340,299322,1600181800.0,3765.0,3,3764.0,73
rb1805,20170911,20170908,210928000,3764.0,42348,299314,1600482920.0,3765.0,30,3764.0,65
rb1805,20170911,20170908,210928500,3764.0,42350,299314,1600558200.0,3765.0,32,3764.0,64
rb1805,20170911,20170908,210929000,3765.0,42356,299318,1600784060.0,3765.0,37,3764.0,62
rb1805,20170911,20170908,210929500,3765.0,42356,299318,1600784060.0,3765.0,37,3764.0,62
rb1805,20170911,20170908,210930000,3764.0,42362,299324,1601009900.0,3765.0,38,3764.0,60
rb1805,20170911,20170908,210930500,3764.0,42482,299242,1605526700.0,3764.0,8,3763.0,77
rb1805,20170911,20170908,210931000,3765.0,42488,299242,1605752580.0,3765.0,60,3763.0,72
rb1805,20170911,20170908,210931500,3763.0,42630,299200,1611096060.0,3763.0,35,3762.0,78
rb1805,20170911,20170908,210932000,3763.0,42636,299196,1611321820.0,3763.0,33,3762.0,70
rb1805,20170911,20170908,210932500,3762.0,42766,299098,1616212420.0,3763.0,59,3762.0,5
rb1805,20170911,20170908,210933000,3761.0,42784,299102,1616889540.0,3762.0,46,3761.0,125
rb1805,20170911,20170908,210933500,3761.0,42802,299104,1617566580.0,3762.0,41,3761.0,120
rb1805,20170911,20170908,210934000,3761.0,42820,299112,1618243620.0,3762.0,29,3761.0,115
rb1805,20170911,20170908,210934500,3761.0,42848,299114,1619296700.0,3762.0,29,3761.0,101
