instrument,tradingday,calendarday,time,lastp,volume,openinterest,turnover,ask1,asksz1,bid1,bidsz1
rb1805,20171103,20171102,183441500,3692.0,0,1651092,0.0,0.0,0,0.0,0
rb1805,20171103,20171102,205900500,3687.0,5974,1656442,220261380.0,3687.0,17,3686.0,45
rb1805,20171103,20171102,210000500,3687.0,6350,1656432,234121060.0,3688.0,256,3687.0,3
rb1805,20171103,20171102,210001000,3686.0,6718,1656676,247687480.0,3686.0,19,3685.0,3
rb1805,20171103,20171102,210001500,3684.0,7026,1656852,259035180.0,3684.0,72,3683.0,74
rb1805,20171103,20171102,210002000,3683.0,7504,1656786,276638180.0,3683.0,44,3681.0,82
rb1805,20171103,20171102,210002500,3680.0,8274,1656406,304979540.0,3681.0,58,3680.0,19
rb1805,20171103,20171102,210003000,3679.0,10176,1657174,374972720.0,3680.0,103,3679.0,2
rb1805,20171103,20171102,210003500,3679.0,10550,1657174,388731460.0,3680.0,44,3679.0,37
rb1805,20171103,20171102,210004000,3680.0,10762,1657182,396532760.0,3681.0,137,3680.0,8
rb1805,20171103,20171102,210004500,3679.0,10912,1657304,402051520.0,3679.0,183,3678.0,33
rb1805,20171103,20171102,210005000,3679.0,11168,1657492,411469080.0,3679.0,113,3678.0,58
rb1805,20171103,20171102,210005500,3678.0,11296,1657530,416178040.0,3679.0,57,3678.0,55
rb1805,20171103,20171102,210006000,3680.0,11758,1657686,433176140.0,3680.0,514,3679.0,47
rb1805,20171103,20171102,210006500,3679.0,12946,1658170,476891520.0,3679.0,229,3678.0,34
rb1805,20171103,20171102,210007000,3678.0,13746,1658308,506319540.0,3678.0,82,3677.0,40
rb1805,20171103,20171102,210007500,3678.0,14326,1658470,527656780.0,3680.0,60,3678.0,11
rb1805,20171103,20171102,210008000,3678.0,14924,1658620,549649120.0,3678.0,119,3677.0,20
rb1805,20171103,20171102,210008500,3677.0,15150,1658794,557960380.0,3677.0,223,3676.0,185
rb1805,20171103,20171102,210009000,3676.0,15734,1659046,579429240.0,3676.0,354,3675.0,134
rb1805,20171103,20171102,210009500,3676.0,16072,1659104,591852540.0,3676.0,271,3675.0,72
rb1805,20171103,20171102,210010000,3675.0,16498,1659300,607509840.0,3675.0,11,3674.0,39
rb1805,20171103,20171102,210010500,3674.0,16888,1659240,621842920.0,3675.0,25,3674.0,33
rb1805,20171103,20171102,210011000,3675.0,17206,1659122,633530060.0,3676.0,139,3675.0,106
rb1805,20171103,20171102,210011500,3674.0,17498,1658944,644261020.0,3675.0,42,3674.0,404
rb1805,20171103,20171102,210012000,3675.0,17798,1658864,655286040.0,3676.0,104,3675.0,144
rb1805,20171103,20171102,210012500,3676.0,18302,1658886,673810120.0,3677.0,233,3676.0,11
rb1805,20171103,20171102,210013000,3675.0,18726,1658818,689395700.0,3676.0,33,3675.0,167
rb1805,20171103,20171102,210013500,3675.0,18836,1658826,693438940.0,3677.0,732,3676.0,70
rb1805,20171103,20171102,210014000,3675.0,19136,1659014,704466900.0,3676.0,198,3675.0,240
rb1805,20171103,20171102,210014500,3675.0,19702,1659472,725272880.0,3677.0,579,3675.0,742
rb1805,20171103,20171102,210015000,3677.0,19990,1659488,735860780.0,3677.0,528,3676.0,88
rb1805,20171103,20171102,210015500,3677.0,20234,1659568,744831960.0,3677.0,442,3676.0,90
rb1805,20171103,20171102,210016000,3677.0,21014,1659988,773510860.0,3677.0,142,3676.0,55
rb1805,20171103,20171102,210016500,3677.0,21336,1660182,785350920.0,3678.0,172,3677.0,428
rb1805,20171103,20171102,210017000,3678.0,21696,1660196,798591640.0,3679.0,121,3678.0,337
rb1805,20171103,20171102,210017500,3680.0,22002,1660182,809850040.0,3680.0,235,3679.0,82
rb1805,20171103,20171102,210018000,3679.0,22218,1660346,817798520.0,3680.0,200,3679.0,56
rb1805,20171103,20171102,210018500,3680.0,22316,1660412,821404400.0,3680.0,185,3679.0,34
rb1805,20171103,20171102,210019000,3680.0,22418,1660504,825157960.0,3680.0,137,3679.0,57
rb1805,20171103,20171102,210019500,3679.0,22562,1660494,830455880.0,3679.0,149,3678.0,219
rb1805,20171103,20171102,210020000,3679.0,22724,1660458,836415760.0,3679.0,73,3678.0,217
rb1805,20171103,20171102,210020500,3680.0,22900,1660474,842891100.0,3680.0,123,3679.0,129
rb1805,20171103,20171102,210021000,3679.0,23392,1660620,860997720.0,3680.0,108,3679.0,5
rb1805,20171103,20171102,210021500,3680.0,23580,1660592,867915960.0,3680.0,22,3679.0,182
rb1805,20171103,20171102,210022000,3681.0,23646,1660564,870344900.0,3681.0,33,3680.0,385
rb1805,20171103,20171102,210022500,3681.0,24428,1660902,899123280.0,3682.0,18,3681.0,74
rb1805,20171103,20171102,210023000,3682.0,24620,1660920,906190720.0,3682.0,107,3680.0,140
rb1805,20171103,20171102,210023500,3681.0,24696,1660938,908988060.0,3681.0,6,3680.0,145
rb1805,20171103,20171102,210024000,3682.0,24900,1660986,916495840.0,3682.0,174,3680.0,109
rb1805,20171103,20171102,210024500,3680.0,25020,1660968,920912880.0,3681.0,18,3680.0,100
rb1805,20171103,20171102,210025000,3681.0,25162,1660924,926140120.0,3681.0,30,3680.0,60
rb1805,20171103,20171102,210025500,3681.0,25216,1660918,928127860.0,3681.0,4,3680.0,60
rb1805,20171103,20171102,210026000,3680.0,25232,1660916,928716720.0,3681.0,4,3680.0,58
rb1805,20171103,20171102,210026500,3682.0,25300,1660922,931219340.0,3682.0,230,3681.0,40
rb1805,20171103,20171102,210027000,3682.0,25414,1660890,935416260.0,3682.0,202,3681.0,29
rb1805,20171103,20171102,210027500,3680.0,25770,1660900,948519880.0,3680.0,51,3679.0,154
rb1805,20171103,20171102,210028000,3681.0,25974,1660830,956028240.0,3682.0,686,3681.0,3
rb1805,20171103,20171102,210028500,3680.0,26178,1660784,963536340.0,3681.0,80,3680.0,30
rb1805,20171103,20171102,210029000,3680.0,26192,1660774,964051580.0,3681.0,128,3680.0,29
rb1805,20171103,20171102,210029500,3681.0,26250,1660772,966186540.0,3681.0,133,3680.0,18
rb1805,20171103,20171102,210030000,3681.0,26272,1660764,966996320.0,3681.0,160,3680.0,49
rb1805,20171103,20171102,210030500,3681.0,26298,1660768,967953220.0,3681.0,158,3680.0,48
rb1805,20171103,20171102,210031000,3680.0,26408,1660812,972001280.0,3681.0,322,3680.0,6
rb1805,20171103,20171102,210031500,3680.0,26484,1660844,974797720.0,3680.0,17,3679.0,163
rb1805,20171103,20171102,210032000,3679.0,26518,1660860,976048820.0,3680.0,11,3679.0,156
rb1805,20171103,20171102,210032500,3680.0,26570,1660886,977962480.0,3680.0,24,3679.0,156
rb1805,20171103,20171102,210033000,3679.0,26588,1660880,978624840.0,3680.0,54,3679.0,156
rb1805,20171103,20171102,210033500,3680.0,26720,1660890,983482220.0,3680.0,22,3679.0,151
rb1805,20171103,20171102,210034000,3679.0,26752,1660918,984659560.0,3680.0,33,3679.0,138
rb1805,20171103,20171102,210034500,3681.0,26828,1660922,987456380.0,3681.0,395,3680.0,79
rb1805,20171103,20171102,210035000,3681.0,26938,1660942,991504680.0,3681.0,380,3680.0,50
rb1805,20171103,20171102,210035500,3680.0,27148,1660868,999232700.0,3681.0,390,3680.0,7
rb1805,20171103,20171102,210036000,3680.0,27190,1660850,1000778280.0,3680.0,77,3679.0,136
rb1805,20171103,20171102,210036500,3679.0,27228,1660836,1002176640.0,3680.0,66,3679.0,135
rb1805,20171103,20171102,210037000,3680.0,27322,1660778,1005635840.0,3680.0,66,3679.0,137
rb1805,20171103,20171102,210037500,3680.0,27414,1660800,1009021140.0,3680.0,146,3679.0,123
rb1805,20171103,20171102,210038000,3679.0,27590,1660804,1015497920.0,3680.0,60,3679.0,122
rb1805,20171103,20171102,210038500,3680.0,27754,1660784,1021533160.0,3681.0,348,3680.0,56
rb1805,20171103,20171102,210039000,3680.0,27784,1660802,1022637280.0,3681.0,343,3680.0,270
rb1805,20171103,20171102,210039500,3680.0,27804,1660810,1023373340.0,3681.0,341,3680.0,281
rb1805,20171103,20171102,210040000,3681.0,27834,1660826,1024477520.0,3681.0,332,3680.0,311
rb1805,20171103,20171102,210040500,3680.0,28056,1660854,1032649160.0,3681.0,229,3680.0,310
rb1805,20171103,20171102,210041000,3681.0,28252,1660850,1039863620.0,3681.0,146,3680.0,294
rb1805,20171103,20171102,210041500,3681.0,28336,1660892,1042955220.0,3681.0,127,3680.0,277
rb1805,20171103,20171102,210042000,3680.0,28616,1660938,1053261900.0,3681.0,1,3680.0,275
rb1805,20171103,20171102,210042500,3681.0,28650,1660922,1054513440.0,3682.0,623,3681.0,10
rb1805,20171103,20171102,210043000,3680.0,29324,1661498,1079316980.0,3680.0,14,3679.0,240
rb1805,20171103,20171102,210043500,3681.0,29366,1661540,1080862640.0,3681.0,50,3680.0,24
rb1805,20171103,20171102,210044000,3680.0,29422,1661540,1082923680.0,3681.0,39,3680.0,12
rb1805,20171103,20171102,210044500,3681.0,29462,1661562,1084395940.0,3681.0,28,3680.0,122
rb1805,20171103,20171102,210045000,3680.0,29556,1661554,1087855180.0,3681.0,24,3680.0,91
rb1805,20171103,20171102,210045500,3681.0,29888,1661796,1100078840.0,3682.0,521,3681.0,1
rb1805,20171103,20171102,210046000,3681.0,29960,1661778,1102728900.0,3681.0,63,3680.0,151
rb1805,20171103,20171102,210046500,3680.0,30174,1661786,1110605160.0,3681.0,67,3680.0,100
rb1805,20171103,20171102,210047000,3681.0,30230,1661790,1112666260.0,3681.0,164,3680.0,94
rb1805,20171103,20171102,210047500,3681.0,30310,1661840,1115610540.0,3681.0,172,3680.0,82
rb1805,20171103,20171102,210048000,3680.0,30568,1661760,1125105780.0,3680.0,122,3679.0,264
rb1805,20171103,20171102,210048500,3679.0,30614,1661740,1126798540.0,3680.0,118,3679.0,259
rb1805,20171103,20171102,210049000,3680.0,30630,1661732,1127387320.0,3680.0,111,3679.0,261
rb1805,20171103,20171102,210049500,3679.0,30648,1661730,1128049680.0,3680.0,106,3679.0,254
rb1805,20171103,20171102,210050000,3680.0,30864,1661766,1135998480.0,3681.0,184,3680.0,201
rb1805,20171103,20171102,210050500,3680.0,31038,1661806,1142401720.0,3681.0,183,3680.0,123
rb1805,20171103,20171102,210051000,3680.0,31046,1661810,1142696180.0,3681.0,141,3680.0,135
rb1805,20171103,20171102,210051500,3680.0,31072,1661812,1143653180.0,3681.0,131,3680.0,150
rb1805,20171103,20171102,210052000,3680.0,31210,1661946,1148731580.0,3681.0,138,3680.0,255
rb1805,20171103,20171102,210052500,3681.0,31240,1661974,1149835800.0,3681.0,128,3680.0,257
rb1805,20171103,20171102,210053000,3680.0,31298,1662032,1151970700.0,3681.0,59,3680.0,266
rb1805,20171103,20171102,210053500,3681.0,31378,1662062,1154915320.0,3681.0,21,3680.0,260
rb1805,20171103,20171102,210054000,3681.0,31428,1662094,1156755800.0,3682.0,656,3681.0,1
rb1805,20171103,20171102,210054500,3680.0,31448,1662110,1157491840.0,3681.0,52,3680.0,261
rb1805,20171103,20171102,210055000,3681.0,31536,1662126,1160730440.0,3681.0,76,3680.0,227
rb1805,20171103,20171102,210055500,3681.0,31576,1662110,1162202820.0,3681.0,83,3680.0,229
rb1805,20171103,20171102,210056000,3680.0,31778,1662096,1169636440.0,3681.0,82,3680.0,133
rb1805,20171103,20171102,210056500,3680.0,31792,1662102,1170151700.0,3681.0,94,3680.0,39
rb1805,20171103,20171102,210057000,3681.0,31844,1662092,1172065820.0,3681.0,107,3680.0,82
rb1805,20171103,20171102,210057500,3680.0,31990,1662160,1177438660.0,3681.0,149,3680.0,22
rb1805,20171103,20171102,210058000,3680.0,32048,1662190,1179573300.0,3681.0,169,3680.0,30
rb1805,20171103,20171102,210058500,3681.0,32070,1662186,1180383060.0,3681.0,162,3680.0,535
rb1805,20171103,20171102,210059000,3681.0,32104,1662184,1181634540.0,3681.0,160,3680.0,536
rb1805,20171103,20171102,210059500,3681.0,32396,1662308,1192382900.0,3682.0,634,3681.0,66
rb1805,20171103,20171102,210100000,3681.0,32410,1662318,1192898260.0,3682.0,633,3681.0,82
rb1805,20171103,20171102,210100500,3681.0,32536,1662384,1197536400.0,3682.0,698,3681.0,134
rb1805,20171103,20171102,210101000,3681.0,32868,1662354,1209757340.0,3682.0,701,3681.0,135
rb1805,20171103,20171102,210101500,3681.0,32958,1662420,1213070500.0,3682.0,687,3681.0,106
rb1805,20171103,20171102,210102000,3681.0,33208,1662392,1222272980.0,3681.0,6,3680.0,572
rb1805,20171103,20171102,210102500,3681.0,33260,1662378,1224187300.0,3681.0,344,3680.0,575
rb1805,20171103,20171102,210103000,3681.0,33354,1662320,1227646740.0,3681.0,477,3680.0,542
rb1805,20171103,20171102,210103500,3680.0,33690,1662118,1240011660.0,3681.0,475,3680.0,370
rb1805,20171103,20171102,210104000,3680.0,34570,1661990,1272395660.0,3680.0,372,3679.0,330
rb1805,20171103,20171102,210104500,3679.0,34652,1662010,1275412560.0,3680.0,366,3679.0,298
rb1805,20171103,20171102,210105000,3680.0,35100,1662130,1291898480.0,3680.0,211,3679.0,278
rb1805,20171103,20171102,210105500,3679.0,35168,1662166,1294400260.0,3680.0,220,3679.0,249
rb1805,20171103,20171102,210106000,3680.0,35340,1662176,1300728280.0,3680.0,170,3679.0,170
rb1805,20171103,20171102,210106500,3680.0,35386,1662184,1302420780.0,3680.0,166,3679.0,155
rb1805,20171103,20171102,210107000,3679.0,35426,1662190,1303892420.0,3680.0,164,3679.0,139
rb1805,20171103,20171102,210107500,3679.0,35442,1662184,1304481140.0,3680.0,190,3679.0,235
rb1805,20171103,20171102,210108000,3679.0,35490,1662146,1306247080.0,3680.0,192,3679.0,214
rb1805,20171103,20171102,210108500,3679.0,35510,1662136,1306982880.0,3680.0,214,3679.0,205
rb1805,20171103,20171102,210109000,3679.0,35522,1662134,1307424380.0,3680.0,218,3679.0,214
rb1805,20171103,20171102,210109500,3680.0,35620,1662148,1311029840.0,3680.0,249,3679.0,167
rb1805,20171103,20171102,210110000,3679.0,35646,1662144,1311986420.0,3680.0,247,3679.0,276
rb1805,20171103,20171102,210110500,3679.0,35668,1662152,1312795800.0,3680.0,252,3679.0,267
rb1805,20171103,20171102,210111000,3679.0,35718,1662184,1314635360.0,3680.0,258,3679.0,246
rb1805,20171103,20171102,210111500,3680.0,35892,1662330,1321037000.0,3680.0,257,3679.0,274
rb1805,20171103,20171102,210112000,3679.0,36382,1662082,1339064880.0,3680.0,244,3679.0,83
rb1805,20171103,20171102,210112500,3679.0,36530,1662104,1344510460.0,3680.0,201,3679.0,43
rb1805,20171103,20171102,210113000,3679.0,36654,1662094,1349072600.0,3680.0,192,3679.0,10
rb1805,20171103,20171102,210113500,3679.0,36692,1662070,1350470600.0,3679.0,19,3678.0,396
rb1805,20171103,20171102,210114000,3679.0,36720,1662056,1351500700.0,3679.0,37,3678.0,298
rb1805,20171103,20171102,210114500,3679.0,36728,1662058,1351794960.0,3679.0,46,3678.0,296
rb1805,20171103,20171102,210115000,3679.0,36772,1662058,1353413660.0,3679.0,118,3678.0,293
rb1805,20171103,20171102,210115500,3678.0,36848,1662014,1356209600.0,3679.0,122,3678.0,291
rb1805,20171103,20171102,210116000,3679.0,36892,1662034,1357828060.0,3679.0,147,3678.0,243
rb1805,20171103,20171102,210116500,3679.0,37298,1662024,1372764620.0,3680.0,268,3679.0,43
rb1805,20171103,20171102,210117000,3679.0,37396,1661942,1376370020.0,3679.0,131,3678.0,240
rb1805,20171103,20171102,210117500,3679.0,37408,1661942,1376811500.0,3679.0,140,3678.0,240
rb1805,20171103,20171102,210118000,3678.0,37440,1661922,1377988680.0,3679.0,134,3678.0,237
rb1805,20171103,20171102,210118500,3679.0,37458,1661910,1378650780.0,3679.0,147,3678.0,234
rb1805,20171103,20171102,210119000,3678.0,37506,1661898,1380416220.0,3679.0,149,3678.0,211
rb1805,20171103,20171102,210119500,3679.0,37514,1661900,1380710500.0,3679.0,148,3678.0,209
rb1805,20171103,20171102,210120000,3679.0,37534,1661906,1381446180.0,3679.0,162,3678.0,207
rb1805,20171103,20171102,210120500,3678.0,37562,1661918,1382476040.0,3679.0,163,3678.0,200
rb1805,20171103,20171102,210121000,3679.0,37814,1661834,1391744700.0,3679.0,158,3678.0,81
rb1805,20171103,20171102,210121500,3678.0,38188,1661940,1405501840.0,3679.0,88,3678.0,5
rb1805,20171103,20171102,210122000,3678.0,38310,1661936,1409989000.0,3678.0,66,3677.0,200
rb1805,20171103,20171102,210122500,3678.0,38704,1661704,1424480300.0,3678.0,252,3677.0,206
rb1805,20171103,20171102,210123000,3678.0,38992,1661684,1435072940.0,3678.0,118,3677.0,202
rb1805,20171103,20171102,210123500,3678.0,39278,1661616,1445591780.0,3678.0,8,3677.0,191
rb1805,20171103,20171102,210124000,3678.0,39408,1661508,1450373180.0,3679.0,147,3678.0,95
rb1805,20171103,20171102,210124500,3679.0,39532,1661510,1454933940.0,3679.0,146,3678.0,216
rb1805,20171103,20171102,210125000,3678.0,39560,1661508,1455963780.0,3679.0,112,3678.0,245
rb1805,20171103,20171102,210125500,3679.0,39598,1661492,1457361540.0,3679.0,106,3678.0,256
rb1805,20171103,20171102,210126000,3678.0,39700,1661454,1461114100.0,3679.0,306,3678.0,286
rb1805,20171103,20171102,210126500,3678.0,39760,1661446,1463321120.0,3679.0,295,3678.0,278
rb1805,20171103,20171102,210127000,3678.0,39776,1661448,1463909620.0,3679.0,292,3678.0,292
rb1805,20171103,20171102,210127500,3678.0,40002,1661428,1472221920.0,3679.0,296,3678.0,182
rb1805,20171103,20171102,210128000,3679.0,40036,1661448,1473472620.0,3679.0,289,3678.0,196
rb1805,20171103,20171102,210128500,3679.0,40070,1661440,1474723380.0,3679.0,310,3678.0,205
rb1805,20171103,20171102,210129000,3678.0,40482,1661172,1489876740.0,3679.0,311,3678.0,2
rb1805,20171103,20171102,210129500,3678.0,40976,1661316,1508041680.0,3678.0,157,3677.0,37
rb1805,20171103,20171102,210130000,3678.0,41086,1661254,1512086600.0,3677.0,3,3676.0,393
rb1805,20171103,20171102,210130500,3678.0,41104,1661258,1512748560.0,3678.0,259,3677.0,9
rb1805,20171103,20171102,210131000,3676.0,41246,1661156,1517969840.0,3677.0,85,3676.0,443
rb1805,20171103,20171102,210131500,3677.0,41470,1661042,1526206200.0,3678.0,236,3677.0,69
rb1805,20171103,20171102,210132000,3677.0,41480,1661044,1526573960.0,3678.0,239,3677.0,120
rb1805,20171103,20171102,210132500,3677.0,41498,1661042,1527235840.0,3678.0,186,3677.0,124
rb1805,20171103,20171102,210133000,3678.0,41520,1661042,1528044880.0,3678.0,147,3677.0,121
rb1805,20171103,20171102,210133500,3678.0,41590,1661036,1530619380.0,3678.0,121,3677.0,119
rb1805,20171103,20171102,210134000,3678.0,42014,1660824,1546210100.0,3678.0,110,3676.0,546
rb1805,20171103,20171102,210134500,3677.0,42030,1660836,1546798460.0,3678.0,109,3677.0,5
rb1805,20171103,20171102,210135000,3677.0,42040,1660838,1547166220.0,3678.0,107,3677.0,55
rb1805,20171103,20171102,210135500,3677.0,42078,1660842,1548563500.0,3678.0,110,3677.0,46
rb1805,20171103,20171102,210136000,3677.0,42156,1660778,1551431580.0,3678.0,121,3677.0,75
rb1805,20171103,20171102,210136500,3677.0,42206,1660814,1553270160.0,3678.0,123,3677.0,63
rb1805,20171103,20171102,210137000,3677.0,42352,1660858,1558638600.0,3677.0,114,3676.0,545
rb1805,20171103,20171102,210137500,3676.0,42374,1660856,1559447380.0,3677.0,126,3676.0,539
rb1805,20171103,20171102,210138000,3676.0,42386,1660856,1559888540.0,3677.0,144,3676.0,451
rb1805,20171103,20171102,210138500,3677.0,42408,1660856,1560697360.0,3677.0,141,3676.0,446
rb1805,20171103,20171102,210139000,3677.0,42772,1660784,1574081660.0,3678.0,148,3677.0,328
rb1805,20171103,20171102,210139500,3677.0,43458,1660130,1599305900.0,3677.0,160,3676.0,443
rb1805,20171103,20171102,210140000,3677.0,43494,1660132,1600629540.0,3677.0,148,3676.0,451
rb1805,20171103,20171102,210140500,3677.0,43596,1660102,1604379940.0,3677.0,106,3676.0,445
rb1805,20171103,20171102,210141000,3677.0,44002,1660142,1619310100.0,3678.0,50,3676.0,445
rb1805,20171103,20171102,210141500,3677.0,44012,1660134,1619677800.0,3678.0,51,3677.0,78
rb1805,20171103,20171102,210142000,3677.0,44040,1660144,1620707480.0,3678.0,44,3677.0,77
rb1805,20171103,20171102,210142500,3677.0,44058,1660142,1621369400.0,3678.0,41,3677.0,73
rb1805,20171103,20171102,210143000,3678.0,44136,1660078,1624237600.0,3678.0,65,3677.0,90
rb1805,20171103,20171102,210143500,3677.0,44212,1660026,1627032240.0,3678.0,63,3677.0,125
rb1805,20171103,20171102,210144000,3677.0,44380,1660072,1633209880.0,3678.0,52,3677.0,58
rb1805,20171103,20171102,210144500,3677.0,44514,1660166,1638137060.0,3677.0,39,3676.0,458
rb1805,20171103,20171102,210145000,3677.0,44574,1660124,1640343240.0,3677.0,40,3676.0,465
rb1805,20171103,20171102,210145500,3677.0,44596,1660106,1641152160.0,3677.0,87,3676.0,478
rb1805,20171103,20171102,210146000,3676.0,44714,1660060,1645490480.0,3677.0,64,3676.0,456
rb1805,20171103,20171102,210146500,3677.0,44740,1660052,1646446440.0,3677.0,73,3676.0,465
rb1805,20171103,20171102,210147000,3677.0,44918,1659938,1652991560.0,3678.0,90,3677.0,34
rb1805,20171103,20171102,210147500,3677.0,44998,1659878,1655933180.0,3677.0,4,3676.0,466
rb1805,20171103,20171102,210148000,3677.0,45008,1659868,1656300880.0,3678.0,80,3677.0,20
rb1805,20171103,20171102,210148500,3677.0,45068,1659846,1658507060.0,3678.0,136,3677.0,5
rb1805,20171103,20171102,210149000,3677.0,45290,1659828,1666668460.0,3678.0,96,3677.0,3
rb1805,20171103,20171102,210149500,3677.0,45302,1659820,1667109700.0,3677.0,137,3676.0,395
rb1805,20171103,20171102,210150000,3676.0,45398,1659726,1670639580.0,3677.0,94,3676.0,395
rb1805,20171103,20171102,210150500,3676.0,45408,1659724,1671007220.0,3677.0,92,3676.0,408
rb1805,20171103,20171102,210151000,3677.0,45572,1659576,1677037360.0,3677.0,18,3676.0,402
rb1805,20171103,20171102,210151500,3677.0,45610,1659542,1678434620.0,3678.0,49,3677.0,48
rb1805,20171103,20171102,210152000,3677.0,45674,1659604,1680787900.0,3678.0,45,3677.0,52
rb1805,20171103,20171102,210152500,3677.0,45704,1659628,1681891000.0,3678.0,46,3677.0,65
rb1805,20171103,20171102,210153000,3677.0,45720,1659618,1682479320.0,3678.0,48,3677.0,62
rb1805,20171103,20171102,210153500,3678.0,45736,1659618,1683067660.0,3678.0,48,3677.0,157
rb1805,20171103,20171102,210154000,3677.0,45758,1659620,1683876660.0,3678.0,44,3677.0,172
rb1805,20171103,20171102,210154500,3678.0,45860,1659668,1687628220.0,3679.0,362,3678.0,10
rb1805,20171103,20171102,210155000,3678.0,45894,1659678,1688878720.0,3679.0,326,3678.0,4
rb1805,20171103,20171102,210155500,3679.0,45912,1659676,1689540800.0,3679.0,325,3678.0,55
rb1805,20171103,20171102,210156000,3678.0,45926,1659686,1690055720.0,3679.0,325,3678.0,50
rb1805,20171103,20171102,210156500,3678.0,45938,1659692,1690497100.0,3679.0,324,3678.0,52
rb1805,20171103,20171102,210157000,3679.0,45990,1659688,1692410060.0,3679.0,304,3678.0,74
rb1805,20171103,20171102,210157500,3678.0,46000,1659696,1692777860.0,3679.0,299,3678.0,85
rb1805,20171103,20171102,210158000,3678.0,46330,1659380,1704918480.0,3679.0,135,3678.0,120
rb1805,20171103,20171102,210158500,3679.0,46628,1659478,1715881900.0,3680.0,223,3679.0,329
rb1805,20171103,20171102,210159000,3680.0,46636,1659482,1716176260.0,3680.0,220,3679.0,347
rb1805,20171103,20171102,210159500,3680.0,46646,1659484,1716544200.0,3680.0,229,3679.0,345
rb1805,20171103,20171102,210200000,3680.0,46660,1659488,1717059340.0,3680.0,219,3679.0,342
rb1805,20171103,20171102,210200500,3680.0,46726,1659526,1719487880.0,3680.0,199,3679.0,332
rb1805,20171103,20171102,210201000,3680.0,46846,1659632,1723903840.0,3680.0,168,3679.0,331
rb1805,20171103,20171102,210201500,3679.0,47090,1659648,1732880940.0,3680.0,151,3679.0,226
rb1805,20171103,20171102,210202000,3680.0,47142,1659684,1734794520.0,3680.0,148,3679.0,226
rb1805,20171103,20171102,210202500,3679.0,47366,1659682,1743035720.0,3680.0,136,3679.0,127
rb1805,20171103,20171102,210203000,3680.0,47500,1659684,1747965720.0,3680.0,127,3679.0,71
rb1805,20171103,20171102,210203500,3680.0,47512,1659686,1748407280.0,3680.0,124,3679.0,69
rb1805,20171103,20171102,210204000,3680.0,48262,1659832,1776003740.0,3680.0,12,3678.0,202
rb1805,20171103,20171102,210204500,3679.0,48266,1659834,1776150900.0,3679.0,3,3678.0,193
rb1805,20171103,20171102,210205000,3679.0,48278,1659832,1776592360.0,3679.0,1,3678.0,200
rb1805,20171103,20171102,210205500,3680.0,48306,1659852,1777622580.0,3680.0,54,3679.0,5
rb1805,20171103,20171102,210206000,3679.0,48330,1659854,1778505520.0,3679.0,118,3678.0,189
rb1805,20171103,20171102,210206500,3679.0,48342,1659854,1778947000.0,3679.0,115,3678.0,189
rb1805,20171103,20171102,210207000,3678.0,48396,1659858,1780933580.0,3679.0,92,3678.0,175
rb1805,20171103,20171102,210207500,3679.0,48408,1659858,1781375020.0,3679.0,88,3678.0,183
rb1805,20171103,20171102,210208000,3678.0,48448,1659892,1782846220.0,3679.0,98,3678.0,164
rb1805,20171103,20171102,210208500,3678.0,48694,1659890,1791894140.0,3679.0,96,3678.0,48
rb1805,20171103,20171102,210209000,3678.0,48820,1659988,1796528420.0,3678.0,3,3677.0,225
rb1805,20171103,20171102,210209500,3679.0,48878,1659992,1798661900.0,3679.0,92,3678.0,58
rb1805,20171103,20171102,210210000,3678.0,48892,1660002,1799176820.0,3679.0,83,3678.0,100
rb1805,20171103,20171102,210210500,3679.0,48912,1660008,1799912620.0,3679.0,125,3678.0,107
rb1805,20171103,20171102,210211000,3678.0,48958,1660012,1801604500.0,3679.0,125,3678.0,84
rb1805,20171103,20171102,210211500,3678.0,48988,1660012,1802707900.0,3679.0,128,3678.0,114
rb1805,20171103,20171102,210212000,3678.0,48990,1660012,1802781460.0,3679.0,128,3678.0,150
rb1805,20171103,20171102,210212500,3678.0,48990,1660012,1802781460.0,3679.0,133,3678.0,173
rb1805,20171103,20171102,210213000,3678.0,49074,1659988,1805871780.0,3679.0,91,3678.0,171
rb1805,20171103,20171102,210213500,3678.0,49118,1660022,1807490100.0,3679.0,92,3678.0,183
rb1805,20171103,20171102,210214000,3679.0,49184,1659994,1809918240.0,3679.0,61,3678.0,186
rb1805,20171103,20171102,210214500,3678.0,49208,1659998,1810801120.0,3679.0,59,3678.0,182
rb1805,20171103,20171102,210215000,3678.0,49300,1659930,1814185760.0,3679.0,16,3678.0,191
rb1805,20171103,20171102,210215500,3678.0,49344,1659956,1815804400.0,3680.0,165,3679.0,1
rb1805,20171103,20171102,210216000,3679.0,49354,1659956,1816172240.0,3680.0,164,3679.0,84
rb1805,20171103,20171102,210216500,3679.0,49434,1659922,1819115440.0,3680.0,162,3679.0,66
rb1805,20171103,20171102,210217000,3679.0,49438,1659926,1819262600.0,3680.0,165,3679.0,66
rb1805,20171103,20171102,210217500,3679.0,49448,1659930,1819630560.0,3680.0,173,3679.0,65
rb1805,20171103,20171102,210218000,3679.0,49752,1660018,1830815300.0,3679.0,246,3678.0,198
rb1805,20171103,20171102,210218500,3678.0,49764,1660020,1831256760.0,3679.0,242,3678.0,197
rb1805,20171103,20171102,210219000,3678.0,49988,1659926,1839495480.0,3679.0,249,3678.0,87
rb1805,20171103,20171102,210219500,3679.0,49994,1659930,1839716200.0,3679.0,249,3678.0,102
rb1805,20171103,20171102,210220000,3679.0,50190,1660120,1846927040.0,3679.0,155,3678.0,104
rb1805,20171103,20171102,210220500,3679.0,50190,1660120,1846927040.0,3679.0,154,3678.0,114
rb1805,20171103,20171102,210221000,3678.0,50276,1660134,1850090960.0,3679.0,112,3678.0,131
rb1805,20171103,20171102,210221500,3679.0,50642,1660230,1863556100.0,3680.0,158,3679.0,64
rb1805,20171103,20171102,210222000,3679.0,50686,1660250,1865174780.0,3680.0,144,3679.0,7
rb1805,20171103,20171102,210222500,3679.0,50690,1660254,1865321940.0,3680.0,147,3679.0,42
rb1805,20171103,20171102,210223000,3680.0,50738,1660264,1867088040.0,3680.0,144,3679.0,51
rb1805,20171103,20171102,210223500,3679.0,51066,1660132,1879153460.0,3679.0,35,3678.0,84
rb1805,20171103,20171102,210224000,3679.0,51306,1660130,1887983060.0,3680.0,136,3679.0,80
rb1805,20171103,20171102,210224500,3679.0,51344,1660152,1889381220.0,3680.0,131,3679.0,72
rb1805,20171103,20171102,210225000,3679.0,51516,1660262,1895710700.0,3680.0,51,3679.0,68
rb1805,20171103,20171102,210225500,3681.0,51624,1660344,1899685120.0,3681.0,100,3680.0,109
rb1805,20171103,20171102,210226000,3681.0,51678,1660396,1901672340.0,3681.0,103,3680.0,96
rb1805,20171103,20171102,210226500,3681.0,51714,1660426,1902997180.0,3681.0,110,3680.0,122
rb1805,20171103,20171102,210227000,3680.0,51798,1660430,1906088380.0,3681.0,131,3680.0,85
rb1805,20171103,20171102,210227500,3681.0,51866,1660466,1908591160.0,3681.0,107,3680.0,77
rb1805,20171103,20171102,210228000,3680.0,51896,1660478,1909695160.0,3681.0,107,3680.0,62
rb1805,20171103,20171102,210228500,3681.0,51910,1660476,1910210400.0,3681.0,109,3680.0,58
rb1805,20171103,20171102,210229000,3680.0,52036,1660544,1914847640.0,3681.0,88,3680.0,38
rb1805,20171103,20171102,210229500,3681.0,52048,1660546,1915289300.0,3681.0,90,3680.0,42
rb1805,20171103,20171102,210230000,3681.0,52070,1660546,1916099100.0,3681.0,81,3680.0,43
rb1805,20171103,20171102,210230500,3680.0,52076,1660548,1916319900.0,3681.0,110,3680.0,49
rb1805,20171103,20171102,210231000,3681.0,52096,1660538,1917056080.0,3681.0,101,3680.0,50
rb1805,20171103,20171102,210231500,3680.0,52116,1660532,1917792240.0,3681.0,104,3680.0,90
rb1805,20171103,20171102,210232000,3681.0,52134,1660540,1918454800.0,3681.0,114,3680.0,487
rb1805,20171103,20171102,210232500,3681.0,52370,1660378,1927141960.0,3682.0,728,3681.0,282
rb1805,20171103,20171102,210233000,3682.0,52380,1660388,1927510120.0,3682.0,726,3681.0,260
rb1805,20171103,20171102,210233500,3682.0,52432,1660400,1929424740.0,3682.0,708,3681.0,35
rb1805,20171103,20171102,210234000,3681.0,52524,1660406,1932811240.0,3681.0,152,3680.0,494
rb1805,20171103,20171102,210234500,3681.0,52544,1660410,1933547400.0,3681.0,53,3680.0,457
rb1805,20171103,20171102,210235000,3682.0,52684,1660464,1938701120.0,3682.0,691,3680.0,458
rb1805,20171103,20171102,210235500,3682.0,52832,1660464,1944150460.0,3682.0,613,3681.0,43
rb1805,20171103,20171102,210236000,3681.0,53636,1661120,1973753700.0,3682.0,213,3681.0,108
rb1805,20171103,20171102,210236500,3683.0,54200,1661282,1994521280.0,3683.0,27,3682.0,462
rb1805,20171103,20171102,210237000,3683.0,54426,1661284,2002844920.0,3684.0,143,3683.0,53
rb1805,20171103,20171102,210237500,3683.0,54568,1661174,2008076120.0,3684.0,76,3683.0,52
rb1805,20171103,20171102,210238000,3683.0,54748,1661158,2014707200.0,3684.0,52,3683.0,102
rb1805,20171103,20171102,210238500,3685.0,55044,1661138,2025611760.0,3684.0,9,3683.0,73
rb1805,20171103,20171102,210239000,3684.0,55170,1661086,2030254120.0,3685.0,45,3684.0,26
rb1805,20171103,20171102,210239500,3684.0,55262,1661054,2033643440.0,3685.0,49,3684.0,3
rb1805,20171103,20171102,210240000,3684.0,55348,1661078,2036812140.0,3684.0,12,3683.0,80
rb1805,20171103,20171102,210240500,3685.0,55578,1661010,2045284200.0,3685.0,98,3684.0,5
rb1805,20171103,20171102,210241000,3683.0,55766,1660944,2052209860.0,3684.0,13,3683.0,2
rb1805,20171103,20171102,210241500,3685.0,55826,1660936,2054420060.0,3685.0,234,3684.0,2
rb1805,20171103,20171102,210242000,3684.0,55986,1661010,2060314060.0,3683.0,8,3682.0,364
rb1805,20171103,20171102,210242500,3684.0,56026,1660992,2061787340.0,3684.0,73,3683.0,34
rb1805,20171103,20171102,210243000,3684.0,56046,1660988,2062524040.0,3684.0,80,3683.0,42
rb1805,20171103,20171102,210243500,3684.0,56072,1660964,2063481680.0,3684.0,113,3683.0,52
rb1805,20171103,20171102,210244000,3684.0,56112,1660954,2064954920.0,3684.0,311,3683.0,37
rb1805,20171103,20171102,210244500,3683.0,56226,1660930,2069153340.0,3683.0,9,3682.0,321
rb1805,20171103,20171102,210245000,3683.0,56288,1660944,2071436760.0,3683.0,136,3682.0,370
rb1805,20171103,20171102,210245500,3683.0,56566,1661088,2081675480.0,3684.0,351,3683.0,70
rb1805,20171103,20171102,210246000,3683.0,56618,1661100,2083590780.0,3684.0,330,3683.0,57
rb1805,20171103,20171102,210246500,3684.0,56836,1660932,2091621680.0,3684.0,236,3683.0,59
rb1805,20171103,20171102,210247000,3683.0,56848,1660938,2092063660.0,3684.0,257,3683.0,56
rb1805,20171103,20171102,210247500,3683.0,56910,1660940,2094347120.0,3684.0,257,3683.0,32
rb1805,20171103,20171102,210248000,3683.0,56940,1660944,2095452220.0,3684.0,251,3683.0,30
rb1805,20171103,20171102,210248500,3683.0,56946,1660950,2095673200.0,3684.0,253,3683.0,29
rb1805,20171103,20171102,210249000,3684.0,57018,1660960,2098325540.0,3684.0,239,3683.0,41
rb1805,20171103,20171102,210249500,3683.0,57046,1660954,2099356820.0,3684.0,238,3683.0,42
rb1805,20171103,20171102,210250000,3684.0,57050,1660954,2099504160.0,3684.0,238,3683.0,87
rb1805,20171103,20171102,210250500,3684.0,57086,1660954,2100830180.0,3684.0,232,3683.0,95
rb1805,20171103,20171102,210251000,3683.0,57318,1660770,2109376780.0,3684.0,124,3683.0,94
rb1805,20171103,20171102,210251500,3684.0,57524,1660650,2116965800.0,3684.0,24,3683.0,112
rb1805,20171103,20171102,210252000,3684.0,57574,1660642,2118807800.0,3685.0,190,3684.0,52
rb1805,20171103,20171102,210252500,3684.0,57586,1660652,2119249900.0,3685.0,188,3684.0,49
rb1805,20171103,20171102,210253000,3684.0,57590,1660656,2119397280.0,3685.0,194,3684.0,88
rb1805,20171103,20171102,210253500,3684.0,57608,1660656,2120060500.0,3685.0,191,3684.0,92
rb1805,20171103,20171102,210254000,3685.0,57746,1660722,2125145240.0,3685.0,151,3684.0,65
rb1805,20171103,20171102,210254500,3685.0,57782,1660742,2126471500.0,3685.0,151,3684.0,53
rb1805,20171103,20171102,210255000,3685.0,57790,1660740,2126766280.0,3685.0,150,3684.0,55
rb1805,20171103,20171102,210255500,3685.0,57836,1660700,2128461360.0,3685.0,128,3684.0,57
rb1805,20171103,20171102,210256000,3685.0,57876,1660696,2129935360.0,3685.0,108,3684.0,60
rb1805,20171103,20171102,210256500,3684.0,58038,1660684,2135903820.0,3684.0,140,3683.0,340
rb1805,20171103,20171102,210257000,3684.0,58090,1660660,2137819480.0,3684.0,125,3683.0,339
rb1805,20171103,20171102,210257500,3684.0,58206,1660660,2142092920.0,3684.0,72,3683.0,339
rb1805,20171103,20171102,210258000,3684.0,58366,1660688,2147987320.0,3685.0,112,3684.0,32
rb1805,20171103,20171102,210258500,3684.0,58382,1660680,2148576860.0,3685.0,119,3684.0,34
rb1805,20171103,20171102,210259000,3684.0,58454,1660676,2151229540.0,3685.0,110,3684.0,92
rb1805,20171103,20171102,210259500,3685.0,58580,1660684,2155871620.0,3685.0,99,3684.0,81
rb1805,20171103,20171102,210300000,3685.0,58598,1660696,2156534780.0,3685.0,144,3684.0,81
rb1805,20171103,20171102,210300500,3685.0,58746,1660644,2161987380.0,3685.0,135,3684.0,22
rb1805,20171103,20171102,210301000,3684.0,58932,1660526,2168839620.0,3684.0,31,3683.0,343
rb1805,20171103,20171102,210301500,3684.0,58954,1660532,2169650060.0,3684.0,145,3683.0,395
rb1805,20171103,20171102,210302000,3684.0,59324,1660308,2183281200.0,3685.0,124,3684.0,233
rb1805,20171103,20171102,210302500,3685.0,59358,1660306,2184533800.0,3685.0,122,3684.0,252
rb1805,20171103,20171102,210303000,3684.0,59366,1660306,2184828520.0,3685.0,122,3684.0,282
rb1805,20171103,20171102,210303500,3685.0,59374,1660304,2185123280.0,3685.0,331,3684.0,282
rb1805,20171103,20171102,210304000,3684.0,59380,1660304,2185344320.0,3685.0,332,3684.0,280
rb1805,20171103,20171102,210304500,3684.0,59576,1660208,2192565780.0,3685.0,292,3684.0,244
rb1805,20171103,20171102,210305000,3684.0,59586,1660206,2192934180.0,3685.0,292,3684.0,239
rb1805,20171103,20171102,210305500,3684.0,59596,1660196,2193302580.0,3685.0,295,3684.0,233
rb1805,20171103,20171102,210306000,3684.0,60068,1659816,2210691100.0,3684.0,31,3683.0,392
rb1805,20171103,20171102,210306500,3683.0,60138,1659794,2213269200.0,3684.0,48,3683.0,357
rb1805,20171103,20171102,210307000,3684.0,60294,1659756,2219014820.0,3684.0,57,3683.0,284
rb1805,20171103,20171102,210307500,3684.0,60304,1659752,2219383220.0,3684.0,108,3683.0,284
rb1805,20171103,20171102,210308000,3684.0,60356,1659776,2221298900.0,3684.0,201,3683.0,284
rb1805,20171103,20171102,210308500,3683.0,60374,1659786,2221961960.0,3684.0,204,3683.0,282
rb1805,20171103,20171102,210309000,3683.0,60726,1659814,2234926120.0,3684.0,205,3683.0,106
rb1805,20171103,20171102,210309500,3683.0,60960,1659750,2243544340.0,3683.0,521,3682.0,170
rb1805,20171103,20171102,210310000,3682.0,61110,1659878,2249067380.0,3683.0,513,3682.0,97
rb1805,20171103,20171102,210310500,3682.0,61316,1659784,2256652300.0,3682.0,143,3681.0,61
rb1805,20171103,20171102,210311000,3681.0,61456,1659798,2261805780.0,3681.0,36,3680.0,182
rb1805,20171103,20171102,210311500,3681.0,61592,1659742,2266810800.0,3681.0,101,3680.0,132
rb1805,20171103,20171102,210312000,3680.0,61660,1659732,2269313200.0,3681.0,129,3680.0,100
rb1805,20171103,20171102,210312500,3680.0,61962,1659874,2280426800.0,3681.0,131,3680.0,19
rb1805,20171103,20171102,210313000,3680.0,62032,1659834,2283002780.0,3680.0,117,3679.0,63
rb1805,20171103,20171102,210313500,3680.0,62050,1659822,2283665040.0,3680.0,118,3679.0,60
rb1805,20171103,20171102,210314000,3679.0,62068,1659818,2284327420.0,3680.0,115,3679.0,60
rb1805,20171103,20171102,210314500,3680.0,62078,1659822,2284695420.0,3680.0,113,3679.0,60
rb1805,20171103,20171102,210315000,3679.0,62234,1659822,2290435900.0,3680.0,69,3679.0,50
rb1805,20171103,20171102,210315500,3679.0,62336,1659768,2294189100.0,3680.0,46,3679.0,36
rb1805,20171103,20171102,210316000,3679.0,62614,1659664,2304419820.0,3681.0,78,3679.0,2
rb1805,20171103,20171102,210316500,3680.0,62648,1659684,2305670980.0,3681.0,41,3680.0,20
rb1805,20171103,20171102,210317000,3680.0,62704,1659718,2307731800.0,3680.0,88,3679.0,55
rb1805,20171103,20171102,210317500,3679.0,62866,1659682,2313691840.0,3679.0,23,3678.0,153
rb1805,20171103,20171102,210318000,3679.0,62998,1659674,2318548640.0,3680.0,64,3679.0,82
rb1805,20171103,20171102,210318500,3679.0,63018,1659668,2319284440.0,3680.0,67,3679.0,141
rb1805,20171103,20171102,210319000,3680.0,63036,1659682,2319946840.0,3680.0,57,3679.0,160
rb1805,20171103,20171102,210319500,3680.0,63050,1659680,2320461940.0,3680.0,55,3679.0,157
rb1805,20171103,20171102,210320000,3679.0,63618,1659994,2341356380.0,3680.0,60,3679.0,106
rb1805,20171103,20171102,210320500,3679.0,63846,1659988,2349744540.0,3679.0,2,3678.0,51
rb1805,20171103,20171102,210321000,3680.0,63862,1659984,2350333200.0,3680.0,117,3679.0,17
rb1805,20171103,20171102,210321500,3679.0,63918,1659938,2352393440.0,3679.0,46,3678.0,49
rb1805,20171103,20171102,210322000,3679.0,64022,1659866,2356219540.0,3680.0,229,3679.0,4
rb1805,20171103,20171102,210322500,3679.0,64054,1659838,2357396820.0,3679.0,33,3678.0,46
rb1805,20171103,20171102,210323000,3679.0,64058,1659842,2357543960.0,3680.0,230,3678.0,45
rb1805,20171103,20171102,210323500,3678.0,64074,1659848,2358132620.0,3680.0,250,3678.0,44
rb1805,20171103,20171102,210324000,3678.0,64132,1659804,2360266200.0,3679.0,76,3678.0,33
rb1805,20171103,20171102,210324500,3678.0,64148,1659802,2360854700.0,3679.0,135,3678.0,56
rb1805,20171103,20171102,210325000,3678.0,64264,1659702,2365121180.0,3678.0,81,3677.0,295
rb1805,20171103,20171102,210325500,3678.0,64276,1659694,2365562520.0,3678.0,126,3677.0,304
rb1805,20171103,20171102,210326000,3678.0,64290,1659684,2366077440.0,3678.0,120,3677.0,304
rb1805,20171103,20171102,210326500,3677.0,64344,1659674,2368063280.0,3678.0,123,3677.0,290
rb1805,20171103,20171102,210327000,3677.0,64394,1659690,2369901880.0,3678.0,122,3677.0,261
rb1805,20171103,20171102,210327500,3678.0,64404,1659688,2370269660.0,3678.0,149,3677.0,261
rb1805,20171103,20171102,210328000,3677.0,64534,1659602,2375050900.0,3678.0,93,3677.0,254
rb1805,20171103,20171102,210328500,3678.0,64546,1659598,2375492200.0,3678.0,93,3677.0,251
rb1805,20171103,20171102,210329000,3678.0,64568,1659584,2376301260.0,3678.0,95,3677.0,248
rb1805,20171103,20171102,210329500,3678.0,64584,1659572,2376889680.0,3678.0,100,3677.0,245
rb1805,20171103,20171102,210330000,3678.0,64638,1659572,2378875700.0,3678.0,83,3677.0,242
rb1805,20171103,20171102,210330500,3678.0,64852,1659470,2386747000.0,3678.0,1,3677.0,242
rb1805,20171103,20171102,210331000,3678.0,65302,1659482,2403293900.0,3679.0,332,3678.0,16
rb1805,20171103,20171102,210331500,3678.0,65366,1659512,2405647540.0,3678.0,130,3677.0,31
rb1805,20171103,20171102,210332000,3678.0,65372,1659516,2405868220.0,3678.0,109,3677.0,40
rb1805,20171103,20171102,210332500,3677.0,65460,1659538,2409104020.0,3677.0,232,3676.0,542
rb1805,20171103,20171102,210333000,3677.0,65618,1659546,2414912660.0,3677.0,204,3676.0,492
rb1805,20171103,20171102,210333500,3676.0,65752,1659646,2419839080.0,3677.0,176,3676.0,465
rb1805,20171103,20171102,210334000,3677.0,66052,1659694,2430869220.0,3677.0,83,3676.0,426
rb1805,20171103,20171102,210334500,3676.0,66462,1659508,2445940860.0,3677.0,89,3676.0,231
rb1805,20171103,20171102,210335000,3677.0,66516,1659506,2447926040.0,3677.0,84,3676.0,232
rb1805,20171103,20171102,210335500,3678.0,67052,1659606,2467631520.0,3678.0,100,3677.0,37
rb1805,20171103,20171102,210336000,3677.0,67174,1659548,2472117500.0,3678.0,98,3677.0,10
rb1805,20171103,20171102,210336500,3676.0,67266,1659472,2475500260.0,3677.0,62,3676.0,62
rb1805,20171103,20171102,210337000,3676.0,68078,1659088,2505343360.0,3677.0,54,3676.0,11
rb1805,20171103,20171102,210337500,3676.0,68144,1659100,2507769520.0,3676.0,101,3675.0,29
rb1805,20171103,20171102,210338000,3675.0,68238,1659136,2511224100.0,3675.0,9,3674.0,192
rb1805,20171103,20171102,210338500,3676.0,68618,1659196,2525190220.0,3676.0,53,3675.0,54
rb1805,20171103,20171102,210339000,3675.0,68664,1659196,2526880960.0,3676.0,43,3675.0,69
rb1805,20171103,20171102,210339500,3676.0,68894,1659280,2535334740.0,3676.0,86,3675.0,49
rb1805,20171103,20171102,210340000,3676.0,68984,1659310,2538642880.0,3676.0,56,3675.0,40
rb1805,20171103,20171102,210340500,3675.0,69104,1659260,2543052880.0,3675.0,145,3674.0,198
rb1805,20171103,20171102,210341000,3675.0,69414,1659202,2554445360.0,3676.0,158,3675.0,62
rb1805,20171103,20171102,210341500,3675.0,69498,1659256,2557532520.0,3676.0,150,3675.0,44
rb1805,20171103,20171102,210342000,3675.0,69628,1659268,2562310180.0,3676.0,144,3675.0,126
rb1805,20171103,20171102,210342500,3675.0,69712,1659274,2565397340.0,3676.0,136,3675.0,638
rb1805,20171103,20171102,210343000,3676.0,70024,1659324,2576866460.0,3677.0,179,3676.0,132
rb1805,20171103,20171102,210343500,3676.0,70098,1659276,2579586700.0,3677.0,79,3676.0,204
rb1805,20171103,20171102,210344000,3676.0,70136,1659264,2580983600.0,3677.0,79,3676.0,221
rb1805,20171103,20171102,210344500,3676.0,70168,1659262,2582159940.0,3677.0,79,3676.0,226
rb1805,20171103,20171102,210345000,3677.0,70276,1659178,2586130060.0,3677.0,77,3676.0,179
rb1805,20171103,20171102,210345500,3676.0,70282,1659182,2586350620.0,3677.0,282,3676.0,133
rb1805,20171103,20171102,210346000,3676.0,70544,1659274,2595981740.0,3677.0,282,3676.0,3
rb1805,20171103,20171102,210346500,3676.0,70572,1659264,2597010960.0,3676.0,49,3675.0,703
rb1805,20171103,20171102,210347000,3675.0,70618,1659224,2598701520.0,3676.0,81,3675.0,689
rb1805,20171103,20171102,210347500,3676.0,70646,1659220,2599730740.0,3676.0,196,3675.0,688
rb1805,20171103,20171102,210348000,3675.0,70892,1659072,2608772120.0,3676.0,154,3675.0,611
rb1805,20171103,20171102,210348500,3676.0,70992,1659124,2612447800.0,3676.0,127,3675.0,604
rb1805,20171103,20171102,210349000,3676.0,71416,1659292,2628031700.0,3676.0,36,3675.0,490
rb1805,20171103,20171102,210349500,3676.0,71510,1659358,2631487140.0,3677.0,304,3676.0,58
rb1805,20171103,20171102,210350000,3677.0,71558,1659406,2633252020.0,3677.0,284,3676.0,60
rb1805,20171103,20171102,210350500,3676.0,71594,1659442,2634575380.0,3677.0,284,3676.0,44
rb1805,20171103,20171102,210351000,3677.0,71652,1659450,2636707560.0,3677.0,280,3676.0,21
rb1805,20171103,20171102,210351500,3676.0,71692,1659490,2638178180.0,3677.0,272,3676.0,42
rb1805,20171103,20171102,210352000,3677.0,71714,1659510,2638987100.0,3677.0,260,3676.0,103
rb1805,20171103,20171102,210352500,3676.0,71942,1659658,2647368500.0,3676.0,56,3675.0,511
rb1805,20171103,20171102,210353000,3676.0,72062,1659738,2651779700.0,3677.0,254,3676.0,96
rb1805,20171103,20171102,210353500,3677.0,72080,1659752,2652441400.0,3677.0,261,3676.0,93
rb1805,20171103,20171102,210354000,3676.0,72094,1659756,2652956080.0,3677.0,261,3676.0,95
rb1805,20171103,20171102,210354500,3676.0,72096,1659758,2653029600.0,3677.0,263,3676.0,125
rb1805,20171103,20171102,210355000,3677.0,72132,1659760,2654353080.0,3677.0,258,3676.0,134
rb1805,20171103,20171102,210355500,3676.0,72148,1659766,2654941240.0,3677.0,264,3676.0,129
rb1805,20171103,20171102,210356000,3677.0,72248,1659776,2658618240.0,3677.0,215,3676.0,132
rb1805,20171103,20171102,210356500,3676.0,72546,1659862,2669572760.0,3676.0,19,3675.0,530
rb1805,20171103,20171102,210357000,3676.0,72786,1659870,2678393280.0,3677.0,225,3676.0,15
rb1805,20171103,20171102,210357500,3676.0,72888,1659892,2682142860.0,3676.0,83,3675.0,442
rb1805,20171103,20171102,210358000,3676.0,73494,1659892,2704413380.0,3676.0,133,3675.0,135
rb1805,20171103,20171102,210358500,3676.0,73824,1659958,2716541440.0,3675.0,225,3674.0,264
rb1805,20171103,20171102,210359000,3675.0,74056,1660050,2725065520.0,3675.0,249,3674.0,172
rb1805,20171103,20171102,210359500,3675.0,74188,1660170,2729915340.0,3675.0,192,3674.0,113
rb1805,20171103,20171102,210400000,3675.0,74278,1660236,2733222000.0,3675.0,189,3674.0,85
rb1805,20171103,20171102,210400500,3675.0,74344,1660244,2735647060.0,3675.0,184,3674.0,63
rb1805,20171103,20171102,210401000,3675.0,74520,1660404,2742114980.0,3675.0,101,3674.0,621
rb1805,20171103,20171102,210401500,3675.0,74780,1660482,2751669980.0,3676.0,198,3675.0,80
rb1805,20171103,20171102,210402000,3675.0,74796,1660486,2752258100.0,3676.0,198,3675.0,412
rb1805,20171103,20171102,210402500,3676.0,75168,1660726,2765932340.0,3676.0,36,3675.0,405
rb1805,20171103,20171102,210403000,3676.0,75242,1660720,2768652580.0,3677.0,221,3676.0,271
rb1805,20171103,20171102,210403500,3676.0,75264,1660702,2769461500.0,3677.0,213,3676.0,289
rb1805,20171103,20171102,210404000,3677.0,75376,1660634,2773579100.0,3677.0,189,3676.0,238
rb1805,20171103,20171102,210404500,3676.0,75434,1660626,2775711240.0,3677.0,187,3676.0,223
rb1805,20171103,20171102,210405000,3676.0,75510,1660618,2778505100.0,3677.0,185,3676.0,191
rb1805,20171103,20171102,210405500,3677.0,75556,1660584,2780196520.0,3677.0,170,3676.0,193
rb1805,20171103,20171102,210406000,3676.0,75594,1660568,2781593440.0,3677.0,169,3676.0,194
rb1805,20171103,20171102,210406500,3677.0,75604,1660558,2781961140.0,3677.0,202,3676.0,299
rb1805,20171103,20171102,210407000,3677.0,75660,1660518,2784020240.0,3677.0,175,3676.0,400
rb1805,20171103,20171102,210407500,3677.0,75692,1660496,2785196880.0,3677.0,149,3676.0,401
rb1805,20171103,20171102,210408000,3677.0,75698,1660490,2785417500.0,3677.0,146,3676.0,401
rb1805,20171103,20171102,210408500,3677.0,75716,1660490,2786079340.0,3677.0,138,3676.0,401
rb1805,20171103,20171102,210409000,3677.0,75750,1660466,2787329480.0,3677.0,124,3676.0,297
rb1805,20171103,20171102,210409500,3677.0,75798,1660422,2789094440.0,3677.0,193,3676.0,299
rb1805,20171103,20171102,210410000,3676.0,75824,1660414,2790050400.0,3677.0,194,3676.0,299
rb1805,20171103,20171102,210410500,3677.0,75834,1660408,2790418100.0,3677.0,191,3676.0,309
rb1805,20171103,20171102,210411000,3677.0,76154,1660406,2802184500.0,3677.0,35,3676.0,310
rb1805,20171103,20171102,210411500,3677.0,76246,1660450,2805567700.0,3678.0,77,3677.0,172
rb1805,20171103,20171102,210412000,3677.0,76302,1660484,2807627020.0,3678.0,69,3677.0,178
rb1805,20171103,20171102,210412500,3677.0,76320,1660490,2808288880.0,3678.0,80,3677.0,176
rb1805,20171103,20171102,210413000,3677.0,76326,1660494,2808509520.0,3678.0,76,3677.0,186
rb1805,20171103,20171102,210413500,3678.0,76332,1660496,2808730180.0,3678.0,86,3677.0,185
rb1805,20171103,20171102,210414000,3677.0,76346,1660510,2809244960.0,3678.0,88,3677.0,173
rb1805,20171103,20171102,210414500,3677.0,76396,1660534,2811083720.0,3678.0,75,3677.0,162
rb1805,20171103,20171102,210415000,3678.0,76454,1660564,2813216880.0,3678.0,51,3677.0,165
rb1805,20171103,20171102,210415500,3678.0,76456,1660564,2813290440.0,3678.0,54,3677.0,168
rb1805,20171103,20171102,210416000,3678.0,76472,1660562,2813878900.0,3678.0,50,3677.0,168
rb1805,20171103,20171102,210416500,3678.0,76488,1660568,2814467340.0,3678.0,91,3677.0,168
rb1805,20171103,20171102,210417000,3677.0,76490,1660570,2814540880.0,3678.0,117,3677.0,167
rb1805,20171103,20171102,210417500,3678.0,76656,1660580,2820644760.0,3678.0,146,3677.0,83
rb1805,20171103,20171102,210418000,3677.0,76838,1660458,2827336900.0,3677.0,244,3676.0,302
rb1805,20171103,20171102,210418500,3677.0,77184,1660410,2840055880.0,3677.0,256,3676.0,130
rb1805,20171103,20171102,210419000,3676.0,77450,1660408,2849834040.0,3676.0,686,3675.0,490
rb1805,20171103,20171102,210419500,3676.0,78046,1660706,2871737480.0,3676.0,560,3675.0,214
rb1805,20171103,20171102,210420000,3675.0,78546,1660796,2890112480.0,3675.0,302,3674.0,592
rb1805,20171103,20171102,210420500,3674.0,78574,1660784,2891141420.0,3675.0,467,3674.0,588
rb1805,20171103,20171102,210421000,3674.0,78822,1660794,2900254020.0,3675.0,474,3674.0,523
rb1805,20171103,20171102,210421500,3674.0,79020,1660638,2907528900.0,3675.0,357,3674.0,442
rb1805,20171103,20171102,210422000,3674.0,79270,1660394,2916714100.0,3675.0,305,3674.0,327
rb1805,20171103,20171102,210422500,3674.0,79304,1660384,2917963380.0,3675.0,293,3674.0,325
rb1805,20171103,20171102,210423000,3674.0,79450,1660378,2923327440.0,3675.0,297,3674.0,253
rb1805,20171103,20171102,210423500,3674.0,79628,1660402,2929867520.0,3675.0,267,3674.0,184
rb1805,20171103,20171102,210424000,3674.0,79998,1660408,2943462500.0,3675.0,209,3674.0,60
rb1805,20171103,20171102,210424500,3674.0,80052,1660442,2945446620.0,3675.0,200,3674.0,53
rb1805,20171103,20171102,210425000,3674.0,80078,1660442,2946402020.0,3675.0,193,3674.0,48
rb1805,20171103,20171102,210425500,3674.0,80262,1660512,2953162160.0,3674.0,43,3673.0,518
rb1805,20171103,20171102,210426000,3674.0,80440,1660442,2959701820.0,3675.0,92,3674.0,6
rb1805,20171103,20171102,210426500,3674.0,80494,1660482,2961686080.0,3675.0,87,3674.0,1
rb1805,20171103,20171102,210427000,3674.0,80510,1660486,2962274020.0,3675.0,82,3674.0,27
rb1805,20171103,20171102,210427500,3674.0,80582,1660540,2964919560.0,3675.0,69,3674.0,71
rb1805,20171103,20171102,210428000,3675.0,80644,1660590,2967198020.0,3675.0,40,3674.0,104
rb1805,20171103,20171102,210428500,3675.0,80718,1660596,2969917300.0,3675.0,8,3674.0,106
rb1805,20171103,20171102,210429000,3674.0,80816,1660660,2973518380.0,3676.0,137,3674.0,109
rb1805,20171103,20171102,210429500,3674.0,80822,1660660,2973738820.0,3675.0,120,3674.0,109
rb1805,20171103,20171102,210430000,3674.0,80832,1660670,2974106240.0,3675.0,121,3674.0,139
rb1805,20171103,20171102,210430500,3675.0,80894,1660708,2976384500.0,3675.0,110,3674.0,138
rb1805,20171103,20171102,210431000,3675.0,80898,1660708,2976531500.0,3675.0,137,3674.0,165
rb1805,20171103,20171102,210431500,3675.0,80950,1660754,2978442260.0,3675.0,121,3674.0,154
rb1805,20171103,20171102,210432000,3674.0,81288,1660912,2990860380.0,3674.0,131,3673.0,598
rb1805,20171103,20171102,210432500,3674.0,81320,1660918,2992036060.0,3674.0,118,3673.0,604
rb1805,20171103,20171102,210433000,3674.0,81448,1661044,2996738780.0,3674.0,62,3673.0,605
rb1805,20171103,20171102,210433500,3675.0,81604,1661108,3002470220.0,3675.0,120,3674.0,3
rb1805,20171103,20171102,210434000,3675.0,81644,1661140,3003940200.0,3675.0,146,3674.0,141
rb1805,20171103,20171102,210434500,3675.0,81732,1661142,3007173780.0,3675.0,140,3674.0,199
rb1805,20171103,20171102,210435000,3675.0,82082,1661274,3020035580.0,3675.0,1,3674.0,177
rb1805,20171103,20171102,210435500,3675.0,82126,1661294,3021652780.0,3676.0,135,3675.0,270
rb1805,20171103,20171102,210436000,3676.0,82158,1661302,3022829080.0,3676.0,122,3675.0,260
rb1805,20171103,20171102,210436500,3675.0,82172,1661306,3023343600.0,3676.0,127,3675.0,266
rb1805,20171103,20171102,210437000,3676.0,82444,1661208,3033342280.0,3677.0,45,3676.0,17
rb1805,20171103,20171102,210437500,3676.0,82482,1661212,3034739180.0,3676.0,95,3675.0,249
rb1805,20171103,20171102,210438000,3675.0,82586,1661208,3038562100.0,3676.0,50,3675.0,319
rb1805,20171103,20171102,210438500,3676.0,82588,1661210,3038635620.0,3676.0,59,3675.0,328
rb1805,20171103,20171102,210439000,3676.0,82596,1661214,3038929700.0,3676.0,64,3675.0,291
rb1805,20171103,20171102,210439500,3676.0,82608,1661224,3039370820.0,3676.0,59,3675.0,291
rb1805,20171103,20171102,210440000,3675.0,82618,1661220,3039738360.0,3676.0,61,3675.0,290
rb1805,20171103,20171102,210440500,3676.0,82652,1661230,3040988200.0,3676.0,45,3675.0,291
rb1805,20171103,20171102,210441000,3675.0,82694,1661232,3042531760.0,3676.0,62,3675.0,271
rb1805,20171103,20171102,210441500,3676.0,82716,1661238,3043340340.0,3676.0,65,3675.0,265
rb1805,20171103,20171102,210442000,3675.0,82770,1661278,3045325340.0,3676.0,45,3675.0,272
rb1805,20171103,20171102,210442500,3676.0,82792,1661298,3046134000.0,3676.0,100,3675.0,270
rb1805,20171103,20171102,210443000,3677.0,83000,1661490,3053780080.0,3677.0,211,3676.0,8
rb1805,20171103,20171102,210443500,3677.0,83022,1661496,3054588840.0,3677.0,209,3676.0,10
rb1805,20171103,20171102,210444000,3677.0,83026,1661496,3054735920.0,3677.0,211,3676.0,158
rb1805,20171103,20171102,210444500,3676.0,83032,1661498,3054956500.0,3677.0,163,3676.0,264
rb1805,20171103,20171102,210445000,3677.0,83390,1661478,3068118160.0,3677.0,87,3676.0,189
rb1805,20171103,20171102,210445500,3677.0,83430,1661476,3069588880.0,3677.0,71,3676.0,187
rb1805,20171103,20171102,210446000,3677.0,83438,1661470,3069883040.0,3677.0,84,3676.0,136
rb1805,20171103,20171102,210446500,3677.0,83466,1661464,3070912480.0,3677.0,76,3676.0,51
rb1805,20171103,20171102,210447000,3676.0,83576,1661362,3074956080.0,3676.0,46,3675.0,300
rb1805,20171103,20171102,210447500,3676.0,83586,1661356,3075323680.0,3676.0,59,3675.0,300
rb1805,20171103,20171102,210448000,3676.0,83602,1661362,3075911840.0,3676.0,125,3675.0,301
rb1805,20171103,20171102,210448500,3676.0,83648,1661406,3077602800.0,3676.0,228,3675.0,301
rb1805,20171103,20171102,210449000,3676.0,83706,1661428,3079734680.0,3676.0,214,3675.0,295
rb1805,20171103,20171102,210449500,3676.0,83780,1661434,3082454720.0,3676.0,400,3675.0,284
rb1805,20171103,20171102,210450000,3676.0,83784,1661438,3082601760.0,3676.0,399,3675.0,278
rb1805,20171103,20171102,210450500,3675.0,83836,1661466,3084512860.0,3676.0,394,3675.0,258
rb1805,20171103,20171102,210451000,3676.0,83848,1661474,3084953960.0,3676.0,420,3675.0,262
rb1805,20171103,20171102,210451500,3676.0,83854,1661480,3085174480.0,3676.0,430,3675.0,260
rb1805,20171103,20171102,210452000,3676.0,83860,1661486,3085395020.0,3676.0,432,3675.0,264
rb1805,20171103,20171102,210452500,3676.0,83884,1661494,3086277120.0,3676.0,428,3675.0,261
rb1805,20171103,20171102,210453000,3676.0,83892,1661500,3086571200.0,3676.0,425,3675.0,261
rb1805,20171103,20171102,210453500,3675.0,83928,1661534,3087894540.0,3676.0,408,3675.0,260
rb1805,20171103,20171102,210454000,3675.0,84048,1661640,3092305160.0,3676.0,380,3675.0,232
rb1805,20171103,20171102,210454500,3675.0,84458,1661616,3107372700.0,3676.0,379,3675.0,40
rb1805,20171103,20171102,210455000,3675.0,84514,1661636,3109430720.0,3676.0,379,3675.0,14
rb1805,20171103,20171102,210455500,3675.0,84550,1661640,3110753720.0,3675.0,10,3674.0,253
rb1805,20171103,20171102,210456000,3675.0,84554,1661638,3110900720.0,3675.0,20,3674.0,256
rb1805,20171103,20171102,210456500,3675.0,84604,1661654,3112738240.0,3676.0,385,3675.0,1
rb1805,20171103,20171102,210457000,3676.0,84620,1661662,3113326260.0,3676.0,384,3675.0,5
rb1805,20171103,20171102,210457500,3675.0,84640,1661672,3114061260.0,3676.0,384,3675.0,10
rb1805,20171103,20171102,210458000,3676.0,84646,1661672,3114281820.0,3676.0,390,3675.0,24
rb1805,20171103,20171102,210458500,3675.0,84694,1661646,3116045820.0,3675.0,180,3674.0,291
rb1805,20171103,20171102,210459000,3675.0,84716,1661644,3116854320.0,3675.0,202,3674.0,293
rb1805,20171103,20171102,210459500,3675.0,84724,1661640,3117148300.0,3675.0,204,3674.0,292
rb1805,20171103,20171102,210500000,3675.0,84736,1661640,3117589280.0,3675.0,202,3674.0,296
rb1805,20171103,20171102,210500500,3675.0,84820,1661652,3120675540.0,3675.0,197,3674.0,268
rb1805,20171103,20171102,210501000,3675.0,85068,1661736,3129788680.0,3675.0,118,3674.0,229
rb1805,20171103,20171102,210501500,3675.0,85334,1661800,3139563800.0,3675.0,10,3674.0,213
rb1805,20171103,20171102,210502000,3675.0,85536,1661796,3146988060.0,3676.0,371,3675.0,125
rb1805,20171103,20171102,210502500,3674.0,86252,1661680,3173298960.0,3676.0,334,3674.0,72
rb1805,20171103,20171102,210503000,3674.0,86376,1661640,3177857120.0,3676.0,283,3675.0,30
rb1805,20171103,20171102,210503500,3675.0,86506,1661648,3182634660.0,3675.0,77,3674.0,130
rb1805,20171103,20171102,210504000,3675.0,86544,1661664,3184031160.0,3675.0,63,3674.0,79
rb1805,20171103,20171102,210504500,3675.0,86558,1661674,3184545640.0,3675.0,103,3674.0,114
rb1805,20171103,20171102,210505000,3674.0,86588,1661694,3185648060.0,3675.0,151,3674.0,115
rb1805,20171103,20171102,210505500,3675.0,86598,1661696,3186015520.0,3675.0,167,3674.0,112
rb1805,20171103,20171102,210506000,3675.0,86650,1661700,3187926460.0,3675.0,120,3674.0,112
rb1805,20171103,20171102,210506500,3675.0,86704,1661704,3189910740.0,3675.0,69,3674.0,108
rb1805,20171103,20171102,210507000,3674.0,86732,1661696,3190939720.0,3675.0,272,3674.0,213
rb1805,20171103,20171102,210507500,3674.0,86754,1661704,3191748200.0,3675.0,251,3674.0,213
rb1805,20171103,20171102,210508000,3674.0,87198,1661570,3208060800.0,3674.0,80,3673.0,705
rb1805,20171103,20171102,210508500,3674.0,87374,1661488,3214527040.0,3674.0,4,3673.0,705
rb1805,20171103,20171102,210509000,3674.0,87388,1661488,3215041400.0,3675.0,1007,3674.0,180
rb1805,20171103,20171102,210509500,3674.0,87636,1661466,3224153060.0,3675.0,1057,3674.0,14
rb1805,20171103,20171102,210510000,3674.0,87724,1661492,3227386180.0,3674.0,146,3673.0,722
rb1805,20171103,20171102,210510500,3673.0,87744,1661490,3228120960.0,3674.0,229,3673.0,841
rb1805,20171103,20171102,210511000,3674.0,87858,1661472,3232308980.0,3674.0,399,3673.0,828
rb1805,20171103,20171102,210511500,3673.0,87994,1661398,3237305100.0,3674.0,460,3673.0,801
rb1805,20171103,20171102,210512000,3673.0,88044,1661380,3239141920.0,3674.0,422,3673.0,797
rb1805,20171103,20171102,210512500,3673.0,88168,1661286,3243696560.0,3674.0,428,3673.0,747
rb1805,20171103,20171102,210513000,3673.0,88240,1661348,3246341200.0,3674.0,320,3673.0,719
rb1805,20171103,20171102,210513500,3674.0,88296,1661344,3248398320.0,3674.0,309,3673.0,692
rb1805,20171103,20171102,210514000,3673.0,88316,1661344,3249132940.0,3674.0,307,3673.0,685
rb1805,20171103,20171102,210514500,3673.0,88456,1661362,3254275360.0,3674.0,396,3673.0,626
rb1805,20171103,20171102,210515000,3673.0,88842,1661000,3268453160.0,3674.0,396,3673.0,437
rb1805,20171103,20171102,210515500,3673.0,89068,1660900,3276754200.0,3674.0,440,3673.0,324
rb1805,20171103,20171102,210516000,3673.0,89076,1660908,3277048040.0,3674.0,444,3673.0,322
rb1805,20171103,20171102,210516500,3674.0,89150,1660958,3279766400.0,3674.0,433,3673.0,303
rb1805,20171103,20171102,210517000,3673.0,89180,1660962,3280868520.0,3674.0,424,3673.0,299
rb1805,20171103,20171102,210517500,3674.0,89308,1660978,3285570620.0,3674.0,352,3673.0,281
rb1805,20171103,20171102,210518000,3674.0,89348,1660984,3287039940.0,3674.0,349,3673.0,291
rb1805,20171103,20171102,210518500,3674.0,89372,1660996,3287921640.0,3674.0,251,3673.0,300
rb1805,20171103,20171102,210519000,3674.0,89900,1661300,3307320360.0,3675.0,1071,3674.0,262
rb1805,20171103,20171102,210519500,3675.0,90030,1661292,3312097820.0,3675.0,1009,3674.0,305
rb1805,20171103,20171102,210520000,3674.0,90134,1661200,3315919780.0,3675.0,959,3674.0,424
rb1805,20171103,20171102,210520500,3675.0,91104,1660386,3351565980.0,3675.0,539,3674.0,277
rb1805,20171103,20171102,210521000,3675.0,92516,1660042,3403459980.0,3677.0,90,3675.0,15
rb1805,20171103,20171102,210521500,3677.0,92664,1660118,3408901940.0,3678.0,78,3677.0,236
rb1805,20171103,20171102,210522000,3677.0,93322,1660108,3433095920.0,3678.0,159,3677.0,3
rb1805,20171103,20171102,210522500,3677.0,93406,1660048,3436184420.0,3677.0,195,3676.0,46
rb1805,20171103,20171102,210523000,3677.0,93470,1659996,3438537640.0,3677.0,155,3676.0,42
rb1805,20171103,20171102,210523500,3677.0,93504,1659996,3439787800.0,3677.0,139,3676.0,91
rb1805,20171103,20171102,210524000,3677.0,93510,1659996,3440008400.0,3677.0,138,3676.0,110
rb1805,20171103,20171102,210524500,3677.0,93540,1659992,3441111320.0,3677.0,133,3676.0,96
rb1805,20171103,20171102,210525000,3677.0,93550,1659982,3441479020.0,3677.0,78,3676.0,100
rb1805,20171103,20171102,210525500,3677.0,93562,1659984,3441920240.0,3677.0,80,3676.0,99
rb1805,20171103,20171102,210526000,3677.0,93760,1659828,3449198880.0,3677.0,86,3676.0,10
rb1805,20171103,20171102,210526500,3676.0,93810,1659858,3451036880.0,3676.0,115,3675.0,81
rb1805,20171103,20171102,210527000,3676.0,93828,1659858,3451698520.0,3676.0,137,3675.0,73
rb1805,20171103,20171102,210527500,3676.0,93830,1659860,3451772040.0,3676.0,151,3675.0,83
rb1805,20171103,20171102,210528000,3676.0,93852,1659874,3452580760.0,3676.0,190,3675.0,92
rb1805,20171103,20171102,210528500,3676.0,93888,1659900,3453904080.0,3676.0,175,3675.0,148
rb1805,20171103,20171102,210529000,3676.0,93964,1659856,3456697840.0,3676.0,127,3675.0,153
rb1805,20171103,20171102,210529500,3676.0,94000,1659874,3458021160.0,3676.0,97,3675.0,169
rb1805,20171103,20171102,210530000,3676.0,94196,1659900,3465226120.0,3677.0,157,3676.0,44
rb1805,20171103,20171102,210530500,3676.0,94228,1659882,3466402660.0,3677.0,134,3676.0,56
rb1805,20171103,20171102,210531000,3676.0,94238,1659884,3466770260.0,3677.0,126,3676.0,109
rb1805,20171103,20171102,210531500,3677.0,94256,1659884,3467432100.0,3677.0,415,3676.0,123
rb1805,20171103,20171102,210532000,3677.0,94272,1659882,3468020280.0,3677.0,424,3676.0,140
rb1805,20171103,20171102,210532500,3677.0,94286,1659876,3468535040.0,3677.0,423,3676.0,240
rb1805,20171103,20171102,210533000,3677.0,94310,1659878,3469417480.0,3677.0,413,3676.0,240
rb1805,20171103,20171102,210533500,3676.0,94326,1659878,3470005640.0,3677.0,420,3676.0,242
rb1805,20171103,20171102,210534000,3677.0,94342,1659876,3470593960.0,3677.0,412,3676.0,248
rb1805,20171103,20171102,210534500,3677.0,94352,1659874,3470961640.0,3677.0,409,3676.0,251
rb1805,20171103,20171102,210535000,3676.0,94356,1659874,3471108700.0,3677.0,413,3676.0,250
rb1805,20171103,20171102,210535500,3677.0,94370,1659870,3471623380.0,3677.0,411,3676.0,247
rb1805,20171103,20171102,210536000,3677.0,94410,1659846,3473093980.0,3677.0,423,3676.0,243
rb1805,20171103,20171102,210536500,3676.0,94568,1659892,3478902520.0,3677.0,400,3676.0,188
rb1805,20171103,20171102,210537000,3677.0,94822,1659958,3488239960.0,3677.0,385,3676.0,86
rb1805,20171103,20171102,210537500,3676.0,94876,1659982,3490225320.0,3677.0,380,3676.0,81
rb1805,20171103,20171102,210538000,3677.0,94908,1659980,3491401960.0,3677.0,366,3676.0,87
rb1805,20171103,20171102,210538500,3676.0,95088,1660060,3498018760.0,3676.0,11,3675.0,150
rb1805,20171103,20171102,210539000,3676.0,95092,1660062,3498165780.0,3676.0,210,3675.0,144
rb1805,20171103,20171102,210539500,3676.0,95120,1660066,3499195060.0,3676.0,228,3675.0,140
rb1805,20171103,20171102,210540000,3675.0,95128,1660060,3499489120.0,3676.0,230,3675.0,139
rb1805,20171103,20171102,210540500,3676.0,95142,1660058,3500003720.0,3676.0,225,3675.0,197
rb1805,20171103,20171102,210541000,3675.0,95152,1660056,3500371300.0,3676.0,221,3675.0,199
rb1805,20171103,20171102,210541500,3676.0,95186,1660048,3501621120.0,3676.0,210,3675.0,199
rb1805,20171103,20171102,210542000,3676.0,95200,1660040,3502135740.0,3676.0,204,3675.0,208
rb1805,20171103,20171102,210542500,3676.0,95278,1660048,3505002300.0,3676.0,203,3675.0,165
rb1805,20171103,20171102,210543000,3675.0,95282,1660046,3505149300.0,3676.0,222,3675.0,161
rb1805,20171103,20171102,210543500,3675.0,95314,1660048,3506325320.0,3676.0,241,3675.0,149
rb1805,20171103,20171102,210544000,3676.0,95828,1659626,3525219960.0,3677.0,366,3676.0,86
rb1805,20171103,20171102,210544500,3675.0,96036,1659670,3532865720.0,3677.0,362,3675.0,135
rb1805,20171103,20171102,210545000,3675.0,96052,1659660,3533453720.0,3676.0,2,3675.0,128
rb1805,20171103,20171102,210545500,3676.0,96056,1659660,3533600760.0,3677.0,342,3676.0,19
rb1805,20171103,20171102,210546000,3676.0,96076,1659654,3534335800.0,3676.0,64,3675.0,128
rb1805,20171103,20171102,210546500,3676.0,96092,1659650,3534923900.0,3676.0,60,3675.0,131
rb1805,20171103,20171102,210547000,3676.0,96096,1659650,3535070940.0,3676.0,74,3675.0,135
rb1805,20171103,20171102,210547500,3676.0,96104,1659648,3535365000.0,3676.0,71,3675.0,136
rb1805,20171103,20171102,210548000,3676.0,96204,1659626,3539041000.0,3676.0,24,3675.0,172
rb1805,20171103,20171102,210548500,3675.0,96224,1659638,3539776120.0,3676.0,19,3675.0,135
rb1805,20171103,20171102,210549000,3676.0,96262,1659634,3541173000.0,3677.0,345,3676.0,12
rb1805,20171103,20171102,210549500,3675.0,96586,1659540,3553080360.0,3675.0,41,3674.0,236
rb1805,20171103,20171102,210550000,3676.0,96734,1659434,3558520020.0,3677.0,350,3676.0,319
rb1805,20171103,20171102,210550500,3677.0,96766,1659406,3559696660.0,3677.0,331,3676.0,365
rb1805,20171103,20171102,210551000,3676.0,96772,1659406,3559917220.0,3677.0,331,3676.0,362
rb1805,20171103,20171102,210551500,3676.0,96786,1659406,3560431860.0,3677.0,338,3676.0,357
rb1805,20171103,20171102,210552000,3677.0,96810,1659386,3561314140.0,3677.0,338,3676.0,348
rb1805,20171103,20171102,210552500,3676.0,96818,1659378,3561608240.0,3677.0,338,3676.0,345
rb1805,20171103,20171102,210553000,3677.0,96822,1659378,3561755320.0,3677.0,335,3676.0,345
rb1805,20171103,20171102,210553500,3677.0,96824,1659376,3561828860.0,3677.0,334,3676.0,345
rb1805,20171103,20171102,210554000,3677.0,97252,1658970,3577562380.0,3677.0,363,3676.0,143
rb1805,20171103,20171102,210554500,3676.0,97462,1658862,3585282120.0,3677.0,358,3676.0,45
rb1805,20171103,20171102,210555000,3677.0,97592,1658870,3590061320.0,3677.0,338,3676.0,9
rb1805,20171103,20171102,210555500,3676.0,97608,1658874,3590649480.0,3677.0,338,3676.0,2
rb1805,20171103,20171102,210556000,3676.0,97626,1658862,3591311300.0,3677.0,333,3676.0,12
rb1805,20171103,20171102,210556500,3676.0,97632,1658860,3591531900.0,3677.0,332,3676.0,14
rb1805,20171103,20171102,210557000,3676.0,97640,1658860,3591826020.0,3677.0,330,3676.0,13
rb1805,20171103,20171102,210557500,3676.0,97644,1658864,3591973060.0,3677.0,330,3676.0,21
rb1805,20171103,20171102,210558000,3677.0,97736,1658816,3595355200.0,3676.0,6,3675.0,86
rb1805,20171103,20171102,210558500,3676.0,97860,1658786,3599913540.0,3676.0,9,3675.0,99
rb1805,20171103,20171102,210559000,3676.0,97868,1658780,3600207620.0,3676.0,57,3675.0,220
rb1805,20171103,20171102,210559500,3676.0,97870,1658780,3600281140.0,3676.0,59,3675.0,218
rb1805,20171103,20171102,210600000,3676.0,97994,1658766,3604839380.0,3677.0,335,3676.0,439
rb1805,20171103,20171102,210600500,3676.0,98402,1658362,3619837480.0,3677.0,334,3676.0,273
rb1805,20171103,20171102,210601000,3677.0,98476,1658294,3622558400.0,3677.0,300,3676.0,278
rb1805,20171103,20171102,210601500,3676.0,98514,1658294,3623955620.0,3677.0,283,3676.0,279
rb1805,20171103,20171102,210602000,3677.0,98526,1658288,3624396840.0,3677.0,278,3676.0,302
rb1805,20171103,20171102,210602500,3676.0,98536,1658284,3624764500.0,3677.0,276,3676.0,300
rb1805,20171103,20171102,210603000,3676.0,98542,1658284,3624985100.0,3677.0,274,3676.0,300
rb1805,20171103,20171102,210603500,3676.0,98554,1658272,3625426280.0,3677.0,271,3676.0,317
rb1805,20171103,20171102,210604000,3677.0,98560,1658270,3625646900.0,3677.0,278,3676.0,317
rb1805,20171103,20171102,210604500,3676.0,98588,1658248,3626676200.0,3677.0,288,3676.0,304
rb1805,20171103,20171102,210605000,3676.0,98604,1658248,3627264360.0,3677.0,293,3676.0,304
rb1805,20171103,20171102,210605500,3677.0,98610,1658244,3627484940.0,3677.0,293,3676.0,306
rb1805,20171103,20171102,210606000,3676.0,98636,1658238,3628440840.0,3677.0,285,3676.0,296
rb1805,20171103,20171102,210606500,3677.0,98704,1658234,3630941160.0,3677.0,253,3676.0,301
rb1805,20171103,20171102,210607000,3677.0,98778,1658230,3633662040.0,3677.0,219,3676.0,298
rb1805,20171103,20171102,210607500,3677.0,98838,1658230,3635868240.0,3677.0,204,3676.0,301
rb1805,20171103,20171102,210608000,3676.0,98842,1658230,3636015300.0,3677.0,204,3676.0,300
rb1805,20171103,20171102,210608500,3677.0,98852,1658230,3636382980.0,3677.0,200,3676.0,299
rb1805,20171103,20171102,210609000,3677.0,98856,1658228,3636530060.0,3677.0,198,3676.0,301
rb1805,20171103,20171102,210609500,3677.0,98858,1658226,3636603600.0,3677.0,188,3676.0,301
rb1805,20171103,20171102,210610000,3677.0,98966,1658240,3640574760.0,3677.0,134,3676.0,322
rb1805,20171103,20171102,210610500,3677.0,99012,1658222,3642265880.0,3677.0,125,3676.0,313
rb1805,20171103,20171102,210611000,3677.0,99026,1658220,3642780660.0,3677.0,120,3676.0,313
rb1805,20171103,20171102,210611500,3677.0,99046,1658232,3643516060.0,3677.0,111,3676.0,314
rb1805,20171103,20171102,210612000,3677.0,99070,1658228,3644398540.0,3677.0,126,3676.0,314
rb1805,20171103,20171102,210612500,3677.0,99080,1658224,3644766200.0,3677.0,156,3676.0,312
rb1805,20171103,20171102,210613000,3677.0,99080,1658224,3644766200.0,3677.0,158,3676.0,312
rb1805,20171103,20171102,210613500,3676.0,99116,1658220,3646089880.0,3677.0,147,3676.0,312
rb1805,20171103,20171102,210614000,3677.0,99124,1658218,3646384020.0,3677.0,139,3676.0,311
rb1805,20171103,20171102,210614500,3677.0,99134,1658214,3646751680.0,3677.0,136,3676.0,309
rb1805,20171103,20171102,210615000,3677.0,99138,1658212,3646898760.0,3677.0,104,3676.0,309
rb1805,20171103,20171102,210615500,3677.0,99342,1658210,3654397820.0,3677.0,102,3676.0,215
rb1805,20171103,20171102,210616000,3677.0,99418,1658242,3657192320.0,3677.0,67,3676.0,214
rb1805,20171103,20171102,210616500,3677.0,99426,1658242,3657486420.0,3677.0,86,3676.0,213
rb1805,20171103,20171102,210617000,3677.0,99462,1658222,3658810100.0,3677.0,70,3676.0,211
rb1805,20171103,20171102,210617500,3677.0,99468,1658218,3659030720.0,3677.0,69,3676.0,212
rb1805,20171103,20171102,210618000,3677.0,99582,1658114,3663221500.0,3677.0,123,3676.0,163
rb1805,20171103,20171102,210618500,3676.0,99614,1658100,3664397840.0,3677.0,124,3676.0,148
rb1805,20171103,20171102,210619000,3676.0,99880,1658236,3674176840.0,3677.0,98,3676.0,59
rb1805,20171103,20171102,210619500,3677.0,99912,1658232,3675353200.0,3677.0,106,3676.0,47
rb1805,20171103,20171102,210620000,3677.0,99930,1658242,3676015060.0,3677.0,102,3676.0,47
rb1805,20171103,20171102,210620500,3677.0,99936,1658244,3676235640.0,3677.0,114,3676.0,45
rb1805,20171103,20171102,210621000,3675.0,100032,1658308,3679764580.0,3676.0,15,3675.0,291
rb1805,20171103,20171102,210621500,3676.0,100074,1658312,3681308480.0,3676.0,8,3675.0,291
rb1805,20171103,20171102,210622000,3676.0,100082,1658308,3681602560.0,3676.0,28,3675.0,345
rb1805,20171103,20171102,210622500,3676.0,100088,1658308,3681823120.0,3676.0,84,3675.0,346
rb1805,20171103,20171102,210623000,3676.0,100090,1658308,3681896640.0,3676.0,119,3675.0,291
rb1805,20171103,20171102,210623500,3676.0,100570,1657898,3699536660.0,3676.0,129,3675.0,52
rb1805,20171103,20171102,210624000,3675.0,100678,1657954,3703505660.0,3675.0,665,3674.0,269
rb1805,20171103,20171102,210624500,3674.0,100990,1658042,3714968560.0,3675.0,628,3674.0,112
rb1805,20171103,20171102,210625000,3674.0,101238,1658032,3724080060.0,3674.0,399,3673.0,481
rb1805,20171103,20171102,210625500,3674.0,101258,1658036,3724814740.0,3674.0,386,3673.0,476
rb1805,20171103,20171102,210626000,3673.0,101350,1658006,3728193900.0,3674.0,98,3673.0,330
rb1805,20171103,20171102,210626500,3674.0,101438,1657990,3731426840.0,3674.0,77,3673.0,331
rb1805,20171103,20171102,210627000,3674.0,101482,1657990,3733043140.0,3674.0,130,3673.0,318
rb1805,20171103,20171102,210627500,3673.0,101630,1658106,3738480480.0,3674.0,109,3673.0,309
rb1805,20171103,20171102,210628000,3673.0,101852,1657980,3746636720.0,3674.0,5,3673.0,307
rb1805,20171103,20171102,210628500,3674.0,101902,1657974,3748473720.0,3675.0,419,3674.0,13
rb1805,20171103,20171102,210629000,3674.0,101906,1657970,3748620680.0,3675.0,455,3674.0,13
rb1805,20171103,20171102,210629500,3673.0,101968,1657986,3750898540.0,3674.0,34,3673.0,319
rb1805,20171103,20171102,210630000,3674.0,101984,1658000,3751486360.0,3674.0,138,3673.0,319
rb1805,20171103,20171102,210630500,3674.0,102018,1658008,3752735300.0,3674.0,143,3673.0,309
rb1805,20171103,20171102,210631000,3674.0,102402,1658000,3766843460.0,3675.0,416,3674.0,72
rb1805,20171103,20171102,210631500,3674.0,102508,1657918,3770737900.0,3675.0,416,3674.0,42
rb1805,20171103,20171102,210632000,3674.0,102604,1657832,3774264880.0,3674.0,57,3673.0,335
rb1805,20171103,20171102,210632500,3673.0,102628,1657836,3775146480.0,3674.0,54,3673.0,350
rb1805,20171103,20171102,210633000,3674.0,102670,1657844,3776689260.0,3674.0,48,3673.0,338
rb1805,20171103,20171102,210633500,3674.0,102676,1657844,3776909660.0,3674.0,49,3673.0,340
rb1805,20171103,20171102,210634000,3673.0,102704,1657844,3777938160.0,3674.0,48,3673.0,331
rb1805,20171103,20171102,210634500,3674.0,102738,1657866,3779187280.0,3674.0,34,3673.0,331
rb1805,20171103,20171102,210635000,3674.0,102816,1657852,3782053000.0,3675.0,354,3674.0,32
rb1805,20171103,20171102,210635500,3674.0,102890,1657790,3784771720.0,3675.0,353,3674.0,3
rb1805,20171103,20171102,210636000,3674.0,102904,1657790,3785286080.0,3674.0,33,3673.0,338
rb1805,20171103,20171102,210636500,3673.0,102962,1657792,3787416880.0,3674.0,7,3673.0,338
rb1805,20171103,20171102,210637000,3674.0,103028,1657746,3789841140.0,3674.0,96,3673.0,312
rb1805,20171103,20171102,210637500,3673.0,103050,1657762,3790649400.0,3674.0,90,3673.0,310
rb1805,20171103,20171102,210638000,3673.0,103058,1657764,3790943260.0,3674.0,90,3673.0,307
rb1805,20171103,20171102,210638500,3673.0,103066,1657764,3791237120.0,3674.0,91,3673.0,303
rb1805,20171103,20171102,210639000,3673.0,103072,1657764,3791457500.0,3674.0,92,3673.0,300
rb1805,20171103,20171102,210639500,3673.0,103082,1657766,3791824860.0,3674.0,93,3673.0,303
rb1805,20171103,20171102,210640000,3674.0,103126,1657766,3793441020.0,3674.0,92,3673.0,291
rb1805,20171103,20171102,210640500,3673.0,103190,1657728,3795791780.0,3674.0,130,3673.0,261
rb1805,20171103,20171102,210641000,3673.0,103202,1657722,3796232620.0,3674.0,127,3673.0,264
rb1805,20171103,20171102,210641500,3674.0,103276,1657724,3798950780.0,3674.0,124,3673.0,235
rb1805,20171103,20171102,210642000,3673.0,103296,1657712,3799685440.0,3674.0,121,3673.0,229
rb1805,20171103,20171102,210642500,3674.0,103312,1657712,3800273140.0,3674.0,120,3673.0,222
rb1805,20171103,20171102,210643000,3673.0,103332,1657712,3801007900.0,3674.0,113,3673.0,223
rb1805,20171103,20171102,210643500,3673.0,103350,1657704,3801669120.0,3674.0,112,3673.0,218
rb1805,20171103,20171102,210644000,3673.0,103394,1657692,3803285320.0,3674.0,108,3673.0,199
rb1805,20171103,20171102,210644500,3673.0,103402,1657688,3803579160.0,3674.0,108,3673.0,194
rb1805,20171103,20171102,210645000,3674.0,103410,1657688,3803873040.0,3674.0,108,3673.0,192
rb1805,20171103,20171102,210645500,3674.0,103520,1657786,3807914360.0,3674.0,58,3673.0,178
rb1805,20171103,20171102,210646000,3674.0,103578,1657768,3810045020.0,3674.0,57,3673.0,165
rb1805,20171103,20171102,210646500,3673.0,103852,1657728,3820109320.0,3674.0,92,3673.0,64
rb1805,20171103,20171102,210647000,3672.0,104042,1657724,3827087420.0,3673.0,656,3672.0,755
rb1805,20171103,20171102,210647500,3672.0,104816,1657914,3855510800.0,3673.0,538,3672.0,472
rb1805,20171103,20171102,210648000,3671.0,105768,1657746,3890468220.0,3672.0,364,3671.0,465
rb1805,20171103,20171102,210648500,3672.0,106044,1657784,3900600700.0,3672.0,361,3671.0,507
rb1805,20171103,20171102,210649000,3671.0,106064,1657774,3901334900.0,3672.0,291,3671.0,533
rb1805,20171103,20171102,210649500,3671.0,106080,1657772,3901922280.0,3672.0,282,3671.0,532
rb1805,20171103,20171102,210650000,3671.0,106128,1657750,3903684460.0,3672.0,307,3671.0,567
rb1805,20171103,20171102,210650500,3671.0,106280,1657654,3909265460.0,3672.0,259,3671.0,493
rb1805,20171103,20171102,210651000,3671.0,106402,1657636,3913745160.0,3672.0,210,3671.0,487
rb1805,20171103,20171102,210651500,3672.0,106498,1657584,3917269840.0,3672.0,184,3671.0,525
rb1805,20171103,20171102,210652000,3671.0,107234,1657344,3944292860.0,3673.0,407,3672.0,100
rb1805,20171103,20171102,210652500,3672.0,107720,1657320,3962140720.0,3673.0,310,3672.0,58
rb1805,20171103,20171102,210653000,3672.0,107744,1657302,3963022000.0,3673.0,307,3672.0,210
rb1805,20171103,20171102,210653500,3673.0,107772,1657280,3964050200.0,3673.0,306,3672.0,252
rb1805,20171103,20171102,210654000,3672.0,107792,1657286,3964784660.0,3673.0,303,3672.0,267
rb1805,20171103,20171102,210654500,3673.0,107794,1657288,3964858120.0,3673.0,303,3672.0,274
rb1805,20171103,20171102,210655000,3673.0,107852,1657236,3966987920.0,3673.0,266,3672.0,448
rb1805,20171103,20171102,210655500,3673.0,107964,1657230,3971101620.0,3673.0,213,3672.0,450
rb1805,20171103,20171102,210656000,3672.0,108194,1657204,3979549260.0,3673.0,113,3672.0,449
rb1805,20171103,20171102,210656500,3673.0,108444,1657346,3988731760.0,3674.0,97,3673.0,251
rb1805,20171103,20171102,210657000,3673.0,108544,1657408,3992404880.0,3674.0,67,3673.0,95
rb1805,20171103,20171102,210657500,3672.0,108870,1657272,4004378420.0,3673.0,74,3672.0,471
rb1805,20171103,20171102,210658000,3672.0,108916,1657228,4006067900.0,3673.0,66,3672.0,474
rb1805,20171103,20171102,210658500,3672.0,108932,1657220,4006655440.0,3673.0,90,3672.0,483
rb1805,20171103,20171102,210659000,3673.0,108958,1657212,4007610400.0,3673.0,78,3672.0,487
rb1805,20171103,20171102,210659500,3672.0,108998,1657204,4009079360.0,3673.0,91,3672.0,476
rb1805,20171103,20171102,210700000,3673.0,109132,1657128,4014000880.0,3673.0,41,3672.0,463
rb1805,20171103,20171102,210700500,3672.0,109214,1657120,4017012700.0,3673.0,23,3672.0,461
rb1805,20171103,20171102,210701000,3673.0,109670,1656930,4033757540.0,3674.0,76,3672.0,263
rb1805,20171103,20171102,210701500,3673.0,109708,1656926,4035152980.0,3674.0,91,3673.0,8
rb1805,20171103,20171102,210702000,3673.0,109746,1656950,4036548680.0,3673.0,106,3672.0,249
rb1805,20171103,20171102,210702500,3673.0,109786,1656950,4038017880.0,3673.0,87,3672.0,262
rb1805,20171103,20171102,210703000,3673.0,109794,1656948,4038311680.0,3673.0,126,3672.0,262
rb1805,20171103,20171102,210703500,3673.0,110000,1656944,4045878040.0,3673.0,27,3672.0,262
rb1805,20171103,20171102,210704000,3673.0,110058,1656946,4048008340.0,3673.0,71,3672.0,266
rb1805,20171103,20171102,210704500,3672.0,110072,1656936,4048522520.0,3673.0,66,3672.0,271
rb1805,20171103,20171102,210705000,3672.0,110098,1656918,4049477380.0,3673.0,67,3672.0,282
rb1805,20171103,20171102,210705500,3673.0,110140,1656908,4051019880.0,3673.0,56,3672.0,275
rb1805,20171103,20171102,210706000,3673.0,110232,1656852,4054399000.0,3673.0,4,3672.0,277
rb1805,20171103,20171102,210706500,3673.0,110298,1656856,4056823180.0,3674.0,100,3673.0,43
rb1805,20171103,20171102,210707000,3674.0,110348,1656836,4058660180.0,3674.0,60,3673.0,120
rb1805,20171103,20171102,210707500,3674.0,110514,1656886,4064758680.0,3674.0,195,3673.0,173
rb1805,20171103,20171102,210708000,3674.0,110904,1657202,4079087280.0,3675.0,234,3673.0,224
rb1805,20171103,20171102,210708500,3675.0,111054,1657060,4084599740.0,3675.0,109,3674.0,68
rb1805,20171103,20171102,210709000,3675.0,111314,1657048,4094154780.0,3676.0,45,3675.0,88
rb1805,20171103,20171102,210709500,3675.0,111448,1656994,4099079520.0,3676.0,53,3675.0,38
rb1805,20171103,20171102,210710000,3676.0,111538,1656990,4102387460.0,3676.0,85,3675.0,25
rb1805,20171103,20171102,210710500,3676.0,111722,1656958,4109151300.0,3676.0,4,3675.0,38
rb1805,20171103,20171102,210711000,3676.0,111748,1656956,4110107080.0,3677.0,59,3676.0,5
rb1805,20171103,20171102,210711500,3676.0,111788,1656948,4111577300.0,3676.0,81,3675.0,49
rb1805,20171103,20171102,210712000,3676.0,111842,1656954,4113562340.0,3677.0,81,3676.0,13
rb1805,20171103,20171102,210712500,3676.0,111976,1656956,4118488160.0,3676.0,58,3675.0,55
rb1805,20171103,20171102,210713000,3675.0,112086,1656976,4122530680.0,3676.0,54,3675.0,5
rb1805,20171103,20171102,210713500,3675.0,112108,1656958,4123339380.0,3676.0,57,3675.0,23
rb1805,20171103,20171102,210714000,3676.0,112158,1656960,4125177000.0,3676.0,67,3675.0,6
rb1805,20171103,20171102,210714500,3675.0,112178,1656942,4125912020.0,3675.0,108,3674.0,163
rb1805,20171103,20171102,210715000,3675.0,112210,1656918,4127088000.0,3675.0,94,3674.0,156
rb1805,20171103,20171102,210715500,3675.0,112418,1656920,4134732000.0,3675.0,12,3674.0,159
rb1805,20171103,20171102,210716000,3676.0,112556,1656954,4139804640.0,3676.0,28,3675.0,9
rb1805,20171103,20171102,210716500,3676.0,112558,1656956,4139878160.0,3676.0,35,3675.0,70
rb1805,20171103,20171102,210717000,3675.0,112766,1657010,4147522160.0,3676.0,45,3675.0,4
rb1805,20171103,20171102,210717500,3676.0,112830,1657072,4149874760.0,3676.0,16,3675.0,5
rb1805,20171103,20171102,210718000,3676.0,112842,1657084,4150315780.0,3676.0,36,3675.0,504
rb1805,20171103,20171102,210718500,3676.0,112942,1657016,4153991780.0,3677.0,248,3676.0,70
rb1805,20171103,20171102,210719000,3676.0,112958,1657008,4154579940.0,3677.0,236,3676.0,35
rb1805,20171103,20171102,210719500,3676.0,113078,1657008,4158990740.0,3677.0,237,3676.0,2
rb1805,20171103,20171102,210720000,3675.0,113100,1657006,4159799440.0,3676.0,14,3675.0,508
rb1805,20171103,20171102,210720500,3677.0,113204,1657010,4163623100.0,3677.0,223,3676.0,72
rb1805,20171103,20171102,210721000,3676.0,113368,1657028,4169651800.0,3676.0,19,3675.0,510
rb1805,20171103,20171102,210721500,3677.0,113414,1657060,4171342780.0,3677.0,222,3676.0,60
rb1805,20171103,20171102,210722000,3676.0,113528,1657056,4175533420.0,3676.0,257,3675.0,514
rb1805,20171103,20171102,210722500,3676.0,113880,1657052,4188472940.0,3676.0,83,3675.0,515
rb1805,20171103,20171102,210723000,3676.0,114288,1656892,4203471040.0,3677.0,237,3676.0,107
rb1805,20171103,20171102,210723500,3676.0,114488,1657078,4210823040.0,3677.0,237,3676.0,6
rb1805,20171103,20171102,210724000,3676.0,114510,1657082,4211631760.0,3677.0,248,3676.0,7
rb1805,20171103,20171102,210724500,3677.0,114518,1657082,4211925880.0,3677.0,247,3676.0,30
rb1805,20171103,20171102,210725000,3677.0,114526,1657080,4212219980.0,3677.0,247,3676.0,50
rb1805,20171103,20171102,210725500,3676.0,114674,1657138,4217660880.0,3677.0,229,3676.0,105
rb1805,20171103,20171102,210726000,3677.0,115038,1657122,4231045140.0,3677.0,48,3676.0,184
rb1805,20171103,20171102,210726500,3677.0,115142,1657086,4234869220.0,3678.0,242,3677.0,203
rb1805,20171103,20171102,210727000,3677.0,115192,1657042,4236707740.0,3678.0,247,3677.0,175
rb1805,20171103,20171102,210727500,3677.0,115296,1657040,4240531820.0,3678.0,307,3677.0,140
rb1805,20171103,20171102,210728000,3677.0,115322,1657038,4241487920.0,3678.0,301,3677.0,75
rb1805,20171103,20171102,210728500,3678.0,115342,1657034,4242223500.0,3678.0,298,3677.0,136
rb1805,20171103,20171102,210729000,3678.0,115488,1657032,4247592760.0,3678.0,266,3677.0,110
rb1805,20171103,20171102,210729500,3678.0,115570,1657036,4250608100.0,3678.0,260,3677.0,96
rb1805,20171103,20171102,210730000,3678.0,115588,1657028,4251270120.0,3678.0,253,3677.0,101
rb1805,20171103,20171102,210730500,3677.0,115614,1657024,4252226160.0,3678.0,257,3677.0,93
rb1805,20171103,20171102,210731000,3678.0,115838,1656948,4260464700.0,3678.0,154,3677.0,125
rb1805,20171103,20171102,210731500,3677.0,116210,1656720,4274146820.0,3679.0,369,3678.0,3
rb1805,20171103,20171102,210732000,3678.0,116254,1656758,4275764720.0,3679.0,375,3678.0,8
rb1805,20171103,20171102,210732500,3679.0,116306,1656746,4277677400.0,3679.0,370,3678.0,129
rb1805,20171103,20171102,210733000,3678.0,116338,1656744,4278854440.0,3679.0,368,3678.0,124
rb1805,20171103,20171102,210733500,3679.0,116460,1656652,4283342780.0,3679.0,310,3678.0,169
rb1805,20171103,20171102,210734000,3679.0,116514,1656684,4285329200.0,3679.0,296,3678.0,124
rb1805,20171103,20171102,210734500,3679.0,116522,1656688,4285623520.0,3679.0,297,3678.0,126
rb1805,20171103,20171102,210735000,3679.0,116550,1656692,4286653500.0,3679.0,301,3678.0,27
rb1805,20171103,20171102,210735500,3679.0,116588,1656722,4288051480.0,3679.0,279,3678.0,25
rb1805,20171103,20171102,210736000,3678.0,116662,1656770,4290773460.0,3679.0,268,3678.0,102
rb1805,20171103,20171102,210736500,3678.0,116722,1656820,4292980360.0,3679.0,279,3678.0,87
rb1805,20171103,20171102,210737000,3679.0,116894,1656838,4299307080.0,3679.0,254,3678.0,38
rb1805,20171103,20171102,210737500,3678.0,116938,1656836,4300925400.0,3679.0,266,3678.0,16
rb1805,20171103,20171102,210738000,3678.0,116994,1656836,4302984960.0,3678.0,151,3677.0,85
rb1805,20171103,20171102,210738500,3678.0,117030,1656834,4304308960.0,3678.0,34,3677.0,81
rb1805,20171103,20171102,210739000,3677.0,117064,1656834,4305559380.0,3678.0,34,3677.0,81
rb1805,20171103,20171102,210739500,3678.0,117168,1656740,4309384480.0,3679.0,310,3678.0,67
rb1805,20171103,20171102,210740000,3678.0,117224,1656708,4311444160.0,3679.0,326,3678.0,39
rb1805,20171103,20171102,210740500,3678.0,117234,1656702,4311811960.0,3679.0,328,3678.0,45
rb1805,20171103,20171102,210741000,3678.0,117262,1656686,4312841840.0,3679.0,327,3678.0,33
rb1805,20171103,20171102,210741500,3677.0,117772,1656340,4331603200.0,3679.0,147,3677.0,148
rb1805,20171103,20171102,210742000,3678.0,117812,1656336,4333074720.0,3678.0,1,3677.0,148
rb1805,20171103,20171102,210742500,3678.0,117840,1656314,4334104560.0,3679.0,134,3678.0,35
rb1805,20171103,20171102,210743000,3678.0,117920,1656306,4337046960.0,3678.0,171,3677.0,160
rb1805,20171103,20171102,210743500,3678.0,117922,1656304,4337120520.0,3678.0,171,3677.0,191
rb1805,20171103,20171102,210744000,3678.0,117940,1656304,4337782560.0,3678.0,165,3677.0,162
rb1805,20171103,20171102,210744500,3678.0,117958,1656298,4338444560.0,3678.0,164,3677.0,160
rb1805,20171103,20171102,210745000,3677.0,117972,1656298,4338959460.0,3678.0,159,3677.0,159
rb1805,20171103,20171102,210745500,3678.0,117980,1656292,4339253680.0,3678.0,159,3677.0,157
rb1805,20171103,20171102,210746000,3678.0,117982,1656290,4339327240.0,3678.0,200,3677.0,178
rb1805,20171103,20171102,210746500,3678.0,118002,1656282,4340062840.0,3678.0,196,3677.0,179
rb1805,20171103,20171102,210747000,3678.0,118108,1656278,4343961520.0,3678.0,143,3677.0,181
rb1805,20171103,20171102,210747500,3677.0,118110,1656280,4344035060.0,3678.0,162,3677.0,182
rb1805,20171103,20171102,210748000,3678.0,118128,1656286,4344697000.0,3678.0,169,3677.0,177
rb1805,20171103,20171102,210748500,3678.0,118244,1656274,4348963460.0,3678.0,115,3677.0,120
rb1805,20171103,20171102,210749000,3677.0,118266,1656288,4349772480.0,3678.0,117,3677.0,126
rb1805,20171103,20171102,210749500,3677.0,118272,1656288,4349993140.0,3678.0,118,3677.0,125
rb1805,20171103,20171102,210750000,3678.0,118298,1656286,4350949360.0,3678.0,109,3677.0,122
rb1805,20171103,20171102,210750500,3678.0,118322,1656286,4351832000.0,3678.0,104,3677.0,121
rb1805,20171103,20171102,210751000,3678.0,118334,1656288,4352273280.0,3678.0,118,3677.0,120
rb1805,20171103,20171102,210751500,3678.0,118608,1656202,4362351000.0,3679.0,261,3678.0,35
rb1805,20171103,20171102,210752000,3678.0,118612,1656206,4362498120.0,3679.0,262,3678.0,59
rb1805,20171103,20171102,210752500,3678.0,118638,1656212,4363454420.0,3679.0,264,3678.0,65
rb1805,20171103,20171102,210753000,3678.0,118650,1656224,4363895780.0,3679.0,265,3678.0,63
rb1805,20171103,20171102,210753500,3678.0,118660,1656234,4364263580.0,3679.0,270,3678.0,59
rb1805,20171103,20171102,210754000,3678.0,118670,1656240,4364631400.0,3679.0,269,3678.0,55
rb1805,20171103,20171102,210754500,3678.0,118676,1656242,4364852100.0,3679.0,269,3678.0,46
rb1805,20171103,20171102,210755000,3678.0,118720,1656256,4366470580.0,3679.0,281,3678.0,35
rb1805,20171103,20171102,210755500,3679.0,118780,1656282,4368677780.0,3679.0,263,3678.0,93
rb1805,20171103,20171102,210756000,3679.0,118808,1656290,4369707820.0,3679.0,253,3678.0,91
rb1805,20171103,20171102,210756500,3679.0,118828,1656286,4370443480.0,3679.0,250,3678.0,85
rb1805,20171103,20171102,210757000,3679.0,118832,1656288,4370590620.0,3679.0,249,3678.0,90
rb1805,20171103,20171102,210757500,3678.0,118852,1656280,4371326280.0,3679.0,245,3678.0,84
rb1805,20171103,20171102,210758000,3679.0,118856,1656278,4371473420.0,3679.0,240,3678.0,83
rb1805,20171103,20171102,210758500,3678.0,118872,1656278,4372061920.0,3679.0,240,3678.0,78
rb1805,20171103,20171102,210759000,3679.0,118894,1656278,4372871260.0,3679.0,231,3678.0,90
rb1805,20171103,20171102,210759500,3678.0,118918,1656280,4373753980.0,3679.0,236,3678.0,77
rb1805,20171103,20171102,210800000,3679.0,118924,1656286,4373974720.0,3679.0,235,3678.0,81
rb1805,20171103,20171102,210800500,3679.0,118990,1656326,4376402860.0,3679.0,202,3678.0,89
rb1805,20171103,20171102,210801000,3679.0,119012,1656344,4377212240.0,3679.0,192,3678.0,94
rb1805,20171103,20171102,210801500,3679.0,119060,1656370,4378978120.0,3679.0,174,3678.0,115
rb1805,20171103,20171102,210802000,3678.0,119062,1656372,4379051680.0,3679.0,191,3678.0,115
rb1805,20171103,20171102,210802500,3678.0,119070,1656372,4379345960.0,3679.0,189,3678.0,127
rb1805,20171103,20171102,210803000,3679.0,119078,1656372,4379640280.0,3679.0,185,3678.0,129
rb1805,20171103,20171102,210803500,3678.0,119096,1656374,4380302400.0,3679.0,182,3678.0,124
rb1805,20171103,20171102,210804000,3679.0,119108,1656378,4380743860.0,3679.0,178,3678.0,124
rb1805,20171103,20171102,210804500,3678.0,119318,1656430,4388467680.0,3679.0,182,3678.0,20
rb1805,20171103,20171102,210805000,3678.0,119362,1656416,4390086000.0,3678.0,86,3677.0,178
rb1805,20171103,20171102,210805500,3678.0,119418,1656422,4392145680.0,3678.0,129,3677.0,186
rb1805,20171103,20171102,210806000,3678.0,119460,1656422,4393690340.0,3678.0,116,3677.0,149
rb1805,20171103,20171102,210806500,3678.0,119468,1656416,4393984580.0,3678.0,125,3677.0,149
rb1805,20171103,20171102,210807000,3678.0,119472,1656416,4394131700.0,3678.0,134,3677.0,148
rb1805,20171103,20171102,210807500,3678.0,119490,1656414,4394793740.0,3678.0,127,3677.0,158
rb1805,20171103,20171102,210808000,3678.0,119502,1656412,4395235080.0,3678.0,122,3677.0,157
rb1805,20171103,20171102,210808500,3678.0,119532,1656412,4396338440.0,3678.0,109,3677.0,156
rb1805,20171103,20171102,210809000,3678.0,119566,1656412,4397588940.0,3678.0,93,3677.0,155
rb1805,20171103,20171102,210809500,3678.0,119746,1656464,4404209320.0,3679.0,217,3678.0,75
rb1805,20171103,20171102,210810000,3678.0,119850,1656566,4408035460.0,3679.0,161,3678.0,83
rb1805,20171103,20171102,210810500,3678.0,119978,1656694,4412743300.0,3679.0,159,3678.0,67
rb1805,20171103,20171102,210811000,3679.0,119994,1656710,4413331940.0,3679.0,157,3678.0,121
rb1805,20171103,20171102,210811500,3678.0,120128,1656788,4418261600.0,3679.0,91,3678.0,123
rb1805,20171103,20171102,210812000,3678.0,120432,1657030,4429444600.0,3680.0,666,3678.0,80
rb1805,20171103,20171102,210812500,3679.0,120450,1657036,4430106840.0,3680.0,664,3679.0,13
rb1805,20171103,20171102,210813000,3679.0,120480,1657040,4431210540.0,3680.0,665,3679.0,3
rb1805,20171103,20171102,210813500,3678.0,120500,1657046,4431946240.0,3679.0,79,3678.0,102
rb1805,20171103,20171102,210814000,3680.0,120514,1657048,4432461420.0,3680.0,660,3678.0,97
rb1805,20171103,20171102,210814500,3680.0,120588,1657030,4435184420.0,3680.0,632,3678.0,102
rb1805,20171103,20171102,210815000,3678.0,120610,1657028,4435993900.0,3680.0,623,3678.0,99
rb1805,20171103,20171102,210815500,3679.0,120616,1657034,4436214660.0,3679.0,3,3678.0,100
rb1805,20171103,20171102,210816000,3679.0,120662,1657040,4437907340.0,3680.0,607,3678.0,104
rb1805,20171103,20171102,210816500,3679.0,120720,1657040,4440040660.0,3679.0,19,3678.0,156
rb1805,20171103,20171102,210817000,3678.0,120730,1657042,4440408540.0,3679.0,15,3678.0,235
rb1805,20171103,20171102,210817500,3679.0,120744,1657044,4440923600.0,3679.0,65,3678.0,229
rb1805,20171103,20171102,210818000,3679.0,120762,1657050,4441585780.0,3679.0,60,3678.0,220
rb1805,20171103,20171102,210818500,3679.0,120886,1657056,4446147740.0,3680.0,618,3679.0,22
rb1805,20171103,20171102,210819000,3679.0,120934,1657048,4447913660.0,3679.0,16,3678.0,244
rb1805,20171103,20171102,210819500,3679.0,120964,1657052,4449017340.0,3679.0,9,3678.0,244
rb1805,20171103,20171102,210820000,3679.0,120992,1657074,4450047500.0,3679.0,7,3678.0,225
rb1805,20171103,20171102,210820500,3679.0,121004,1657082,4450488940.0,3679.0,84,3678.0,223
rb1805,20171103,20171102,210821000,3679.0,121048,1657080,4452107500.0,3679.0,97,3678.0,209
rb1805,20171103,20171102,210821500,3679.0,121048,1657080,4452107500.0,3679.0,131,3678.0,209
rb1805,20171103,20171102,210822000,3679.0,121060,1657090,4452548980.0,3679.0,145,3678.0,209
rb1805,20171103,20171102,210822500,3679.0,121068,1657092,4452843260.0,3679.0,155,3678.0,207
rb1805,20171103,20171102,210823000,3679.0,121072,1657096,4452990420.0,3679.0,157,3678.0,208
rb1805,20171103,20171102,210823500,3679.0,121086,1657110,4453505480.0,3679.0,151,3678.0,208
rb1805,20171103,20171102,210824000,3679.0,121132,1657114,4455197800.0,3679.0,137,3678.0,207
rb1805,20171103,20171102,210824500,3679.0,121158,1657138,4456154320.0,3679.0,129,3678.0,242
rb1805,20171103,20171102,210825000,3679.0,121162,1657140,4456301460.0,3679.0,130,3678.0,241
rb1805,20171103,20171102,210825500,3679.0,121178,1657130,4456890000.0,3679.0,140,3678.0,236
rb1805,20171103,20171102,210826000,3679.0,121198,1657150,4457625800.0,3679.0,200,3678.0,236
rb1805,20171103,20171102,210826500,3679.0,121400,1657208,4465057380.0,3679.0,101,3678.0,236
rb1805,20171103,20171102,210827000,3679.0,121430,1657202,4466161040.0,3679.0,91,3678.0,234
rb1805,20171103,20171102,210827500,3679.0,121438,1657202,4466455320.0,3679.0,90,3678.0,222
rb1805,20171103,20171102,210828000,3678.0,121554,1657180,4470721840.0,3679.0,92,3678.0,166
rb1805,20171103,20171102,210828500,3679.0,121624,1657178,4473297140.0,3679.0,61,3678.0,167
rb1805,20171103,20171102,210829000,3679.0,121630,1657182,4473517880.0,3679.0,93,3678.0,167
rb1805,20171103,20171102,210829500,3679.0,121636,1657188,4473738620.0,3679.0,98,3678.0,168
rb1805,20171103,20171102,210830000,3679.0,121642,1657188,4473959360.0,3679.0,96,3678.0,168
rb1805,20171103,20171102,210830500,3679.0,121646,1657190,4474106520.0,3679.0,101,3678.0,168
rb1805,20171103,20171102,210831000,3679.0,121670,1657210,4474989480.0,3679.0,95,3678.0,169
rb1805,20171103,20171102,210831500,3679.0,121674,1657214,4475136640.0,3679.0,97,3678.0,173
rb1805,20171103,20171102,210832000,3679.0,121692,1657216,4475798860.0,3679.0,89,3678.0,189
rb1805,20171103,20171102,210832500,3679.0,121696,1657220,4475946020.0,3679.0,99,3678.0,190
rb1805,20171103,20171102,210833000,3678.0,121740,1657250,4477564740.0,3679.0,82,3678.0,188
rb1805,20171103,20171102,210833500,3679.0,121750,1657258,4477932620.0,3679.0,79,3678.0,188
rb1805,20171103,20171102,210834000,3679.0,121794,1657260,4479551380.0,3679.0,84,3678.0,194
rb1805,20171103,20171102,210834500,3679.0,121804,1657260,4479919280.0,3679.0,86,3678.0,194
rb1805,20171103,20171102,210835000,3679.0,121812,1657256,4480213600.0,3679.0,84,3678.0,194
rb1805,20171103,20171102,210835500,3679.0,121816,1657260,4480360740.0,3679.0,138,3678.0,193
rb1805,20171103,20171102,210836000,3679.0,121816,1657260,4480360740.0,3679.0,141,3678.0,195
rb1805,20171103,20171102,210836500,3678.0,122230,1657614,4495587900.0,3678.0,105,3677.0,194
rb1805,20171103,20171102,210837000,3678.0,122230,1657614,4495587900.0,3678.0,156,3677.0,195
rb1805,20171103,20171102,210837500,3678.0,122282,1657620,4497500440.0,3678.0,133,3677.0,196
rb1805,20171103,20171102,210838000,3678.0,122282,1657620,4497500440.0,3678.0,136,3677.0,194
rb1805,20171103,20171102,210838500,3678.0,122310,1657620,4498530020.0,3678.0,136,3677.0,181
rb1805,20171103,20171102,210839000,3677.0,122314,1657624,4498677120.0,3678.0,134,3677.0,182
rb1805,20171103,20171102,210839500,3678.0,122328,1657630,4499192020.0,3678.0,128,3677.0,181
rb1805,20171103,20171102,210840000,3678.0,122360,1657642,4500368980.0,3678.0,114,3677.0,182
rb1805,20171103,20171102,210840500,3677.0,122364,1657644,4500516060.0,3678.0,114,3677.0,180
rb1805,20171103,20171102,210841000,3678.0,122366,1657646,4500589620.0,3678.0,63,3677.0,184
rb1805,20171103,20171102,210841500,3678.0,122494,1657702,4505297460.0,3679.0,206,3678.0,24
rb1805,20171103,20171102,210842000,3678.0,122508,1657698,4505812420.0,3679.0,207,3678.0,68
rb1805,20171103,20171102,210842500,3678.0,122508,1657698,4505812420.0,3679.0,210,3678.0,133
rb1805,20171103,20171102,210843000,3678.0,122510,1657700,4505885980.0,3679.0,210,3678.0,154
rb1805,20171103,20171102,210843500,3679.0,122544,1657708,4507136840.0,3679.0,193,3678.0,186
rb1805,20171103,20171102,210844000,3679.0,122856,1657530,4518614500.0,3679.0,81,3678.0,146
rb1805,20171103,20171102,210844500,3679.0,123020,1657446,4524648040.0,3680.0,643,3679.0,87
rb1805,20171103,20171102,210845000,3679.0,123046,1657442,4525604580.0,3680.0,644,3679.0,110
rb1805,20171103,20171102,210845500,3679.0,123058,1657440,4526046060.0,3680.0,644,3679.0,120
rb1805,20171103,20171102,210846000,3679.0,123062,1657440,4526193220.0,3680.0,643,3679.0,141
rb1805,20171103,20171102,210846500,3679.0,123066,1657440,4526340400.0,3680.0,642,3679.0,131
rb1805,20171103,20171102,210847000,3679.0,123212,1657488,4531712640.0,3680.0,602,3679.0,143
rb1805,20171103,20171102,210847500,3680.0,123260,1657510,4533479020.0,3680.0,579,3679.0,141
rb1805,20171103,20171102,210848000,3680.0,123274,1657524,4533994220.0,3680.0,573,3679.0,141
rb1805,20171103,20171102,210848500,3679.0,123314,1657526,4535466200.0,3680.0,561,3679.0,141
rb1805,20171103,20171102,210849000,3680.0,123380,1657582,4537895000.0,3680.0,521,3679.0,146
rb1805,20171103,20171102,210849500,3679.0,123392,1657570,4538336480.0,3680.0,521,3679.0,102
rb1805,20171103,20171102,210850000,3679.0,123630,1657484,4547093480.0,3680.0,472,3679.0,31
rb1805,20171103,20171102,210850500,3679.0,123638,1657484,4547387820.0,3680.0,472,3679.0,28
rb1805,20171103,20171102,210851000,3680.0,123706,1657464,4549890180.0,3680.0,441,3679.0,203
rb1805,20171103,20171102,210851500,3680.0,123728,1657450,4550699740.0,3680.0,433,3679.0,201
rb1805,20171103,20171102,210852000,3680.0,123780,1657444,4552613340.0,3680.0,408,3679.0,204
rb1805,20171103,20171102,210852500,3680.0,123884,1657394,4556440500.0,3680.0,359,3679.0,207
rb1805,20171103,20171102,210853000,3680.0,124138,1657358,4565787700.0,3680.0,233,3679.0,207
rb1805,20171103,20171102,210853500,3680.0,124490,1657378,4578741300.0,3680.0,57,3679.0,150
rb1805,20171103,20171102,210854000,3681.0,124726,1657418,4587427120.0,3681.0,60,3680.0,240
rb1805,20171103,20171102,210854500,3681.0,124850,1657414,4591991560.0,3681.0,36,3680.0,253
rb1805,20171103,20171102,210855000,3680.0,124932,1657414,4595009880.0,3681.0,2,3680.0,275
rb1805,20171103,20171102,210855500,3682.0,125010,1657380,4597881700.0,3682.0,272,3681.0,64
rb1805,20171103,20171102,210856000,3681.0,125234,1657412,4606128280.0,3681.0,12,3680.0,257
rb1805,20171103,20171102,210856500,3681.0,125276,1657440,4607674400.0,3682.0,263,3681.0,58
rb1805,20171103,20171102,210857000,3682.0,125292,1657452,4608263400.0,3682.0,280,3681.0,65
rb1805,20171103,20171102,210857500,3682.0,125304,1657458,4608705240.0,3682.0,291,3681.0,69
rb1805,20171103,20171102,210858000,3681.0,125326,1657460,4609515260.0,3682.0,282,3681.0,71
rb1805,20171103,20171102,210858500,3682.0,125538,1657424,4617320280.0,3682.0,219,3681.0,28
rb1805,20171103,20171102,210859000,3681.0,125636,1657396,4620927700.0,3681.0,5,3680.0,234
rb1805,20171103,20171102,210859500,3682.0,125660,1657402,4621811240.0,3681.0,1,3680.0,234
rb1805,20171103,20171102,210900000,3681.0,125698,1657370,4623210020.0,3681.0,243,3680.0,226
rb1805,20171103,20171102,210900500,3681.0,125774,1657310,4626007540.0,3681.0,211,3680.0,228
rb1805,20171103,20171102,210901000,3681.0,125808,1657284,4627258800.0,3681.0,390,3680.0,204
rb1805,20171103,20171102,210901500,3681.0,125878,1657272,4629835460.0,3681.0,370,3680.0,208
rb1805,20171103,20171102,210902000,3681.0,125966,1657224,4633074720.0,3681.0,269,3680.0,101
rb1805,20171103,20171102,210902500,3681.0,126060,1657228,4636534200.0,3681.0,264,3680.0,73
rb1805,20171103,20171102,210903000,3681.0,126078,1657228,4637196660.0,3681.0,298,3680.0,69
rb1805,20171103,20171102,210903500,3679.0,126226,1657326,4642643120.0,3680.0,2,3679.0,60
rb1805,20171103,20171102,210904000,3680.0,126280,1657310,4644630460.0,3681.0,404,3680.0,22
rb1805,20171103,20171102,210904500,3681.0,126422,1657300,4649856300.0,3681.0,404,3680.0,41
rb1805,20171103,20171102,210905000,3681.0,126494,1657350,4652505960.0,3681.0,402,3680.0,5
rb1805,20171103,20171102,210905500,3680.0,126510,1657350,4653094740.0,3680.0,48,3679.0,95
rb1805,20171103,20171102,210906000,3679.0,126530,1657354,4653830700.0,3680.0,199,3679.0,115
rb1805,20171103,20171102,210906500,3680.0,126822,1657398,4664575660.0,3680.0,98,3679.0,84
rb1805,20171103,20171102,210907000,3680.0,126822,1657398,4664575660.0,3680.0,122,3679.0,54
rb1805,20171103,20171102,210907500,3679.0,126836,1657400,4665090780.0,3680.0,139,3679.0,50
rb1805,20171103,20171102,210908000,3679.0,126876,1657386,4666562380.0,3680.0,142,3679.0,32
rb1805,20171103,20171102,210908500,3680.0,126884,1657394,4666856780.0,3680.0,140,3679.0,39
rb1805,20171103,20171102,210909000,3680.0,126888,1657396,4667003980.0,3680.0,136,3679.0,50
rb1805,20171103,20171102,210909500,3679.0,126920,1657404,4668181460.0,3680.0,128,3679.0,53
rb1805,20171103,20171102,210910000,3679.0,126938,1657418,4668843840.0,3680.0,112,3679.0,167
rb1805,20171103,20171102,210910500,3680.0,127186,1657426,4677970220.0,3680.0,17,3679.0,183
rb1805,20171103,20171102,210911000,3680.0,127242,1657414,4680031020.0,3681.0,342,3680.0,233
