instrument,tradingday,calendarday,time,lastp,volume,openinterest,turnover,ask1,asksz1,bid1,bidsz1
rb1805,20171011,20171010,183414500,3411.0,0,567012,0.0,0.0,0,0.0,0
rb1805,20171011,20171010,205900500,3400.0,772,566932,26248000.0,3400.0,1203,3399.0,10
rb1805,20171011,20171010,210000500,3398.0,1740,566544,59156320.0,3399.0,49,3398.0,274
rb1805,20171011,20171010,210001000,3400.0,2922,566632,99334280.0,3400.0,2161,3399.0,26
rb1805,20171011,20171010,210001500,3400.0,4120,566456,140049680.0,3400.0,2023,3399.0,3
rb1805,20171011,20171010,210002000,3399.0,4254,566498,144603920.0,3399.0,72,3398.0,8
rb1805,20171011,20171010,210002500,3399.0,4400,566554,149566360.0,3399.0,4,3398.0,22
rb1805,20171011,20171010,210003000,3400.0,4706,566406,159968780.0,3400.0,1929,3399.0,3
rb1805,20171011,20171010,210003500,3400.0,4892,566406,166290220.0,3400.0,1903,3397.0,414
rb1805,20171011,20171010,210004000,3400.0,4928,566396,167514120.0,3400.0,1893,3399.0,11
rb1805,20171011,20171010,210004500,3400.0,5000,566394,169961860.0,3400.0,2097,3399.0,74
rb1805,20171011,20171010,210005000,3400.0,5224,566504,177575900.0,3400.0,2051,3397.0,417
rb1805,20171011,20171010,210005500,3400.0,5270,566492,179139260.0,3400.0,2055,3399.0,2
rb1805,20171011,20171010,210006000,3400.0,5456,566460,185459360.0,3400.0,2040,3399.0,1
rb1805,20171011,20171010,210006500,3399.0,5534,566428,188111060.0,3400.0,2015,3399.0,1
rb1805,20171011,20171010,210007000,3399.0,5560,566438,188994820.0,3400.0,2014,3399.0,4
rb1805,20171011,20171010,210007500,3399.0,5618,566442,190965980.0,3399.0,17,3398.0,1
rb1805,20171011,20171010,210008000,3399.0,5674,566452,192869140.0,3399.0,56,3398.0,3
rb1805,20171011,20171010,210008500,3399.0,5714,566478,194228700.0,3399.0,54,3398.0,23
rb1805,20171011,20171010,210009000,3399.0,6182,566600,210139380.0,3399.0,199,3398.0,24
rb1805,20171011,20171010,210009500,3398.0,6264,566640,212925820.0,3398.0,85,3397.0,359
rb1805,20171011,20171010,210010000,3398.0,6368,566658,216459340.0,3398.0,54,3397.0,341
rb1805,20171011,20171010,210010500,3398.0,6466,566742,219789360.0,3398.0,17,3397.0,338
rb1805,20171011,20171010,210011000,3397.0,6534,566746,222099960.0,3398.0,18,3397.0,337
rb1805,20171011,20171010,210011500,3398.0,6628,566748,225294060.0,3399.0,212,3398.0,16
rb1805,20171011,20171010,210012000,3397.0,6908,566780,234807380.0,3399.0,212,3397.0,328
rb1805,20171011,20171010,210012500,3399.0,6918,566784,235147220.0,3399.0,310,3398.0,16
rb1805,20171011,20171010,210013000,3398.0,6970,566758,236914100.0,3398.0,14,3397.0,333
rb1805,20171011,20171010,210013500,3398.0,7000,566786,237933560.0,3399.0,320,3398.0,66
rb1805,20171011,20171010,210014000,3398.0,7054,566794,239768920.0,3399.0,300,3398.0,62
rb1805,20171011,20171010,210014500,3398.0,7126,566808,242216000.0,3399.0,274,3398.0,63
rb1805,20171011,20171010,210015000,3398.0,7190,566850,244391200.0,3399.0,250,3398.0,131
rb1805,20171011,20171010,210015500,3398.0,7464,567044,253702940.0,3399.0,189,3398.0,70
rb1805,20171011,20171010,210016000,3399.0,7632,567198,259413160.0,3399.0,110,3398.0,71
rb1805,20171011,20171010,210016500,3399.0,7736,567228,262947960.0,3399.0,119,3398.0,81
rb1805,20171011,20171010,210017000,3399.0,7916,567334,269065980.0,3399.0,39,3398.0,103
rb1805,20171011,20171010,210017500,3400.0,8232,567540,279804400.0,3400.0,1856,3399.0,190
rb1805,20171011,20171010,210018000,3399.0,8422,567508,286263960.0,3400.0,1785,3399.0,179
rb1805,20171011,20171010,210018500,3400.0,8546,567514,290479460.0,3400.0,1746,3399.0,201
rb1805,20171011,20171010,210019000,3400.0,8574,567500,291431440.0,3400.0,1736,3399.0,238
rb1805,20171011,20171010,210019500,3399.0,8594,567516,292111260.0,3400.0,1735,3399.0,231
rb1805,20171011,20171010,210020000,3400.0,8638,567500,293607240.0,3400.0,1715,3399.0,234
rb1805,20171011,20171010,210020500,3400.0,8686,567488,295239160.0,3400.0,1697,3399.0,231
rb1805,20171011,20171010,210021000,3400.0,8950,567642,304213100.0,3400.0,1669,3399.0,133
rb1805,20171011,20171010,210021500,3400.0,9082,567688,308699840.0,3400.0,1673,3399.0,71
rb1805,20171011,20171010,210022000,3400.0,9302,567848,316177500.0,3399.0,4,3397.0,344
rb1805,20171011,20171010,210022500,3399.0,9366,567858,318352920.0,3400.0,1650,3399.0,5
rb1805,20171011,20171010,210023000,3399.0,9422,567844,320256660.0,3400.0,1630,3399.0,71
rb1805,20171011,20171010,210023500,3400.0,9454,567850,321344580.0,3400.0,1618,3399.0,82
rb1805,20171011,20171010,210024000,3400.0,9494,567830,322704520.0,3400.0,1601,3399.0,95
rb1805,20171011,20171010,210024500,3400.0,9506,567826,323112500.0,3400.0,1596,3399.0,97
rb1805,20171011,20171010,210025000,3399.0,9650,567724,328007100.0,3400.0,1590,3399.0,28
rb1805,20171011,20171010,210025500,3398.0,9732,567790,330794020.0,3398.0,4,3397.0,351
rb1805,20171011,20171010,210026000,3399.0,9760,567790,331745500.0,3399.0,23,3397.0,352
rb1805,20171011,20171010,210026500,3399.0,9800,567812,333105080.0,3399.0,41,3398.0,1
rb1805,20171011,20171010,210027000,3399.0,10026,567888,340785400.0,3399.0,3,3398.0,19
rb1805,20171011,20171010,210027500,3399.0,10042,567892,341329100.0,3399.0,11,3398.0,6
rb1805,20171011,20171010,210028000,3399.0,10042,567892,341329100.0,3399.0,12,3398.0,13
rb1805,20171011,20171010,210028500,3398.0,10082,567898,342688320.0,3398.0,32,3397.0,354
rb1805,20171011,20171010,210029000,3398.0,10104,567914,343435880.0,3398.0,76,3397.0,353
rb1805,20171011,20171010,210029500,3399.0,10272,568040,349144620.0,3399.0,7,3398.0,31
rb1805,20171011,20171010,210030000,3398.0,10306,568064,350300040.0,3399.0,11,3398.0,20
rb1805,20171011,20171010,210030500,3400.0,10410,568066,353835960.0,3400.0,1550,3399.0,1
rb1805,20171011,20171010,210031000,3399.0,10424,568076,354311820.0,3399.0,7,3398.0,29
rb1805,20171011,20171010,210031500,3398.0,10512,568142,357302080.0,3398.0,59,3397.0,352
rb1805,20171011,20171010,210032000,3398.0,10568,568158,359204900.0,3398.0,34,3397.0,352
rb1805,20171011,20171010,210032500,3398.0,10608,568196,360564100.0,3398.0,14,3397.0,353
rb1805,20171011,20171010,210033000,3397.0,10658,568202,362262980.0,3399.0,21,3398.0,10
rb1805,20171011,20171010,210033500,3399.0,10664,568198,362466840.0,3399.0,25,3398.0,62
rb1805,20171011,20171010,210034000,3399.0,10708,568188,363962360.0,3399.0,6,3398.0,66
rb1805,20171011,20171010,210034500,3399.0,10738,568188,364981980.0,3399.0,3,3398.0,65
rb1805,20171011,20171010,210035000,3399.0,10818,568188,367700400.0,3399.0,6,3398.0,33
rb1805,20171011,20171010,210035500,3398.0,10890,568186,370146940.0,3398.0,18,3397.0,353
rb1805,20171011,20171010,210036000,3398.0,10954,568200,372321280.0,3398.0,87,3397.0,334
rb1805,20171011,20171010,210036500,3398.0,10984,568210,373340540.0,3398.0,113,3397.0,328
rb1805,20171011,20171010,210037000,3397.0,11200,568210,380678140.0,3398.0,129,3397.0,223
rb1805,20171011,20171010,210037500,3397.0,11436,568302,388695220.0,3398.0,118,3397.0,116
rb1805,20171011,20171010,210038000,3396.0,11692,568514,397391400.0,3397.0,65,3396.0,100
rb1805,20171011,20171010,210038500,3396.0,11840,568604,402417800.0,3397.0,164,3396.0,44
rb1805,20171011,20171010,210039000,3395.0,11986,568660,407375620.0,3396.0,178,3395.0,133
rb1805,20171011,20171010,210039500,3395.0,12262,568718,416746760.0,3396.0,133,3395.0,74
rb1805,20171011,20171010,210040000,3395.0,12746,568918,433178860.0,3395.0,1,3394.0,93
rb1805,20171011,20171010,210040500,3395.0,12834,568978,436167000.0,3395.0,1,3394.0,126
rb1805,20171011,20171010,210041000,3395.0,12862,568996,437117660.0,3396.0,49,3395.0,8
rb1805,20171011,20171010,210041500,3397.0,13022,568976,442551280.0,3397.0,164,3396.0,26
rb1805,20171011,20171010,210042000,3397.0,13142,568962,446627260.0,3397.0,130,3396.0,17
rb1805,20171011,20171010,210042500,3395.0,13310,568850,452331220.0,3395.0,31,3394.0,88
rb1805,20171011,20171010,210043000,3397.0,13386,568792,454911620.0,3397.0,132,3396.0,1
rb1805,20171011,20171010,210043500,3397.0,13404,568798,455522860.0,3397.0,126,3396.0,1
rb1805,20171011,20171010,210044000,3395.0,13418,568796,455998240.0,3396.0,8,3395.0,363
rb1805,20171011,20171010,210044500,3396.0,13494,568788,458579220.0,3397.0,124,3396.0,6
rb1805,20171011,20171010,210045000,3396.0,13524,568776,459598000.0,3397.0,120,3395.0,334
rb1805,20171011,20171010,210045500,3396.0,13532,568784,459869680.0,3396.0,6,3395.0,384
rb1805,20171011,20171010,210046000,3397.0,13548,568780,460413080.0,3397.0,121,3396.0,5
rb1805,20171011,20171010,210046500,3396.0,13572,568782,461228120.0,3397.0,121,3396.0,1
rb1805,20171011,20171010,210047000,3396.0,13624,568810,462994380.0,3396.0,1,3395.0,448
rb1805,20171011,20171010,210047500,3396.0,13646,568816,463741440.0,3396.0,4,3395.0,446
rb1805,20171011,20171010,210048000,3395.0,13666,568820,464420640.0,3396.0,21,3395.0,443
rb1805,20171011,20171010,210048500,3395.0,13746,568896,467136740.0,3396.0,20,3395.0,453
rb1805,20171011,20171010,210049000,3395.0,13760,568900,467612140.0,3396.0,21,3395.0,450
rb1805,20171011,20171010,210049500,3396.0,13792,568906,468698600.0,3396.0,55,3395.0,437
rb1805,20171011,20171010,210050000,3396.0,13818,568922,469581460.0,3396.0,52,3395.0,439
rb1805,20171011,20171010,210050500,3395.0,13868,568958,471279220.0,3396.0,60,3395.0,431
rb1805,20171011,20171010,210051000,3396.0,13900,568976,472365660.0,3396.0,50,3395.0,417
rb1805,20171011,20171010,210051500,3397.0,14246,569088,484113460.0,3397.0,90,3395.0,300
rb1805,20171011,20171010,210052000,3396.0,14262,569094,484656800.0,3397.0,99,3396.0,14
rb1805,20171011,20171010,210052500,3396.0,14380,569094,488663760.0,3397.0,94,3396.0,36
rb1805,20171011,20171010,210053000,3396.0,14412,569096,489750560.0,3397.0,86,3396.0,51
rb1805,20171011,20171010,210053500,3396.0,14584,569020,495591740.0,3397.0,115,3396.0,40
rb1805,20171011,20171010,210054000,3397.0,14660,569064,498172800.0,3397.0,110,3396.0,8
rb1805,20171011,20171010,210054500,3397.0,14700,569102,499531580.0,3397.0,91,3396.0,11
rb1805,20171011,20171010,210055000,3397.0,14910,569248,506665260.0,3397.0,189,3396.0,34
rb1805,20171011,20171010,210055500,3397.0,14928,569252,507276640.0,3397.0,186,3396.0,62
rb1805,20171011,20171010,210056000,3397.0,14956,569274,508227800.0,3397.0,172,3396.0,59
rb1805,20171011,20171010,210056500,3397.0,14964,569280,508499560.0,3397.0,168,3396.0,63
rb1805,20171011,20171010,210057000,3396.0,15006,569292,509926220.0,3397.0,156,3396.0,61
rb1805,20171011,20171010,210057500,3396.0,15024,569298,510537560.0,3397.0,152,3396.0,82
rb1805,20171011,20171010,210058000,3396.0,15098,569268,513050660.0,3397.0,149,3396.0,72
rb1805,20171011,20171010,210058500,3397.0,15254,569216,518348740.0,3397.0,133,3396.0,15
rb1805,20171011,20171010,210059000,3397.0,15264,569220,518688400.0,3397.0,131,3396.0,88
rb1805,20171011,20171010,210059500,3397.0,15276,569220,519096040.0,3397.0,126,3396.0,89
rb1805,20171011,20171010,210100000,3397.0,15444,569224,524803000.0,3397.0,42,3396.0,92
rb1805,20171011,20171010,210100500,3397.0,15714,569200,533973120.0,3398.0,51,3397.0,34
rb1805,20171011,20171010,210101000,3397.0,15738,569198,534788400.0,3398.0,55,3397.0,47
rb1805,20171011,20171010,210101500,3398.0,15870,569172,539273760.0,3399.0,37,3398.0,39
rb1805,20171011,20171010,210102000,3398.0,15964,569174,542467760.0,3398.0,35,3397.0,104
rb1805,20171011,20171010,210102500,3397.0,15998,569164,543623040.0,3398.0,31,3397.0,125
rb1805,20171011,20171010,210103000,3398.0,16016,569168,544234560.0,3398.0,28,3397.0,120
rb1805,20171011,20171010,210103500,3397.0,16072,569158,546137340.0,3398.0,4,3397.0,119
rb1805,20171011,20171010,210104000,3398.0,16128,569140,548039680.0,3398.0,7,3397.0,92
rb1805,20171011,20171010,210104500,3399.0,16246,569104,552050320.0,3400.0,1319,3399.0,450
rb1805,20171011,20171010,210105000,3399.0,16324,569082,554701560.0,3400.0,1322,3399.0,418
rb1805,20171011,20171010,210105500,3400.0,16346,569082,555449380.0,3400.0,1364,3399.0,409
rb1805,20171011,20171010,210106000,3399.0,16424,569010,558101260.0,3400.0,1356,3399.0,432
rb1805,20171011,20171010,210106500,3400.0,16498,568966,560617240.0,3400.0,1267,3399.0,456
rb1805,20171011,20171010,210107000,3400.0,16508,568964,560957180.0,3400.0,1265,3399.0,468
rb1805,20171011,20171010,210107500,3400.0,16668,568840,566397180.0,3400.0,1186,3399.0,468
rb1805,20171011,20171010,210108000,3400.0,16726,568792,568369120.0,3400.0,1155,3399.0,460
rb1805,20171011,20171010,210108500,3400.0,16824,568762,571700900.0,3400.0,1139,3399.0,439
rb1805,20171011,20171010,210109000,3400.0,16876,568762,573468900.0,3400.0,1136,3399.0,441
rb1805,20171011,20171010,210109500,3400.0,16904,568736,574420900.0,3400.0,1075,3399.0,441
rb1805,20171011,20171010,210110000,3400.0,16978,568676,576936860.0,3400.0,1040,3399.0,439
rb1805,20171011,20171010,210110500,3400.0,17048,568616,579316840.0,3400.0,1007,3399.0,441
rb1805,20171011,20171010,210111000,3399.0,17176,568602,583668760.0,3400.0,971,3399.0,438
rb1805,20171011,20171010,210111500,3399.0,17550,568380,596384200.0,3400.0,815,3399.0,377
rb1805,20171011,20171010,210112000,3400.0,17820,568328,605564200.0,3400.0,653,3399.0,383
rb1805,20171011,20171010,210112500,3400.0,18340,567910,623244200.0,3400.0,386,3399.0,384
rb1805,20171011,20171010,210113000,3400.0,19012,567546,646092200.0,3400.0,77,3399.0,385
rb1805,20171011,20171010,210113500,3400.0,19180,567508,651804200.0,3401.0,8,3400.0,199
rb1805,20171011,20171010,210114000,3402.0,19336,567410,657109880.0,3403.0,11,3402.0,7
rb1805,20171011,20171010,210114500,3402.0,19516,567288,663232140.0,3402.0,113,3401.0,50
rb1805,20171011,20171010,210115000,3402.0,19668,567246,668402520.0,3402.0,63,3401.0,46
rb1805,20171011,20171010,210115500,3401.0,19702,567242,669559120.0,3402.0,62,3401.0,61
rb1805,20171011,20171010,210116000,3402.0,19746,567240,671055700.0,3402.0,105,3401.0,46
rb1805,20171011,20171010,210116500,3402.0,19772,567222,671940140.0,3402.0,103,3401.0,43
rb1805,20171011,20171010,210117000,3401.0,19902,567282,676361440.0,3401.0,58,3400.0,273
rb1805,20171011,20171010,210117500,3401.0,19910,567284,676633520.0,3401.0,30,3400.0,268
rb1805,20171011,20171010,210118000,3401.0,19960,567272,678333820.0,3401.0,10,3400.0,260
rb1805,20171011,20171010,210118500,3401.0,20058,567252,681666940.0,3401.0,72,3400.0,260
rb1805,20171011,20171010,210119000,3401.0,20244,567326,687991480.0,3401.0,69,3400.0,181
rb1805,20171011,20171010,210119500,3401.0,20258,567326,688467620.0,3401.0,91,3400.0,170
rb1805,20171011,20171010,210120000,3401.0,20490,567242,696356280.0,3401.0,60,3400.0,93
rb1805,20171011,20171010,210120500,3400.0,20658,567234,702068360.0,3401.0,56,3400.0,8
rb1805,20171011,20171010,210121000,3400.0,20692,567218,703224440.0,3400.0,68,3399.0,395
rb1805,20171011,20171010,210121500,3400.0,20708,567214,703768440.0,3400.0,67,3399.0,395
rb1805,20171011,20171010,210122000,3400.0,20730,567204,704516440.0,3400.0,59,3399.0,395
rb1805,20171011,20171010,210122500,3400.0,20798,567164,706828440.0,3400.0,55,3399.0,405
rb1805,20171011,20171010,210123000,3400.0,20810,567154,707236440.0,3400.0,50,3399.0,405
rb1805,20171011,20171010,210123500,3400.0,20852,567118,708664160.0,3400.0,63,3399.0,391
rb1805,20171011,20171010,210124000,3400.0,20876,567102,709480160.0,3400.0,71,3399.0,391
rb1805,20171011,20171010,210124500,3400.0,20950,567128,711996160.0,3400.0,35,3399.0,392
rb1805,20171011,20171010,210125000,3400.0,20984,567106,713152160.0,3400.0,24,3399.0,392
rb1805,20171011,20171010,210125500,3400.0,21050,567074,715396220.0,3401.0,39,3400.0,33
rb1805,20171011,20171010,210126000,3400.0,21188,567108,720088220.0,3400.0,15,3399.0,407
rb1805,20171011,20171010,210126500,3400.0,21218,567080,721108220.0,3401.0,36,3400.0,35
rb1805,20171011,20171010,210127000,3400.0,21220,567080,721176220.0,3401.0,36,3400.0,35
rb1805,20171011,20171010,210127500,3400.0,21220,567080,721176220.0,3401.0,47,3400.0,35
rb1805,20171011,20171010,210128000,3401.0,21412,567140,727705260.0,3400.0,1,3399.0,411
rb1805,20171011,20171010,210128500,3400.0,21420,567146,727977300.0,3401.0,14,3399.0,412
rb1805,20171011,20171010,210129000,3400.0,21422,567146,728045300.0,3401.0,17,3400.0,2
rb1805,20171011,20171010,210129500,3401.0,21428,567150,728249360.0,3401.0,8,3400.0,21
rb1805,20171011,20171010,210130000,3401.0,21434,567150,728453420.0,3401.0,6,3400.0,80
rb1805,20171011,20171010,210130500,3401.0,21450,567158,728997580.0,3402.0,59,3401.0,8
rb1805,20171011,20171010,210131000,3401.0,21456,567158,729201660.0,3402.0,71,3401.0,4
rb1805,20171011,20171010,210131500,3401.0,21468,567164,729609780.0,3401.0,3,3400.0,105
rb1805,20171011,20171010,210132000,3401.0,21472,567168,729745820.0,3401.0,1,3400.0,109
rb1805,20171011,20171010,210132500,3401.0,21480,567170,730017940.0,3402.0,69,3400.0,112
rb1805,20171011,20171010,210133000,3401.0,21484,567172,730153960.0,3401.0,30,3400.0,111
rb1805,20171011,20171010,210133500,3401.0,21488,567172,730290000.0,3401.0,31,3400.0,101
rb1805,20171011,20171010,210134000,3401.0,21492,567170,730426040.0,3401.0,35,3400.0,94
rb1805,20171011,20171010,210134500,3401.0,21498,567170,730630100.0,3401.0,39,3400.0,95
rb1805,20171011,20171010,210135000,3400.0,21706,567146,737702100.0,3400.0,2,3399.0,414
rb1805,20171011,20171010,210135500,3401.0,21792,567170,740626920.0,3401.0,10,3400.0,2
rb1805,20171011,20171010,210136000,3401.0,21814,567182,741375140.0,3402.0,77,3401.0,3
rb1805,20171011,20171010,210136500,3402.0,21820,567178,741579220.0,3402.0,74,3401.0,11
rb1805,20171011,20171010,210137000,3401.0,21870,567154,743279980.0,3401.0,1,3400.0,10
rb1805,20171011,20171010,210137500,3400.0,21882,567152,743688020.0,3401.0,44,3400.0,19
rb1805,20171011,20171010,210138000,3400.0,21974,567182,746816120.0,3400.0,3,3399.0,419
rb1805,20171011,20171010,210138500,3400.0,22016,567154,748244460.0,3401.0,23,3399.0,419
rb1805,20171011,20171010,210139000,3401.0,22066,567154,749944960.0,3401.0,5,3400.0,1
rb1805,20171011,20171010,210139500,3401.0,22066,567154,749944960.0,3401.0,3,3400.0,8
rb1805,20171011,20171010,210140000,3401.0,22112,567166,751509420.0,3402.0,38,3401.0,11
rb1805,20171011,20171010,210140500,3401.0,22126,567168,751985560.0,3402.0,49,3401.0,6
rb1805,20171011,20171010,210141000,3401.0,22152,567178,752869820.0,3401.0,3,3400.0,14
rb1805,20171011,20171010,210141500,3401.0,22158,567172,753073880.0,3401.0,6,3400.0,19
rb1805,20171011,20171010,210142000,3401.0,22158,567172,753073880.0,3401.0,7,3400.0,35
rb1805,20171011,20171010,210142500,3401.0,22202,567200,754569960.0,3401.0,5,3400.0,20
rb1805,20171011,20171010,210143000,3401.0,22202,567200,754569960.0,3401.0,29,3400.0,24
rb1805,20171011,20171010,210143500,3401.0,22274,567248,757018680.0,3401.0,4,3400.0,25
rb1805,20171011,20171010,210144000,3400.0,22298,567260,757834760.0,3402.0,57,3400.0,30
rb1805,20171011,20171010,210144500,3399.0,22370,567310,760282560.0,3402.0,57,3399.0,407
rb1805,20171011,20171010,210145000,3401.0,22508,567352,764973900.0,3401.0,2,3400.0,1
rb1805,20171011,20171010,210145500,3401.0,22512,567354,765109940.0,3401.0,8,3400.0,14
rb1805,20171011,20171010,210146000,3400.0,22516,567356,765245960.0,3401.0,73,3400.0,16
rb1805,20171011,20171010,210146500,3400.0,22548,567326,766333960.0,3401.0,83,3400.0,3
rb1805,20171011,20171010,210147000,3400.0,22564,567320,766877960.0,3400.0,3,3399.0,371
rb1805,20171011,20171010,210147500,3399.0,22612,567316,768509640.0,3401.0,84,3400.0,6
rb1805,20171011,20171010,210148000,3400.0,22642,567306,769529640.0,3400.0,20,3399.0,359
rb1805,20171011,20171010,210148500,3400.0,22662,567298,770209540.0,3400.0,7,3399.0,354
rb1805,20171011,20171010,210149000,3400.0,22666,567302,770345540.0,3400.0,13,3399.0,354
rb1805,20171011,20171010,210149500,3400.0,22676,567304,770685540.0,3400.0,103,3399.0,355
rb1805,20171011,20171010,210150000,3400.0,22678,567306,770753540.0,3400.0,124,3399.0,356
rb1805,20171011,20171010,210150500,3400.0,22748,567252,773132920.0,3400.0,145,3399.0,325
rb1805,20171011,20171010,210151000,3399.0,22958,567152,780270840.0,3400.0,145,3399.0,223
rb1805,20171011,20171010,210151500,3399.0,22972,567144,780746720.0,3400.0,143,3399.0,219
rb1805,20171011,20171010,210152000,3399.0,23426,567198,796178280.0,3399.0,306,3398.0,92
rb1805,20171011,20171010,210152500,3399.0,23726,567336,806374960.0,3399.0,172,3398.0,81
rb1805,20171011,20171010,210153000,3399.0,23756,567354,807394560.0,3399.0,82,3398.0,77
rb1805,20171011,20171010,210153500,3399.0,23784,567376,808346180.0,3399.0,79,3398.0,78
rb1805,20171011,20171010,210154000,3397.0,24142,567644,820512300.0,3399.0,12,3397.0,12
rb1805,20171011,20171010,210154500,3399.0,24152,567646,820852180.0,3399.0,9,3398.0,5
rb1805,20171011,20171010,210155000,3398.0,24174,567664,821599760.0,3399.0,12,3398.0,3
rb1805,20171011,20171010,210155500,3398.0,24182,567664,821871660.0,3399.0,11,3398.0,14
rb1805,20171011,20171010,210156000,3398.0,24280,567660,825202540.0,3400.0,116,3398.0,7
rb1805,20171011,20171010,210156500,3399.0,24312,567666,826289960.0,3400.0,112,3397.0,23
rb1805,20171011,20171010,210157000,3398.0,24334,567682,827037520.0,3398.0,21,3397.0,48
rb1805,20171011,20171010,210157500,3399.0,24382,567722,828668620.0,3400.0,119,3399.0,16
rb1805,20171011,20171010,210158000,3399.0,24398,567730,829212460.0,3400.0,119,3399.0,10
rb1805,20171011,20171010,210158500,3398.0,24436,567762,830504020.0,3399.0,13,3398.0,2
rb1805,20171011,20171010,210159000,3400.0,24466,567764,831523760.0,3400.0,108,3399.0,9
rb1805,20171011,20171010,210159500,3400.0,24548,567706,834311400.0,3400.0,76,3398.0,11
rb1805,20171011,20171010,210200000,3400.0,24570,567702,835059400.0,3399.0,2,3398.0,18
rb1805,20171011,20171010,210200500,3400.0,24576,567702,835263360.0,3400.0,71,3399.0,5
rb1805,20171011,20171010,210201000,3399.0,24582,567708,835467320.0,3400.0,64,3399.0,4
rb1805,20171011,20171010,210201500,3400.0,24584,567710,835535320.0,3400.0,66,3399.0,4
rb1805,20171011,20171010,210202000,3399.0,24604,567718,836215120.0,3399.0,8,3398.0,23
rb1805,20171011,20171010,210202500,3399.0,24614,567708,836555020.0,3399.0,19,3398.0,25
rb1805,20171011,20171010,210203000,3399.0,24636,567720,837302780.0,3399.0,52,3398.0,24
rb1805,20171011,20171010,210203500,3398.0,24640,567720,837438700.0,3399.0,61,3398.0,27
rb1805,20171011,20171010,210204000,3399.0,24656,567718,837982400.0,3399.0,60,3398.0,25
rb1805,20171011,20171010,210204500,3399.0,24666,567716,838322280.0,3399.0,56,3398.0,26
rb1805,20171011,20171010,210205000,3398.0,24674,567718,838594160.0,3399.0,53,3398.0,42
rb1805,20171011,20171010,210205500,3400.0,24770,567780,841857220.0,3400.0,74,3399.0,20
rb1805,20171011,20171010,210206000,3399.0,24816,567820,843420760.0,3400.0,41,3399.0,19
rb1805,20171011,20171010,210206500,3399.0,24874,567836,845392160.0,3399.0,18,3398.0,23
rb1805,20171011,20171010,210207000,3399.0,25020,567932,850354700.0,3400.0,39,3399.0,26
rb1805,20171011,20171010,210207500,3399.0,25020,567932,850354700.0,3400.0,40,3399.0,26
rb1805,20171011,20171010,210208000,3400.0,25024,567934,850490700.0,3400.0,37,3399.0,56
rb1805,20171011,20171010,210208500,3399.0,25038,567934,850966680.0,3400.0,30,3399.0,66
rb1805,20171011,20171010,210209000,3400.0,25056,567938,851578580.0,3400.0,27,3399.0,38
rb1805,20171011,20171010,210209500,3400.0,25114,567932,853550580.0,3401.0,35,3400.0,33
rb1805,20171011,20171010,210210000,3400.0,25124,567924,853890580.0,3401.0,40,3400.0,28
rb1805,20171011,20171010,210210500,3401.0,25144,567918,854570620.0,3401.0,30,3400.0,46
rb1805,20171011,20171010,210211000,3401.0,25150,567916,854774660.0,3401.0,23,3400.0,47
rb1805,20171011,20171010,210211500,3401.0,25164,567920,855250780.0,3401.0,12,3400.0,51
rb1805,20171011,20171010,210212000,3400.0,25176,567920,855658780.0,3401.0,12,3400.0,45
rb1805,20171011,20171010,210212500,3400.0,25192,567922,856202900.0,3401.0,6,3400.0,43
rb1805,20171011,20171010,210213000,3402.0,25338,567826,861169700.0,3403.0,53,3402.0,427
rb1805,20171011,20171010,210213500,3403.0,25372,567820,862326660.0,3403.0,53,3402.0,425
rb1805,20171011,20171010,210214000,3403.0,25496,567780,866546160.0,3403.0,6,3402.0,414
rb1805,20171011,20171010,210214500,3403.0,25516,567784,867226780.0,3404.0,26,3403.0,36
rb1805,20171011,20171010,210215000,3403.0,25530,567786,867703240.0,3404.0,29,3403.0,59
rb1805,20171011,20171010,210215500,3403.0,25542,567786,868111620.0,3404.0,45,3403.0,58
rb1805,20171011,20171010,210216000,3404.0,25604,567804,870222040.0,3404.0,17,3403.0,56
rb1805,20171011,20171010,210216500,3404.0,25630,567788,871107040.0,3404.0,21,3403.0,63
rb1805,20171011,20171010,210217000,3404.0,25732,567768,874578880.0,3404.0,204,3403.0,44
rb1805,20171011,20171010,210217500,3404.0,26184,567790,889964600.0,3405.0,79,3404.0,2
rb1805,20171011,20171010,210218000,3404.0,26192,567788,890236920.0,3404.0,6,3403.0,21
rb1805,20171011,20171010,210218500,3404.0,26282,567816,893301180.0,3405.0,51,3404.0,6
rb1805,20171011,20171010,210219000,3404.0,26292,567816,893641660.0,3405.0,54,3404.0,48
rb1805,20171011,20171010,210219500,3404.0,26322,567830,894663080.0,3405.0,36,3404.0,65
rb1805,20171011,20171010,210220000,3405.0,26424,567834,898136280.0,3406.0,132,3405.0,35
rb1805,20171011,20171010,210220500,3405.0,26462,567814,899430340.0,3406.0,125,3405.0,93
rb1805,20171011,20171010,210221000,3405.0,26726,567702,908419600.0,3405.0,122,3404.0,44
rb1805,20171011,20171010,210221500,3405.0,26898,567546,914276160.0,3405.0,44,3404.0,53
rb1805,20171011,20171010,210222000,3405.0,26906,567546,914548560.0,3405.0,41,3404.0,53
rb1805,20171011,20171010,210222500,3405.0,26990,567536,917408760.0,3405.0,21,3404.0,54
rb1805,20171011,20171010,210223000,3406.0,27120,567650,921835900.0,3406.0,106,3405.0,33
rb1805,20171011,20171010,210223500,3405.0,27310,567732,928306660.0,3406.0,44,3404.0,61
rb1805,20171011,20171010,210224000,3404.0,27408,567688,931643300.0,3406.0,35,3404.0,34
rb1805,20171011,20171010,210224500,3405.0,27484,567682,934231160.0,3405.0,5,3404.0,78
rb1805,20171011,20171010,210225000,3406.0,27502,567672,934844080.0,3406.0,64,3405.0,2
rb1805,20171011,20171010,210225500,3405.0,27510,567672,935116460.0,3405.0,32,3404.0,77
rb1805,20171011,20171010,210226000,3404.0,27516,567672,935320740.0,3405.0,28,3404.0,77
rb1805,20171011,20171010,210226500,3405.0,27544,567664,936274140.0,3405.0,15,3404.0,76
rb1805,20171011,20171010,210227000,3405.0,27568,567650,937091300.0,3405.0,7,3404.0,77
rb1805,20171011,20171010,210227500,3405.0,27614,567658,938657600.0,3406.0,260,3405.0,11
rb1805,20171011,20171010,210228000,3405.0,27640,567670,939543120.0,3406.0,244,3405.0,20
rb1805,20171011,20171010,210228500,3405.0,27664,567662,940360500.0,3406.0,238,3405.0,16
rb1805,20171011,20171010,210229000,3406.0,27672,567660,940632980.0,3406.0,237,3405.0,50
rb1805,20171011,20171010,210229500,3406.0,27798,567596,944923540.0,3406.0,245,3405.0,7
rb1805,20171011,20171010,210230000,3406.0,28338,567166,963315520.0,3407.0,145,3406.0,62
rb1805,20171011,20171010,210230500,3406.0,28352,567158,963792380.0,3407.0,145,3406.0,61
rb1805,20171011,20171010,210231000,3406.0,28394,567146,965223140.0,3407.0,133,3406.0,59
rb1805,20171011,20171010,210231500,3406.0,28414,567142,965904520.0,3407.0,124,3406.0,70
rb1805,20171011,20171010,210232000,3406.0,28420,567138,966108880.0,3407.0,124,3406.0,69
rb1805,20171011,20171010,210232500,3407.0,28436,567150,966654000.0,3407.0,126,3406.0,71
rb1805,20171011,20171010,210233000,3406.0,28474,567166,967948600.0,3407.0,113,3406.0,68
rb1805,20171011,20171010,210233500,3406.0,28508,567168,969106820.0,3407.0,104,3406.0,89
rb1805,20171011,20171010,210234000,3407.0,28644,567076,973740300.0,3407.0,39,3406.0,115
rb1805,20171011,20171010,210234500,3408.0,28846,567106,980622480.0,3408.0,66,3407.0,14
rb1805,20171011,20171010,210235000,3408.0,28894,567096,982258300.0,3408.0,44,3407.0,79
rb1805,20171011,20171010,210235500,3407.0,28934,567126,983621460.0,3408.0,27,3407.0,79
rb1805,20171011,20171010,210236000,3409.0,29006,567134,986075360.0,3409.0,66,3408.0,7
rb1805,20171011,20171010,210236500,3409.0,29052,567136,987643300.0,3409.0,62,3408.0,10
rb1805,20171011,20171010,210237000,3408.0,29070,567132,988256780.0,3409.0,60,3408.0,9
rb1805,20171011,20171010,210237500,3408.0,29130,567142,990301820.0,3409.0,63,3408.0,2
rb1805,20171011,20171010,210238000,3408.0,29162,567122,991392360.0,3408.0,2,3407.0,137
rb1805,20171011,20171010,210238500,3408.0,29182,567124,992073980.0,3408.0,4,3407.0,135
rb1805,20171011,20171010,210239000,3408.0,29212,567120,993096360.0,3408.0,8,3407.0,101
rb1805,20171011,20171010,210239500,3408.0,29314,567112,996572200.0,3408.0,8,3407.0,85
rb1805,20171011,20171010,210240000,3408.0,29346,567100,997662760.0,3408.0,12,3407.0,85
rb1805,20171011,20171010,210240500,3408.0,29372,567102,998548740.0,3408.0,24,3407.0,81
rb1805,20171011,20171010,210241000,3408.0,29548,567148,1004545740.0,3408.0,2,3407.0,27
rb1805,20171011,20171010,210241500,3408.0,29564,567154,1005091000.0,3408.0,6,3407.0,27
rb1805,20171011,20171010,210242000,3408.0,29648,567174,1007953500.0,3409.0,306,3408.0,12
rb1805,20171011,20171010,210242500,3407.0,29684,567166,1009180260.0,3408.0,10,3407.0,36
rb1805,20171011,20171010,210243000,3408.0,29692,567168,1009452860.0,3408.0,36,3407.0,12
rb1805,20171011,20171010,210243500,3408.0,29698,567166,1009657340.0,3408.0,85,3407.0,15
rb1805,20171011,20171010,210244000,3408.0,29756,567202,1011633420.0,3408.0,109,3407.0,10
rb1805,20171011,20171010,210244500,3407.0,29802,567198,1013200660.0,3407.0,31,3406.0,107
rb1805,20171011,20171010,210245000,3407.0,29822,567186,1013882100.0,3408.0,113,3407.0,85
rb1805,20171011,20171010,210245500,3407.0,29852,567166,1014904200.0,3408.0,111,3407.0,71
rb1805,20171011,20171010,210246000,3407.0,29882,567166,1015926360.0,3408.0,105,3407.0,63
rb1805,20171011,20171010,210246500,3407.0,29884,567164,1015994500.0,3408.0,72,3407.0,62
rb1805,20171011,20171010,210247000,3408.0,29890,567162,1016198940.0,3408.0,70,3407.0,61
rb1805,20171011,20171010,210247500,3407.0,29908,567158,1016812200.0,3408.0,72,3407.0,52
rb1805,20171011,20171010,210248000,3407.0,29948,567150,1018175140.0,3408.0,69,3407.0,42
rb1805,20171011,20171010,210248500,3408.0,29982,567138,1019333820.0,3408.0,65,3407.0,41
rb1805,20171011,20171010,210249000,3407.0,30016,567118,1020492300.0,3408.0,58,3407.0,29
rb1805,20171011,20171010,210249500,3408.0,30030,567126,1020969420.0,3408.0,56,3407.0,36
rb1805,20171011,20171010,210250000,3408.0,30054,567126,1021787240.0,3408.0,48,3407.0,34
rb1805,20171011,20171010,210250500,3408.0,30064,567124,1022128040.0,3408.0,46,3407.0,40
rb1805,20171011,20171010,210251000,3408.0,30084,567132,1022809640.0,3408.0,37,3407.0,40
rb1805,20171011,20171010,210251500,3408.0,30138,567120,1024649960.0,3408.0,13,3407.0,64
rb1805,20171011,20171010,210252000,3408.0,30188,567098,1026354000.0,3409.0,314,3408.0,10
rb1805,20171011,20171010,210252500,3409.0,30422,566928,1034330860.0,3409.0,205,3408.0,15
rb1805,20171011,20171010,210253000,3408.0,30428,566922,1034535380.0,3409.0,204,3408.0,15
rb1805,20171011,20171010,210253500,3408.0,30456,566936,1035489660.0,3409.0,204,3408.0,6
rb1805,20171011,20171010,210254000,3408.0,30470,566934,1035966780.0,3409.0,206,3408.0,2
rb1805,20171011,20171010,210254500,3407.0,30484,566926,1036443860.0,3408.0,10,3407.0,135
rb1805,20171011,20171010,210255000,3408.0,30576,566992,1039579220.0,3409.0,207,3407.0,147
rb1805,20171011,20171010,210255500,3408.0,30578,566992,1039647380.0,3409.0,211,3408.0,95
rb1805,20171011,20171010,210256000,3408.0,30606,566996,1040601640.0,3409.0,210,3408.0,93
rb1805,20171011,20171010,210256500,3408.0,30610,566998,1040737960.0,3409.0,210,3408.0,91
rb1805,20171011,20171010,210257000,3408.0,30624,567010,1041215080.0,3409.0,211,3408.0,84
rb1805,20171011,20171010,210257500,3409.0,30626,567010,1041283260.0,3409.0,212,3408.0,84
rb1805,20171011,20171010,210258000,3409.0,30730,567028,1044828220.0,3409.0,180,3408.0,66
rb1805,20171011,20171010,210258500,3408.0,30752,567028,1045578180.0,3409.0,171,3408.0,66
rb1805,20171011,20171010,210259000,3409.0,30772,567018,1046259920.0,3409.0,165,3408.0,68
rb1805,20171011,20171010,210259500,3408.0,30806,566996,1047418880.0,3409.0,155,3408.0,50
rb1805,20171011,20171010,210300000,3409.0,30830,566988,1048236940.0,3409.0,151,3408.0,48
rb1805,20171011,20171010,210300500,3408.0,30846,566988,1048782240.0,3409.0,156,3408.0,41
rb1805,20171011,20171010,210301000,3409.0,30848,566988,1048850420.0,3409.0,167,3408.0,41
rb1805,20171011,20171010,210301500,3408.0,30852,566988,1048986740.0,3409.0,167,3408.0,40
rb1805,20171011,20171010,210302000,3409.0,30876,566982,1049804840.0,3409.0,151,3408.0,93
rb1805,20171011,20171010,210302500,3408.0,30932,567000,1051713620.0,3409.0,134,3408.0,82
rb1805,20171011,20171010,210303000,3408.0,31050,567002,1055736200.0,3409.0,79,3408.0,87
rb1805,20171011,20171010,210303500,3409.0,31076,566978,1056622520.0,3409.0,67,3408.0,107
rb1805,20171011,20171010,210304000,3409.0,31112,566978,1057849700.0,3409.0,53,3408.0,104
rb1805,20171011,20171010,210304500,3408.0,31192,566982,1060576480.0,3409.0,35,3408.0,83
rb1805,20171011,20171010,210305000,3409.0,31198,566986,1060781020.0,3409.0,34,3408.0,85
rb1805,20171011,20171010,210305500,3409.0,31206,566990,1061053720.0,3409.0,56,3408.0,88
rb1805,20171011,20171010,210306000,3409.0,31320,566934,1064939980.0,3410.0,133,3409.0,5
rb1805,20171011,20171010,210306500,3409.0,31352,566926,1066030860.0,3410.0,133,3409.0,37
rb1805,20171011,20171010,210307000,3409.0,31368,566926,1066576300.0,3410.0,133,3409.0,43
rb1805,20171011,20171010,210307500,3409.0,31372,566926,1066712660.0,3410.0,153,3409.0,101
rb1805,20171011,20171010,210308000,3410.0,31430,566924,1068690420.0,3410.0,131,3409.0,106
rb1805,20171011,20171010,210308500,3410.0,31604,566804,1074623800.0,3410.0,56,3409.0,111
rb1805,20171011,20171010,210309000,3409.0,31632,566822,1075578580.0,3410.0,44,3409.0,113
rb1805,20171011,20171010,210309500,3409.0,31676,566824,1077078940.0,3410.0,25,3409.0,111
rb1805,20171011,20171010,210310000,3410.0,31698,566824,1077829120.0,3410.0,22,3409.0,95
rb1805,20171011,20171010,210310500,3410.0,31702,566824,1077965500.0,3410.0,23,3409.0,96
rb1805,20171011,20171010,210311000,3410.0,31754,566814,1079738660.0,3410.0,4,3409.0,96
rb1805,20171011,20171010,210311500,3410.0,31812,566810,1081716920.0,3411.0,33,3410.0,6
rb1805,20171011,20171010,210312000,3409.0,31890,566782,1084376780.0,3410.0,27,3409.0,51
rb1805,20171011,20171010,210312500,3410.0,31970,566712,1087104640.0,3411.0,39,3410.0,46
rb1805,20171011,20171010,210313000,3410.0,32004,566690,1088264160.0,3411.0,43,3410.0,46
rb1805,20171011,20171010,210313500,3410.0,32030,566686,1089150960.0,3411.0,40,3410.0,46
rb1805,20171011,20171010,210314000,3411.0,32094,566676,1091333480.0,3411.0,37,3410.0,20
rb1805,20171011,20171010,210314500,3410.0,32176,566742,1094129660.0,3410.0,122,3409.0,30
rb1805,20171011,20171010,210315000,3410.0,32256,566750,1096857060.0,3410.0,103,3408.0,34
rb1805,20171011,20171010,210315500,3409.0,32280,566750,1097675260.0,3409.0,9,3408.0,30
rb1805,20171011,20171010,210316000,3409.0,32320,566756,1099038900.0,3410.0,115,3409.0,44
rb1805,20171011,20171010,210316500,3409.0,32422,566686,1102516080.0,3409.0,81,3408.0,31
rb1805,20171011,20171010,210317000,3409.0,32440,566704,1103129680.0,3409.0,18,3408.0,30
rb1805,20171011,20171010,210317500,3409.0,32450,566710,1103470560.0,3409.0,16,3408.0,30
rb1805,20171011,20171010,210318000,3409.0,32472,566718,1104220500.0,3409.0,31,3408.0,29
rb1805,20171011,20171010,210318500,3409.0,32482,566718,1104561400.0,3409.0,37,3408.0,29
rb1805,20171011,20171010,210319000,3409.0,32498,566734,1105106840.0,3409.0,90,3408.0,31
rb1805,20171011,20171010,210319500,3408.0,32514,566730,1105652140.0,3409.0,91,3408.0,24
rb1805,20171011,20171010,210320000,3408.0,32602,566770,1108651960.0,3409.0,52,3408.0,20
rb1805,20171011,20171010,210320500,3409.0,32620,566788,1109265520.0,3409.0,56,3408.0,18
rb1805,20171011,20171010,210321000,3408.0,32662,566826,1110696860.0,3408.0,1,3407.0,49
rb1805,20171011,20171010,210321500,3409.0,32674,566828,1111105920.0,3409.0,29,3408.0,105
rb1805,20171011,20171010,210322000,3409.0,32684,566826,1111446800.0,3409.0,23,3408.0,104
rb1805,20171011,20171010,210322500,3409.0,32706,566828,1112196760.0,3409.0,15,3408.0,103
rb1805,20171011,20171010,210323000,3409.0,32760,566814,1114037380.0,3410.0,108,3409.0,2
rb1805,20171011,20171010,210323500,3408.0,32772,566814,1114446380.0,3409.0,18,3408.0,90
rb1805,20171011,20171010,210324000,3409.0,32786,566804,1114923620.0,3409.0,11,3408.0,84
rb1805,20171011,20171010,210324500,3409.0,32788,566804,1114991800.0,3409.0,16,3408.0,85
rb1805,20171011,20171010,210325000,3408.0,32816,566810,1115946300.0,3409.0,4,3408.0,105
rb1805,20171011,20171010,210325500,3409.0,32832,566824,1116491680.0,3410.0,116,3409.0,15
rb1805,20171011,20171010,210326000,3409.0,32842,566834,1116832580.0,3410.0,111,3409.0,10
rb1805,20171011,20171010,210326500,3409.0,32866,566854,1117650740.0,3409.0,25,3408.0,132
rb1805,20171011,20171010,210327000,3409.0,32874,566858,1117923440.0,3409.0,25,3408.0,133
rb1805,20171011,20171010,210327500,3409.0,32894,566876,1118605240.0,3409.0,16,3408.0,137
rb1805,20171011,20171010,210328000,3409.0,32906,566876,1119014280.0,3409.0,23,3408.0,135
rb1805,20171011,20171010,210328500,3409.0,32908,566876,1119082460.0,3409.0,128,3408.0,126
rb1805,20171011,20171010,210329000,3408.0,33170,567010,1128011420.0,3408.0,17,3407.0,55
rb1805,20171011,20171010,210329500,3407.0,33172,567010,1128079560.0,3408.0,17,3407.0,56
rb1805,20171011,20171010,210330000,3407.0,33216,566980,1129579320.0,3408.0,1,3407.0,55
rb1805,20171011,20171010,210330500,3407.0,33258,566992,1131010440.0,3409.0,119,3407.0,46
rb1805,20171011,20171010,210331000,3407.0,33262,566996,1131146720.0,3408.0,5,3407.0,42
rb1805,20171011,20171010,210331500,3409.0,33286,566992,1131964640.0,3409.0,121,3408.0,44
rb1805,20171011,20171010,210332000,3408.0,33328,566962,1133396240.0,3409.0,109,3408.0,35
rb1805,20171011,20171010,210332500,3408.0,33330,566960,1133464400.0,3409.0,110,3408.0,35
rb1805,20171011,20171010,210333000,3408.0,33346,566960,1134009680.0,3409.0,110,3408.0,33
rb1805,20171011,20171010,210333500,3408.0,33356,566960,1134350520.0,3409.0,108,3408.0,35
rb1805,20171011,20171010,210334000,3408.0,33370,566946,1134827640.0,3409.0,108,3408.0,28
rb1805,20171011,20171010,210334500,3408.0,33378,566946,1135100320.0,3409.0,111,3408.0,24
rb1805,20171011,20171010,210335000,3409.0,33398,566946,1135782020.0,3409.0,107,3408.0,20
rb1805,20171011,20171010,210335500,3408.0,33400,566944,1135850180.0,3409.0,109,3408.0,24
rb1805,20171011,20171010,210336000,3408.0,33422,566944,1136599940.0,3409.0,115,3408.0,14
rb1805,20171011,20171010,210336500,3409.0,33430,566944,1136872600.0,3409.0,113,3408.0,12
rb1805,20171011,20171010,210337000,3408.0,33432,566944,1136940760.0,3409.0,115,3408.0,11
rb1805,20171011,20171010,210337500,3408.0,33438,566950,1137145240.0,3409.0,117,3408.0,30
rb1805,20171011,20171010,210338000,3408.0,33442,566954,1137281560.0,3409.0,117,3408.0,15
rb1805,20171011,20171010,210338500,3408.0,33442,566954,1137281560.0,3409.0,117,3408.0,15
rb1805,20171011,20171010,210339000,3408.0,33470,566972,1138235800.0,3409.0,117,3408.0,9
rb1805,20171011,20171010,210339500,3408.0,33486,566972,1138781080.0,3409.0,117,3408.0,7
rb1805,20171011,20171010,210340000,3408.0,33518,566972,1139871860.0,3408.0,8,3407.0,46
rb1805,20171011,20171010,210340500,3407.0,33530,566978,1140280800.0,3408.0,3,3407.0,45
rb1805,20171011,20171010,210341000,3407.0,33534,566974,1140417080.0,3408.0,5,3407.0,43
rb1805,20171011,20171010,210341500,3407.0,33534,566974,1140417080.0,3408.0,7,3407.0,42
rb1805,20171011,20171010,210342000,3408.0,33536,566974,1140485240.0,3408.0,6,3407.0,39
rb1805,20171011,20171010,210342500,3407.0,33540,566974,1140621540.0,3408.0,11,3407.0,39
rb1805,20171011,20171010,210343000,3408.0,33550,566976,1140962300.0,3408.0,22,3407.0,37
rb1805,20171011,20171010,210343500,3408.0,33568,566982,1141575740.0,3408.0,23,3407.0,43
rb1805,20171011,20171010,210344000,3408.0,33570,566984,1141643900.0,3408.0,22,3407.0,43
rb1805,20171011,20171010,210344500,3408.0,33572,566986,1141712060.0,3408.0,21,3407.0,44
rb1805,20171011,20171010,210345000,3408.0,33616,567030,1143211580.0,3409.0,173,3408.0,78
rb1805,20171011,20171010,210345500,3408.0,33618,567030,1143279740.0,3409.0,173,3408.0,78
rb1805,20171011,20171010,210346000,3408.0,33624,567034,1143484220.0,3409.0,173,3408.0,75
rb1805,20171011,20171010,210346500,3408.0,33636,567038,1143893180.0,3409.0,173,3408.0,69
rb1805,20171011,20171010,210347000,3408.0,33640,567042,1144029500.0,3409.0,173,3408.0,68
rb1805,20171011,20171010,210347500,3408.0,33650,567050,1144370320.0,3409.0,172,3408.0,64
rb1805,20171011,20171010,210348000,3408.0,33716,567052,1146620140.0,3409.0,146,3408.0,59
rb1805,20171011,20171010,210348500,3408.0,33718,567054,1146688300.0,3409.0,146,3408.0,58
rb1805,20171011,20171010,210349000,3408.0,33718,567054,1146688300.0,3409.0,146,3408.0,61
rb1805,20171011,20171010,210349500,3409.0,33722,567056,1146824640.0,3409.0,145,3408.0,67
rb1805,20171011,20171010,210350000,3408.0,33858,567046,1151459520.0,3408.0,14,3407.0,180
rb1805,20171011,20171010,210350500,3408.0,33896,567020,1152754560.0,3409.0,104,3408.0,49
rb1805,20171011,20171010,210351000,3409.0,33898,567020,1152822740.0,3409.0,104,3408.0,59
rb1805,20171011,20171010,210351500,3408.0,33908,567010,1153163540.0,3409.0,104,3408.0,40
rb1805,20171011,20171010,210352000,3408.0,33940,566978,1154254200.0,3409.0,94,3408.0,45
rb1805,20171011,20171010,210352500,3408.0,33982,566970,1155685720.0,3409.0,96,3408.0,39
rb1805,20171011,20171010,210353000,3409.0,33992,566970,1156026620.0,3409.0,93,3408.0,39
rb1805,20171011,20171010,210353500,3408.0,34012,566968,1156708400.0,3409.0,84,3408.0,42
rb1805,20171011,20171010,210354000,3409.0,34182,566894,1162503700.0,3410.0,328,3409.0,62
rb1805,20171011,20171010,210354500,3409.0,34184,566896,1162571880.0,3410.0,329,3409.0,65
rb1805,20171011,20171010,210355000,3409.0,34188,566898,1162708240.0,3410.0,328,3409.0,65
rb1805,20171011,20171010,210355500,3409.0,34188,566898,1162708240.0,3410.0,330,3409.0,65
rb1805,20171011,20171010,210356000,3409.0,34196,566900,1162981000.0,3410.0,305,3409.0,22
rb1805,20171011,20171010,210356500,3410.0,34198,566898,1163049200.0,3410.0,304,3409.0,22
rb1805,20171011,20171010,210357000,3409.0,34202,566900,1163185580.0,3410.0,303,3409.0,39
rb1805,20171011,20171010,210357500,3409.0,34202,566900,1163185580.0,3410.0,303,3409.0,45
rb1805,20171011,20171010,210358000,3409.0,34228,566898,1164071920.0,3410.0,303,3409.0,32
rb1805,20171011,20171010,210358500,3410.0,34248,566916,1164753920.0,3410.0,294,3409.0,34
rb1805,20171011,20171010,210359000,3409.0,34330,566866,1167549300.0,3409.0,123,3408.0,46
rb1805,20171011,20171010,210359500,3409.0,34426,566950,1170821020.0,3409.0,98,3407.0,180
rb1805,20171011,20171010,210400000,3409.0,34428,566950,1170889200.0,3408.0,1,3407.0,180
rb1805,20171011,20171010,210400500,3409.0,34428,566950,1170889200.0,3408.0,3,3407.0,180
rb1805,20171011,20171010,210401000,3409.0,34436,566950,1171161860.0,3409.0,91,3408.0,29
rb1805,20171011,20171010,210401500,3409.0,34436,566950,1171161860.0,3409.0,96,3408.0,30
rb1805,20171011,20171010,210402000,3409.0,34446,566944,1171502680.0,3409.0,101,3408.0,66
rb1805,20171011,20171010,210402500,3409.0,34646,566972,1178320680.0,3410.0,304,3408.0,81
rb1805,20171011,20171010,210403000,3410.0,34656,566980,1178661680.0,3410.0,292,3409.0,31
rb1805,20171011,20171010,210403500,3410.0,34714,566950,1180639480.0,3410.0,264,3409.0,63
rb1805,20171011,20171010,210404000,3409.0,34888,566900,1186572860.0,3410.0,185,3409.0,65
rb1805,20171011,20171010,210404500,3410.0,35260,566848,1199258060.0,3411.0,35,3410.0,35
rb1805,20171011,20171010,210405000,3411.0,35328,566880,1201577500.0,3412.0,83,3411.0,1
rb1805,20171011,20171010,210405500,3411.0,35332,566880,1201713940.0,3412.0,85,3411.0,39
rb1805,20171011,20171010,210406000,3412.0,35396,566852,1203897540.0,3412.0,58,3411.0,55
rb1805,20171011,20171010,210406500,3415.0,35808,566586,1217960240.0,3415.0,127,3414.0,9
rb1805,20171011,20171010,210407000,3414.0,36002,566518,1224583340.0,3414.0,111,3413.0,22
rb1805,20171011,20171010,210407500,3413.0,36082,566494,1227313720.0,3413.0,8,3412.0,32
rb1805,20171011,20171010,210408000,3413.0,36108,566478,1228201080.0,3414.0,73,3413.0,8
rb1805,20171011,20171010,210408500,3413.0,36132,566478,1229020200.0,3413.0,19,3412.0,28
rb1805,20171011,20171010,210409000,3412.0,36138,566478,1229224940.0,3413.0,9,3412.0,30
rb1805,20171011,20171010,210409500,3413.0,36186,566452,1230862720.0,3413.0,14,3412.0,9
rb1805,20171011,20171010,210410000,3412.0,36188,566454,1230930960.0,3413.0,28,3412.0,8
rb1805,20171011,20171010,210410500,3413.0,36214,566456,1231818180.0,3413.0,76,3411.0,45
rb1805,20171011,20171010,210411000,3413.0,36220,566458,1232022920.0,3413.0,79,3411.0,94
rb1805,20171011,20171010,210411500,3413.0,36258,566440,1233319840.0,3413.0,46,3412.0,21
rb1805,20171011,20171010,210412000,3412.0,36286,566444,1234275360.0,3413.0,37,3412.0,15
rb1805,20171011,20171010,210412500,3411.0,36306,566450,1234957740.0,3412.0,19,3411.0,94
rb1805,20171011,20171010,210413000,3412.0,36438,566412,1239462100.0,3413.0,15,3412.0,44
rb1805,20171011,20171010,210413500,3412.0,36442,566410,1239598580.0,3413.0,10,3412.0,50
rb1805,20171011,20171010,210414000,3412.0,36442,566410,1239598580.0,3413.0,209,3412.0,40
rb1805,20171011,20171010,210414500,3411.0,36536,566348,1242805820.0,3412.0,52,3411.0,83
rb1805,20171011,20171010,210415000,3411.0,36544,566344,1243078760.0,3412.0,28,3411.0,83
rb1805,20171011,20171010,210415500,3412.0,36554,566354,1243419920.0,3412.0,20,3411.0,31
rb1805,20171011,20171010,210416000,3412.0,36636,566304,1246217100.0,3412.0,14,3411.0,4
rb1805,20171011,20171010,210416500,3411.0,36652,566296,1246762860.0,3411.0,43,3410.0,23
rb1805,20171011,20171010,210417000,3410.0,36666,566294,1247240340.0,3411.0,42,3410.0,24
rb1805,20171011,20171010,210417500,3411.0,36686,566296,1247922540.0,3411.0,30,3410.0,31
rb1805,20171011,20171010,210418000,3411.0,36698,566294,1248331860.0,3411.0,25,3410.0,32
rb1805,20171011,20171010,210418500,3411.0,36706,566288,1248604740.0,3411.0,24,3410.0,36
rb1805,20171011,20171010,210419000,3410.0,36746,566326,1249968740.0,3411.0,27,3410.0,19
rb1805,20171011,20171010,210419500,3410.0,36752,566322,1250173380.0,3411.0,32,3410.0,36
rb1805,20171011,20171010,210420000,3410.0,36760,566320,1250446200.0,3411.0,26,3410.0,39
rb1805,20171011,20171010,210420500,3410.0,36838,566270,1253106020.0,3410.0,3,3409.0,95
rb1805,20171011,20171010,210421000,3410.0,36852,566258,1253583480.0,3411.0,22,3409.0,96
rb1805,20171011,20171010,210421500,3410.0,36854,566260,1253651680.0,3411.0,22,3410.0,7
rb1805,20171011,20171010,210422000,3411.0,36868,566250,1254129220.0,3411.0,16,3410.0,9
rb1805,20171011,20171010,210422500,3410.0,36870,566250,1254197420.0,3411.0,34,3410.0,11
rb1805,20171011,20171010,210423000,3411.0,36880,566250,1254538520.0,3411.0,29,3410.0,18
rb1805,20171011,20171010,210423500,3411.0,36884,566246,1254674960.0,3411.0,28,3410.0,20
rb1805,20171011,20171010,210424000,3411.0,36888,566250,1254811400.0,3411.0,33,3410.0,25
rb1805,20171011,20171010,210424500,3411.0,36906,566258,1255425280.0,3411.0,30,3410.0,22
rb1805,20171011,20171010,210425000,3411.0,36906,566258,1255425280.0,3411.0,35,3410.0,16
rb1805,20171011,20171010,210425500,3411.0,36922,566264,1255970900.0,3411.0,37,3410.0,13
rb1805,20171011,20171010,210426000,3410.0,36952,566276,1256993940.0,3410.0,251,3409.0,102
rb1805,20171011,20171010,210426500,3410.0,37102,566338,1262107540.0,3410.0,246,3409.0,34
rb1805,20171011,20171010,210427000,3409.0,37190,566396,1265107460.0,3409.0,148,3408.0,64
rb1805,20171011,20171010,210427500,3409.0,37204,566398,1265584660.0,3409.0,129,3408.0,59
rb1805,20171011,20171010,210428000,3409.0,37212,566400,1265857360.0,3409.0,92,3408.0,83
rb1805,20171011,20171010,210428500,3408.0,37294,566460,1268652320.0,3409.0,52,3408.0,60
rb1805,20171011,20171010,210429000,3408.0,37366,566464,1271106080.0,3409.0,64,3408.0,25
rb1805,20171011,20171010,210429500,3408.0,37378,566464,1271515140.0,3409.0,52,3408.0,26
rb1805,20171011,20171010,210430000,3408.0,37390,566466,1271924120.0,3409.0,53,3408.0,23
rb1805,20171011,20171010,210430500,3408.0,37398,566472,1272196820.0,3409.0,50,3408.0,26
rb1805,20171011,20171010,210431000,3408.0,37400,566474,1272264980.0,3409.0,42,3408.0,44
rb1805,20171011,20171010,210431500,3409.0,37410,566482,1272605880.0,3409.0,23,3408.0,55
rb1805,20171011,20171010,210432000,3409.0,37458,566468,1274242200.0,3410.0,252,3409.0,70
rb1805,20171011,20171010,210432500,3409.0,37460,566468,1274310380.0,3410.0,252,3409.0,57
rb1805,20171011,20171010,210433000,3409.0,37462,566466,1274378560.0,3410.0,257,3409.0,1
rb1805,20171011,20171010,210433500,3408.0,37466,566466,1274514900.0,3409.0,8,3408.0,66
rb1805,20171011,20171010,210434000,3409.0,37500,566464,1275674120.0,3410.0,249,3409.0,11
rb1805,20171011,20171010,210434500,3409.0,37518,566460,1276287740.0,3409.0,11,3408.0,72
rb1805,20171011,20171010,210435000,3409.0,37526,566452,1276560460.0,3409.0,7,3408.0,72
rb1805,20171011,20171010,210435500,3409.0,37554,566448,1277514980.0,3410.0,245,3409.0,68
rb1805,20171011,20171010,210436000,3409.0,37554,566448,1277514980.0,3410.0,246,3409.0,57
rb1805,20171011,20171010,210436500,3409.0,37564,566450,1277855880.0,3410.0,258,3409.0,17
rb1805,20171011,20171010,210437000,3409.0,37598,566430,1279014940.0,3410.0,253,3409.0,1
rb1805,20171011,20171010,210437500,3409.0,37598,566430,1279014940.0,3410.0,253,3409.0,16
rb1805,20171011,20171010,210438000,3409.0,37604,566434,1279219520.0,3410.0,250,3409.0,18
rb1805,20171011,20171010,210438500,3409.0,37608,566436,1279355880.0,3410.0,250,3409.0,18
rb1805,20171011,20171010,210439000,3410.0,37610,566436,1279424080.0,3410.0,255,3409.0,19
rb1805,20171011,20171010,210439500,3409.0,37658,566430,1281060400.0,3409.0,24,3408.0,138
rb1805,20171011,20171010,210440000,3409.0,37660,566432,1281128580.0,3409.0,17,3408.0,138
rb1805,20171011,20171010,210440500,3409.0,37666,566432,1281333120.0,3409.0,15,3408.0,139
rb1805,20171011,20171010,210441000,3409.0,37672,566438,1281537660.0,3409.0,14,3408.0,141
rb1805,20171011,20171010,210441500,3409.0,37700,566440,1282492180.0,3409.0,2,3408.0,141
rb1805,20171011,20171010,210442000,3410.0,37710,566442,1282833140.0,3410.0,253,3409.0,8
rb1805,20171011,20171010,210442500,3409.0,37744,566434,1283992040.0,3409.0,8,3408.0,134
rb1805,20171011,20171010,210443000,3409.0,37752,566434,1284264760.0,3410.0,253,3408.0,133
rb1805,20171011,20171010,210443500,3410.0,37758,566440,1284469340.0,3410.0,251,3409.0,9
rb1805,20171011,20171010,210444000,3409.0,37760,566442,1284537520.0,3410.0,251,3409.0,8
rb1805,20171011,20171010,210444500,3409.0,37760,566442,1284537520.0,3410.0,251,3409.0,17
rb1805,20171011,20171010,210445000,3409.0,37794,566442,1285696580.0,3410.0,262,3409.0,1
rb1805,20171011,20171010,210445500,3410.0,37798,566444,1285832960.0,3410.0,261,3409.0,1
rb1805,20171011,20171010,210446000,3410.0,37806,566446,1286105740.0,3410.0,259,3408.0,166
rb1805,20171011,20171010,210446500,3409.0,37810,566446,1286242080.0,3409.0,4,3408.0,166
rb1805,20171011,20171010,210447000,3409.0,37830,566438,1286923900.0,3410.0,257,3409.0,9
rb1805,20171011,20171010,210447500,3409.0,37836,566440,1287128460.0,3410.0,252,3409.0,3
rb1805,20171011,20171010,210448000,3409.0,37846,566444,1287469360.0,3409.0,1,3408.0,168
rb1805,20171011,20171010,210448500,3409.0,37852,566440,1287673900.0,3410.0,248,3409.0,9
rb1805,20171011,20171010,210449000,3410.0,37860,566440,1287946660.0,3410.0,247,3409.0,7
rb1805,20171011,20171010,210449500,3409.0,37872,566440,1288355740.0,3409.0,1,3408.0,186
rb1805,20171011,20171010,210450000,3409.0,37874,566442,1288423920.0,3410.0,249,3409.0,8
rb1805,20171011,20171010,210450500,3410.0,37886,566444,1288833020.0,3410.0,248,3409.0,8
rb1805,20171011,20171010,210451000,3409.0,37902,566440,1289378460.0,3409.0,14,3408.0,186
rb1805,20171011,20171010,210451500,3409.0,37914,566440,1289787540.0,3409.0,10,3408.0,181
rb1805,20171011,20171010,210452000,3409.0,37914,566440,1289787540.0,3409.0,11,3408.0,181
rb1805,20171011,20171010,210452500,3409.0,37932,566440,1290401160.0,3409.0,17,3408.0,183
rb1805,20171011,20171010,210453000,3409.0,37938,566444,1290605700.0,3409.0,19,3408.0,183
rb1805,20171011,20171010,210453500,3409.0,37944,566450,1290810240.0,3409.0,23,3408.0,183
rb1805,20171011,20171010,210454000,3409.0,37970,566452,1291696580.0,3409.0,11,3408.0,183
rb1805,20171011,20171010,210454500,3409.0,37972,566454,1291764760.0,3409.0,10,3408.0,192
rb1805,20171011,20171010,210455000,3408.0,37978,566458,1291969260.0,3409.0,19,3408.0,240
rb1805,20171011,20171010,210455500,3409.0,37980,566458,1292037440.0,3409.0,19,3408.0,240
rb1805,20171011,20171010,210456000,3409.0,37980,566458,1292037440.0,3409.0,20,3408.0,243
rb1805,20171011,20171010,210456500,3409.0,37982,566460,1292105620.0,3409.0,22,3408.0,243
rb1805,20171011,20171010,210457000,3409.0,37988,566458,1292310160.0,3409.0,20,3408.0,243
rb1805,20171011,20171010,210457500,3409.0,38032,566488,1293810120.0,3410.0,267,3409.0,9
rb1805,20171011,20171010,210458000,3409.0,38044,566500,1294219200.0,3410.0,261,3409.0,12
rb1805,20171011,20171010,210458500,3409.0,38044,566500,1294219200.0,3410.0,259,3409.0,12
rb1805,20171011,20171010,210459000,3409.0,38046,566500,1294287380.0,3410.0,274,3409.0,5
rb1805,20171011,20171010,210459500,3409.0,38058,566494,1294696460.0,3409.0,39,3408.0,247
rb1805,20171011,20171010,210500000,3409.0,38058,566494,1294696460.0,3409.0,28,3408.0,248
rb1805,20171011,20171010,210500500,3409.0,38068,566492,1295037340.0,3409.0,124,3408.0,247
rb1805,20171011,20171010,210501000,3409.0,38078,566498,1295378180.0,3409.0,135,3408.0,240
rb1805,20171011,20171010,210501500,3408.0,38218,566550,1300149380.0,3409.0,135,3408.0,171
rb1805,20171011,20171010,210502000,3408.0,38602,566640,1313236100.0,3408.0,40,3407.0,218
rb1805,20171011,20171010,210502500,3408.0,38628,566618,1314122080.0,3408.0,36,3407.0,212
rb1805,20171011,20171010,210503000,3409.0,38730,566622,1317599200.0,3408.0,1,3407.0,211
rb1805,20171011,20171010,210503500,3408.0,38780,566636,1319303200.0,3409.0,122,3408.0,15
rb1805,20171011,20171010,210504000,3408.0,38812,566626,1320393760.0,3409.0,127,3407.0,210
rb1805,20171011,20171010,210504500,3407.0,38822,566630,1320734480.0,3409.0,127,3407.0,206
rb1805,20171011,20171010,210505000,3407.0,39250,566996,1335316440.0,3407.0,288,3406.0,304
rb1805,20171011,20171010,210505500,3407.0,39306,566986,1337224140.0,3407.0,273,3406.0,301
rb1805,20171011,20171010,210506000,3407.0,39320,566986,1337701120.0,3407.0,286,3406.0,296
rb1805,20171011,20171010,210506500,3406.0,39346,566994,1338586900.0,3407.0,283,3406.0,294
rb1805,20171011,20171010,210507000,3407.0,39358,566996,1338995680.0,3407.0,281,3406.0,288
rb1805,20171011,20171010,210507500,3406.0,39458,567076,1342402560.0,3407.0,238,3406.0,282
rb1805,20171011,20171010,210508000,3406.0,39928,567466,1358415060.0,3407.0,24,3406.0,266
rb1805,20171011,20171010,210508500,3407.0,39984,567464,1360322980.0,3408.0,2,3407.0,45
rb1805,20171011,20171010,210509000,3406.0,40020,567458,1361549740.0,3408.0,9,3406.0,262
rb1805,20171011,20171010,210509500,3407.0,40028,567458,1361822320.0,3407.0,1,3406.0,261
rb1805,20171011,20171010,210510000,3406.0,40030,567458,1361890440.0,3407.0,6,3406.0,260
rb1805,20171011,20171010,210510500,3406.0,40038,567464,1362162980.0,3407.0,13,3406.0,267
rb1805,20171011,20171010,210511000,3406.0,40080,567468,1363593640.0,3407.0,7,3406.0,254
rb1805,20171011,20171010,210511500,3407.0,40090,567474,1363934300.0,3407.0,4,3406.0,253
rb1805,20171011,20171010,210512000,3407.0,40092,567474,1364002440.0,3407.0,3,3406.0,255
rb1805,20171011,20171010,210512500,3406.0,40094,567474,1364070560.0,3407.0,6,3406.0,256
rb1805,20171011,20171010,210513000,3406.0,40110,567468,1364615560.0,3407.0,7,3406.0,251
rb1805,20171011,20171010,210513500,3406.0,40170,567438,1366659560.0,3407.0,1,3406.0,241
rb1805,20171011,20171010,210514000,3406.0,40218,567446,1368294440.0,3407.0,4,3406.0,218
rb1805,20171011,20171010,210514500,3406.0,40286,567446,1370610520.0,3407.0,16,3406.0,184
rb1805,20171011,20171010,210515000,3406.0,40292,567444,1370814880.0,3407.0,17,3406.0,201
rb1805,20171011,20171010,210515500,3406.0,40402,567416,1374561480.0,3407.0,30,3406.0,146
rb1805,20171011,20171010,210516000,3406.0,40698,567294,1384643280.0,3406.0,153,3405.0,130
rb1805,20171011,20171010,210516500,3405.0,40704,567294,1384847580.0,3406.0,154,3405.0,134
rb1805,20171011,20171010,210517000,3406.0,40734,567284,1385869120.0,3406.0,153,3405.0,125
rb1805,20171011,20171010,210517500,3406.0,40740,567288,1386073440.0,3406.0,153,3405.0,123
rb1805,20171011,20171010,210518000,3405.0,40752,567290,1386482040.0,3406.0,164,3405.0,119
rb1805,20171011,20171010,210518500,3405.0,40782,567288,1387503540.0,3406.0,166,3405.0,104
rb1805,20171011,20171010,210519000,3405.0,40796,567282,1387980260.0,3406.0,168,3405.0,99
rb1805,20171011,20171010,210519500,3405.0,40818,567302,1388729360.0,3406.0,169,3405.0,91
rb1805,20171011,20171010,210520000,3405.0,40826,567310,1389001760.0,3406.0,170,3405.0,87
rb1805,20171011,20171010,210520500,3405.0,40876,567314,1390704520.0,3406.0,157,3405.0,80
rb1805,20171011,20171010,210521000,3405.0,40882,567318,1390908820.0,3406.0,158,3405.0,78
rb1805,20171011,20171010,210521500,3405.0,40900,567332,1391521740.0,3406.0,158,3405.0,70
rb1805,20171011,20171010,210522000,3406.0,40902,567332,1391589860.0,3406.0,157,3405.0,82
rb1805,20171011,20171010,210522500,3405.0,40908,567332,1391794180.0,3406.0,156,3405.0,84
rb1805,20171011,20171010,210523000,3405.0,40914,567336,1391998480.0,3406.0,156,3405.0,96
rb1805,20171011,20171010,210523500,3405.0,40924,567346,1392338980.0,3406.0,156,3405.0,105
rb1805,20171011,20171010,210524000,3405.0,40928,567346,1392475200.0,3406.0,157,3405.0,105
rb1805,20171011,20171010,210524500,3405.0,40944,567358,1393020020.0,3406.0,156,3405.0,98
rb1805,20171011,20171010,210525000,3406.0,41026,567338,1395812940.0,3406.0,124,3405.0,103
rb1805,20171011,20171010,210525500,3405.0,41032,567338,1396017260.0,3406.0,123,3405.0,102
rb1805,20171011,20171010,210526000,3406.0,41038,567342,1396221580.0,3406.0,122,3405.0,100
rb1805,20171011,20171010,210526500,3405.0,41046,567346,1396493980.0,3406.0,122,3405.0,98
rb1805,20171011,20171010,210527000,3405.0,41048,567348,1396562080.0,3406.0,123,3405.0,97
rb1805,20171011,20171010,210527500,3405.0,41048,567348,1396562080.0,3406.0,131,3405.0,97
rb1805,20171011,20171010,210528000,3405.0,41052,567352,1396698280.0,3406.0,131,3405.0,102
rb1805,20171011,20171010,210528500,3405.0,41054,567352,1396766380.0,3406.0,131,3405.0,101
rb1805,20171011,20171010,210529000,3405.0,41154,567398,1400171380.0,3406.0,133,3405.0,52
rb1805,20171011,20171010,210529500,3405.0,41198,567370,1401669920.0,3406.0,115,3405.0,89
rb1805,20171011,20171010,210530000,3405.0,41260,567378,1403781380.0,3406.0,100,3405.0,78
rb1805,20171011,20171010,210530500,3405.0,41260,567378,1403781380.0,3406.0,100,3405.0,79
rb1805,20171011,20171010,210531000,3405.0,41286,567374,1404666760.0,3406.0,96,3405.0,94
rb1805,20171011,20171010,210531500,3405.0,41286,567374,1404666760.0,3406.0,96,3405.0,95
rb1805,20171011,20171010,210532000,3405.0,41288,567376,1404734860.0,3406.0,99,3405.0,95
rb1805,20171011,20171010,210532500,3405.0,41290,567376,1404802960.0,3406.0,100,3405.0,94
rb1805,20171011,20171010,210533000,3405.0,41302,567364,1405211580.0,3406.0,129,3405.0,90
rb1805,20171011,20171010,210533500,3406.0,41360,567340,1407186580.0,3406.0,129,3405.0,66
rb1805,20171011,20171010,210534000,3406.0,41366,567340,1407390920.0,3406.0,127,3405.0,65
rb1805,20171011,20171010,210534500,3405.0,41500,567296,1411953640.0,3405.0,14,3404.0,43
rb1805,20171011,20171010,210535000,3405.0,41500,567296,1411953640.0,3405.0,14,3404.0,46
rb1805,20171011,20171010,210535500,3405.0,41506,567300,1412157940.0,3405.0,11,3404.0,46
rb1805,20171011,20171010,210536000,3405.0,41506,567300,1412157940.0,3405.0,17,3404.0,46
rb1805,20171011,20171010,210536500,3405.0,41518,567304,1412566540.0,3405.0,5,3404.0,50
rb1805,20171011,20171010,210537000,3405.0,41530,567306,1412975120.0,3406.0,124,3405.0,7
rb1805,20171011,20171010,210537500,3405.0,41558,567294,1413928400.0,3405.0,38,3404.0,41
rb1805,20171011,20171010,210538000,3405.0,41580,567272,1414677500.0,3405.0,7,3404.0,47
rb1805,20171011,20171010,210538500,3405.0,41598,567278,1415290420.0,3406.0,121,3405.0,100
rb1805,20171011,20171010,210539000,3405.0,41618,567276,1415971560.0,3406.0,116,3405.0,62
rb1805,20171011,20171010,210539500,3405.0,41620,567278,1416039660.0,3406.0,116,3405.0,62
rb1805,20171011,20171010,210540000,3406.0,41626,567274,1416244000.0,3406.0,114,3405.0,65
rb1805,20171011,20171010,210540500,3405.0,41650,567270,1417061200.0,3406.0,120,3405.0,47
rb1805,20171011,20171010,210541000,3405.0,41654,567270,1417197400.0,3406.0,121,3405.0,50
rb1805,20171011,20171010,210541500,3405.0,41668,567258,1417674100.0,3406.0,128,3405.0,39
rb1805,20171011,20171010,210542000,3405.0,41680,567258,1418082700.0,3406.0,128,3405.0,33
rb1805,20171011,20171010,210542500,3405.0,41682,567256,1418150800.0,3406.0,128,3405.0,37
rb1805,20171011,20171010,210543000,3405.0,41684,567256,1418218900.0,3406.0,128,3405.0,38
rb1805,20171011,20171010,210543500,3406.0,41686,567254,1418287020.0,3406.0,137,3405.0,37
rb1805,20171011,20171010,210544000,3405.0,41690,567254,1418423240.0,3406.0,136,3405.0,44
rb1805,20171011,20171010,210544500,3406.0,41694,567254,1418559480.0,3406.0,133,3405.0,72
rb1805,20171011,20171010,210545000,3405.0,41696,567254,1418627580.0,3406.0,134,3405.0,72
rb1805,20171011,20171010,210545500,3405.0,41698,567254,1418695680.0,3406.0,134,3405.0,73
rb1805,20171011,20171010,210546000,3405.0,41698,567254,1418695680.0,3406.0,134,3405.0,74
rb1805,20171011,20171010,210546500,3405.0,41698,567254,1418695680.0,3406.0,134,3405.0,74
rb1805,20171011,20171010,210547000,3405.0,41726,567238,1419649080.0,3406.0,135,3405.0,60
rb1805,20171011,20171010,210547500,3405.0,41726,567238,1419649080.0,3406.0,136,3405.0,62
rb1805,20171011,20171010,210548000,3405.0,41726,567238,1419649080.0,3406.0,135,3405.0,63
rb1805,20171011,20171010,210548500,3405.0,41730,567238,1419785280.0,3406.0,135,3405.0,61
rb1805,20171011,20171010,210549000,3405.0,41730,567238,1419785280.0,3406.0,135,3405.0,61
rb1805,20171011,20171010,210549500,3406.0,41812,567224,1422577880.0,3406.0,110,3405.0,46
rb1805,20171011,20171010,210550000,3405.0,41814,567224,1422645980.0,3406.0,111,3405.0,45
rb1805,20171011,20171010,210550500,3405.0,41818,567224,1422782180.0,3406.0,111,3405.0,50
rb1805,20171011,20171010,210551000,3405.0,41818,567224,1422782180.0,3406.0,111,3405.0,50
rb1805,20171011,20171010,210551500,3405.0,41888,567282,1425165680.0,3406.0,105,3405.0,16
rb1805,20171011,20171010,210552000,3405.0,41888,567282,1425165680.0,3406.0,105,3405.0,25
rb1805,20171011,20171010,210552500,3405.0,41888,567282,1425165680.0,3406.0,105,3405.0,26
rb1805,20171011,20171010,210553000,3405.0,41918,567292,1426187180.0,3406.0,97,3405.0,14
rb1805,20171011,20171010,210553500,3405.0,41938,567310,1426868180.0,3406.0,97,3405.0,4
rb1805,20171011,20171010,210554000,3405.0,41938,567310,1426868180.0,3406.0,99,3405.0,4
rb1805,20171011,20171010,210554500,3405.0,41948,567316,1427208680.0,3405.0,2,3404.0,239
rb1805,20171011,20171010,210555000,3405.0,41954,567318,1427412980.0,3406.0,99,3405.0,1
rb1805,20171011,20171010,210555500,3405.0,41960,567320,1427617260.0,3405.0,6,3404.0,234
rb1805,20171011,20171010,210556000,3406.0,41974,567330,1428093980.0,3406.0,99,3404.0,242
rb1805,20171011,20171010,210556500,3406.0,41976,567332,1428162100.0,3406.0,100,3404.0,234
rb1805,20171011,20171010,210557000,3406.0,41976,567332,1428162100.0,3405.0,7,3404.0,225
rb1805,20171011,20171010,210557500,3404.0,41978,567334,1428230180.0,3405.0,12,3404.0,224
rb1805,20171011,20171010,210558000,3405.0,41990,567332,1428638700.0,3405.0,8,3404.0,220
rb1805,20171011,20171010,210558500,3405.0,42036,567350,1430204800.0,3406.0,111,3405.0,9
rb1805,20171011,20171010,210559000,3405.0,42056,567364,1430885820.0,3406.0,110,3404.0,223
rb1805,20171011,20171010,210559500,3406.0,42058,567364,1430953940.0,3406.0,108,3404.0,222
rb1805,20171011,20171010,210600000,3406.0,42058,567364,1430953940.0,3406.0,108,3405.0,3
rb1805,20171011,20171010,210600500,3405.0,42072,567378,1431430660.0,3406.0,107,3405.0,9
rb1805,20171011,20171010,210601000,3405.0,42072,567378,1431430660.0,3406.0,107,3405.0,9
rb1805,20171011,20171010,210601500,3404.0,42120,567410,1433064780.0,3405.0,13,3404.0,209
rb1805,20171011,20171010,210602000,3405.0,42288,567480,1438784220.0,3405.0,19,3404.0,158
rb1805,20171011,20171010,210602500,3405.0,42300,567492,1439192820.0,3405.0,13,3404.0,157
rb1805,20171011,20171010,210603000,3405.0,42300,567492,1439192820.0,3405.0,25,3404.0,159
rb1805,20171011,20171010,210603500,3404.0,42306,567492,1439397060.0,3405.0,25,3404.0,170
rb1805,20171011,20171010,210604000,3405.0,42358,567490,1441167660.0,3406.0,106,3405.0,100
rb1805,20171011,20171010,210604500,3405.0,42360,567490,1441235760.0,3406.0,106,3405.0,99
rb1805,20171011,20171010,210605000,3405.0,42438,567470,1443892420.0,3406.0,67,3405.0,104
rb1805,20171011,20171010,210605500,3405.0,42574,567522,1448523920.0,3406.0,32,3405.0,82
rb1805,20171011,20171010,210606000,3406.0,42598,567544,1449341360.0,3406.0,20,3405.0,90
rb1805,20171011,20171010,210606500,3406.0,42618,567544,1450022560.0,3406.0,15,3405.0,97
rb1805,20171011,20171010,210607000,3406.0,42620,567544,1450090680.0,3406.0,17,3405.0,92
rb1805,20171011,20171010,210607500,3405.0,42630,567544,1450431220.0,3406.0,16,3405.0,89
rb1805,20171011,20171010,210608000,3405.0,42630,567544,1450431220.0,3406.0,16,3405.0,90
rb1805,20171011,20171010,210608500,3405.0,42762,567420,1454925820.0,3406.0,16,3405.0,25
rb1805,20171011,20171010,210609000,3405.0,42866,567416,1458466620.0,3405.0,50,3404.0,190
rb1805,20171011,20171010,210609500,3406.0,42884,567426,1459079620.0,3406.0,34,3404.0,190
rb1805,20171011,20171010,210610000,3404.0,42888,567428,1459215820.0,3406.0,24,3405.0,51
rb1805,20171011,20171010,210610500,3405.0,42990,567488,1462688920.0,3405.0,6,3404.0,189
rb1805,20171011,20171010,210611000,3405.0,42990,567488,1462688920.0,3405.0,9,3404.0,189
rb1805,20171011,20171010,210611500,3405.0,42990,567488,1462688920.0,3405.0,14,3404.0,190
rb1805,20171011,20171010,210612000,3405.0,42992,567488,1462757020.0,3405.0,30,3404.0,190
rb1805,20171011,20171010,210612500,3405.0,43016,567474,1463574220.0,3405.0,40,3404.0,191
rb1805,20171011,20171010,210613000,3405.0,43040,567480,1464391420.0,3405.0,29,3404.0,195
rb1805,20171011,20171010,210613500,3405.0,43040,567480,1464391420.0,3405.0,30,3404.0,197
rb1805,20171011,20171010,210614000,3405.0,43046,567484,1464595700.0,3405.0,29,3404.0,196
rb1805,20171011,20171010,210614500,3405.0,43056,567494,1464936200.0,3405.0,24,3404.0,198
rb1805,20171011,20171010,210615000,3405.0,43056,567494,1464936200.0,3405.0,25,3404.0,198
rb1805,20171011,20171010,210615500,3404.0,43058,567494,1465004280.0,3405.0,87,3404.0,199
rb1805,20171011,20171010,210616000,3405.0,43060,567496,1465072380.0,3405.0,86,3404.0,199
rb1805,20171011,20171010,210616500,3404.0,43366,567744,1475488660.0,3405.0,84,3404.0,48
rb1805,20171011,20171010,210617000,3405.0,43374,567752,1475761060.0,3405.0,80,3404.0,48
rb1805,20171011,20171010,210617500,3405.0,43430,567766,1477667320.0,3405.0,88,3404.0,25
rb1805,20171011,20171010,210618000,3403.0,43474,567758,1479165060.0,3404.0,35,3403.0,178
rb1805,20171011,20171010,210618500,3403.0,43528,567724,1481002800.0,3404.0,43,3403.0,157
rb1805,20171011,20171010,210619000,3404.0,43584,567720,1482909000.0,3404.0,19,3403.0,155
rb1805,20171011,20171010,210619500,3404.0,43586,567718,1482977080.0,3404.0,22,3403.0,155
rb1805,20171011,20171010,210620000,3403.0,43614,567708,1483929960.0,3404.0,21,3403.0,143
rb1805,20171011,20171010,210620500,3404.0,43626,567712,1484338440.0,3404.0,15,3403.0,152
rb1805,20171011,20171010,210621000,3404.0,43638,567718,1484746860.0,3404.0,12,3403.0,154
rb1805,20171011,20171010,210621500,3403.0,43700,567726,1486856720.0,3404.0,53,3403.0,124
rb1805,20171011,20171010,210622000,3403.0,43706,567726,1487060900.0,3404.0,57,3403.0,123
rb1805,20171011,20171010,210622500,3403.0,43720,567740,1487537320.0,3404.0,57,3403.0,116
rb1805,20171011,20171010,210623000,3403.0,43736,567736,1488081800.0,3404.0,59,3403.0,108
rb1805,20171011,20171010,210623500,3404.0,43754,567740,1488694380.0,3404.0,57,3403.0,103
rb1805,20171011,20171010,210624000,3403.0,43762,567744,1488966620.0,3404.0,57,3403.0,99
rb1805,20171011,20171010,210624500,3404.0,43770,567748,1489238920.0,3404.0,54,3403.0,100
rb1805,20171011,20171010,210625000,3403.0,43836,567814,1491484920.0,3404.0,48,3403.0,68
rb1805,20171011,20171010,210625500,3404.0,43838,567814,1491553000.0,3404.0,43,3403.0,77
rb1805,20171011,20171010,210626000,3403.0,43842,567818,1491689120.0,3404.0,45,3403.0,77
rb1805,20171011,20171010,210626500,3404.0,43942,567890,1495093120.0,3405.0,89,3404.0,1
rb1805,20171011,20171010,210627000,3404.0,43942,567890,1495093120.0,3405.0,88,3404.0,2
rb1805,20171011,20171010,210627500,3404.0,43946,567890,1495229280.0,3405.0,88,3404.0,31
rb1805,20171011,20171010,210628000,3404.0,44126,567904,1501357780.0,3405.0,23,3404.0,62
rb1805,20171011,20171010,210628500,3405.0,44176,567924,1503060280.0,3406.0,22,3405.0,62
rb1805,20171011,20171010,210629000,3406.0,44188,567926,1503469000.0,3406.0,9,3405.0,109
rb1805,20171011,20171010,210629500,3405.0,44322,568012,1508031960.0,3407.0,11,3405.0,43
rb1805,20171011,20171010,210630000,3405.0,44322,568012,1508031960.0,3407.0,19,3406.0,4
rb1805,20171011,20171010,210630500,3406.0,44332,568016,1508372560.0,3407.0,34,3406.0,2
rb1805,20171011,20171010,210631000,3407.0,44336,568014,1508508840.0,3407.0,42,3406.0,10
rb1805,20171011,20171010,210631500,3406.0,44374,568036,1509803020.0,3406.0,36,3405.0,75
rb1805,20171011,20171010,210632000,3406.0,44376,568036,1509871140.0,3406.0,35,3405.0,47
rb1805,20171011,20171010,210632500,3406.0,44376,568036,1509871140.0,3406.0,35,3405.0,50
rb1805,20171011,20171010,210633000,3406.0,44384,568044,1510143620.0,3406.0,31,3405.0,52
rb1805,20171011,20171010,210633500,3405.0,44390,568048,1510347920.0,3406.0,33,3405.0,52
rb1805,20171011,20171010,210634000,3405.0,44408,568034,1510960840.0,3406.0,46,3405.0,41
rb1805,20171011,20171010,210634500,3405.0,44494,568020,1513889140.0,3406.0,58,3404.0,125
rb1805,20171011,20171010,210635000,3405.0,44494,568020,1513889140.0,3405.0,37,3404.0,123
rb1805,20171011,20171010,210635500,3405.0,44496,568018,1513957240.0,3405.0,36,3404.0,140
rb1805,20171011,20171010,210636000,3405.0,44504,568016,1514229640.0,3405.0,32,3404.0,130
rb1805,20171011,20171010,210636500,3405.0,44506,568016,1514297740.0,3405.0,31,3404.0,130
rb1805,20171011,20171010,210637000,3405.0,44522,568004,1514842540.0,3405.0,23,3404.0,130
rb1805,20171011,20171010,210637500,3404.0,44528,568010,1515046780.0,3405.0,23,3404.0,127
rb1805,20171011,20171010,210638000,3405.0,44562,568024,1516204200.0,3405.0,22,3404.0,82
rb1805,20171011,20171010,210638500,3404.0,44726,568020,1521786760.0,3404.0,104,3403.0,100
rb1805,20171011,20171010,210639000,3404.0,44766,568056,1523147980.0,3404.0,89,3403.0,81
rb1805,20171011,20171010,210639500,3403.0,44772,568062,1523352160.0,3404.0,99,3403.0,78
rb1805,20171011,20171010,210640000,3404.0,44780,568062,1523624460.0,3404.0,236,3403.0,79
rb1805,20171011,20171010,210640500,3404.0,44784,568064,1523760600.0,3404.0,235,3403.0,78
rb1805,20171011,20171010,210641000,3403.0,44814,568086,1524781500.0,3404.0,235,3403.0,63
rb1805,20171011,20171010,210641500,3404.0,44816,568084,1524849580.0,3404.0,234,3403.0,65
rb1805,20171011,20171010,210642000,3403.0,44890,568120,1527367800.0,3404.0,237,3403.0,28
rb1805,20171011,20171010,210642500,3403.0,44948,568144,1529341540.0,3404.0,237,3402.0,546
rb1805,20171011,20171010,210643000,3402.0,44966,568138,1529954080.0,3404.0,234,3402.0,542
rb1805,20171011,20171010,210643500,3402.0,44984,568122,1530566440.0,3403.0,3,3402.0,533
rb1805,20171011,20171010,210644000,3404.0,45020,568122,1531791400.0,3404.0,230,3402.0,522
rb1805,20171011,20171010,210644500,3404.0,45046,568128,1532676160.0,3404.0,228,3402.0,514
rb1805,20171011,20171010,210645000,3403.0,45048,568130,1532744220.0,3404.0,229,3402.0,514
rb1805,20171011,20171010,210645500,3402.0,45136,568082,1535738480.0,3404.0,219,3402.0,485
rb1805,20171011,20171010,210646000,3402.0,45136,568082,1535738480.0,3403.0,20,3402.0,495
rb1805,20171011,20171010,210646500,3402.0,45138,568082,1535806520.0,3403.0,22,3402.0,484
rb1805,20171011,20171010,210647000,3402.0,45200,568082,1537915760.0,3403.0,24,3402.0,453
rb1805,20171011,20171010,210647500,3403.0,45202,568082,1537983820.0,3403.0,24,3402.0,453
rb1805,20171011,20171010,210648000,3402.0,45210,568078,1538256000.0,3403.0,44,3402.0,450
rb1805,20171011,20171010,210648500,3402.0,45248,568046,1539548760.0,3403.0,66,3402.0,433
rb1805,20171011,20171010,210649000,3402.0,45274,568030,1540433320.0,3403.0,68,3402.0,424
rb1805,20171011,20171010,210649500,3402.0,45292,568014,1541045680.0,3403.0,56,3402.0,415
rb1805,20171011,20171010,210650000,3403.0,45302,568008,1541385960.0,3403.0,68,3402.0,415
rb1805,20171011,20171010,210650500,3403.0,45310,568000,1541658160.0,3403.0,66,3402.0,413
rb1805,20171011,20171010,210651000,3402.0,45324,567998,1542134440.0,3403.0,66,3402.0,406
rb1805,20171011,20171010,210651500,3402.0,45336,567998,1542542680.0,3403.0,71,3402.0,401
rb1805,20171011,20171010,210652000,3403.0,45360,567998,1543359180.0,3403.0,64,3402.0,393
rb1805,20171011,20171010,210652500,3402.0,45382,567998,1544107620.0,3403.0,65,3402.0,383
rb1805,20171011,20171010,210653000,3403.0,45384,567998,1544175680.0,3403.0,64,3402.0,388
rb1805,20171011,20171010,210653500,3402.0,45472,567982,1547170300.0,3403.0,8,3402.0,388
rb1805,20171011,20171010,210654000,3402.0,45482,567980,1547510540.0,3403.0,7,3402.0,385
rb1805,20171011,20171010,210654500,3403.0,45496,567988,1547986900.0,3403.0,13,3402.0,385
rb1805,20171011,20171010,210655000,3402.0,45502,567988,1548191020.0,3403.0,68,3402.0,384
rb1805,20171011,20171010,210655500,3402.0,45516,567988,1548667400.0,3403.0,63,3402.0,382
rb1805,20171011,20171010,210656000,3402.0,45576,567928,1550708600.0,3403.0,86,3402.0,352
rb1805,20171011,20171010,210656500,3402.0,45586,567928,1551048820.0,3403.0,85,3402.0,349
rb1805,20171011,20171010,210657000,3403.0,45588,567928,1551116880.0,3403.0,72,3402.0,350
rb1805,20171011,20171010,210657500,3402.0,45594,567928,1551321000.0,3403.0,72,3402.0,348
rb1805,20171011,20171010,210658000,3402.0,45602,567930,1551593200.0,3403.0,70,3402.0,346
rb1805,20171011,20171010,210658500,3402.0,45656,567902,1553430660.0,3403.0,52,3402.0,340
rb1805,20171011,20171010,210659000,3402.0,45656,567902,1553430660.0,3403.0,86,3402.0,340
rb1805,20171011,20171010,210659500,3402.0,45656,567902,1553430660.0,3403.0,82,3402.0,341
rb1805,20171011,20171010,210700000,3402.0,45676,567898,1554111060.0,3403.0,82,3402.0,333
rb1805,20171011,20171010,210700500,3403.0,45710,567886,1555268060.0,3403.0,73,3402.0,338
rb1805,20171011,20171010,210701000,3402.0,45716,567880,1555472180.0,3403.0,74,3402.0,335
rb1805,20171011,20171010,210701500,3402.0,45728,567880,1555880480.0,3403.0,74,3402.0,332
rb1805,20171011,20171010,210702000,3403.0,45746,567876,1556493020.0,3403.0,81,3402.0,336
rb1805,20171011,20171010,210702500,3402.0,45750,567874,1556629120.0,3403.0,81,3402.0,336
rb1805,20171011,20171010,210703000,3402.0,46150,567924,1570237120.0,3403.0,82,3402.0,137
rb1805,20171011,20171010,210703500,3402.0,46184,567912,1571394000.0,3403.0,72,3402.0,132
rb1805,20171011,20171010,210704000,3402.0,46450,568112,1580443320.0,3402.0,104,3401.0,53
rb1805,20171011,20171010,210704500,3401.0,46456,568116,1580647400.0,3402.0,114,3401.0,58
rb1805,20171011,20171010,210705000,3401.0,46484,568120,1581599740.0,3402.0,115,3401.0,48
rb1805,20171011,20171010,210705500,3401.0,46582,568108,1584932720.0,3401.0,14,3400.0,236
rb1805,20171011,20171010,210706000,3402.0,46640,568088,1586905260.0,3402.0,163,3400.0,238
rb1805,20171011,20171010,210706500,3400.0,46856,568228,1594249380.0,3401.0,1,3400.0,135
rb1805,20171011,20171010,210707000,3400.0,46884,568220,1595201580.0,3401.0,1,3400.0,134
rb1805,20171011,20171010,210707500,3400.0,47158,568424,1604517640.0,3400.0,63,3399.0,54
rb1805,20171011,20171010,210708000,3400.0,47284,568540,1608801640.0,3401.0,5,3400.0,87
rb1805,20171011,20171010,210708500,3400.0,47354,568582,1611181860.0,3402.0,168,3400.0,62
rb1805,20171011,20171010,210709000,3400.0,47376,568598,1611929880.0,3401.0,8,3400.0,114
rb1805,20171011,20171010,210709500,3401.0,47420,568598,1613425900.0,3401.0,14,3400.0,96
rb1805,20171011,20171010,210710000,3401.0,47458,568614,1614718040.0,3401.0,18,3400.0,81
rb1805,20171011,20171010,210710500,3400.0,47624,568762,1620362040.0,3400.0,632,3399.0,70
rb1805,20171011,20171010,210711000,3400.0,47666,568782,1621789640.0,3400.0,664,3399.0,52
rb1805,20171011,20171010,210711500,3398.0,47944,568964,1631239560.0,3399.0,221,3398.0,306
rb1805,20171011,20171010,210712000,3399.0,48220,569144,1640619460.0,3399.0,154,3398.0,245
rb1805,20171011,20171010,210712500,3398.0,48240,569148,1641299160.0,3399.0,149,3398.0,260
rb1805,20171011,20171010,210713000,3399.0,48282,569154,1642726380.0,3399.0,151,3398.0,242
rb1805,20171011,20171010,210713500,3399.0,48306,569162,1643542020.0,3399.0,147,3398.0,239
rb1805,20171011,20171010,210714000,3399.0,48358,569170,1645309120.0,3399.0,140,3398.0,195
rb1805,20171011,20171010,210714500,3398.0,48442,569108,1648163460.0,3399.0,166,3398.0,156
rb1805,20171011,20171010,210715000,3397.0,48916,569354,1664269460.0,3398.0,53,3397.0,11
rb1805,20171011,20171010,210715500,3398.0,49040,569386,1668481400.0,3398.0,57,3397.0,2
rb1805,20171011,20171010,210716000,3397.0,49230,569500,1674934240.0,3398.0,360,3397.0,4
rb1805,20171011,20171010,210716500,3396.0,49266,569508,1676157060.0,3397.0,17,3396.0,76
rb1805,20171011,20171010,210717000,3396.0,49358,569574,1679281540.0,3397.0,49,3396.0,39
rb1805,20171011,20171010,210717500,3397.0,49540,569646,1685463660.0,3397.0,5,3396.0,7
rb1805,20171011,20171010,210718000,3396.0,49612,569694,1687908560.0,3396.0,99,3395.0,68
rb1805,20171011,20171010,210718500,3395.0,49690,569738,1690557320.0,3396.0,97,3395.0,65
rb1805,20171011,20171010,210719000,3395.0,50224,569996,1708687740.0,3395.0,209,3394.0,39
rb1805,20171011,20171010,210719500,3395.0,50740,570052,1726206060.0,3396.0,1,3395.0,72
rb1805,20171011,20171010,210720000,3395.0,50804,570074,1728379060.0,3395.0,20,3394.0,44
rb1805,20171011,20171010,210720500,3395.0,50852,570102,1730008660.0,3396.0,1,3394.0,71
rb1805,20171011,20171010,210721000,3395.0,50892,570096,1731366720.0,3396.0,9,3395.0,14
rb1805,20171011,20171010,210721500,3395.0,50932,570078,1732724860.0,3396.0,16,3395.0,7
rb1805,20171011,20171010,210722000,3395.0,51016,570094,1735576660.0,3396.0,17,3395.0,5
rb1805,20171011,20171010,210722500,3395.0,51092,570064,1738156960.0,3396.0,13,3395.0,2
rb1805,20171011,20171010,210723000,3397.0,51130,570070,1739447420.0,3397.0,30,3395.0,81
rb1805,20171011,20171010,210723500,3395.0,51314,570070,1745694300.0,3395.0,40,3394.0,75
rb1805,20171011,20171010,210724000,3393.0,51796,569872,1762050800.0,3393.0,79,3392.0,154
rb1805,20171011,20171010,210724500,3393.0,52648,570084,1790967620.0,3395.0,44,3393.0,142
rb1805,20171011,20171010,210725000,3393.0,52936,570038,1800740800.0,3393.0,5,3392.0,210
rb1805,20171011,20171010,210725500,3393.0,53120,570134,1806984140.0,3393.0,236,3392.0,251
rb1805,20171011,20171010,210726000,3394.0,53652,570364,1825035060.0,3395.0,18,3393.0,96
rb1805,20171011,20171010,210726500,3393.0,53778,570334,1829311800.0,3396.0,51,3393.0,19
rb1805,20171011,20171010,210727000,3394.0,53814,570332,1830533660.0,3395.0,17,3394.0,26
rb1805,20171011,20171010,210727500,3394.0,53924,570328,1834266900.0,3394.0,33,3393.0,104
rb1805,20171011,20171010,210728000,3393.0,54062,570394,1838949460.0,3394.0,29,3393.0,61
rb1805,20171011,20171010,210728500,3394.0,54230,570478,1844650200.0,3394.0,9,3393.0,6
rb1805,20171011,20171010,210729000,3394.0,54260,570476,1845668120.0,3394.0,7,3393.0,5
rb1805,20171011,20171010,210729500,3394.0,54278,570482,1846278920.0,3394.0,67,3393.0,65
rb1805,20171011,20171010,210730000,3393.0,54364,570478,1849196980.0,3394.0,63,3393.0,71
rb1805,20171011,20171010,210730500,3394.0,54504,570444,1853948580.0,3395.0,52,3394.0,8
rb1805,20171011,20171010,210731000,3393.0,54660,570434,1859243080.0,3394.0,6,3393.0,64
rb1805,20171011,20171010,210731500,3394.0,54736,570436,1861822480.0,3395.0,41,3394.0,77
rb1805,20171011,20171010,210732000,3394.0,54796,570432,1863858900.0,3395.0,42,3394.0,50
rb1805,20171011,20171010,210732500,3394.0,54806,570424,1864198300.0,3395.0,42,3394.0,63
rb1805,20171011,20171010,210733000,3394.0,54888,570428,1866981820.0,3395.0,21,3394.0,44
rb1805,20171011,20171010,210733500,3394.0,54908,570420,1867660740.0,3395.0,21,3394.0,44
rb1805,20171011,20171010,210734000,3395.0,54922,570430,1868136040.0,3395.0,14,3394.0,46
rb1805,20171011,20171010,210734500,3395.0,54976,570426,1869969340.0,3396.0,50,3395.0,5
rb1805,20171011,20171010,210735000,3394.0,55012,570438,1871191620.0,3396.0,53,3394.0,48
rb1805,20171011,20171010,210735500,3395.0,55022,570446,1871531140.0,3395.0,5,3394.0,49
rb1805,20171011,20171010,210736000,3395.0,55040,570442,1872142160.0,3396.0,57,3395.0,14
rb1805,20171011,20171010,210736500,3395.0,55074,570430,1873296520.0,3396.0,54,3395.0,3
rb1805,20171011,20171010,210737000,3395.0,55100,570434,1874179160.0,3395.0,25,3394.0,50
rb1805,20171011,20171010,210737500,3395.0,55142,570444,1875604980.0,3395.0,12,3394.0,48
rb1805,20171011,20171010,210738000,3394.0,55176,570446,1876759240.0,3395.0,20,3394.0,36
rb1805,20171011,20171010,210738500,3395.0,55192,570444,1877302340.0,3395.0,21,3394.0,31
rb1805,20171011,20171010,210739000,3395.0,55232,570450,1878660180.0,3395.0,10,3394.0,24
rb1805,20171011,20171010,210739500,3395.0,55272,570440,1880018180.0,3396.0,74,3395.0,64
rb1805,20171011,20171010,210740000,3395.0,55328,570440,1881919400.0,3396.0,69,3395.0,39
rb1805,20171011,20171010,210740500,3395.0,55446,570382,1885925640.0,3396.0,63,3395.0,40
rb1805,20171011,20171010,210741000,3395.0,55458,570394,1886333040.0,3396.0,63,3395.0,69
rb1805,20171011,20171010,210741500,3394.0,55682,570510,1893937000.0,3394.0,389,3393.0,155
rb1805,20171011,20171010,210742000,3394.0,56258,570924,1913486440.0,3394.0,103,3393.0,168
rb1805,20171011,20171010,210742500,3394.0,56586,571052,1924620440.0,3395.0,5,3394.0,32
rb1805,20171011,20171010,210743000,3394.0,56604,571040,1925231400.0,3395.0,9,3394.0,27
rb1805,20171011,20171010,210743500,3394.0,56608,571042,1925367180.0,3395.0,63,3394.0,23
rb1805,20171011,20171010,210744000,3395.0,56612,571042,1925502960.0,3395.0,104,3394.0,19
rb1805,20171011,20171010,210744500,3393.0,56656,571076,1926995980.0,3395.0,108,3393.0,153
rb1805,20171011,20171010,210745000,3395.0,56662,571078,1927199680.0,3394.0,6,3393.0,153
rb1805,20171011,20171010,210745500,3395.0,56670,571084,1927471280.0,3394.0,2,3393.0,153
rb1805,20171011,20171010,210746000,3394.0,56712,571088,1928897000.0,3394.0,32,3393.0,150
rb1805,20171011,20171010,210746500,3393.0,56772,571128,1930932820.0,3394.0,36,3393.0,122
rb1805,20171011,20171010,210747000,3393.0,56782,571130,1931272120.0,3394.0,42,3393.0,117
rb1805,20171011,20171010,210747500,3393.0,56834,571132,1933036600.0,3394.0,38,3393.0,96
rb1805,20171011,20171010,210748000,3393.0,56904,571142,1935411800.0,3394.0,45,3393.0,77
rb1805,20171011,20171010,210748500,3394.0,56928,571152,1936226160.0,3394.0,44,3393.0,67
rb1805,20171011,20171010,210749000,3393.0,56976,571176,1937854820.0,3394.0,40,3393.0,46
rb1805,20171011,20171010,210749500,3394.0,56996,571188,1938533500.0,3394.0,37,3393.0,42
rb1805,20171011,20171010,210750000,3394.0,57018,571208,1939279980.0,3394.0,43,3393.0,32
rb1805,20171011,20171010,210750500,3393.0,57092,571224,1941790840.0,3394.0,47,3393.0,3
rb1805,20171011,20171010,210751000,3394.0,57104,571218,1942198020.0,3394.0,46,3393.0,59
rb1805,20171011,20171010,210751500,3394.0,57146,571190,1943623400.0,3394.0,30,3393.0,60
rb1805,20171011,20171010,210752000,3394.0,57162,571202,1944166400.0,3394.0,29,3393.0,61
rb1805,20171011,20171010,210752500,3394.0,57188,571200,1945048600.0,3394.0,28,3393.0,58
rb1805,20171011,20171010,210753000,3393.0,57310,571112,1949188100.0,3394.0,27,3393.0,2
rb1805,20171011,20171010,210753500,3393.0,57346,571126,1950409580.0,3393.0,1,3392.0,416
rb1805,20171011,20171010,210754000,3393.0,57362,571122,1950952480.0,3394.0,26,3393.0,14
rb1805,20171011,20171010,210754500,3394.0,57448,571098,1953871200.0,3395.0,100,3394.0,171
rb1805,20171011,20171010,210755000,3395.0,57818,571430,1966432700.0,3396.0,35,3395.0,41
rb1805,20171011,20171010,210755500,3395.0,58010,571408,1972950300.0,3395.0,94,3394.0,143
rb1805,20171011,20171010,210756000,3394.0,58120,571362,1976683780.0,3395.0,83,3394.0,94
rb1805,20171011,20171010,210756500,3395.0,58228,571320,1980349460.0,3395.0,28,3394.0,50
rb1805,20171011,20171010,210757000,3395.0,58296,571270,1982658060.0,3396.0,49,3395.0,31
rb1805,20171011,20171010,210757500,3396.0,58332,571238,1983880300.0,3396.0,48,3395.0,15
rb1805,20171011,20171010,210758000,3395.0,58358,571220,1984763000.0,3396.0,48,3395.0,3
rb1805,20171011,20171010,210758500,3395.0,58366,571216,1985034600.0,3395.0,18,3394.0,113
rb1805,20171011,20171010,210759000,3395.0,58390,571218,1985849380.0,3395.0,13,3394.0,115
rb1805,20171011,20171010,210759500,3395.0,58400,571218,1986188820.0,3395.0,12,3394.0,116
rb1805,20171011,20171010,210800000,3395.0,58434,571210,1987343120.0,3395.0,6,3394.0,117
rb1805,20171011,20171010,210800500,3395.0,58478,571218,1988836680.0,3395.0,9,3394.0,107
rb1805,20171011,20171010,210801000,3395.0,58488,571220,1989176140.0,3395.0,14,3394.0,84
rb1805,20171011,20171010,210801500,3394.0,58492,571220,1989311900.0,3395.0,74,3394.0,83
rb1805,20171011,20171010,210802000,3394.0,58508,571230,1989855040.0,3395.0,70,3394.0,80
rb1805,20171011,20171010,210802500,3394.0,58522,571232,1990330220.0,3395.0,142,3394.0,73
rb1805,20171011,20171010,210803000,3395.0,58570,571214,1991959720.0,3395.0,119,3394.0,70
rb1805,20171011,20171010,210803500,3394.0,58574,571214,1992095480.0,3395.0,119,3394.0,70
rb1805,20171011,20171010,210804000,3395.0,58578,571216,1992231260.0,3395.0,119,3394.0,72
rb1805,20171011,20171010,210804500,3394.0,58582,571218,1992367020.0,3395.0,119,3394.0,73
rb1805,20171011,20171010,210805000,3395.0,58596,571220,1992842300.0,3395.0,113,3394.0,72
rb1805,20171011,20171010,210805500,3395.0,58600,571220,1992978080.0,3395.0,117,3394.0,71
rb1805,20171011,20171010,210806000,3394.0,58604,571220,1993113860.0,3395.0,117,3394.0,72
rb1805,20171011,20171010,210806500,3394.0,58608,571220,1993249620.0,3395.0,117,3394.0,84
rb1805,20171011,20171010,210807000,3395.0,58626,571222,1993860700.0,3395.0,109,3394.0,83
rb1805,20171011,20171010,210807500,3395.0,58630,571222,1993996500.0,3395.0,107,3394.0,145
rb1805,20171011,20171010,210808000,3396.0,58866,571200,2002008840.0,3396.0,43,3395.0,2
rb1805,20171011,20171010,210808500,3395.0,58884,571212,2002619940.0,3396.0,47,3395.0,6
rb1805,20171011,20171010,210809000,3395.0,58884,571212,2002619940.0,3396.0,47,3395.0,36
rb1805,20171011,20171010,210809500,3395.0,58886,571214,2002687840.0,3396.0,45,3395.0,58
rb1805,20171011,20171010,210810000,3396.0,58910,571216,2003502860.0,3396.0,30,3395.0,62
rb1805,20171011,20171010,210810500,3395.0,58926,571224,2004046060.0,3396.0,34,3395.0,57
rb1805,20171011,20171010,210811000,3396.0,58948,571228,2004793160.0,3396.0,33,3395.0,61
rb1805,20171011,20171010,210811500,3396.0,58956,571232,2005064820.0,3396.0,30,3395.0,67
rb1805,20171011,20171010,210812000,3396.0,58962,571238,2005268580.0,3396.0,27,3395.0,69
rb1805,20171011,20171010,210812500,3395.0,58990,571262,2006219240.0,3396.0,25,3395.0,58
rb1805,20171011,20171010,210813000,3396.0,58996,571264,2006422960.0,3396.0,24,3395.0,57
rb1805,20171011,20171010,210813500,3396.0,59022,571274,2007305880.0,3396.0,14,3395.0,127
rb1805,20171011,20171010,210814000,3396.0,59194,571218,2013145740.0,3396.0,42,3395.0,64
rb1805,20171011,20171010,210814500,3396.0,59236,571220,2014572060.0,3396.0,9,3395.0,69
rb1805,20171011,20171010,210815000,3395.0,59260,571202,2015387080.0,3396.0,17,3395.0,69
rb1805,20171011,20171010,210815500,3395.0,59278,571210,2015998240.0,3396.0,40,3395.0,63
rb1805,20171011,20171010,210816000,3395.0,59508,571298,2023807280.0,3395.0,4,3394.0,151
rb1805,20171011,20171010,210816500,3396.0,59550,571312,2025233380.0,3395.0,1,3394.0,146
rb1805,20171011,20171010,210817000,3395.0,59562,571320,2025640760.0,3396.0,37,3395.0,1
rb1805,20171011,20171010,210817500,3395.0,59566,571320,2025776560.0,3395.0,21,3394.0,146
rb1805,20171011,20171010,210818000,3394.0,59574,571322,2026048140.0,3395.0,20,3394.0,145
rb1805,20171011,20171010,210818500,3395.0,59644,571312,2028424360.0,3395.0,4,3394.0,120
rb1805,20171011,20171010,210819000,3394.0,59700,571328,2030325380.0,3396.0,39,3394.0,103
rb1805,20171011,20171010,210819500,3395.0,59720,571340,2031004280.0,3395.0,4,3394.0,98
rb1805,20171011,20171010,210820000,3395.0,59740,571360,2031683180.0,3395.0,9,3394.0,93
rb1805,20171011,20171010,210820500,3395.0,59760,571374,2032362060.0,3395.0,29,3394.0,87
rb1805,20171011,20171010,210821000,3395.0,59766,571380,2032565740.0,3395.0,28,3394.0,86
rb1805,20171011,20171010,210821500,3394.0,59782,571390,2033108800.0,3395.0,51,3394.0,82
rb1805,20171011,20171010,210822000,3394.0,59790,571398,2033380340.0,3395.0,44,3394.0,78
rb1805,20171011,20171010,210822500,3393.0,60126,571390,2044784340.0,3394.0,146,3393.0,130
rb1805,20171011,20171010,210823000,3394.0,60154,571368,2045734660.0,3394.0,132,3393.0,140
rb1805,20171011,20171010,210823500,3393.0,60312,571458,2051095940.0,3394.0,121,3393.0,73
rb1805,20171011,20171010,210824000,3393.0,60390,571520,2053742480.0,3394.0,122,3393.0,34
rb1805,20171011,20171010,210824500,3392.0,60464,571558,2056253280.0,3393.0,6,3392.0,372
rb1805,20171011,20171010,210825000,3393.0,60662,571622,2062970000.0,3393.0,6,3392.0,305
rb1805,20171011,20171010,210825500,3392.0,60716,571638,2064802000.0,3394.0,115,3392.0,293
rb1805,20171011,20171010,210826000,3393.0,60730,571636,2065277060.0,3394.0,123,3393.0,2
rb1805,20171011,20171010,210826500,3393.0,60754,571638,2066091280.0,3393.0,11,3392.0,290
rb1805,20171011,20171010,210827000,3393.0,60776,571638,2066837740.0,3394.0,123,3393.0,16
rb1805,20171011,20171010,210827500,3392.0,60840,571654,2069009020.0,3393.0,5,3392.0,272
rb1805,20171011,20171010,210828000,3394.0,60880,571636,2070366380.0,3394.0,112,3392.0,291
rb1805,20171011,20171010,210828500,3392.0,60890,571644,2070705620.0,3394.0,112,3393.0,4
rb1805,20171011,20171010,210829000,3393.0,60926,571648,2071927060.0,3394.0,117,3393.0,59
rb1805,20171011,20171010,210829500,3394.0,60968,571628,2073352340.0,3394.0,106,3393.0,55
rb1805,20171011,20171010,210830000,3393.0,61046,571626,2075998900.0,3394.0,105,3393.0,77
rb1805,20171011,20171010,210830500,3393.0,61208,571474,2081495540.0,3393.0,79,3392.0,268
rb1805,20171011,20171010,210831000,3392.0,61220,571474,2081902660.0,3393.0,78,3392.0,266
rb1805,20171011,20171010,210831500,3393.0,61232,571474,2082309780.0,3393.0,81,3392.0,269
rb1805,20171011,20171010,210832000,3394.0,61462,571444,2090115480.0,3393.0,1,3392.0,266
rb1805,20171011,20171010,210832500,3394.0,61502,571466,2091472720.0,3394.0,15,3393.0,2
rb1805,20171011,20171010,210833000,3392.0,61514,571462,2091879840.0,3394.0,25,3393.0,9
rb1805,20171011,20171010,210833500,3392.0,61564,571456,2093576140.0,3394.0,25,3392.0,262
rb1805,20171011,20171010,210834000,3393.0,61576,571460,2093983240.0,3393.0,2,3392.0,260
rb1805,20171011,20171010,210834500,3393.0,61606,571472,2095000960.0,3394.0,31,3393.0,2
rb1805,20171011,20171010,210835000,3393.0,61620,571468,2095475980.0,3394.0,35,3393.0,5
rb1805,20171011,20171010,210835500,3393.0,61640,571460,2096154560.0,3394.0,36,3393.0,31
rb1805,20171011,20171010,210836000,3393.0,61670,571472,2097172460.0,3394.0,36,3393.0,36
rb1805,20171011,20171010,210836500,3393.0,61752,571508,2099954700.0,3393.0,6,3392.0,269
rb1805,20171011,20171010,210837000,3392.0,61766,571496,2100429700.0,3393.0,2,3392.0,267
rb1805,20171011,20171010,210837500,3393.0,61782,571494,2100972580.0,3393.0,6,3392.0,341
rb1805,20171011,20171010,210838000,3392.0,61846,571538,2103144560.0,3393.0,1,3392.0,344
rb1805,20171011,20171010,210838500,3392.0,61848,571538,2103212400.0,3393.0,1,3392.0,343
rb1805,20171011,20171010,210839000,3393.0,61856,571542,2103483820.0,3394.0,15,3393.0,5
rb1805,20171011,20171010,210839500,3393.0,61880,571534,2104298080.0,3393.0,2,3392.0,344
rb1805,20171011,20171010,210840000,3393.0,61894,571540,2104773060.0,3393.0,3,3392.0,361
rb1805,20171011,20171010,210840500,3392.0,61908,571548,2105247980.0,3393.0,43,3392.0,357
rb1805,20171011,20171010,210841000,3393.0,62036,571620,2109590020.0,3393.0,35,3392.0,311
rb1805,20171011,20171010,210841500,3392.0,62180,571746,2114474500.0,3393.0,41,3392.0,239
rb1805,20171011,20171010,210842000,3392.0,62218,571750,2115763500.0,3393.0,53,3392.0,222
rb1805,20171011,20171010,210842500,3392.0,62676,571886,2131298820.0,3392.0,18,3391.0,233
rb1805,20171011,20171010,210843000,3392.0,62698,571882,2132044960.0,3392.0,122,3391.0,223
rb1805,20171011,20171010,210843500,3391.0,62734,571912,2133265740.0,3392.0,153,3391.0,215
rb1805,20171011,20171010,210844000,3391.0,63060,571984,2144320920.0,3392.0,158,3391.0,92
rb1805,20171011,20171010,210844500,3391.0,63116,571966,2146220040.0,3392.0,151,3391.0,72
rb1805,20171011,20171010,210845000,3391.0,63150,571952,2147373060.0,3392.0,150,3391.0,61
rb1805,20171011,20171010,210845500,3391.0,63168,571952,2147983460.0,3392.0,150,3391.0,53
rb1805,20171011,20171010,210846000,3391.0,63192,571954,2148797320.0,3392.0,180,3391.0,42
rb1805,20171011,20171010,210846500,3391.0,63344,572022,2153951620.0,3391.0,238,3390.0,573
rb1805,20171011,20171010,210847000,3391.0,63368,572032,2154765400.0,3391.0,240,3390.0,576
rb1805,20171011,20171010,210847500,3391.0,63384,572042,2155307940.0,3391.0,244,3390.0,604
rb1805,20171011,20171010,210848000,3390.0,63698,572300,2165952600.0,3391.0,247,3390.0,451
rb1805,20171011,20171010,210848500,3390.0,64234,572214,2184123600.0,3391.0,263,3390.0,204
rb1805,20171011,20171010,210849000,3390.0,64662,572442,2198633360.0,3391.0,213,3390.0,18
rb1805,20171011,20171010,210849500,3390.0,65078,572478,2212739580.0,3391.0,26,3390.0,27
rb1805,20171011,20171010,210850000,3390.0,65114,572484,2213960040.0,3391.0,25,3390.0,16
rb1805,20171011,20171010,210850500,3390.0,65284,572454,2219723780.0,3391.0,15,3390.0,9
rb1805,20171011,20171010,210851000,3390.0,65328,572450,2221215380.0,3391.0,1,3390.0,58
rb1805,20171011,20171010,210851500,3390.0,65352,572464,2222029020.0,3392.0,98,3391.0,1
rb1805,20171011,20171010,210852000,3391.0,65410,572498,2223995860.0,3392.0,118,3391.0,6
rb1805,20171011,20171010,210852500,3391.0,65488,572542,2226640320.0,3391.0,7,3390.0,49
rb1805,20171011,20171010,210853000,3390.0,65502,572548,2227114980.0,3391.0,10,3390.0,50
rb1805,20171011,20171010,210853500,3391.0,65520,572560,2227725360.0,3392.0,92,3391.0,4
rb1805,20171011,20171010,210854000,3391.0,65534,572552,2228200100.0,3391.0,1,3390.0,137
rb1805,20171011,20171010,210854500,3391.0,65566,572564,2229285340.0,3392.0,86,3391.0,8
rb1805,20171011,20171010,210855000,3390.0,65598,572572,2230370300.0,3391.0,12,3390.0,137
rb1805,20171011,20171010,210855500,3391.0,65636,572588,2231658820.0,3392.0,85,3391.0,3
rb1805,20171011,20171010,210856000,3391.0,65644,572586,2231930100.0,3391.0,11,3390.0,132
rb1805,20171011,20171010,210856500,3391.0,65650,572592,2232133540.0,3391.0,8,3390.0,144
rb1805,20171011,20171010,210857000,3390.0,65668,572602,2232743800.0,3391.0,13,3390.0,134
rb1805,20171011,20171010,210857500,3390.0,65676,572604,2233015020.0,3391.0,23,3390.0,133
rb1805,20171011,20171010,210858000,3390.0,65680,572606,2233150640.0,3391.0,23,3390.0,136
rb1805,20171011,20171010,210858500,3391.0,65708,572614,2234099960.0,3391.0,22,3390.0,185
rb1805,20171011,20171010,210859000,3390.0,65740,572616,2235184900.0,3391.0,15,3390.0,186
rb1805,20171011,20171010,210859500,3390.0,65866,572532,2239456420.0,3391.0,3,3390.0,129
rb1805,20171011,20171010,210900000,3391.0,65920,572508,2241287140.0,3391.0,8,3390.0,111
rb1805,20171011,20171010,210900500,3390.0,66212,572726,2251186340.0,3391.0,43,3390.0,193
rb1805,20171011,20171010,210901000,3391.0,66674,572756,2266847740.0,3391.0,71,3390.0,1
rb1805,20171011,20171010,210901500,3390.0,66690,572748,2267390140.0,3390.0,46,3389.0,119
rb1805,20171011,20171010,210902000,3389.0,66714,572742,2268203660.0,3390.0,47,3389.0,116
rb1805,20171011,20171010,210902500,3389.0,66934,572842,2275659920.0,3390.0,28,3389.0,39
rb1805,20171011,20171010,210903000,3390.0,67004,572858,2278032280.0,3390.0,13,3389.0,11
rb1805,20171011,20171010,210903500,3389.0,67010,572860,2278235620.0,3390.0,20,3389.0,29
rb1805,20171011,20171010,210904000,3390.0,67058,572854,2279862840.0,3391.0,116,3390.0,17
rb1805,20171011,20171010,210904500,3390.0,67176,572864,2283864060.0,3391.0,66,3390.0,20
rb1805,20171011,20171010,210905000,3390.0,67340,572860,2289424920.0,3391.0,4,3390.0,164
rb1805,20171011,20171010,210905500,3390.0,67516,572742,2295393020.0,3391.0,1,3390.0,253
rb1805,20171011,20171010,210906000,3391.0,67540,572748,2296206960.0,3392.0,58,3391.0,215
rb1805,20171011,20171010,210906500,3392.0,67564,572748,2297020860.0,3392.0,70,3391.0,206
rb1805,20171011,20171010,210907000,3391.0,67658,572742,2300208420.0,3392.0,42,3391.0,178
rb1805,20171011,20171010,210907500,3391.0,67692,572744,2301361500.0,3392.0,36,3391.0,172
rb1805,20171011,20171010,210908000,3391.0,67772,572714,2304075020.0,3393.0,173,3391.0,174
rb1805,20171011,20171010,210908500,3391.0,67776,572716,2304210660.0,3393.0,193,3392.0,104
rb1805,20171011,20171010,210909000,3392.0,67822,572736,2305771120.0,3393.0,171,3392.0,91
rb1805,20171011,20171010,210909500,3393.0,67836,572732,2306246060.0,3393.0,159,3392.0,95
rb1805,20171011,20171010,210910000,3392.0,67870,572732,2307399540.0,3393.0,151,3392.0,97
rb1805,20171011,20171010,210910500,3392.0,67968,572734,2310724540.0,3393.0,110,3392.0,90
rb1805,20171011,20171010,210911000,3393.0,68022,572718,2312556540.0,3393.0,86,3392.0,79
rb1805,20171011,20171010,210911500,3393.0,68082,572724,2314592140.0,3393.0,65,3392.0,72
rb1805,20171011,20171010,210912000,3393.0,68104,572732,2315338480.0,3393.0,64,3392.0,72
rb1805,20171011,20171010,210912500,3393.0,68156,572746,2317102840.0,3393.0,45,3392.0,77
rb1805,20171011,20171010,210913000,3393.0,68246,572708,2320156540.0,3394.0,99,3393.0,58
rb1805,20171011,20171010,210913500,3393.0,68260,572704,2320631620.0,3394.0,111,3393.0,62
rb1805,20171011,20171010,210914000,3393.0,68332,572644,2323074620.0,3394.0,99,3393.0,29
rb1805,20171011,20171010,210914500,3394.0,68390,572616,2325042600.0,3394.0,100,3393.0,7
rb1805,20171011,20171010,210915000,3393.0,68462,572630,2327485840.0,3394.0,74,3393.0,59
rb1805,20171011,20171010,210915500,3393.0,68490,572634,2328435960.0,3394.0,75,3393.0,50
rb1805,20171011,20171010,210916000,3393.0,68614,572562,2332644300.0,3394.0,30,3393.0,56
rb1805,20171011,20171010,210916500,3393.0,68666,572528,2334409120.0,3394.0,20,3393.0,58
rb1805,20171011,20171010,210917000,3393.0,68678,572530,2334816340.0,3394.0,14,3393.0,64
rb1805,20171011,20171010,210917500,3394.0,68814,572454,2339431700.0,3395.0,61,3394.0,105
rb1805,20171011,20171010,210918000,3394.0,68842,572452,2340382040.0,3395.0,72,3394.0,115
rb1805,20171011,20171010,210918500,3394.0,68936,572372,2343572420.0,3395.0,93,3394.0,70
rb1805,20171011,20171010,210919000,3394.0,68974,572348,2344862260.0,3395.0,86,3394.0,63
rb1805,20171011,20171010,210919500,3394.0,69102,572376,2349206580.0,3394.0,1,3393.0,35
rb1805,20171011,20171010,210920000,3395.0,69134,572398,2350292600.0,3395.0,79,3393.0,31
rb1805,20171011,20171010,210920500,3395.0,69140,572394,2350496300.0,3395.0,78,3394.0,2
rb1805,20171011,20171010,210921000,3393.0,69150,572398,2350835640.0,3394.0,42,3393.0,29
rb1805,20171011,20171010,210921500,3393.0,69238,572418,2353821480.0,3393.0,31,3392.0,46
rb1805,20171011,20171010,210922000,3393.0,69266,572424,2354771520.0,3393.0,22,3392.0,58
rb1805,20171011,20171010,210922500,3393.0,69278,572418,2355178660.0,3393.0,17,3392.0,57
rb1805,20171011,20171010,210923000,3393.0,69312,572398,2356332280.0,3394.0,38,3393.0,6
rb1805,20171011,20171010,210923500,3393.0,69336,572386,2357146720.0,3394.0,34,3393.0,64
rb1805,20171011,20171010,210924000,3393.0,69336,572386,2357146720.0,3394.0,58,3393.0,66
rb1805,20171011,20171010,210924500,3394.0,69348,572386,2357554000.0,3394.0,54,3393.0,67
rb1805,20171011,20171010,210925000,3394.0,69348,572386,2357554000.0,3394.0,54,3393.0,69
rb1805,20171011,20171010,210925500,3394.0,69348,572386,2357554000.0,3394.0,55,3393.0,71
