instrument,tradingday,calendarday,time,lastp,volume,openinterest,turnover,ask1,asksz1,bid1,bidsz1
rb1805,20171220,20171219,205900500,3789.0,4112,2681718,155803680.0,3789.0,77,3788.0,134
rb1805,20171220,20171219,210000500,3786.0,5652,2682000,214137220.0,3788.0,41,3786.0,146
rb1805,20171220,20171219,210001000,3786.0,7044,2681686,266844120.0,3786.0,325,3785.0,215
rb1805,20171220,20171219,210001500,3785.0,8330,2681194,315524200.0,3785.0,422,3784.0,448
rb1805,20171220,20171219,210002000,3784.0,10030,2681502,379856540.0,3784.0,239,3783.0,165
rb1805,20171220,20171219,210002500,3784.0,10884,2681390,412167100.0,3783.0,191,3782.0,389
rb1805,20171220,20171219,210003000,3784.0,12538,2682202,474731940.0,3784.0,82,3783.0,219
rb1805,20171220,20171219,210003500,3784.0,12930,2682348,489564820.0,3785.0,195,3784.0,333
rb1805,20171220,20171219,210004000,3785.0,13442,2682280,508940980.0,3785.0,97,3784.0,259
rb1805,20171220,20171219,210004500,3784.0,14144,2682154,535505960.0,3785.0,34,3784.0,31
rb1805,20171220,20171219,210005000,3785.0,14630,2682234,553896020.0,3786.0,88,3785.0,2
rb1805,20171220,20171219,210005500,3785.0,15206,2682280,575695980.0,3786.0,21,3785.0,54
rb1805,20171220,20171219,210006000,3784.0,15654,2682494,592650860.0,3784.0,63,3783.0,199
rb1805,20171220,20171219,210006500,3783.0,16784,2682636,635406620.0,3784.0,450,3782.0,484
rb1805,20171220,20171219,210007000,3784.0,17764,2682380,672475260.0,3783.0,2,3782.0,130
rb1805,20171220,20171219,210007500,3782.0,18208,2682374,689269340.0,3783.0,48,3782.0,19
rb1805,20171220,20171219,210008000,3784.0,18798,2682502,711583580.0,3784.0,347,3783.0,1
rb1805,20171220,20171219,210008500,3783.0,18978,2682570,718392600.0,3783.0,15,3781.0,1075
rb1805,20171220,20171219,210009000,3783.0,19314,2682598,731102060.0,3783.0,17,3782.0,27
rb1805,20171220,20171219,210009500,3783.0,19904,2682662,753418840.0,3784.0,274,3783.0,296
rb1805,20171220,20171219,210010000,3783.0,20086,2682546,760304420.0,3784.0,249,3783.0,290
rb1805,20171220,20171219,210010500,3784.0,20648,2682472,781568480.0,3784.0,68,3783.0,282
rb1805,20171220,20171219,210011000,3784.0,20972,2682602,793828260.0,3785.0,18,3784.0,111
rb1805,20171220,20171219,210011500,3784.0,21286,2682594,805710540.0,3785.0,31,3784.0,73
rb1805,20171220,20171219,210012000,3785.0,21512,2682664,814263120.0,3785.0,85,3784.0,12
rb1805,20171220,20171219,210012500,3785.0,21724,2682790,822285740.0,3785.0,78,3784.0,104
rb1805,20171220,20171219,210013000,3785.0,21962,2682908,831293580.0,3786.0,133,3785.0,17
rb1805,20171220,20171219,210013500,3783.0,22166,2682992,839013260.0,3784.0,139,3783.0,401
rb1805,20171220,20171219,210014000,3783.0,22350,2683116,845975680.0,3784.0,67,3783.0,401
rb1805,20171220,20171219,210014500,3784.0,22652,2683168,857402340.0,3784.0,15,3783.0,347
rb1805,20171220,20171219,210015000,3785.0,22778,2683168,862170420.0,3785.0,126,3784.0,3
rb1805,20171220,20171219,210015500,3784.0,22864,2683184,865424900.0,3784.0,7,3783.0,341
rb1805,20171220,20171219,210016000,3784.0,23098,2683150,874279960.0,3785.0,62,3784.0,19
rb1805,20171220,20171219,210016500,3784.0,23590,2683314,892898120.0,3785.0,8,3784.0,416
rb1805,20171220,20171219,210017000,3785.0,24052,2683746,910380740.0,3786.0,96,3785.0,16
rb1805,20171220,20171219,210017500,3785.0,24178,2683788,915150200.0,3786.0,78,3785.0,2
rb1805,20171220,20171219,210018000,3785.0,24270,2683854,918632740.0,3786.0,68,3785.0,35
rb1805,20171220,20171219,210018500,3785.0,24418,2683918,924234780.0,3786.0,60,3785.0,103
rb1805,20171220,20171219,210019000,3786.0,24668,2683928,933698660.0,3787.0,124,3786.0,4
rb1805,20171220,20171219,210019500,3786.0,24792,2683974,938392940.0,3786.0,101,3785.0,35
rb1805,20171220,20171219,210020000,3786.0,24966,2684026,944979240.0,3786.0,150,3785.0,119
rb1805,20171220,20171219,210020500,3785.0,25110,2684094,950430600.0,3786.0,94,3785.0,171
rb1805,20171220,20171219,210021000,3785.0,25716,2684454,973369660.0,3785.0,5,3784.0,382
rb1805,20171220,20171219,210021500,3787.0,25930,2684450,981471240.0,3787.0,151,3786.0,7
rb1805,20171220,20171219,210022000,3786.0,26162,2684524,990253440.0,3787.0,178,3785.0,79
rb1805,20171220,20171219,210022500,3786.0,26220,2684522,992449440.0,3787.0,171,3786.0,12
rb1805,20171220,20171219,210023000,3787.0,26410,2684490,999644160.0,3787.0,107,3786.0,6
rb1805,20171220,20171219,210023500,3787.0,26470,2684488,1001915920.0,3787.0,113,3786.0,368
rb1805,20171220,20171219,210024000,3787.0,26546,2684452,1004793740.0,3787.0,98,3786.0,403
rb1805,20171220,20171219,210024500,3786.0,26688,2684354,1010171020.0,3787.0,73,3786.0,340
rb1805,20171220,20171219,210025000,3786.0,26844,2684404,1016078420.0,3787.0,123,3786.0,344
rb1805,20171220,20171219,210025500,3787.0,26994,2684398,1021758580.0,3787.0,69,3786.0,347
rb1805,20171220,20171219,210026000,3786.0,27080,2684384,1025014940.0,3787.0,63,3786.0,348
rb1805,20171220,20171219,210026500,3787.0,27212,2684374,1030013560.0,3787.0,35,3786.0,348
rb1805,20171220,20171219,210027000,3786.0,27262,2684384,1031906900.0,3787.0,59,3786.0,354
rb1805,20171220,20171219,210027500,3788.0,27480,2684334,1040162100.0,3788.0,361,3787.0,14
rb1805,20171220,20171219,210028000,3786.0,27682,2684392,1047810840.0,3787.0,33,3786.0,297
rb1805,20171220,20171219,210028500,3786.0,27806,2684368,1052506400.0,3787.0,10,3786.0,291
rb1805,20171220,20171219,210029000,3787.0,27872,2684392,1055005580.0,3787.0,19,3786.0,282
rb1805,20171220,20171219,210029500,3787.0,27934,2684400,1057353460.0,3788.0,372,3787.0,4
rb1805,20171220,20171219,210030000,3787.0,28026,2684426,1060838120.0,3788.0,352,3787.0,16
rb1805,20171220,20171219,210030500,3787.0,28218,2684546,1068109260.0,3788.0,338,3787.0,26
rb1805,20171220,20171219,210031000,3787.0,28332,2684540,1072426740.0,3788.0,318,3787.0,174
rb1805,20171220,20171219,210031500,3787.0,28580,2684604,1081818640.0,3788.0,322,3787.0,90
rb1805,20171220,20171219,210032000,3787.0,28664,2684656,1085000200.0,3788.0,299,3787.0,81
rb1805,20171220,20171219,210032500,3787.0,28958,2684660,1096136540.0,3788.0,203,3787.0,90
rb1805,20171220,20171219,210033000,3788.0,29192,2684778,1104999160.0,3788.0,182,3787.0,54
rb1805,20171220,20171219,210033500,3787.0,29642,2684664,1122045160.0,3789.0,451,3787.0,30
rb1805,20171220,20171219,210034000,3787.0,29724,2684722,1125151480.0,3788.0,1,3787.0,46
rb1805,20171220,20171219,210034500,3788.0,29850,2684778,1129923720.0,3788.0,94,3787.0,82
rb1805,20171220,20171219,210035000,3788.0,30002,2684870,1135680900.0,3788.0,76,3787.0,53
rb1805,20171220,20171219,210035500,3787.0,30074,2684888,1138408220.0,3788.0,78,3787.0,40
rb1805,20171220,20171219,210036000,3788.0,30202,2684972,1143256640.0,3788.0,87,3787.0,381
rb1805,20171220,20171219,210036500,3787.0,30320,2685006,1147726360.0,3788.0,36,3787.0,401
rb1805,20171220,20171219,210037000,3788.0,30428,2685018,1151817320.0,3789.0,556,3788.0,2
rb1805,20171220,20171219,210037500,3788.0,30544,2685024,1156211520.0,3789.0,580,3788.0,58
rb1805,20171220,20171219,210038000,3788.0,30786,2685046,1165378620.0,3789.0,567,3788.0,9
rb1805,20171220,20171219,210038500,3788.0,30822,2685046,1166742360.0,3789.0,594,3788.0,12
rb1805,20171220,20171219,210039000,3788.0,30968,2685174,1172273100.0,3788.0,25,3787.0,420
rb1805,20171220,20171219,210039500,3789.0,31402,2685014,1188716720.0,3789.0,392,3788.0,1
rb1805,20171220,20171219,210040000,3789.0,31526,2685016,1193414560.0,3789.0,362,3788.0,110
rb1805,20171220,20171219,210040500,3789.0,32784,2685894,1241079860.0,3790.0,829,3789.0,3
rb1805,20171220,20171219,210041000,3789.0,33122,2686018,1253885960.0,3789.0,16,3788.0,75
rb1805,20171220,20171219,210041500,3789.0,33202,2686038,1256917120.0,3790.0,783,3789.0,1
rb1805,20171220,20171219,210042000,3789.0,34904,2685704,1321421440.0,3790.0,27,3789.0,66
rb1805,20171220,20171219,210042500,3790.0,35344,2686004,1338097460.0,3791.0,265,3790.0,115
rb1805,20171220,20171219,210043000,3790.0,35830,2685882,1356519380.0,3791.0,139,3790.0,8
rb1805,20171220,20171219,210043500,3790.0,36014,2685820,1363492680.0,3790.0,52,3789.0,106
rb1805,20171220,20171219,210044000,3791.0,36460,2685774,1380398240.0,3791.0,177,3790.0,2
rb1805,20171220,20171219,210044500,3791.0,36750,2685640,1391391880.0,3791.0,61,3790.0,42
rb1805,20171220,20171219,210045000,3791.0,36854,2685700,1395334200.0,3791.0,31,3790.0,53
rb1805,20171220,20171219,210045500,3791.0,37010,2685668,1401246980.0,3791.0,108,3790.0,86
rb1805,20171220,20171219,210046000,3791.0,37142,2685604,1406250780.0,3791.0,85,3790.0,102
rb1805,20171220,20171219,210046500,3789.0,37674,2685774,1426410840.0,3790.0,24,3789.0,11
rb1805,20171220,20171219,210047000,3790.0,37782,2685790,1430503840.0,3790.0,2,3789.0,13
rb1805,20171220,20171219,210047500,3790.0,37912,2685856,1435431040.0,3791.0,202,3790.0,15
rb1805,20171220,20171219,210048000,3790.0,38082,2685934,1441874960.0,3790.0,17,3789.0,144
rb1805,20171220,20171219,210048500,3789.0,38186,2685942,1445816340.0,3790.0,165,3789.0,135
rb1805,20171220,20171219,210049000,3790.0,38442,2685938,1455517400.0,3790.0,134,3789.0,78
rb1805,20171220,20171219,210049500,3790.0,38474,2685934,1456730140.0,3790.0,339,3789.0,84
rb1805,20171220,20171219,210050000,3790.0,38826,2685800,1470069120.0,3789.0,27,3788.0,481
rb1805,20171220,20171219,210050500,3789.0,38860,2685830,1471357460.0,3789.0,33,3788.0,401
rb1805,20171220,20171219,210051000,3789.0,38950,2685890,1474767460.0,3789.0,72,3788.0,376
rb1805,20171220,20171219,210051500,3788.0,39018,2685870,1477343340.0,3789.0,152,3788.0,327
rb1805,20171220,20171219,210052000,3788.0,39740,2685970,1504693340.0,3788.0,50,3787.0,471
rb1805,20171220,20171219,210052500,3787.0,39820,2685984,1507723300.0,3788.0,71,3787.0,429
rb1805,20171220,20171219,210053000,3789.0,40486,2686552,1532955620.0,3790.0,359,3789.0,125
rb1805,20171220,20171219,210053500,3788.0,40816,2686738,1545458680.0,3789.0,80,3788.0,57
rb1805,20171220,20171219,210054000,3788.0,41032,2686800,1553641160.0,3788.0,2,3787.0,407
rb1805,20171220,20171219,210054500,3788.0,41102,2686798,1556292560.0,3788.0,70,3787.0,397
rb1805,20171220,20171219,210055000,3788.0,41154,2686812,1558262300.0,3788.0,134,3787.0,379
rb1805,20171220,20171219,210055500,3788.0,41306,2686894,1564019420.0,3788.0,99,3787.0,350
rb1805,20171220,20171219,210056000,3788.0,41440,2686964,1569094500.0,3788.0,78,3787.0,344
rb1805,20171220,20171219,210056500,3788.0,41514,2687028,1571897060.0,3788.0,71,3787.0,323
rb1805,20171220,20171219,210057000,3788.0,41582,2687088,1574472700.0,3788.0,206,3787.0,313
rb1805,20171220,20171219,210057500,3788.0,41942,2687438,1588105980.0,3788.0,215,3787.0,140
rb1805,20171220,20171219,210058000,3787.0,42286,2687506,1601134540.0,3788.0,154,3787.0,34
rb1805,20171220,20171219,210058500,3787.0,43194,2687542,1635529180.0,3789.0,313,3787.0,26
rb1805,20171220,20171219,210059000,3788.0,43298,2687596,1639468380.0,3788.0,6,3787.0,221
rb1805,20171220,20171219,210059500,3787.0,43376,2687578,1642422400.0,3788.0,6,3787.0,212
rb1805,20171220,20171219,210100000,3788.0,43468,2687614,1645907360.0,3789.0,301,3788.0,6
rb1805,20171220,20171219,210100500,3787.0,44092,2687600,1669544940.0,3788.0,1,3787.0,157
rb1805,20171220,20171219,210101000,3788.0,44140,2687590,1671363340.0,3788.0,12,3787.0,213
rb1805,20171220,20171219,210101500,3788.0,44402,2687700,1681289000.0,3789.0,125,3788.0,9
rb1805,20171220,20171219,210102000,3788.0,44680,2687754,1691820000.0,3789.0,143,3788.0,70
rb1805,20171220,20171219,210102500,3788.0,44726,2687772,1693562600.0,3789.0,138,3788.0,153
rb1805,20171220,20171219,210103000,3789.0,44782,2687798,1695684080.0,3789.0,128,3788.0,169
rb1805,20171220,20171219,210103500,3788.0,44886,2687862,1699623700.0,3789.0,126,3788.0,128
rb1805,20171220,20171219,210104000,3789.0,44948,2687892,1701972600.0,3789.0,121,3788.0,88
rb1805,20171220,20171219,210104500,3788.0,45032,2687954,1705154900.0,3789.0,162,3788.0,73
rb1805,20171220,20171219,210105000,3788.0,45478,2688060,1722047240.0,3788.0,45,3787.0,610
rb1805,20171220,20171219,210105500,3788.0,45960,2688322,1740308320.0,3789.0,10,3788.0,97
rb1805,20171220,20171219,210106000,3789.0,46224,2688334,1750313400.0,3790.0,371,3789.0,20
rb1805,20171220,20171219,210106500,3789.0,46268,2688330,1751980580.0,3790.0,377,3789.0,88
rb1805,20171220,20171219,210107000,3790.0,46356,2688358,1755315060.0,3790.0,392,3789.0,114
rb1805,20171220,20171219,210107500,3790.0,46448,2688414,1758801540.0,3790.0,424,3789.0,117
rb1805,20171220,20171219,210108000,3789.0,46502,2688454,1760847780.0,3790.0,413,3789.0,182
rb1805,20171220,20171219,210108500,3790.0,46650,2688486,1766456460.0,3790.0,367,3789.0,185
rb1805,20171220,20171219,210109000,3789.0,46746,2688506,1770094200.0,3790.0,355,3789.0,160
rb1805,20171220,20171219,210109500,3790.0,46760,2688516,1770624800.0,3790.0,355,3789.0,142
rb1805,20171220,20171219,210110000,3790.0,46822,2688518,1772974560.0,3790.0,328,3789.0,140
rb1805,20171220,20171219,210110500,3789.0,47356,2688700,1793208640.0,3789.0,6,3788.0,291
rb1805,20171220,20171219,210111000,3789.0,47418,2688732,1795557980.0,3789.0,40,3788.0,307
rb1805,20171220,20171219,210111500,3789.0,47550,2688616,1800559460.0,3789.0,77,3788.0,318
rb1805,20171220,20171219,210112000,3789.0,47720,2688498,1806999660.0,3789.0,70,3788.0,277
rb1805,20171220,20171219,210112500,3789.0,47734,2688496,1807530100.0,3789.0,81,3788.0,278
rb1805,20171220,20171219,210113000,3789.0,47790,2688502,1809651920.0,3789.0,65,3788.0,279
rb1805,20171220,20171219,210113500,3788.0,47804,2688504,1810182300.0,3789.0,125,3788.0,278
rb1805,20171220,20171219,210114000,3789.0,47836,2688508,1811394700.0,3789.0,233,3788.0,275
rb1805,20171220,20171219,210114500,3788.0,47902,2688530,1813894940.0,3789.0,226,3788.0,216
rb1805,20171220,20171219,210115000,3789.0,48100,2688696,1821395380.0,3789.0,228,3788.0,127
rb1805,20171220,20171219,210115500,3789.0,48250,2688806,1827077480.0,3789.0,237,3788.0,87
rb1805,20171220,20171219,210116000,3788.0,48318,2688816,1829653420.0,3789.0,283,3788.0,99
rb1805,20171220,20171219,210116500,3789.0,48422,2688842,1833593580.0,3789.0,262,3788.0,88
rb1805,20171220,20171219,210117000,3788.0,48616,2688984,1840942580.0,3789.0,212,3788.0,90
rb1805,20171220,20171219,210117500,3788.0,48928,2688826,1852762000.0,3789.0,184,3788.0,408
rb1805,20171220,20171219,210118000,3789.0,49246,2688788,1864810880.0,3789.0,11,3788.0,403
rb1805,20171220,20171219,210118500,3789.0,49294,2688816,1866629600.0,3790.0,376,3789.0,398
rb1805,20171220,20171219,210119000,3789.0,49356,2688838,1868978860.0,3790.0,374,3789.0,684
rb1805,20171220,20171219,210119500,3790.0,49392,2688832,1870343000.0,3790.0,377,3789.0,688
rb1805,20171220,20171219,210120000,3789.0,49470,2688892,1873298840.0,3790.0,373,3789.0,671
rb1805,20171220,20171219,210120500,3789.0,49704,2688778,1882167320.0,3790.0,265,3789.0,667
rb1805,20171220,20171219,210121000,3789.0,49786,2688844,1885274600.0,3790.0,256,3789.0,642
rb1805,20171220,20171219,210121500,3789.0,49922,2688840,1890428900.0,3790.0,191,3789.0,588
rb1805,20171220,20171219,210122000,3789.0,49962,2688876,1891944760.0,3790.0,358,3789.0,584
rb1805,20171220,20171219,210122500,3790.0,49984,2688894,1892778480.0,3790.0,357,3789.0,585
rb1805,20171220,20171219,210123000,3790.0,50028,2688920,1894445980.0,3790.0,344,3789.0,592
rb1805,20171220,20171219,210123500,3789.0,50060,2688936,1895658640.0,3790.0,335,3789.0,586
rb1805,20171220,20171219,210124000,3789.0,50126,2689000,1898159520.0,3790.0,339,3789.0,578
rb1805,20171220,20171219,210124500,3790.0,50152,2689024,1899144880.0,3790.0,342,3789.0,577
rb1805,20171220,20171219,210125000,3790.0,50398,2689238,1908465940.0,3790.0,407,3789.0,483
rb1805,20171220,20171219,210125500,3790.0,50638,2689340,1917559640.0,3790.0,419,3789.0,368
rb1805,20171220,20171219,210126000,3790.0,50802,2689470,1923774080.0,3790.0,465,3789.0,312
rb1805,20171220,20171219,210126500,3790.0,50810,2689474,1924077280.0,3790.0,465,3789.0,313
rb1805,20171220,20171219,210127000,3789.0,50896,2689530,1927336500.0,3790.0,434,3789.0,305
rb1805,20171220,20171219,210127500,3789.0,50936,2689554,1928852320.0,3790.0,421,3789.0,298
rb1805,20171220,20171219,210128000,3790.0,51292,2689550,1942343760.0,3790.0,305,3789.0,255
rb1805,20171220,20171219,210128500,3789.0,51760,2689744,1960078860.0,3790.0,190,3789.0,153
rb1805,20171220,20171219,210129000,3789.0,51792,2689744,1961291540.0,3790.0,183,3789.0,162
rb1805,20171220,20171219,210129500,3790.0,51876,2689744,1964474700.0,3790.0,189,3789.0,144
rb1805,20171220,20171219,210130000,3789.0,51950,2689768,1967278800.0,3790.0,234,3789.0,130
rb1805,20171220,20171219,210130500,3790.0,52002,2689766,1969249220.0,3790.0,228,3789.0,115
rb1805,20171220,20171219,210131000,3789.0,52144,2689816,1974630240.0,3790.0,214,3789.0,73
rb1805,20171220,20171219,210131500,3789.0,52318,2689860,1981223000.0,3789.0,212,3788.0,458
rb1805,20171220,20171219,210132000,3789.0,52334,2689870,1981829240.0,3789.0,317,3788.0,449
rb1805,20171220,20171219,210132500,3789.0,52356,2689888,1982662720.0,3789.0,329,3788.0,445
rb1805,20171220,20171219,210133000,3789.0,52374,2689894,1983344660.0,3789.0,383,3788.0,442
rb1805,20171220,20171219,210133500,3789.0,52414,2689898,1984859880.0,3789.0,385,3788.0,435
rb1805,20171220,20171219,210134000,3788.0,52448,2689930,1986148080.0,3789.0,338,3788.0,442
rb1805,20171220,20171219,210134500,3789.0,52534,2689984,1989406180.0,3789.0,267,3788.0,440
rb1805,20171220,20171219,210135000,3789.0,52616,2690030,1992512660.0,3789.0,256,3788.0,416
rb1805,20171220,20171219,210135500,3788.0,52648,2690040,1993725000.0,3789.0,287,3788.0,412
rb1805,20171220,20171219,210136000,3788.0,52674,2690048,1994709980.0,3789.0,290,3788.0,404
rb1805,20171220,20171219,210136500,3788.0,52696,2690066,1995543380.0,3789.0,289,3788.0,396
rb1805,20171220,20171219,210137000,3789.0,52726,2690068,1996679940.0,3789.0,306,3788.0,401
rb1805,20171220,20171219,210137500,3789.0,52758,2690074,1997892320.0,3789.0,297,3788.0,403
rb1805,20171220,20171219,210138000,3789.0,52794,2690078,1999256260.0,3789.0,308,3788.0,393
rb1805,20171220,20171219,210138500,3788.0,52910,2690192,2003650360.0,3789.0,324,3788.0,351
rb1805,20171220,20171219,210139000,3788.0,52932,2690190,2004483800.0,3789.0,321,3788.0,349
rb1805,20171220,20171219,210139500,3789.0,52962,2690186,2005620440.0,3789.0,312,3788.0,350
rb1805,20171220,20171219,210140000,3789.0,53078,2690156,2010015160.0,3789.0,302,3788.0,330
rb1805,20171220,20171219,210140500,3788.0,53190,2690202,2014257800.0,3789.0,300,3788.0,279
rb1805,20171220,20171219,210141000,3789.0,53272,2690272,2017364140.0,3789.0,500,3788.0,249
rb1805,20171220,20171219,210141500,3788.0,53772,2690402,2036304140.0,3789.0,460,3787.0,798
rb1805,20171220,20171219,210142000,3787.0,54272,2690266,2055242520.0,3788.0,12,3787.0,701
rb1805,20171220,20171219,210142500,3788.0,54336,2690324,2057666740.0,3788.0,251,3787.0,716
rb1805,20171220,20171219,210143000,3787.0,54374,2690338,2059105900.0,3788.0,266,3787.0,706
rb1805,20171220,20171219,210143500,3788.0,54400,2690354,2060090720.0,3788.0,300,3787.0,703
rb1805,20171220,20171219,210144000,3787.0,54460,2690376,2062363220.0,3788.0,348,3787.0,704
rb1805,20171220,20171219,210144500,3788.0,54466,2690376,2062590480.0,3788.0,350,3787.0,704
rb1805,20171220,20171219,210145000,3787.0,54524,2690408,2064787080.0,3788.0,348,3787.0,664
rb1805,20171220,20171219,210145500,3787.0,54558,2690420,2066074800.0,3788.0,328,3787.0,654
rb1805,20171220,20171219,210146000,3787.0,54692,2690510,2071149620.0,3788.0,323,3787.0,619
rb1805,20171220,20171219,210146500,3788.0,54716,2690524,2072058600.0,3788.0,171,3787.0,612
rb1805,20171220,20171219,210147000,3788.0,54756,2690534,2073573660.0,3788.0,159,3787.0,608
rb1805,20171220,20171219,210147500,3788.0,54824,2690576,2076149040.0,3788.0,148,3787.0,585
rb1805,20171220,20171219,210148000,3788.0,54886,2690608,2078497320.0,3788.0,133,3787.0,572
rb1805,20171220,20171219,210148500,3787.0,54912,2690600,2079482140.0,3788.0,198,3787.0,590
rb1805,20171220,20171219,210149000,3788.0,55328,2690940,2095236940.0,3788.0,156,3787.0,426
rb1805,20171220,20171219,210149500,3787.0,55360,2690966,2096448820.0,3788.0,199,3787.0,391
rb1805,20171220,20171219,210150000,3787.0,55480,2691078,2100993380.0,3788.0,204,3787.0,341
rb1805,20171220,20171219,210150500,3787.0,55900,2691412,2116898780.0,3788.0,211,3787.0,133
rb1805,20171220,20171219,210151000,3787.0,56186,2691452,2127729600.0,3787.0,635,3786.0,407
rb1805,20171220,20171219,210151500,3787.0,56248,2691474,2130077200.0,3787.0,690,3786.0,371
rb1805,20171220,20171219,210152000,3787.0,56404,2691602,2135983420.0,3787.0,552,3786.0,302
rb1805,20171220,20171219,210152500,3786.0,56418,2691606,2136513460.0,3787.0,760,3786.0,304
rb1805,20171220,20171219,210153000,3786.0,57068,2691856,2161122520.0,3787.0,766,3786.0,9
rb1805,20171220,20171219,210153500,3785.0,57138,2691856,2163772620.0,3786.0,98,3785.0,335
rb1805,20171220,20171219,210154000,3785.0,57204,2691904,2166271200.0,3786.0,59,3785.0,331
rb1805,20171220,20171219,210154500,3785.0,57272,2691954,2168845240.0,3786.0,129,3785.0,312
rb1805,20171220,20171219,210155000,3785.0,57398,2691916,2173615260.0,3786.0,186,3785.0,311
rb1805,20171220,20171219,210155500,3785.0,57628,2692028,2182320900.0,3786.0,189,3785.0,225
rb1805,20171220,20171219,210156000,3785.0,57680,2692052,2184289160.0,3786.0,222,3785.0,188
rb1805,20171220,20171219,210156500,3785.0,58054,2692106,2198445120.0,3785.0,11,3784.0,314
rb1805,20171220,20171219,210157000,3784.0,58192,2692196,2203668260.0,3785.0,30,3784.0,307
rb1805,20171220,20171219,210157500,3784.0,58252,2692198,2205939060.0,3785.0,108,3784.0,297
rb1805,20171220,20171219,210158000,3785.0,58300,2692202,2207755580.0,3785.0,333,3784.0,279
rb1805,20171220,20171219,210158500,3784.0,58622,2692354,2219940600.0,3785.0,336,3784.0,149
rb1805,20171220,20171219,210159000,3784.0,58944,2692598,2232125140.0,3784.0,78,3783.0,131
rb1805,20171220,20171219,210159500,3784.0,59120,2692626,2238784640.0,3784.0,57,3783.0,216
rb1805,20171220,20171219,210200000,3785.0,59478,2692864,2252331680.0,3785.0,365,3784.0,129
rb1805,20171220,20171219,210200500,3784.0,60072,2693218,2274806700.0,3784.0,23,3783.0,118
rb1805,20171220,20171219,210201000,3783.0,60308,2693206,2283735600.0,3784.0,40,3783.0,52
rb1805,20171220,20171219,210201500,3783.0,60712,2693274,2299019360.0,3784.0,98,3783.0,206
rb1805,20171220,20171219,210202000,3784.0,60930,2693220,2307267840.0,3784.0,69,3783.0,219
rb1805,20171220,20171219,210202500,3783.0,61094,2693166,2313473040.0,3784.0,35,3783.0,220
rb1805,20171220,20171219,210203000,3784.0,61320,2693170,2322024840.0,3785.0,455,3783.0,267
rb1805,20171220,20171219,210203500,3784.0,61466,2693154,2327548880.0,3784.0,4,3783.0,260
rb1805,20171220,20171219,210204000,3783.0,61776,2693100,2339276340.0,3784.0,139,3783.0,212
rb1805,20171220,20171219,210204500,3783.0,62270,2693140,2357967560.0,3784.0,12,3783.0,145
rb1805,20171220,20171219,210205000,3783.0,62808,2693194,2378320960.0,3783.0,19,3782.0,969
rb1805,20171220,20171219,210205500,3783.0,62924,2693272,2382709420.0,3784.0,62,3783.0,39
rb1805,20171220,20171219,210206000,3784.0,63134,2693248,2390655520.0,3785.0,372,3784.0,18
rb1805,20171220,20171219,210206500,3783.0,63420,2693210,2401476860.0,3785.0,381,3783.0,208
rb1805,20171220,20171219,210207000,3783.0,63462,2693226,2403065900.0,3784.0,11,3783.0,216
rb1805,20171220,20171219,210207500,3783.0,63542,2693248,2406092740.0,3784.0,89,3783.0,238
rb1805,20171220,20171219,210208000,3783.0,64948,2693144,2459307340.0,3784.0,2,3783.0,220
rb1805,20171220,20171219,210208500,3784.0,65218,2693380,2469524160.0,3785.0,4,3784.0,182
rb1805,20171220,20171219,210209000,3783.0,65902,2693372,2495406660.0,3784.0,3,3783.0,177
rb1805,20171220,20171219,210209500,3784.0,66028,2693450,2500173520.0,3784.0,8,3783.0,158
rb1805,20171220,20171219,210210000,3784.0,66230,2693428,2507816500.0,3784.0,8,3783.0,170
rb1805,20171220,20171219,210210500,3784.0,66296,2693432,2510313500.0,3784.0,346,3783.0,143
rb1805,20171220,20171219,210211000,3783.0,66708,2693624,2525899560.0,3783.0,546,3782.0,1031
rb1805,20171220,20171219,210211500,3783.0,67208,2693936,2544809940.0,3783.0,688,3782.0,717
rb1805,20171220,20171219,210212000,3782.0,69028,2695476,2613643020.0,3782.0,851,3781.0,1342
rb1805,20171220,20171219,210212500,3780.0,71936,2697672,2723595880.0,3781.0,26,3780.0,1274
rb1805,20171220,20171219,210213000,3779.0,76066,2698228,2879712800.0,3780.0,207,3779.0,175
rb1805,20171220,20171219,210213500,3779.0,79040,2698936,2992073720.0,3779.0,356,3777.0,274
rb1805,20171220,20171219,210214000,3776.0,80858,2699622,3060733540.0,3779.0,506,3776.0,46
rb1805,20171220,20171219,210214500,3772.0,87950,2700118,3328419500.0,3774.0,6,3772.0,1414
rb1805,20171220,20171219,210215000,3774.0,96656,2697794,3656815100.0,3775.0,209,3774.0,479
rb1805,20171220,20171219,210215500,3776.0,100326,2697982,3795327560.0,3776.0,576,3775.0,70
rb1805,20171220,20171219,210216000,3776.0,102684,2697412,3884350740.0,3777.0,551,3776.0,28
rb1805,20171220,20171219,210216500,3776.0,102998,2697358,3896208320.0,3777.0,454,3776.0,402
rb1805,20171220,20171219,210217000,3777.0,103554,2697132,3917205480.0,3777.0,325,3776.0,347
rb1805,20171220,20171219,210217500,3776.0,103954,2696856,3932310880.0,3777.0,256,3776.0,215
rb1805,20171220,20171219,210218000,3776.0,104388,2696870,3948699320.0,3777.0,229,3776.0,53
rb1805,20171220,20171219,210218500,3776.0,104656,2696966,3958818840.0,3776.0,36,3775.0,139
rb1805,20171220,20171219,210219000,3775.0,105006,2697122,3972031480.0,3775.0,74,3774.0,161
rb1805,20171220,20171219,210219500,3776.0,105286,2697280,3982601800.0,3776.0,165,3775.0,62
rb1805,20171220,20171219,210220000,3775.0,105692,2697382,3997928820.0,3775.0,13,3774.0,149
rb1805,20171220,20171219,210220500,3775.0,105952,2697330,4007743460.0,3776.0,258,3775.0,1
rb1805,20171220,20171219,210221000,3775.0,106290,2697284,4020504820.0,3776.0,174,3775.0,18
rb1805,20171220,20171219,210221500,3775.0,107016,2697676,4047908960.0,3776.0,118,3775.0,12
rb1805,20171220,20171219,210222000,3776.0,107300,2697788,4058631020.0,3776.0,92,3775.0,25
rb1805,20171220,20171219,210222500,3776.0,107678,2697936,4072901140.0,3776.0,10,3775.0,3
rb1805,20171220,20171219,210223000,3776.0,107818,2697934,4078187260.0,3777.0,289,3776.0,6
rb1805,20171220,20171219,210223500,3776.0,108114,2697982,4089363080.0,3777.0,329,3776.0,50
rb1805,20171220,20171219,210224000,3776.0,108654,2698276,4109755520.0,3777.0,217,3776.0,125
rb1805,20171220,20171219,210224500,3776.0,108820,2698316,4116024400.0,3777.0,264,3776.0,130
rb1805,20171220,20171219,210225000,3776.0,109180,2698378,4129618280.0,3777.0,279,3776.0,9
rb1805,20171220,20171219,210225500,3776.0,109376,2698434,4137018640.0,3776.0,137,3775.0,221
rb1805,20171220,20171219,210226000,3776.0,109766,2698516,4151744780.0,3776.0,16,3775.0,138
rb1805,20171220,20171219,210226500,3776.0,110080,2698450,4163602180.0,3777.0,294,3776.0,181
rb1805,20171220,20171219,210227000,3777.0,110928,2698310,4195626920.0,3777.0,98,3776.0,22
rb1805,20171220,20171219,210227500,3777.0,111032,2698374,4199554360.0,3777.0,68,3776.0,103
rb1805,20171220,20171219,210228000,3777.0,111190,2698388,4205521240.0,3777.0,30,3776.0,119
rb1805,20171220,20171219,210228500,3777.0,111304,2698422,4209827020.0,3778.0,357,3777.0,182
rb1805,20171220,20171219,210229000,3777.0,111354,2698396,4211715580.0,3778.0,345,3777.0,194
rb1805,20171220,20171219,210229500,3777.0,111570,2698498,4219874540.0,3778.0,317,3777.0,172
rb1805,20171220,20171219,210230000,3778.0,111644,2698496,4222669840.0,3778.0,308,3777.0,180
rb1805,20171220,20171219,210230500,3777.0,111936,2698540,4233700120.0,3778.0,257,3777.0,107
rb1805,20171220,20171219,210231000,3778.0,112114,2698548,4240423520.0,3778.0,246,3777.0,44
rb1805,20171220,20171219,210231500,3777.0,112316,2698562,4248052980.0,3777.0,30,3776.0,216
rb1805,20171220,20171219,210232000,3778.0,112450,2698522,4253114620.0,3778.0,235,3777.0,105
rb1805,20171220,20171219,210232500,3777.0,112776,2698340,4265430160.0,3778.0,112,3777.0,594
rb1805,20171220,20171219,210233000,3777.0,113132,2698156,4278878340.0,3779.0,506,3778.0,30
rb1805,20171220,20171219,210233500,3778.0,113476,2697908,4291874740.0,3779.0,498,3778.0,71
rb1805,20171220,20171219,210234000,3778.0,113610,2697850,4296937300.0,3779.0,475,3778.0,70
rb1805,20171220,20171219,210234500,3778.0,113760,2697822,4302604380.0,3779.0,453,3778.0,34
rb1805,20171220,20171219,210235000,3778.0,114112,2698048,4315903180.0,3778.0,87,3777.0,632
rb1805,20171220,20171219,210235500,3777.0,114330,2698100,4324138780.0,3778.0,42,3777.0,617
rb1805,20171220,20171219,210236000,3778.0,114584,2698100,4333734100.0,3778.0,5,3777.0,581
rb1805,20171220,20171219,210236500,3778.0,114752,2698242,4340080440.0,3778.0,85,3777.0,552
rb1805,20171220,20171219,210237000,3778.0,114962,2698378,4348012800.0,3778.0,162,3777.0,496
rb1805,20171220,20171219,210237500,3777.0,115978,2699156,4386387560.0,3777.0,151,3776.0,427
rb1805,20171220,20171219,210238000,3776.0,116876,2699764,4420296720.0,3776.0,126,3775.0,416
rb1805,20171220,20171219,210238500,3775.0,117532,2700040,4445062260.0,3776.0,87,3775.0,146
rb1805,20171220,20171219,210239000,3774.0,117926,2699978,4459935780.0,3775.0,231,3774.0,339
rb1805,20171220,20171219,210239500,3774.0,120318,2701136,4550184980.0,3774.0,22,3771.0,304
rb1805,20171220,20171219,210240000,3770.0,122894,2701528,4647310440.0,3772.0,11,3770.0,25
rb1805,20171220,20171219,210240500,3764.0,131698,2701380,4978890180.0,3768.0,2,3764.0,54
rb1805,20171220,20171219,210241000,3764.0,142422,2700840,5382414140.0,3764.0,509,3763.0,36
rb1805,20171220,20171219,210241500,3765.0,147694,2700628,5580941060.0,3767.0,198,3765.0,573
rb1805,20171220,20171219,210242000,3769.0,149454,2700568,5647257540.0,3770.0,2157,3769.0,28
rb1805,20171220,20171219,210242500,3769.0,153670,2699066,5806190420.0,3770.0,533,3769.0,285
rb1805,20171220,20171219,210243000,3770.0,155528,2699396,5876238340.0,3771.0,215,3770.0,865
rb1805,20171220,20171219,210243500,3771.0,156870,2699224,5926849920.0,3772.0,35,3771.0,784
rb1805,20171220,20171219,210244000,3772.0,157820,2699070,5962693780.0,3775.0,120,3772.0,676
rb1805,20171220,20171219,210244500,3773.0,158132,2699198,5974467620.0,3775.0,206,3773.0,357
rb1805,20171220,20171219,210245000,3773.0,158528,2698970,5989411940.0,3774.0,82,3773.0,51
rb1805,20171220,20171219,210245500,3772.0,159102,2698974,6011069620.0,3773.0,205,3772.0,692
rb1805,20171220,20171219,210246000,3772.0,159790,2699218,6037025080.0,3773.0,95,3772.0,514
rb1805,20171220,20171219,210246500,3773.0,160106,2699460,6048945160.0,3773.0,132,3772.0,384
rb1805,20171220,20171219,210247000,3773.0,160498,2699418,6063732860.0,3773.0,153,3772.0,262
rb1805,20171220,20171219,210247500,3772.0,161240,2699328,6091721080.0,3772.0,249,3771.0,499
rb1805,20171220,20171219,210248000,3772.0,161918,2698890,6117291140.0,3772.0,210,3771.0,94
rb1805,20171220,20171219,210248500,3771.0,162278,2698678,6130866740.0,3772.0,380,3771.0,4
rb1805,20171220,20171219,210249000,3771.0,162608,2698618,6143310040.0,3771.0,30,3770.0,322
rb1805,20171220,20171219,210249500,3770.0,163252,2698798,6167589300.0,3770.0,111,3769.0,167
rb1805,20171220,20171219,210250000,3769.0,163654,2698812,6182745320.0,3770.0,109,3769.0,133
rb1805,20171220,20171219,210250500,3769.0,164744,2698238,6223827420.0,3769.0,197,3768.0,128
rb1805,20171220,20171219,210251000,3768.0,165696,2697806,6259712920.0,3770.0,8,3768.0,333
rb1805,20171220,20171219,210251500,3770.0,166296,2697850,6282326660.0,3770.0,5,3769.0,64
rb1805,20171220,20171219,210252000,3770.0,166480,2697782,6289261980.0,3770.0,40,3769.0,167
rb1805,20171220,20171219,210252500,3770.0,166702,2697944,6297631620.0,3771.0,265,3770.0,118
rb1805,20171220,20171219,210253000,3771.0,167576,2698620,6330588900.0,3772.0,502,3771.0,10
rb1805,20171220,20171219,210253500,3772.0,167876,2698610,6341900640.0,3771.0,5,3770.0,33
rb1805,20171220,20171219,210254000,3771.0,168076,2698626,6349441340.0,3771.0,4,3770.0,63
rb1805,20171220,20171219,210254500,3770.0,168936,2698506,6381863320.0,3770.0,126,3769.0,440
rb1805,20171220,20171219,210255000,3769.0,169268,2698546,6394379540.0,3770.0,70,3769.0,467
rb1805,20171220,20171219,210255500,3771.0,169508,2698502,6403428240.0,3772.0,535,3771.0,3
rb1805,20171220,20171219,210256000,3771.0,169624,2698454,6407802200.0,3772.0,526,3770.0,313
rb1805,20171220,20171219,210256500,3770.0,170478,2698690,6440005700.0,3771.0,257,3770.0,192
rb1805,20171220,20171219,210257000,3770.0,170576,2698756,6443700480.0,3771.0,282,3770.0,359
rb1805,20171220,20171219,210257500,3771.0,171850,2699226,6491729020.0,3771.0,247,3770.0,3
rb1805,20171220,20171219,210258000,3770.0,172274,2699264,6507713600.0,3770.0,5,3769.0,197
rb1805,20171220,20171219,210258500,3770.0,172430,2699262,6513595120.0,3771.0,280,3770.0,24
rb1805,20171220,20171219,210259000,3771.0,172970,2699514,6533953240.0,3771.0,188,3770.0,194
rb1805,20171220,20171219,210259500,3770.0,174214,2699966,6580857340.0,3770.0,41,3769.0,155
rb1805,20171220,20171219,210300000,3770.0,175030,2699806,6611627240.0,3770.0,55,3769.0,115
rb1805,20171220,20171219,210300500,3769.0,176256,2700172,6657843300.0,3769.0,564,3768.0,356
rb1805,20171220,20171219,210301000,3769.0,176888,2700438,6681662000.0,3769.0,480,3768.0,236
rb1805,20171220,20171219,210301500,3768.0,177370,2700576,6699825800.0,3769.0,396,3768.0,87
rb1805,20171220,20171219,210302000,3768.0,177658,2700648,6710679480.0,3769.0,394,3768.0,157
rb1805,20171220,20171219,210302500,3769.0,179112,2700638,6765477380.0,3770.0,188,3769.0,35
rb1805,20171220,20171219,210303000,3769.0,179450,2700646,6778218300.0,3770.0,120,3769.0,120
rb1805,20171220,20171219,210303500,3770.0,180022,2700786,6799780520.0,3770.0,91,3769.0,174
rb1805,20171220,20171219,210304000,3769.0,180470,2700818,6816667960.0,3770.0,1,3769.0,88
rb1805,20171220,20171219,210304500,3770.0,180776,2700784,6828204200.0,3771.0,47,3770.0,169
rb1805,20171220,20171219,210305000,3770.0,180920,2700702,6833633080.0,3771.0,78,3770.0,171
rb1805,20171220,20171219,210305500,3771.0,181130,2700714,6841550240.0,3771.0,220,3770.0,92
rb1805,20171220,20171219,210306000,3769.0,181538,2700576,6856931260.0,3770.0,119,3769.0,376
rb1805,20171220,20171219,210306500,3769.0,182502,2700650,6893266160.0,3769.0,188,3768.0,456
rb1805,20171220,20171219,210307000,3769.0,183704,2701390,6938559300.0,3769.0,131,3767.0,221
rb1805,20171220,20171219,210307500,3769.0,184000,2701546,6949712660.0,3769.0,180,3767.0,161
rb1805,20171220,20171219,210308000,3767.0,186346,2702572,7038051580.0,3767.0,39,3766.0,2
rb1805,20171220,20171219,210308500,3765.0,186522,2702518,7044679720.0,3766.0,274,3764.0,87
rb1805,20171220,20171219,210309000,3767.0,188520,2702204,7119916660.0,3767.0,134,3766.0,1
rb1805,20171220,20171219,210309500,3763.0,189398,2702652,7152973560.0,3766.0,832,3764.0,1
rb1805,20171220,20171219,210310000,3765.0,190854,2703032,7207770420.0,3765.0,10,3764.0,26
rb1805,20171220,20171219,210310500,3764.0,192222,2702884,7259259260.0,3764.0,257,3763.0,5
rb1805,20171220,20171219,210311000,3763.0,192870,2703116,7283647540.0,3763.0,92,3762.0,302
rb1805,20171220,20171219,210311500,3764.0,194588,2704022,7348295340.0,3764.0,66,3762.0,349
rb1805,20171220,20171219,210312000,3764.0,195172,2704386,7370270780.0,3764.0,144,3763.0,1
rb1805,20171220,20171219,210312500,3763.0,196130,2704116,7406321520.0,3764.0,11,3763.0,258
rb1805,20171220,20171219,210313000,3766.0,197416,2704156,7454743740.0,3767.0,419,3766.0,574
rb1805,20171220,20171219,210313500,3766.0,198764,2703694,7505515520.0,3767.0,11,3766.0,23
rb1805,20171220,20171219,210314000,3768.0,199456,2703460,7531579540.0,3768.0,88,3766.0,102
rb1805,20171220,20171219,210314500,3764.0,200948,2703762,7587762980.0,3765.0,2,3764.0,296
rb1805,20171220,20171219,210315000,3767.0,201532,2703642,7609754980.0,3766.0,1,3765.0,150
rb1805,20171220,20171219,210315500,3766.0,201938,2703580,7625047980.0,3767.0,20,3766.0,91
rb1805,20171220,20171219,210316000,3767.0,202376,2703564,7641549160.0,3767.0,59,3766.0,172
rb1805,20171220,20171219,210316500,3768.0,202726,2703470,7654735880.0,3769.0,131,3768.0,50
rb1805,20171220,20171219,210317000,3768.0,203512,2703440,7684350780.0,3769.0,97,3768.0,32
rb1805,20171220,20171219,210317500,3767.0,203896,2703514,7698817740.0,3768.0,80,3767.0,83
rb1805,20171220,20171219,210318000,3767.0,204146,2703360,7708237360.0,3769.0,109,3767.0,118
rb1805,20171220,20171219,210318500,3768.0,204234,2703408,7711553060.0,3769.0,116,3768.0,137
rb1805,20171220,20171219,210319000,3769.0,204536,2703280,7722933040.0,3769.0,98,3768.0,20
rb1805,20171220,20171219,210319500,3767.0,205208,2703282,7748248660.0,3768.0,120,3767.0,109
rb1805,20171220,20171219,210320000,3769.0,205784,2703454,7769948420.0,3769.0,243,3768.0,15
rb1805,20171220,20171219,210320500,3768.0,205914,2703384,7774845900.0,3768.0,542,3766.0,280
rb1805,20171220,20171219,210321000,3768.0,206228,2703270,7786677360.0,3768.0,987,3767.0,33
rb1805,20171220,20171219,210321500,3767.0,207156,2703012,7821632840.0,3767.0,86,3766.0,186
rb1805,20171220,20171219,210322000,3767.0,207594,2702880,7838132460.0,3768.0,1007,3767.0,34
rb1805,20171220,20171219,210322500,3767.0,208036,2702698,7854782160.0,3767.0,65,3766.0,225
rb1805,20171220,20171219,210323000,3767.0,208276,2702746,7863821300.0,3767.0,68,3766.0,169
rb1805,20171220,20171219,210323500,3767.0,208650,2702658,7877909600.0,3767.0,8,3766.0,130
rb1805,20171220,20171219,210324000,3768.0,209130,2702820,7895992700.0,3768.0,870,3767.0,58
rb1805,20171220,20171219,210324500,3768.0,209542,2702940,7911516040.0,3768.0,687,3767.0,294
rb1805,20171220,20171219,210325000,3768.0,211024,2702952,7967357700.0,3769.0,240,3768.0,761
rb1805,20171220,20171219,210325500,3769.0,211698,2703348,7992762360.0,3770.0,676,3769.0,448
rb1805,20171220,20171219,210326000,3770.0,213250,2702900,8051271140.0,3771.0,371,3770.0,80
rb1805,20171220,20171219,210326500,3770.0,213466,2702846,8059415220.0,3771.0,307,3770.0,121
rb1805,20171220,20171219,210327000,3770.0,213896,2702812,8075628420.0,3771.0,294,3770.0,135
rb1805,20171220,20171219,210327500,3771.0,214080,2702692,8082565380.0,3771.0,291,3770.0,83
rb1805,20171220,20171219,210328000,3770.0,214364,2702684,8093272460.0,3770.0,6,3769.0,347
rb1805,20171220,20171219,210328500,3770.0,214590,2702684,8101793060.0,3771.0,278,3770.0,10
rb1805,20171220,20171219,210329000,3770.0,214966,2702856,8115967540.0,3770.0,288,3769.0,336
rb1805,20171220,20171219,210329500,3770.0,215428,2702898,8133382180.0,3770.0,353,3769.0,155
rb1805,20171220,20171219,210330000,3770.0,215588,2702814,8139412960.0,3770.0,387,3769.0,96
rb1805,20171220,20171219,210330500,3770.0,215818,2702722,8148082140.0,3770.0,385,3769.0,7
rb1805,20171220,20171219,210331000,3770.0,216232,2702878,8163688360.0,3770.0,289,3769.0,2
rb1805,20171220,20171219,210331500,3769.0,216502,2702934,8173866100.0,3770.0,383,3769.0,40
rb1805,20171220,20171219,210332000,3769.0,217004,2702816,8192788120.0,3769.0,49,3768.0,619
rb1805,20171220,20171219,210332500,3770.0,217244,2702878,8201834420.0,3769.0,5,3768.0,548
rb1805,20171220,20171219,210333000,3770.0,217448,2702846,8209524480.0,3770.0,274,3769.0,100
rb1805,20171220,20171219,210333500,3770.0,217498,2702832,8211409420.0,3770.0,256,3769.0,125
rb1805,20171220,20171219,210334000,3770.0,217574,2702872,8214274520.0,3770.0,241,3769.0,171
rb1805,20171220,20171219,210334500,3770.0,217848,2702892,8224603900.0,3770.0,194,3769.0,192
rb1805,20171220,20171219,210335000,3769.0,218006,2702916,8230560020.0,3770.0,147,3769.0,229
rb1805,20171220,20171219,210335500,3769.0,218726,2703174,8257697960.0,3770.0,97,3769.0,9
rb1805,20171220,20171219,210336000,3770.0,219364,2703534,8281748860.0,3771.0,420,3770.0,234
rb1805,20171220,20171219,210336500,3770.0,219572,2703694,8289590880.0,3771.0,421,3770.0,179
rb1805,20171220,20171219,210337000,3770.0,220040,2704102,8307234280.0,3771.0,419,3770.0,14
rb1805,20171220,20171219,210337500,3770.0,220220,2704108,8314019820.0,3771.0,436,3770.0,3
rb1805,20171220,20171219,210338000,3771.0,220324,2704152,8317941340.0,3771.0,400,3770.0,49
rb1805,20171220,20171219,210338500,3770.0,220592,2704064,8328046980.0,3771.0,341,3770.0,51
rb1805,20171220,20171219,210339000,3771.0,220906,2703880,8339887520.0,3771.0,215,3770.0,87
rb1805,20171220,20171219,210339500,3769.0,221750,2704418,8371708360.0,3770.0,26,3769.0,122
rb1805,20171220,20171219,210340000,3770.0,222104,2704526,8385056460.0,3771.0,60,3770.0,103
rb1805,20171220,20171219,210340500,3771.0,222290,2704600,8392070420.0,3771.0,36,3770.0,130
rb1805,20171220,20171219,210341000,3771.0,222450,2704584,8398103780.0,3771.0,31,3770.0,144
rb1805,20171220,20171219,210341500,3771.0,222604,2704634,8403911060.0,3772.0,387,3771.0,4
rb1805,20171220,20171219,210342000,3771.0,222796,2704748,8411152320.0,3772.0,340,3771.0,22
rb1805,20171220,20171219,210342500,3771.0,222922,2704802,8415903960.0,3772.0,335,3771.0,17
rb1805,20171220,20171219,210343000,3772.0,223532,2705026,8438906460.0,3771.0,20,3770.0,73
rb1805,20171220,20171219,210343500,3772.0,223870,2704888,8451653040.0,3772.0,306,3770.0,82
rb1805,20171220,20171219,210344000,3770.0,223970,2704906,8455423760.0,3772.0,319,3770.0,67
rb1805,20171220,20171219,210344500,3771.0,224362,2705162,8470206380.0,3771.0,110,3770.0,88
rb1805,20171220,20171219,210345000,3772.0,224908,2705452,8490797980.0,3772.0,213,3771.0,6
rb1805,20171220,20171219,210345500,3772.0,225128,2705466,8499095800.0,3772.0,143,3771.0,20
rb1805,20171220,20171219,210346000,3772.0,225310,2705608,8505960760.0,3772.0,43,3771.0,157
rb1805,20171220,20171219,210346500,3772.0,225456,2705624,8511467780.0,3773.0,407,3772.0,31
rb1805,20171220,20171219,210347000,3773.0,225582,2705650,8516220300.0,3773.0,380,3772.0,71
rb1805,20171220,20171219,210347500,3773.0,226136,2705564,8537122040.0,3773.0,142,3772.0,55
rb1805,20171220,20171219,210348000,3773.0,226408,2705606,8547384100.0,3773.0,55,3772.0,59
rb1805,20171220,20171219,210348500,3773.0,226804,2705378,8562322900.0,3774.0,413,3773.0,143
rb1805,20171220,20171219,210349000,3772.0,227286,2705472,8580508200.0,3773.0,628,3772.0,86
rb1805,20171220,20171219,210349500,3773.0,228560,2705024,8628570720.0,3772.0,300,3771.0,208
rb1805,20171220,20171219,210350000,3772.0,228642,2705062,8631663580.0,3772.0,433,3771.0,183
rb1805,20171220,20171219,210350500,3772.0,229246,2705162,8654442640.0,3772.0,323,3770.0,266
rb1805,20171220,20171219,210351000,3772.0,229752,2705350,8673525720.0,3772.0,379,3770.0,281
rb1805,20171220,20171219,210351500,3772.0,230006,2705540,8683106180.0,3771.0,6,3770.0,284
rb1805,20171220,20171219,210352000,3771.0,230112,2705546,8687103720.0,3772.0,304,3771.0,41
rb1805,20171220,20171219,210352500,3772.0,230622,2705930,8706337740.0,3772.0,227,3770.0,277
rb1805,20171220,20171219,210353000,3772.0,230800,2705946,8713051580.0,3771.0,4,3770.0,299
rb1805,20171220,20171219,210353500,3772.0,230964,2706084,8719236920.0,3772.0,209,3771.0,65
rb1805,20171220,20171219,210354000,3772.0,231010,2706090,8720971700.0,3772.0,206,3771.0,53
rb1805,20171220,20171219,210354500,3771.0,231262,2706324,8730476740.0,3772.0,157,3771.0,132
rb1805,20171220,20171219,210355000,3771.0,231632,2706376,8744429900.0,3772.0,167,3771.0,13
rb1805,20171220,20171219,210355500,3772.0,231974,2706508,8757329580.0,3772.0,87,3771.0,38
rb1805,20171220,20171219,210356000,3771.0,232060,2706566,8760573360.0,3772.0,92,3771.0,187
rb1805,20171220,20171219,210356500,3771.0,232354,2706572,8771662200.0,3772.0,128,3771.0,156
rb1805,20171220,20171219,210357000,3772.0,232710,2706396,8785090140.0,3772.0,6,3771.0,113
rb1805,20171220,20171219,210357500,3772.0,232752,2706424,8786674420.0,3773.0,670,3772.0,32
rb1805,20171220,20171219,210358000,3772.0,233462,2706906,8813455540.0,3772.0,3,3771.0,97
rb1805,20171220,20171219,210358500,3772.0,233530,2706894,8816020380.0,3773.0,680,3772.0,7
rb1805,20171220,20171219,210359000,3772.0,233628,2706900,8819716840.0,3773.0,680,3772.0,1
rb1805,20171220,20171219,210359500,3772.0,233710,2706896,8822809380.0,3772.0,4,3771.0,83
rb1805,20171220,20171219,210400000,3772.0,233758,2706918,8824620080.0,3772.0,20,3771.0,212
rb1805,20171220,20171219,210400500,3772.0,234102,2707066,8837593580.0,3772.0,32,3771.0,106
rb1805,20171220,20171219,210401000,3771.0,234218,2707082,8841968280.0,3772.0,156,3771.0,91
rb1805,20171220,20171219,210401500,3771.0,234496,2707218,8852451940.0,3771.0,7,3770.0,545
rb1805,20171220,20171219,210402000,3771.0,234596,2707196,8856222700.0,3771.0,24,3770.0,533
rb1805,20171220,20171219,210402500,3771.0,234696,2707222,8859993300.0,3771.0,6,3770.0,518
rb1805,20171220,20171219,210403000,3772.0,234734,2707240,8861426520.0,3772.0,341,3771.0,14
rb1805,20171220,20171219,210403500,3772.0,235454,2707630,8888584380.0,3772.0,36,3771.0,159
rb1805,20171220,20171219,210404000,3771.0,235696,2707608,8897712380.0,3773.0,722,3772.0,1
rb1805,20171220,20171219,210404500,3772.0,235822,2707564,8902465300.0,3773.0,713,3772.0,326
rb1805,20171220,20171219,210405000,3772.0,236632,2707910,8933024480.0,3773.0,336,3772.0,428
rb1805,20171220,20171219,210405500,3773.0,237448,2708024,8963810840.0,3774.0,425,3773.0,428
rb1805,20171220,20171219,210406000,3774.0,238004,2707758,8984793820.0,3774.0,182,3773.0,601
rb1805,20171220,20171219,210406500,3773.0,238482,2707940,9002830880.0,3774.0,79,3773.0,502
rb1805,20171220,20171219,210407000,3774.0,238592,2707968,9006981880.0,3774.0,49,3773.0,494
rb1805,20171220,20171219,210407500,3774.0,238740,2708004,9012567320.0,3775.0,611,3774.0,122
rb1805,20171220,20171219,210408000,3774.0,238872,2708028,9017549260.0,3775.0,563,3774.0,232
rb1805,20171220,20171219,210408500,3774.0,239258,2707824,9032120000.0,3775.0,416,3774.0,308
rb1805,20171220,20171219,210409000,3775.0,239422,2707918,9038310300.0,3775.0,372,3774.0,328
rb1805,20171220,20171219,210409500,3774.0,239616,2708012,9045633400.0,3775.0,299,3774.0,346
rb1805,20171220,20171219,210410000,3774.0,240162,2707884,9066244540.0,3775.0,46,3774.0,322
rb1805,20171220,20171219,210410500,3776.0,240362,2707930,9073794780.0,3776.0,650,3775.0,126
rb1805,20171220,20171219,210411000,3775.0,240900,2707678,9094109300.0,3776.0,399,3775.0,190
rb1805,20171220,20171219,210411500,3776.0,241178,2707678,9104604460.0,3776.0,396,3775.0,404
rb1805,20171220,20171219,210412000,3776.0,241348,2707610,9111022640.0,3776.0,361,3775.0,427
rb1805,20171220,20171219,210412500,3776.0,241660,2707482,9122803620.0,3776.0,253,3775.0,432
rb1805,20171220,20171219,210413000,3775.0,242116,2707388,9140020920.0,3776.0,108,3775.0,405
rb1805,20171220,20171219,210413500,3775.0,242516,2707084,9155122180.0,3776.0,86,3775.0,276
rb1805,20171220,20171219,210414000,3776.0,242610,2707072,9158671480.0,3776.0,265,3775.0,260
rb1805,20171220,20171219,210414500,3775.0,243050,2707000,9175284060.0,3776.0,257,3775.0,190
rb1805,20171220,20171219,210415000,3775.0,243478,2706862,9191441400.0,3775.0,203,3774.0,231
rb1805,20171220,20171219,210415500,3775.0,243646,2706960,9197783320.0,3775.0,231,3774.0,189
rb1805,20171220,20171219,210416000,3775.0,243906,2707020,9207598280.0,3775.0,127,3774.0,208
rb1805,20171220,20171219,210416500,3775.0,243960,2706992,9209636760.0,3775.0,120,3774.0,265
rb1805,20171220,20171219,210417000,3775.0,244166,2706906,9217413220.0,3775.0,41,3774.0,215
rb1805,20171220,20171219,210417500,3775.0,244268,2706948,9221263640.0,3775.0,2,3774.0,212
rb1805,20171220,20171219,210418000,3774.0,244382,2707006,9225567540.0,3775.0,1,3774.0,249
rb1805,20171220,20171219,210418500,3775.0,244506,2707068,9230248640.0,3776.0,436,3775.0,29
rb1805,20171220,20171219,210419000,3775.0,244690,2707090,9237194580.0,3776.0,433,3775.0,3
rb1805,20171220,20171219,210419500,3775.0,244814,2707164,9241874720.0,3775.0,207,3774.0,164
rb1805,20171220,20171219,210420000,3774.0,244948,2707244,9246932960.0,3775.0,172,3774.0,153
rb1805,20171220,20171219,210420500,3775.0,244982,2707276,9248216460.0,3775.0,256,3774.0,160
rb1805,20171220,20171219,210421000,3775.0,245034,2707314,9250179460.0,3775.0,336,3774.0,185
rb1805,20171220,20171219,210421500,3775.0,245156,2707400,9254784680.0,3775.0,371,3774.0,176
rb1805,20171220,20171219,210422000,3774.0,245318,2707404,9260900060.0,3775.0,423,3774.0,187
rb1805,20171220,20171219,210422500,3774.0,245418,2707464,9264674960.0,3775.0,399,3774.0,189
rb1805,20171220,20171219,210423000,3775.0,245626,2707480,9272525940.0,3775.0,360,3774.0,168
rb1805,20171220,20171219,210423500,3775.0,245722,2707474,9276149840.0,3775.0,339,3774.0,195
rb1805,20171220,20171219,210424000,3774.0,246278,2707734,9297138600.0,3775.0,79,3774.0,387
rb1805,20171220,20171219,210424500,3775.0,246476,2707792,9304613140.0,3776.0,566,3775.0,905
rb1805,20171220,20171219,210425000,3775.0,247308,2708232,9336028520.0,3776.0,196,3775.0,792
rb1805,20171220,20171219,210425500,3776.0,248012,2708106,9362610280.0,3777.0,338,3776.0,200
rb1805,20171220,20171219,210426000,3777.0,248226,2708230,9370692480.0,3777.0,236,3776.0,265
rb1805,20171220,20171219,210426500,3776.0,248970,2708248,9398788920.0,3777.0,88,3776.0,13
rb1805,20171220,20171219,210427000,3777.0,249362,2708290,9413593040.0,3778.0,449,3777.0,25
rb1805,20171220,20171219,210427500,3777.0,249466,2708220,9417521540.0,3778.0,427,3777.0,14
rb1805,20171220,20171219,210428000,3778.0,249620,2708248,9423339200.0,3778.0,424,3777.0,40
rb1805,20171220,20171219,210428500,3778.0,249802,2708174,9430214640.0,3778.0,364,3777.0,27
rb1805,20171220,20171219,210429000,3777.0,250020,2708218,9438449080.0,3777.0,25,3776.0,63
rb1805,20171220,20171219,210429500,3777.0,250114,2708250,9441999540.0,3778.0,320,3777.0,53
rb1805,20171220,20171219,210430000,3778.0,250276,2708202,9448118880.0,3778.0,303,3777.0,12
rb1805,20171220,20171219,210430500,3777.0,250352,2708158,9450989340.0,3777.0,135,3776.0,85
rb1805,20171220,20171219,210431000,3777.0,250486,2708160,9456050340.0,3777.0,77,3776.0,77
rb1805,20171220,20171219,210431500,3777.0,250560,2708186,9458845280.0,3777.0,62,3776.0,69
rb1805,20171220,20171219,210432000,3776.0,250704,2708148,9464283400.0,3777.0,31,3776.0,46
rb1805,20171220,20171219,210432500,3776.0,251012,2708188,9475913860.0,3776.0,71,3775.0,660
rb1805,20171220,20171219,210433000,3776.0,251238,2708232,9484448200.0,3777.0,194,3776.0,100
rb1805,20171220,20171219,210433500,3776.0,251692,2708156,9501592500.0,3776.0,455,3775.0,660
rb1805,20171220,20171219,210434000,3776.0,251782,2708132,9504990820.0,3776.0,421,3775.0,683
rb1805,20171220,20171219,210434500,3776.0,252536,2708194,9533457520.0,3776.0,370,3775.0,411
rb1805,20171220,20171219,210435000,3775.0,252678,2708168,9538818580.0,3776.0,354,3775.0,378
rb1805,20171220,20171219,210435500,3776.0,253152,2708534,9556712780.0,3776.0,365,3775.0,181
rb1805,20171220,20171219,210436000,3776.0,253408,2708472,9566377960.0,3776.0,329,3775.0,113
rb1805,20171220,20171219,210436500,3776.0,253566,2708446,9572342760.0,3776.0,289,3775.0,49
rb1805,20171220,20171219,210437000,3775.0,253678,2708432,9576571780.0,3776.0,243,3775.0,58
rb1805,20171220,20171219,210437500,3775.0,253836,2708386,9582536300.0,3776.0,248,3775.0,13
rb1805,20171220,20171219,210438000,3776.0,253880,2708366,9584197640.0,3776.0,235,3775.0,48
rb1805,20171220,20171219,210438500,3775.0,253968,2708344,9587520140.0,3776.0,218,3775.0,36
rb1805,20171220,20171219,210439000,3775.0,254134,2708248,9593787300.0,3775.0,2,3774.0,593
rb1805,20171220,20171219,210439500,3776.0,254562,2708176,9609948260.0,3777.0,403,3776.0,111
rb1805,20171220,20171219,210440000,3776.0,254608,2708180,9611685440.0,3777.0,382,3776.0,101
rb1805,20171220,20171219,210440500,3776.0,254806,2708040,9619161980.0,3777.0,382,3776.0,24
rb1805,20171220,20171219,210441000,3776.0,254896,2708068,9622560360.0,3776.0,94,3775.0,81
rb1805,20171220,20171219,210441500,3777.0,255118,2708080,9630943040.0,3777.0,350,3776.0,33
rb1805,20171220,20171219,210442000,3776.0,255192,2708134,9633737620.0,3777.0,342,3776.0,92
rb1805,20171220,20171219,210442500,3776.0,255274,2708182,9636834380.0,3777.0,326,3776.0,141
rb1805,20171220,20171219,210443000,3777.0,255606,2708262,9649371340.0,3777.0,294,3776.0,11
rb1805,20171220,20171219,210443500,3777.0,255778,2708292,9655865400.0,3777.0,297,3775.0,763
rb1805,20171220,20171219,210444000,3777.0,255882,2708242,9659792960.0,3776.0,10,3775.0,810
rb1805,20171220,20171219,210444500,3776.0,256022,2708332,9665079980.0,3777.0,234,3776.0,76
rb1805,20171220,20171219,210445000,3777.0,256090,2708358,9667648000.0,3777.0,225,3776.0,102
rb1805,20171220,20171219,210445500,3776.0,256136,2708388,9669385060.0,3777.0,236,3776.0,97
rb1805,20171220,20171219,210446000,3776.0,256210,2708444,9672179680.0,3777.0,240,3776.0,115
rb1805,20171220,20171219,210446500,3776.0,256230,2708458,9672934940.0,3777.0,250,3776.0,137
rb1805,20171220,20171219,210447000,3776.0,256280,2708496,9674823140.0,3777.0,243,3776.0,126
rb1805,20171220,20171219,210447500,3777.0,256358,2708508,9677768760.0,3777.0,239,3776.0,109
rb1805,20171220,20171219,210448000,3776.0,256474,2708454,9682149460.0,3777.0,249,3776.0,128
rb1805,20171220,20171219,210448500,3776.0,256750,2708610,9692571240.0,3776.0,100,3775.0,867
rb1805,20171220,20171219,210449000,3776.0,256958,2708626,9700425320.0,3776.0,3,3775.0,875
rb1805,20171220,20171219,210449500,3775.0,257104,2708640,9705938340.0,3776.0,1,3775.0,869
rb1805,20171220,20171219,210450000,3776.0,257134,2708646,9707071240.0,3777.0,310,3776.0,44
rb1805,20171220,20171219,210450500,3776.0,257254,2708628,9711603020.0,3777.0,288,3776.0,65
rb1805,20171220,20171219,210451000,3776.0,257336,2708660,9714699740.0,3777.0,274,3776.0,47
rb1805,20171220,20171219,210451500,3777.0,257392,2708660,9716814380.0,3777.0,270,3776.0,137
rb1805,20171220,20171219,210452000,3776.0,257446,2708700,9718853780.0,3777.0,255,3776.0,142
rb1805,20171220,20171219,210452500,3777.0,257476,2708708,9719986700.0,3777.0,236,3776.0,182
rb1805,20171220,20171219,210453000,3777.0,257644,2708644,9726330840.0,3777.0,279,3776.0,143
rb1805,20171220,20171219,210453500,3776.0,257716,2708628,9729049720.0,3777.0,271,3776.0,131
rb1805,20171220,20171219,210454000,3776.0,258182,2708916,9746650120.0,3777.0,82,3776.0,123
rb1805,20171220,20171219,210454500,3777.0,258252,2708888,9749293880.0,3777.0,40,3776.0,122
rb1805,20171220,20171219,210455000,3777.0,258392,2708866,9754580640.0,3777.0,112,3776.0,73
rb1805,20171220,20171219,210455500,3777.0,258656,2709054,9764551680.0,3777.0,78,3776.0,64
rb1805,20171220,20171219,210456000,3777.0,258730,2709068,9767346360.0,3777.0,68,3776.0,106
rb1805,20171220,20171219,210456500,3776.0,258854,2709130,9772028840.0,3777.0,140,3776.0,63
rb1805,20171220,20171219,210457000,3777.0,258956,2709204,9775881280.0,3777.0,179,3776.0,62
rb1805,20171220,20171219,210457500,3776.0,258992,2709220,9777240800.0,3777.0,262,3776.0,76
rb1805,20171220,20171219,210458000,3776.0,259180,2709350,9784339940.0,3776.0,147,3775.0,923
rb1805,20171220,20171219,210458500,3776.0,259374,2709464,9791665320.0,3776.0,264,3775.0,923
rb1805,20171220,20171219,210459000,3776.0,259414,2709480,9793175720.0,3776.0,251,3775.0,924
rb1805,20171220,20171219,210459500,3776.0,259438,2709490,9794081920.0,3776.0,250,3775.0,942
rb1805,20171220,20171219,210500000,3777.0,259980,2709498,9814548100.0,3777.0,382,3776.0,3
rb1805,20171220,20171219,210500500,3776.0,260660,2709770,9840227280.0,3777.0,304,3776.0,34
rb1805,20171220,20171219,210501000,3776.0,260854,2709882,9847553760.0,3777.0,212,3776.0,41
rb1805,20171220,20171219,210501500,3777.0,261012,2709926,9853520160.0,3777.0,191,3776.0,53
rb1805,20171220,20171219,210502000,3776.0,261114,2710004,9857372300.0,3777.0,163,3776.0,162
rb1805,20171220,20171219,210502500,3776.0,261196,2710030,9860469000.0,3777.0,110,3776.0,155
rb1805,20171220,20171219,210503000,3776.0,261260,2710072,9862885840.0,3777.0,125,3776.0,142
rb1805,20171220,20171219,210503500,3777.0,261510,2710016,9872328180.0,3778.0,733,3777.0,270
rb1805,20171220,20171219,210504000,3778.0,261648,2709994,9877541140.0,3778.0,673,3777.0,332
rb1805,20171220,20171219,210504500,3777.0,261720,2709984,9880260660.0,3778.0,678,3777.0,389
rb1805,20171220,20171219,210505000,3777.0,261808,2709956,9883584980.0,3778.0,650,3777.0,386
rb1805,20171220,20171219,210505500,3778.0,262092,2709726,9894314160.0,3778.0,535,3777.0,375
rb1805,20171220,20171219,210506000,3778.0,262554,2709808,9911768160.0,3778.0,322,3777.0,385
rb1805,20171220,20171219,210506500,3778.0,263238,2710198,9937609420.0,3779.0,399,3778.0,102
rb1805,20171220,20171219,210507000,3778.0,263530,2710010,9948643920.0,3779.0,283,3778.0,233
rb1805,20171220,20171219,210507500,3779.0,264210,2710096,9974340000.0,3780.0,532,3779.0,107
rb1805,20171220,20171219,210508000,3780.0,264602,2709960,9989157100.0,3780.0,363,3779.0,156
rb1805,20171220,20171219,210508500,3779.0,265528,2709520,10024160340.0,3781.0,331,3780.0,1
rb1805,20171220,20171219,210509000,3780.0,266078,2709218,10044954200.0,3781.0,119,3780.0,16
rb1805,20171220,20171219,210509500,3781.0,266356,2709058,10055465200.0,3781.0,43,3780.0,132
rb1805,20171220,20171219,210510000,3781.0,266648,2708970,10066505640.0,3781.0,71,3780.0,152
rb1805,20171220,20171219,210510500,3780.0,267214,2708880,10087901680.0,3780.0,57,3779.0,91
rb1805,20171220,20171219,210511000,3780.0,267404,2708846,10095083540.0,3780.0,315,3779.0,95
rb1805,20171220,20171219,210511500,3778.0,267862,2708610,10112392420.0,3780.0,342,3778.0,187
rb1805,20171220,20171219,210512000,3779.0,267932,2708582,10115037560.0,3779.0,5,3778.0,174
rb1805,20171220,20171219,210512500,3780.0,268062,2708534,10119951460.0,3780.0,299,3779.0,76
rb1805,20171220,20171219,210513000,3778.0,268338,2708606,10130382040.0,3780.0,204,3778.0,182
rb1805,20171220,20171219,210513500,3779.0,268616,2708674,10140887240.0,3779.0,95,3778.0,141
rb1805,20171220,20171219,210514000,3779.0,268712,2708712,10144514820.0,3779.0,61,3778.0,139
rb1805,20171220,20171219,210514500,3779.0,268962,2708698,10153962520.0,3780.0,208,3779.0,16
rb1805,20171220,20171219,210515000,3780.0,269040,2708708,10156910460.0,3780.0,216,3779.0,17
rb1805,20171220,20171219,210515500,3780.0,269424,2708718,10171425220.0,3780.0,120,3779.0,1
rb1805,20171220,20171219,210516000,3780.0,269682,2708700,10181177600.0,3781.0,337,3780.0,47
rb1805,20171220,20171219,210516500,3779.0,269970,2708620,10192063600.0,3780.0,221,3779.0,58
rb1805,20171220,20171219,210517000,3779.0,270376,2708568,10207408520.0,3779.0,133,3778.0,160
rb1805,20171220,20171219,210517500,3779.0,270414,2708588,10208844480.0,3779.0,200,3778.0,165
rb1805,20171220,20171219,210518000,3779.0,270602,2708570,10215948680.0,3779.0,160,3778.0,133
rb1805,20171220,20171219,210518500,3779.0,270702,2708586,10219727540.0,3779.0,145,3778.0,158
rb1805,20171220,20171219,210519000,3779.0,270798,2708606,10223354940.0,3779.0,121,3778.0,148
rb1805,20171220,20171219,210519500,3779.0,270974,2708510,10230005380.0,3779.0,67,3778.0,125
rb1805,20171220,20171219,210520000,3779.0,271160,2708530,10237034100.0,3780.0,234,3779.0,241
rb1805,20171220,20171219,210520500,3779.0,271312,2708494,10242779320.0,3780.0,220,3779.0,286
rb1805,20171220,20171219,210521000,3779.0,271410,2708494,10246483240.0,3780.0,213,3779.0,309
rb1805,20171220,20171219,210521500,3780.0,271570,2708518,10252530280.0,3780.0,191,3779.0,366
rb1805,20171220,20171219,210522000,3779.0,271808,2708698,10261526060.0,3780.0,112,3779.0,375
rb1805,20171220,20171219,210522500,3780.0,272102,2708824,10272639300.0,3781.0,231,3780.0,5
rb1805,20171220,20171219,210523000,3780.0,272208,2708888,10276646280.0,3781.0,218,3780.0,1
rb1805,20171220,20171219,210523500,3780.0,272592,2709122,10291161360.0,3781.0,228,3780.0,27
rb1805,20171220,20171219,210524000,3780.0,272770,2709140,10297889920.0,3781.0,222,3780.0,3
rb1805,20171220,20171219,210524500,3780.0,272820,2709168,10299779940.0,3780.0,3,3779.0,483
rb1805,20171220,20171219,210525000,3779.0,272908,2709172,10303106140.0,3780.0,11,3779.0,468
rb1805,20171220,20171219,210525500,3779.0,272946,2709172,10304542440.0,3780.0,24,3779.0,466
rb1805,20171220,20171219,210526000,3780.0,273170,2709194,10313010240.0,3780.0,26,3779.0,476
rb1805,20171220,20171219,210526500,3780.0,273278,2709234,10317091980.0,3780.0,11,3779.0,452
rb1805,20171220,20171219,210527000,3780.0,273742,2709482,10334626960.0,3780.0,95,3779.0,319
rb1805,20171220,20171219,210527500,3780.0,273828,2709502,10337877680.0,3780.0,162,3779.0,338
rb1805,20171220,20171219,210528000,3779.0,273902,2709508,10340674700.0,3780.0,219,3779.0,330
rb1805,20171220,20171219,210528500,3780.0,274184,2709516,10351334060.0,3780.0,144,3779.0,319
rb1805,20171220,20171219,210529000,3779.0,274412,2709552,10359951900.0,3780.0,105,3779.0,310
rb1805,20171220,20171219,210529500,3779.0,274554,2709590,10365318760.0,3780.0,101,3779.0,279
rb1805,20171220,20171219,210530000,3779.0,274590,2709594,10366679440.0,3780.0,104,3779.0,282
rb1805,20171220,20171219,210530500,3779.0,274678,2709566,10370005460.0,3780.0,115,3779.0,272
rb1805,20171220,20171219,210531000,3780.0,274730,2709562,10371970800.0,3780.0,132,3779.0,259
rb1805,20171220,20171219,210531500,3779.0,274800,2709514,10374616660.0,3780.0,166,3779.0,259
rb1805,20171220,20171219,210532000,3779.0,275048,2709560,10383991020.0,3780.0,84,3779.0,243
rb1805,20171220,20171219,210532500,3780.0,275202,2709520,10389811520.0,3780.0,57,3779.0,232
rb1805,20171220,20171219,210533000,3780.0,275468,2709604,10399864180.0,3780.0,37,3779.0,130
rb1805,20171220,20171219,210533500,3780.0,275752,2709732,10410598420.0,3781.0,447,3780.0,17
rb1805,20171220,20171219,210534000,3780.0,275852,2709716,10414378220.0,3780.0,92,3779.0,90
rb1805,20171220,20171219,210534500,3780.0,275916,2709728,10416797160.0,3780.0,127,3779.0,94
rb1805,20171220,20171219,210535000,3780.0,275996,2709698,10419821120.0,3780.0,151,3779.0,115
rb1805,20171220,20171219,210535500,3780.0,276082,2709738,10423071820.0,3780.0,165,3779.0,114
rb1805,20171220,20171219,210536000,3779.0,276174,2709766,10426549160.0,3780.0,152,3779.0,105
rb1805,20171220,20171219,210536500,3780.0,276238,2709796,10428968060.0,3780.0,160,3779.0,100
rb1805,20171220,20171219,210537000,3779.0,276314,2709792,10431840340.0,3780.0,132,3779.0,76
rb1805,20171220,20171219,210537500,3779.0,276522,2709856,10439700440.0,3779.0,23,3778.0,238
rb1805,20171220,20171219,210538000,3779.0,276600,2709876,10442648040.0,3779.0,80,3778.0,237
rb1805,20171220,20171219,210538500,3779.0,276666,2709858,10445142160.0,3779.0,154,3778.0,237
rb1805,20171220,20171219,210539000,3779.0,276774,2709782,10449222460.0,3779.0,186,3778.0,305
rb1805,20171220,20171219,210539500,3779.0,276812,2709782,10450658460.0,3779.0,173,3778.0,304
rb1805,20171220,20171219,210540000,3778.0,276852,2709784,10452169940.0,3779.0,163,3778.0,323
rb1805,20171220,20171219,210540500,3779.0,276892,2709788,10453681360.0,3779.0,136,3778.0,321
rb1805,20171220,20171219,210541000,3778.0,276902,2709788,10454059240.0,3779.0,135,3778.0,323
rb1805,20171220,20171219,210541500,3778.0,276962,2709766,10456326620.0,3779.0,108,3778.0,329
rb1805,20171220,20171219,210542000,3779.0,277060,2709766,10460029980.0,3779.0,67,3778.0,328
rb1805,20171220,20171219,210542500,3779.0,277252,2709798,10467284600.0,3779.0,29,3778.0,277
rb1805,20171220,20171219,210543000,3778.0,277308,2709804,10469400660.0,3779.0,12,3778.0,269
rb1805,20171220,20171219,210543500,3779.0,277340,2709806,10470609940.0,3780.0,345,3779.0,74
rb1805,20171220,20171219,210544000,3779.0,277508,2709758,10476958720.0,3780.0,368,3779.0,1
rb1805,20171220,20171219,210544500,3779.0,277556,2709724,10478772580.0,3779.0,180,3778.0,276
rb1805,20171220,20171219,210545000,3779.0,277612,2709730,10480888780.0,3779.0,172,3778.0,278
rb1805,20171220,20171219,210545500,3779.0,277674,2709722,10483231660.0,3779.0,155,3778.0,273
rb1805,20171220,20171219,210546000,3779.0,278026,2709924,10496533520.0,3779.0,5,3778.0,284
rb1805,20171220,20171219,210546500,3779.0,278190,2709946,10502732100.0,3779.0,8,3778.0,287
rb1805,20171220,20171219,210547000,3779.0,278246,2709992,10504848340.0,3780.0,330,3779.0,9
rb1805,20171220,20171219,210547500,3780.0,278288,2709986,10506435820.0,3780.0,353,3779.0,36
rb1805,20171220,20171219,210548000,3780.0,278308,2709990,10507191660.0,3780.0,471,3779.0,36
rb1805,20171220,20171219,210548500,3779.0,278352,2710014,10508854420.0,3780.0,542,3779.0,46
rb1805,20171220,20171219,210549000,3780.0,279710,2710056,10560186580.0,3780.0,16,3779.0,59
rb1805,20171220,20171219,210549500,3780.0,279820,2710154,10564344580.0,3781.0,560,3780.0,35
rb1805,20171220,20171219,210550000,3779.0,279898,2710166,10567292840.0,3780.0,113,3779.0,187
rb1805,20171220,20171219,210550500,3779.0,280130,2710178,10576062260.0,3780.0,21,3779.0,172
rb1805,20171220,20171219,210551000,3780.0,280248,2710268,10580521800.0,3780.0,28,3779.0,159
rb1805,20171220,20171219,210551500,3780.0,280308,2710282,10582789760.0,3780.0,40,3779.0,163
rb1805,20171220,20171219,210552000,3780.0,280406,2710360,10586494020.0,3780.0,9,3779.0,158
rb1805,20171220,20171219,210552500,3779.0,280570,2710272,10592692020.0,3780.0,17,3779.0,101
rb1805,20171220,20171219,210553000,3780.0,280890,2710352,10604786040.0,3781.0,501,3779.0,2
rb1805,20171220,20171219,210553500,3779.0,280940,2710348,10606675920.0,3780.0,44,3779.0,23
rb1805,20171220,20171219,210554000,3779.0,280982,2710328,10608263180.0,3780.0,64,3779.0,2
rb1805,20171220,20171219,210554500,3780.0,281044,2710326,10610606640.0,3780.0,300,3778.0,401
rb1805,20171220,20171219,210555000,3780.0,281078,2710330,10611891760.0,3780.0,443,3778.0,406
rb1805,20171220,20171219,210555500,3779.0,281296,2710322,10620132000.0,3780.0,361,3779.0,23
rb1805,20171220,20171219,210556000,3779.0,281324,2710328,10621190260.0,3780.0,360,3779.0,29
rb1805,20171220,20171219,210556500,3779.0,281564,2710358,10630262120.0,3780.0,258,3779.0,41
rb1805,20171220,20171219,210557000,3780.0,281638,2710368,10633059300.0,3780.0,227,3779.0,230
rb1805,20171220,20171219,210557500,3779.0,281992,2710244,10646439620.0,3780.0,118,3779.0,198
rb1805,20171220,20171219,210558000,3779.0,282058,2710234,10648934140.0,3780.0,201,3779.0,248
rb1805,20171220,20171219,210558500,3779.0,282086,2710210,10649992480.0,3780.0,242,3779.0,258
rb1805,20171220,20171219,210559000,3780.0,282140,2710198,10652033200.0,3780.0,259,3779.0,225
rb1805,20171220,20171219,210559500,3779.0,282186,2710230,10653771580.0,3780.0,315,3779.0,189
rb1805,20171220,20171219,210600000,3780.0,282462,2710176,10664202640.0,3780.0,271,3779.0,108
rb1805,20171220,20171219,210600500,3780.0,282546,2710194,10667377220.0,3780.0,315,3779.0,138
rb1805,20171220,20171219,210601000,3780.0,282580,2710200,10668662240.0,3780.0,322,3779.0,369
rb1805,20171220,20171219,210601500,3779.0,283254,2709724,10694133000.0,3780.0,196,3779.0,83
rb1805,20171220,20171219,210602000,3780.0,283366,2709720,10698366020.0,3780.0,191,3779.0,47
rb1805,20171220,20171219,210602500,3779.0,283416,2709742,10700255560.0,3780.0,199,3779.0,43
rb1805,20171220,20171219,210603000,3779.0,283562,2709742,10705774000.0,3780.0,199,3779.0,32
rb1805,20171220,20171219,210603500,3779.0,283586,2709756,10706681060.0,3780.0,213,3779.0,26
rb1805,20171220,20171219,210604000,3779.0,283642,2709778,10708797300.0,3779.0,181,3778.0,439
rb1805,20171220,20171219,210604500,3779.0,283692,2709780,10710686520.0,3779.0,179,3778.0,428
rb1805,20171220,20171219,210605000,3779.0,283724,2709800,10711895780.0,3779.0,192,3778.0,427
rb1805,20171220,20171219,210605500,3779.0,283738,2709812,10712424840.0,3779.0,216,3778.0,451
rb1805,20171220,20171219,210606000,3778.0,283886,2709828,10718017480.0,3779.0,163,3778.0,437
rb1805,20171220,20171219,210606500,3779.0,284052,2709868,10724289260.0,3779.0,256,3778.0,406
rb1805,20171220,20171219,210607000,3778.0,284332,2709854,10734867800.0,3779.0,360,3778.0,354
rb1805,20171220,20171219,210607500,3778.0,284738,2709984,10750206540.0,3779.0,376,3778.0,155
rb1805,20171220,20171219,210608000,3778.0,285098,2709888,10763807340.0,3778.0,871,3777.0,221
rb1805,20171220,20171219,210608500,3777.0,285568,2709830,10781559240.0,3777.0,363,3776.0,638
rb1805,20171220,20171219,210609000,3777.0,285634,2709814,10784051740.0,3777.0,368,3776.0,639
rb1805,20171220,20171219,210609500,3776.0,286134,2709910,10802932680.0,3777.0,362,3776.0,596
rb1805,20171220,20171219,210610000,3776.0,286832,2709618,10829289720.0,3777.0,263,3776.0,424
rb1805,20171220,20171219,210610500,3777.0,286910,2709656,10832235040.0,3777.0,265,3776.0,392
rb1805,20171220,20171219,210611000,3776.0,287194,2709532,10842959400.0,3777.0,244,3776.0,304
rb1805,20171220,20171219,210611500,3777.0,287328,2709632,10848019460.0,3777.0,233,3776.0,265
rb1805,20171220,20171219,210612000,3777.0,287360,2709646,10849227840.0,3777.0,232,3776.0,261
rb1805,20171220,20171219,210612500,3776.0,287402,2709680,10850813760.0,3777.0,232,3776.0,241
rb1805,20171220,20171219,210613000,3776.0,287434,2709704,10852022140.0,3777.0,236,3776.0,241
rb1805,20171220,20171219,210613500,3776.0,287516,2709744,10855118860.0,3777.0,218,3776.0,228
rb1805,20171220,20171219,210614000,3776.0,287562,2709740,10856856040.0,3777.0,207,3776.0,231
rb1805,20171220,20171219,210614500,3776.0,287748,2709730,10863879900.0,3777.0,182,3776.0,198
rb1805,20171220,20171219,210615000,3776.0,287862,2709760,10868184760.0,3777.0,181,3776.0,212
rb1805,20171220,20171219,210615500,3776.0,287958,2709778,10871810000.0,3777.0,261,3776.0,242
rb1805,20171220,20171219,210616000,3777.0,288088,2709826,10876719120.0,3777.0,277,3776.0,245
rb1805,20171220,20171219,210616500,3777.0,288256,2709882,10883063920.0,3777.0,228,3776.0,287
rb1805,20171220,20171219,210617000,3776.0,288362,2709896,10887066540.0,3777.0,246,3776.0,250
rb1805,20171220,20171219,210617500,3776.0,288430,2709960,10889634520.0,3777.0,231,3776.0,236
rb1805,20171220,20171219,210618000,3776.0,288618,2709970,10896735020.0,3777.0,159,3776.0,199
rb1805,20171220,20171219,210618500,3776.0,288958,2710012,10909576900.0,3778.0,565,3776.0,202
rb1805,20171220,20171219,210619000,3776.0,289046,2710038,10912900880.0,3778.0,537,3776.0,231
rb1805,20171220,20171219,210619500,3777.0,289326,2710076,10923475140.0,3778.0,523,3777.0,6
rb1805,20171220,20171219,210620000,3776.0,289430,2710094,10927402840.0,3777.0,99,3776.0,167
rb1805,20171220,20171219,210620500,3776.0,289850,2710110,10943265460.0,3777.0,1,3776.0,137
rb1805,20171220,20171219,210621000,3776.0,289896,2710094,10945002600.0,3777.0,23,3776.0,127
rb1805,20171220,20171219,210621500,3776.0,289926,2710094,10946135420.0,3777.0,35,3776.0,133
rb1805,20171220,20171219,210622000,3777.0,289970,2710086,10947797180.0,3777.0,113,3776.0,132
rb1805,20171220,20171219,210622500,3777.0,290042,2710060,10950516580.0,3777.0,100,3776.0,140
rb1805,20171220,20171219,210623000,3776.0,290142,2710104,10954293160.0,3777.0,104,3776.0,139
rb1805,20171220,20171219,210623500,3776.0,290480,2710330,10967056060.0,3776.0,43,3775.0,472
rb1805,20171220,20171219,210624000,3776.0,290554,2710340,10969850260.0,3776.0,33,3775.0,472
rb1805,20171220,20171219,210624500,3777.0,290780,2710428,10978384760.0,3777.0,55,3776.0,110
rb1805,20171220,20171219,210625000,3777.0,290850,2710378,10981028160.0,3777.0,35,3776.0,196
rb1805,20171220,20171219,210625500,3776.0,290938,2710338,10984351460.0,3777.0,14,3776.0,327
rb1805,20171220,20171219,210626000,3777.0,290998,2710362,10986617560.0,3778.0,462,3777.0,15
rb1805,20171220,20171219,210626500,3777.0,291066,2710412,10989185920.0,3778.0,471,3777.0,60
rb1805,20171220,20171219,210627000,3777.0,291094,2710410,10990243480.0,3778.0,471,3777.0,48
rb1805,20171220,20171219,210627500,3777.0,291112,2710404,10990923340.0,3778.0,476,3777.0,102
rb1805,20171220,20171219,210628000,3777.0,291134,2710402,10991754280.0,3778.0,482,3777.0,120
rb1805,20171220,20171219,210628500,3778.0,291290,2710496,10997646440.0,3778.0,485,3777.0,94
rb1805,20171220,20171219,210629000,3777.0,291312,2710510,10998477400.0,3778.0,485,3777.0,91
rb1805,20171220,20171219,210629500,3777.0,291448,2710600,11003614120.0,3778.0,463,3777.0,53
rb1805,20171220,20171219,210630000,3777.0,291516,2710584,11006182520.0,3778.0,463,3777.0,21
rb1805,20171220,20171219,210630500,3777.0,291604,2710524,11009506920.0,3778.0,432,3777.0,10
rb1805,20171220,20171219,210631000,3776.0,292322,2710920,11036630600.0,3777.0,2,3776.0,444
rb1805,20171220,20171219,210631500,3777.0,292352,2710918,11037763700.0,3778.0,155,3777.0,92
rb1805,20171220,20171219,210632000,3777.0,292380,2710916,11038821260.0,3778.0,161,3777.0,151
rb1805,20171220,20171219,210632500,3777.0,292434,2710914,11040860920.0,3778.0,159,3777.0,251
rb1805,20171220,20171219,210633000,3778.0,292548,2710902,11045167660.0,3778.0,98,3777.0,268
rb1805,20171220,20171219,210633500,3778.0,292590,2710914,11046754220.0,3778.0,92,3777.0,293
rb1805,20171220,20171219,210634000,3777.0,292828,2710860,11055745480.0,3779.0,532,3778.0,40
rb1805,20171220,20171219,210634500,3778.0,292870,2710846,11057332260.0,3779.0,532,3778.0,26
rb1805,20171220,20171219,210635000,3778.0,292970,2710882,11061109980.0,3778.0,1,3777.0,279
rb1805,20171220,20171219,210635500,3778.0,292990,2710896,11061865580.0,3779.0,583,3778.0,16
rb1805,20171220,20171219,210636000,3778.0,293028,2710898,11063301260.0,3779.0,581,3777.0,290
rb1805,20171220,20171219,210636500,3778.0,293042,2710892,11063830180.0,3779.0,561,3778.0,1
rb1805,20171220,20171219,210637000,3778.0,293062,2710890,11064585760.0,3779.0,582,3778.0,1
rb1805,20171220,20171219,210637500,3778.0,293078,2710892,11065190120.0,3778.0,7,3777.0,376
rb1805,20171220,20171219,210638000,3778.0,293102,2710898,11066096740.0,3778.0,16,3777.0,424
rb1805,20171220,20171219,210638500,3778.0,293160,2710894,11068287640.0,3778.0,49,3777.0,488
rb1805,20171220,20171219,210639000,3777.0,293168,2710892,11068589820.0,3778.0,69,3777.0,485
rb1805,20171220,20171219,210639500,3778.0,293176,2710890,11068892040.0,3778.0,93,3777.0,485
rb1805,20171220,20171219,210640000,3778.0,293276,2710820,11072669880.0,3778.0,53,3777.0,478
rb1805,20171220,20171219,210640500,3777.0,293472,2710794,11080073900.0,3778.0,4,3777.0,437
rb1805,20171220,20171219,210641000,3778.0,293504,2710806,11081282800.0,3779.0,607,3778.0,3
rb1805,20171220,20171219,210641500,3779.0,293516,2710806,11081736200.0,3779.0,606,3778.0,7
rb1805,20171220,20171219,210642000,3778.0,293540,2710828,11082642920.0,3779.0,609,3778.0,2
rb1805,20171220,20171219,210642500,3778.0,293566,2710836,11083625120.0,3779.0,612,3778.0,76
rb1805,20171220,20171219,210643000,3778.0,293594,2710860,11084682960.0,3779.0,612,3778.0,62
rb1805,20171220,20171219,210643500,3778.0,293656,2710916,11087025380.0,3779.0,611,3778.0,39
rb1805,20171220,20171219,210644000,3778.0,294122,2711314,11104634880.0,3779.0,414,3778.0,13
rb1805,20171220,20171219,210644500,3778.0,294170,2711332,11106448340.0,3779.0,415,3778.0,22
rb1805,20171220,20171219,210645000,3778.0,294256,2711322,11109697420.0,3778.0,19,3777.0,478
rb1805,20171220,20171219,210645500,3778.0,294450,2711358,11117026760.0,3779.0,416,3778.0,173
rb1805,20171220,20171219,210646000,3778.0,294464,2711358,11117555680.0,3779.0,407,3778.0,356
rb1805,20171220,20171219,210646500,3779.0,294496,2711364,11118764720.0,3779.0,403,3778.0,372
rb1805,20171220,20171219,210647000,3778.0,294552,2711376,11120880820.0,3779.0,364,3778.0,373
rb1805,20171220,20171219,210647500,3779.0,294554,2711378,11120956400.0,3779.0,365,3778.0,380
rb1805,20171220,20171219,210648000,3779.0,294970,2711076,11136672980.0,3779.0,362,3778.0,183
rb1805,20171220,20171219,210648500,3778.0,295166,2710990,11144079140.0,3779.0,319,3778.0,156
rb1805,20171220,20171219,210649000,3778.0,295198,2710988,11145288100.0,3779.0,320,3778.0,179
rb1805,20171220,20171219,210649500,3779.0,295222,2710978,11146194940.0,3779.0,314,3778.0,193
rb1805,20171220,20171219,210650000,3778.0,295244,2710960,11147026280.0,3779.0,305,3778.0,214
rb1805,20171220,20171219,210650500,3778.0,295270,2710954,11148008600.0,3779.0,303,3778.0,206
rb1805,20171220,20171219,210651000,3778.0,295296,2710940,11148991020.0,3779.0,294,3778.0,322
rb1805,20171220,20171219,210651500,3779.0,295318,2710946,11149822340.0,3779.0,289,3778.0,321
rb1805,20171220,20171219,210652000,3779.0,295334,2710944,11150426840.0,3779.0,269,3778.0,341
rb1805,20171220,20171219,210652500,3778.0,295962,2711140,11174152720.0,3779.0,269,3778.0,32
rb1805,20171220,20171219,210653000,3778.0,296030,2711106,11176721760.0,3778.0,61,3777.0,437
rb1805,20171220,20171219,210653500,3778.0,296036,2711104,11176948420.0,3778.0,67,3777.0,436
rb1805,20171220,20171219,210654000,3778.0,296070,2711104,11178232920.0,3778.0,53,3777.0,435
rb1805,20171220,20171219,210654500,3778.0,296092,2711104,11179064080.0,3778.0,43,3777.0,436
rb1805,20171220,20171219,210655000,3778.0,296098,2711104,11179290760.0,3778.0,243,3777.0,436
rb1805,20171220,20171219,210655500,3778.0,296116,2711098,11179970780.0,3778.0,266,3777.0,350
rb1805,20171220,20171219,210656000,3778.0,296158,2711106,11181557480.0,3778.0,253,3777.0,313
rb1805,20171220,20171219,210656500,3777.0,296174,2711110,11182161860.0,3778.0,265,3777.0,313
rb1805,20171220,20171219,210657000,3778.0,296216,2711130,11183748500.0,3778.0,257,3777.0,313
rb1805,20171220,20171219,210657500,3777.0,296666,2711422,11200745460.0,3778.0,234,3777.0,118
rb1805,20171220,20171219,210658000,3778.0,296834,2711376,11207090900.0,3778.0,253,3777.0,42
rb1805,20171220,20171219,210658500,3778.0,296922,2711318,11210414980.0,3778.0,240,3777.0,22
rb1805,20171220,20171219,210659000,3777.0,296952,2711332,11211548140.0,3778.0,242,3777.0,10
rb1805,20171220,20171219,210659500,3777.0,297018,2711274,11214040960.0,3777.0,283,3776.0,381
rb1805,20171220,20171219,210700000,3777.0,297030,2711282,11214494200.0,3777.0,352,3776.0,373
rb1805,20171220,20171219,210700500,3777.0,297540,2711540,11233752820.0,3777.0,302,3776.0,171
rb1805,20171220,20171219,210701000,3776.0,297580,2711526,11235263240.0,3777.0,305,3776.0,150
rb1805,20171220,20171219,210701500,3776.0,297636,2711486,11237377860.0,3777.0,302,3776.0,124
rb1805,20171220,20171219,210702000,3776.0,297692,2711486,11239492780.0,3777.0,292,3776.0,137
rb1805,20171220,20171219,210702500,3776.0,297748,2711452,11241607360.0,3777.0,323,3776.0,128
rb1805,20171220,20171219,210703000,3776.0,297846,2711470,11245308260.0,3777.0,304,3776.0,117
rb1805,20171220,20171219,210703500,3776.0,298098,2711530,11254823780.0,3776.0,39,3775.0,462
rb1805,20171220,20171219,210704000,3776.0,298158,2711530,11257089360.0,3776.0,120,3775.0,438
rb1805,20171220,20171219,210704500,3776.0,298634,2711750,11275058820.0,3776.0,271,3775.0,224
rb1805,20171220,20171219,210705000,3775.0,298964,2711766,11287516420.0,3776.0,272,3775.0,65
rb1805,20171220,20171219,210705500,3775.0,299120,2711850,11293405360.0,3775.0,106,3774.0,787
rb1805,20171220,20171219,210706000,3774.0,299156,2711850,11294764120.0,3775.0,99,3774.0,777
rb1805,20171220,20171219,210706500,3775.0,299316,2711872,11300803780.0,3775.0,49,3774.0,777
rb1805,20171220,20171219,210707000,3775.0,299488,2711924,11307296820.0,3776.0,176,3775.0,63
rb1805,20171220,20171219,210707500,3774.0,299792,2712072,11318771980.0,3775.0,120,3774.0,735
rb1805,20171220,20171219,210708000,3775.0,299898,2712046,11322772640.0,3775.0,110,3774.0,747
rb1805,20171220,20171219,210708500,3775.0,300040,2711946,11328132120.0,3775.0,136,3774.0,701
rb1805,20171220,20171219,210709000,3774.0,300190,2711808,11333793240.0,3775.0,244,3774.0,625
rb1805,20171220,20171219,210709500,3775.0,300336,2711802,11339304460.0,3775.0,209,3774.0,574
rb1805,20171220,20171219,210710000,3775.0,300796,2711854,11356665120.0,3775.0,204,3774.0,409
rb1805,20171220,20171219,210710500,3774.0,300932,2711832,11361797860.0,3775.0,209,3774.0,353
rb1805,20171220,20171219,210711000,3775.0,301008,2711778,11364666680.0,3775.0,213,3774.0,350
rb1805,20171220,20171219,210711500,3774.0,301484,2711676,11382635000.0,3775.0,3,3774.0,336
rb1805,20171220,20171219,210712000,3774.0,301582,2711626,11386333880.0,3775.0,289,3774.0,307
rb1805,20171220,20171219,210712500,3775.0,301614,2711610,11387541760.0,3775.0,302,3774.0,298
rb1805,20171220,20171219,210713000,3774.0,301824,2711586,11395467820.0,3775.0,296,3774.0,506
rb1805,20171220,20171219,210713500,3775.0,302090,2711540,11405507660.0,3775.0,233,3774.0,485
rb1805,20171220,20171219,210714000,3775.0,302166,2711516,11408376480.0,3775.0,189,3774.0,490
rb1805,20171220,20171219,210714500,3775.0,302346,2711540,11415170080.0,3775.0,173,3774.0,428
rb1805,20171220,20171219,210715000,3774.0,302414,2711520,11417736840.0,3775.0,178,3774.0,420
rb1805,20171220,20171219,210715500,3774.0,302654,2711570,11426794760.0,3775.0,162,3774.0,340
rb1805,20171220,20171219,210716000,3775.0,302664,2711566,11427172200.0,3775.0,170,3774.0,393
rb1805,20171220,20171219,210716500,3775.0,302786,2711542,11431776780.0,3775.0,171,3774.0,374
rb1805,20171220,20171219,210717000,3774.0,303286,2711332,11450650960.0,3776.0,163,3775.0,1
rb1805,20171220,20171219,210717500,3775.0,303346,2711320,11452915440.0,3775.0,192,3774.0,343
rb1805,20171220,20171219,210718000,3774.0,303920,2710952,11474582420.0,3775.0,62,3774.0,279
rb1805,20171220,20171219,210718500,3774.0,304240,2710988,11486659760.0,3775.0,66,3774.0,160
rb1805,20171220,20171219,210719000,3775.0,304294,2711016,11488698160.0,3775.0,126,3774.0,155
rb1805,20171220,20171219,210719500,3775.0,304484,2711146,11495870480.0,3775.0,70,3774.0,172
rb1805,20171220,20171219,210720000,3775.0,304592,2711226,11499946800.0,3775.0,78,3774.0,148
rb1805,20171220,20171219,210720500,3774.0,304920,2711434,11512325680.0,3774.0,57,3773.0,307
rb1805,20171220,20171219,210721000,3774.0,304936,2711436,11512929500.0,3774.0,62,3773.0,307
rb1805,20171220,20171219,210721500,3774.0,305042,2711466,11516929900.0,3774.0,32,3773.0,306
rb1805,20171220,20171219,210722000,3775.0,305132,2711456,11520326580.0,3775.0,118,3774.0,33
rb1805,20171220,20171219,210722500,3774.0,305730,2711292,11542893720.0,3775.0,113,3774.0,2
rb1805,20171220,20171219,210723000,3775.0,305840,2711284,11547044780.0,3775.0,124,3774.0,15
rb1805,20171220,20171219,210723500,3774.0,305874,2711282,11548328000.0,3775.0,132,3774.0,67
rb1805,20171220,20171219,210724000,3774.0,306026,2711270,11554065120.0,3775.0,98,3774.0,231
rb1805,20171220,20171219,210724500,3775.0,306144,2711360,11558518920.0,3775.0,48,3774.0,221
rb1805,20171220,20171219,210725000,3775.0,306348,2711428,11566219020.0,3776.0,66,3775.0,40
rb1805,20171220,20171219,210725500,3775.0,306390,2711426,11567804600.0,3776.0,62,3775.0,33
rb1805,20171220,20171219,210726000,3776.0,306424,2711424,11569088140.0,3776.0,98,3775.0,18
rb1805,20171220,20171219,210726500,3775.0,306458,2711428,11570371760.0,3776.0,115,3775.0,9
rb1805,20171220,20171219,210727000,3774.0,306548,2711452,11573768900.0,3775.0,1,3774.0,127
rb1805,20171220,20171219,210727500,3776.0,306584,2711458,11575128000.0,3776.0,121,3774.0,130
rb1805,20171220,20171219,210728000,3775.0,306626,2711466,11576713600.0,3776.0,94,3775.0,14
rb1805,20171220,20171219,210728500,3774.0,306692,2711494,11579204880.0,3776.0,91,3775.0,10
rb1805,20171220,20171219,210729000,3775.0,306732,2711518,11580714900.0,3775.0,6,3774.0,127
rb1805,20171220,20171219,210729500,3775.0,306826,2711524,11584263500.0,3776.0,143,3775.0,12
rb1805,20171220,20171219,210730000,3776.0,306852,2711522,11585245100.0,3776.0,159,3775.0,15
rb1805,20171220,20171219,210730500,3775.0,306948,2711560,11588869480.0,3775.0,8,3774.0,152
rb1805,20171220,20171219,210731000,3775.0,307206,2711598,11598610960.0,3776.0,46,3775.0,57
rb1805,20171220,20171219,210731500,3775.0,307248,2711580,11600196520.0,3776.0,49,3775.0,64
rb1805,20171220,20171219,210732000,3775.0,307648,2711510,11615299980.0,3775.0,111,3774.0,173
rb1805,20171220,20171219,210732500,3775.0,307780,2711582,11620282780.0,3775.0,86,3774.0,185
rb1805,20171220,20171219,210733000,3775.0,308146,2711740,11634096160.0,3775.0,89,3774.0,55
rb1805,20171220,20171219,210733500,3774.0,308332,2711876,11641115820.0,3774.0,110,3773.0,274
rb1805,20171220,20171219,210734000,3774.0,308396,2711888,11643531180.0,3774.0,82,3773.0,285
rb1805,20171220,20171219,210734500,3774.0,308780,2712050,11658025340.0,3775.0,19,3774.0,193
rb1805,20171220,20171219,210735000,3775.0,308870,2712088,11661422860.0,3776.0,210,3775.0,281
rb1805,20171220,20171219,210735500,3775.0,309898,2711878,11700245680.0,3777.0,46,3775.0,296
rb1805,20171220,20171219,210736000,3775.0,309956,2711862,11702435540.0,3776.0,1,3775.0,284
rb1805,20171220,20171219,210736500,3776.0,310150,2711778,11709761840.0,3778.0,764,3776.0,235
rb1805,20171220,20171219,210737000,3778.0,310154,2711776,11709912920.0,3778.0,743,3777.0,42
rb1805,20171220,20171219,210737500,3776.0,310304,2711770,11715578580.0,3777.0,49,3776.0,422
rb1805,20171220,20171219,210738000,3777.0,310530,2711560,11724114660.0,3778.0,752,3777.0,156
rb1805,20171220,20171219,210738500,3778.0,310656,2711524,11728874700.0,3778.0,722,3777.0,155
rb1805,20171220,20171219,210739000,3778.0,310694,2711504,11730310320.0,3778.0,707,3777.0,162
rb1805,20171220,20171219,210739500,3778.0,310798,2711456,11734239360.0,3778.0,660,3777.0,159
rb1805,20171220,20171219,210740000,3778.0,310832,2711440,11735523800.0,3778.0,653,3777.0,150
rb1805,20171220,20171219,210740500,3778.0,311678,2710664,11767485560.0,3778.0,241,3777.0,152
rb1805,20171220,20171219,210741000,3778.0,311926,2710516,11776854440.0,3778.0,126,3777.0,155
rb1805,20171220,20171219,210741500,3777.0,312230,2710414,11788339060.0,3778.0,3,3777.0,85
rb1805,20171220,20171219,210742000,3778.0,312814,2710674,11810398160.0,3779.0,322,3778.0,163
rb1805,20171220,20171219,210742500,3778.0,313044,2710482,11819087600.0,3779.0,322,3778.0,108
rb1805,20171220,20171219,210743000,3777.0,313352,2710478,11830722940.0,3777.0,9,3776.0,187
rb1805,20171220,20171219,210743500,3778.0,313422,2710514,11833367020.0,3778.0,418,3777.0,123
rb1805,20171220,20171219,210744000,3778.0,313496,2710580,11836162420.0,3778.0,382,3777.0,413
rb1805,20171220,20171219,210744500,3778.0,313596,2710674,11839940420.0,3778.0,301,3777.0,393
rb1805,20171220,20171219,210745000,3778.0,313754,2710624,11845908660.0,3778.0,323,3777.0,355
rb1805,20171220,20171219,210745500,3778.0,313784,2710636,11847042060.0,3778.0,308,3777.0,365
rb1805,20171220,20171219,210746000,3778.0,313880,2710698,11850668700.0,3778.0,312,3777.0,355
rb1805,20171220,20171219,210746500,3777.0,314036,2710778,11856562140.0,3778.0,246,3777.0,360
rb1805,20171220,20171219,210747000,3778.0,314122,2710810,11859811100.0,3778.0,210,3777.0,354
rb1805,20171220,20171219,210747500,3777.0,314206,2710870,11862984440.0,3778.0,182,3777.0,351
rb1805,20171220,20171219,210748000,3778.0,314258,2710896,11864948880.0,3778.0,173,3777.0,347
rb1805,20171220,20171219,210748500,3778.0,314628,2710778,11878927440.0,3779.0,350,3778.0,30
rb1805,20171220,20171219,210749000,3779.0,314644,2710778,11879531980.0,3779.0,358,3778.0,61
rb1805,20171220,20171219,210749500,3779.0,314666,2710764,11880363320.0,3779.0,352,3778.0,131
rb1805,20171220,20171219,210750000,3779.0,314744,2710778,11883310280.0,3779.0,346,3778.0,185
rb1805,20171220,20171219,210750500,3779.0,314760,2710772,11883914880.0,3779.0,340,3778.0,309
rb1805,20171220,20171219,210751000,3778.0,314788,2710786,11884972780.0,3779.0,378,3778.0,316
rb1805,20171220,20171219,210751500,3778.0,314854,2710790,11887466660.0,3779.0,369,3778.0,309
rb1805,20171220,20171219,210752000,3779.0,314998,2710664,11892908420.0,3779.0,297,3778.0,317
rb1805,20171220,20171219,210752500,3779.0,315046,2710638,11894722240.0,3779.0,258,3778.0,321
rb1805,20171220,20171219,210753000,3779.0,315070,2710634,11895629080.0,3779.0,254,3778.0,315
rb1805,20171220,20171219,210753500,3779.0,315306,2710578,11904546440.0,3779.0,193,3778.0,267
rb1805,20171220,20171219,210754000,3780.0,315732,2710784,11920645000.0,3780.0,1161,3779.0,115
rb1805,20171220,20171219,210754500,3779.0,315920,2710904,11927750120.0,3780.0,1139,3779.0,69
rb1805,20171220,20171219,210755000,3780.0,316072,2710878,11933494300.0,3780.0,1134,3779.0,12
rb1805,20171220,20171219,210755500,3779.0,316124,2710848,11935459380.0,3779.0,99,3778.0,275
rb1805,20171220,20171219,210756000,3779.0,316228,2710830,11939389540.0,3779.0,64,3778.0,291
rb1805,20171220,20171219,210756500,3779.0,316286,2710850,11941581340.0,3779.0,85,3778.0,293
rb1805,20171220,20171219,210757000,3779.0,316348,2710824,11943924280.0,3779.0,140,3778.0,296
rb1805,20171220,20171219,210757500,3779.0,316382,2710826,11945209020.0,3779.0,142,3778.0,290
rb1805,20171220,20171219,210758000,3779.0,316762,2710678,11959569260.0,3780.0,1166,3779.0,175
rb1805,20171220,20171219,210758500,3779.0,316954,2710674,11966825180.0,3780.0,1158,3779.0,113
rb1805,20171220,20171219,210759000,3779.0,317194,2710498,11975894820.0,3780.0,1156,3779.0,236
rb1805,20171220,20171219,210759500,3780.0,317936,2710688,12003932740.0,3780.0,1148,3779.0,16
rb1805,20171220,20171219,210800000,3779.0,318212,2710630,12014362780.0,3779.0,92,3778.0,186
rb1805,20171220,20171219,210800500,3779.0,318276,2710632,12016781180.0,3779.0,78,3778.0,188
rb1805,20171220,20171219,210801000,3779.0,318322,2710610,12018519480.0,3779.0,160,3778.0,206
rb1805,20171220,20171219,210801500,3779.0,318572,2710456,12027966880.0,3779.0,72,3778.0,203
rb1805,20171220,20171219,210802000,3779.0,318742,2710366,12034391200.0,3780.0,1166,3779.0,124
rb1805,20171220,20171219,210802500,3780.0,319018,2710140,12044821420.0,3780.0,1283,3779.0,48
rb1805,20171220,20171219,210803000,3779.0,319246,2710212,12053436520.0,3779.0,23,3778.0,152
rb1805,20171220,20171219,210803500,3779.0,319362,2710196,12057819080.0,3779.0,78,3778.0,99
rb1805,20171220,20171219,210804000,3778.0,319644,2710342,12068473040.0,3778.0,186,3777.0,130
rb1805,20171220,20171219,210804500,3778.0,319764,2710452,12073006640.0,3778.0,166,3777.0,134
rb1805,20171220,20171219,210805000,3778.0,319872,2710390,12077086880.0,3778.0,97,3777.0,135
rb1805,20171220,20171219,210805500,3778.0,319928,2710412,12079202540.0,3778.0,71,3777.0,182
rb1805,20171220,20171219,210806000,3779.0,320080,2710384,12084945080.0,3779.0,236,3778.0,68
rb1805,20171220,20171219,210806500,3778.0,320124,2710412,12086607480.0,3779.0,343,3778.0,58
rb1805,20171220,20171219,210807000,3778.0,320134,2710412,12086985320.0,3779.0,325,3778.0,260
rb1805,20171220,20171219,210807500,3779.0,320146,2710418,12087438740.0,3779.0,305,3778.0,330
rb1805,20171220,20171219,210808000,3778.0,320154,2710424,12087740980.0,3779.0,296,3778.0,354
rb1805,20171220,20171219,210808500,3778.0,320208,2710462,12089781160.0,3779.0,296,3778.0,334
rb1805,20171220,20171219,210809000,3778.0,320230,2710464,12090612420.0,3779.0,314,3778.0,336
rb1805,20171220,20171219,210809500,3779.0,320264,2710478,12091897020.0,3779.0,312,3778.0,332
rb1805,20171220,20171219,210810000,3778.0,320312,2710490,12093710600.0,3779.0,307,3778.0,316
rb1805,20171220,20171219,210810500,3779.0,320392,2710472,12096733720.0,3779.0,280,3778.0,373
rb1805,20171220,20171219,210811000,3779.0,320398,2710472,12096960420.0,3779.0,261,3778.0,385
rb1805,20171220,20171219,210811500,3778.0,320424,2710492,12097942720.0,3779.0,265,3778.0,375
rb1805,20171220,20171219,210812000,3779.0,320534,2710596,12102099540.0,3779.0,250,3778.0,371
rb1805,20171220,20171219,210812500,3779.0,320598,2710636,12104517760.0,3779.0,244,3778.0,354
rb1805,20171220,20171219,210813000,3779.0,321114,2710592,12124017100.0,3779.0,6,3778.0,340
rb1805,20171220,20171219,210813500,3779.0,321252,2710514,12129232120.0,3780.0,1402,3779.0,64
rb1805,20171220,20171219,210814000,3779.0,321334,2710492,12132331000.0,3780.0,1397,3779.0,68
rb1805,20171220,20171219,210814500,3779.0,321348,2710490,12132860060.0,3780.0,1399,3779.0,74
rb1805,20171220,20171219,210815000,3779.0,321384,2710480,12134220540.0,3780.0,1402,3779.0,118
rb1805,20171220,20171219,210815500,3779.0,321410,2710494,12135203080.0,3780.0,1447,3779.0,107
rb1805,20171220,20171219,210816000,3779.0,321690,2710534,12145784280.0,3779.0,16,3778.0,418
rb1805,20171220,20171219,210816500,3779.0,322234,2710960,12166338040.0,3779.0,224,3778.0,205
rb1805,20171220,20171219,210817000,3778.0,322554,2710874,12178427640.0,3778.0,4,3777.0,274
rb1805,20171220,20171219,210817500,3779.0,322664,2710796,12182583420.0,3779.0,244,3778.0,40
rb1805,20171220,20171219,210818000,3778.0,322712,2710778,12184396860.0,3778.0,15,3777.0,292
rb1805,20171220,20171219,210818500,3779.0,322844,2710756,12189383880.0,3779.0,292,3778.0,2
rb1805,20171220,20171219,210819000,3779.0,322948,2710690,12193313800.0,3779.0,257,3778.0,10
rb1805,20171220,20171219,210819500,3779.0,323188,2710700,12202380680.0,3779.0,242,3777.0,222
rb1805,20171220,20171219,210820000,3778.0,323204,2710704,12202985300.0,3779.0,239,3778.0,14
rb1805,20171220,20171219,210820500,3778.0,323242,2710700,12204420940.0,3779.0,271,3778.0,5
rb1805,20171220,20171219,210821000,3779.0,323284,2710696,12206008080.0,3779.0,266,3778.0,4
rb1805,20171220,20171219,210821500,3779.0,323476,2710758,12213263500.0,3779.0,192,3777.0,237
rb1805,20171220,20171219,210822000,3777.0,323478,2710758,12213339040.0,3778.0,50,3777.0,241
rb1805,20171220,20171219,210822500,3778.0,323512,2710784,12214623560.0,3778.0,49,3777.0,242
rb1805,20171220,20171219,210823000,3778.0,323628,2710770,12219006060.0,3779.0,228,3778.0,2
rb1805,20171220,20171219,210823500,3778.0,323798,2710720,12225429040.0,3778.0,42,3777.0,222
rb1805,20171220,20171219,210824000,3778.0,323810,2710720,12225882380.0,3778.0,46,3777.0,371
rb1805,20171220,20171219,210824500,3778.0,324006,2710692,12233287300.0,3779.0,282,3778.0,232
rb1805,20171220,20171219,210825000,3778.0,324008,2710694,12233362860.0,3779.0,287,3778.0,312
rb1805,20171220,20171219,210825500,3779.0,324024,2710698,12233967500.0,3779.0,287,3778.0,320
rb1805,20171220,20171219,210826000,3778.0,324028,2710700,12234118620.0,3779.0,275,3778.0,321
rb1805,20171220,20171219,210826500,3778.0,324042,2710712,12234647600.0,3779.0,235,3778.0,318
rb1805,20171220,20171219,210827000,3778.0,324142,2710712,12238426000.0,3779.0,222,3778.0,293
rb1805,20171220,20171219,210827500,3778.0,324290,2710586,12244017440.0,3779.0,226,3778.0,232
rb1805,20171220,20171219,210828000,3778.0,324358,2710574,12246586920.0,3779.0,205,3778.0,220
rb1805,20171220,20171219,210828500,3778.0,324582,2710472,12255051240.0,3779.0,147,3778.0,172
rb1805,20171220,20171219,210829000,3778.0,324610,2710492,12256109300.0,3779.0,183,3778.0,170
rb1805,20171220,20171219,210829500,3778.0,324688,2710488,12259056180.0,3779.0,186,3778.0,152
rb1805,20171220,20171219,210830000,3779.0,324802,2710406,12263363200.0,3779.0,218,3778.0,95
rb1805,20171220,20171219,210830500,3778.0,325110,2710168,12274999440.0,3778.0,168,3777.0,371
rb1805,20171220,20171219,210831000,3778.0,325152,2710138,12276586200.0,3778.0,151,3777.0,374
rb1805,20171220,20171219,210831500,3778.0,325162,2710136,12276963980.0,3778.0,151,3777.0,346
rb1805,20171220,20171219,210832000,3778.0,325184,2710128,12277795140.0,3778.0,244,3777.0,347
rb1805,20171220,20171219,210832500,3777.0,325188,2710132,12277946220.0,3778.0,246,3777.0,345
rb1805,20171220,20171219,210833000,3777.0,325204,2710134,12278550640.0,3778.0,242,3777.0,342
rb1805,20171220,20171219,210833500,3778.0,325220,2710134,12279155120.0,3778.0,298,3777.0,342
rb1805,20171220,20171219,210834000,3778.0,325222,2710134,12279230680.0,3778.0,299,3777.0,343
rb1805,20171220,20171219,210834500,3778.0,325278,2710098,12281346300.0,3778.0,274,3777.0,341
rb1805,20171220,20171219,210835000,3777.0,325282,2710098,12281497400.0,3778.0,275,3777.0,340
rb1805,20171220,20171219,210835500,3777.0,325302,2710100,12282252800.0,3778.0,278,3777.0,332
rb1805,20171220,20171219,210836000,3777.0,325408,2709996,12286257460.0,3778.0,228,3777.0,313
rb1805,20171220,20171219,210836500,3777.0,325432,2709974,12287163960.0,3778.0,233,3777.0,323
rb1805,20171220,20171219,210837000,3777.0,325866,2710364,12303556200.0,3778.0,231,3777.0,110
rb1805,20171220,20171219,210837500,3776.0,326224,2710208,12317078080.0,3778.0,216,3776.0,169
rb1805,20171220,20171219,210838000,3777.0,326234,2710204,12317455760.0,3777.0,42,3776.0,145
rb1805,20171220,20171219,210838500,3777.0,326258,2710188,12318362220.0,3777.0,37,3776.0,144
rb1805,20171220,20171219,210839000,3777.0,326376,2710114,12322819280.0,3778.0,265,3777.0,4
rb1805,20171220,20171219,210839500,3777.0,326392,2710118,12323423560.0,3777.0,1,3776.0,162
rb1805,20171220,20171219,210840000,3777.0,326398,2710118,12323650180.0,3777.0,11,3776.0,162
rb1805,20171220,20171219,210840500,3778.0,326432,2710146,12324934380.0,3778.0,228,3777.0,26
rb1805,20171220,20171219,210841000,3777.0,326448,2710156,12325538740.0,3778.0,224,3777.0,71
rb1805,20171220,20171219,210841500,3777.0,326456,2710160,12325840920.0,3778.0,223,3777.0,68
rb1805,20171220,20171219,210842000,3778.0,326564,2710190,12329920120.0,3778.0,244,3777.0,40
rb1805,20171220,20171219,210842500,3777.0,326572,2710190,12330222280.0,3778.0,244,3777.0,58
rb1805,20171220,20171219,210843000,3777.0,326576,2710192,12330373380.0,3778.0,245,3777.0,262
rb1805,20171220,20171219,210843500,3778.0,326602,2710202,12331355520.0,3778.0,239,3777.0,262
rb1805,20171220,20171219,210844000,3777.0,326644,2710224,12332942020.0,3778.0,137,3777.0,252
rb1805,20171220,20171219,210844500,3777.0,326650,2710228,12333168640.0,3778.0,140,3777.0,251
rb1805,20171220,20171219,210845000,3777.0,326670,2710224,12333924040.0,3778.0,151,3777.0,246
rb1805,20171220,20171219,210845500,3778.0,326720,2710266,12335813000.0,3778.0,132,3777.0,257
rb1805,20171220,20171219,210846000,3778.0,326840,2710282,12340346580.0,3778.0,80,3777.0,256
rb1805,20171220,20171219,210846500,3778.0,327058,2710300,12348582300.0,3779.0,342,3778.0,58
rb1805,20171220,20171219,210847000,3778.0,327084,2710298,12349564700.0,3779.0,337,3778.0,115
rb1805,20171220,20171219,210847500,3778.0,327106,2710298,12350395880.0,3779.0,319,3778.0,141
rb1805,20171220,20171219,210848000,3778.0,327144,2710294,12351831580.0,3779.0,267,3778.0,129
rb1805,20171220,20171219,210848500,3778.0,327384,2710250,12360898780.0,3779.0,267,3778.0,9
rb1805,20171220,20171219,210849000,3778.0,327436,2710260,12362863100.0,3778.0,8,3777.0,344
rb1805,20171220,20171219,210849500,3779.0,327494,2710298,12365054580.0,3779.0,269,3778.0,7
rb1805,20171220,20171219,210850000,3778.0,327584,2710298,12368454360.0,3779.0,239,3777.0,349
rb1805,20171220,20171219,210850500,3777.0,327600,2710314,12369058680.0,3778.0,4,3777.0,343
rb1805,20171220,20171219,210851000,3778.0,327664,2710366,12371476700.0,3778.0,2,3777.0,337
rb1805,20171220,20171219,210851500,3777.0,327830,2710250,12377748160.0,3778.0,3,3777.0,340
rb1805,20171220,20171219,210852000,3777.0,327894,2710306,12380165880.0,3779.0,225,3778.0,1
rb1805,20171220,20171219,210852500,3777.0,327912,2710308,12380845800.0,3778.0,15,3777.0,347
rb1805,20171220,20171219,210853000,3777.0,327914,2710310,12380921340.0,3778.0,15,3777.0,355
rb1805,20171220,20171219,210853500,3778.0,327932,2710320,12381601340.0,3778.0,1,3777.0,306
rb1805,20171220,20171219,210854000,3777.0,327978,2710328,12383339120.0,3779.0,252,3778.0,1
rb1805,20171220,20171219,210854500,3778.0,327980,2710328,12383414680.0,3778.0,1,3777.0,305
rb1805,20171220,20171219,210855000,3778.0,328064,2710328,12386587420.0,3778.0,4,3777.0,286
rb1805,20171220,20171219,210855500,3777.0,328158,2710370,12390138040.0,3778.0,9,3777.0,253
rb1805,20171220,20171219,210856000,3777.0,328174,2710366,12390742480.0,3778.0,49,3777.0,276
rb1805,20171220,20171219,210856500,3777.0,328386,2710464,12398750840.0,3778.0,21,3777.0,230
rb1805,20171220,20171219,210857000,3778.0,328434,2710464,12400563980.0,3778.0,111,3777.0,215
rb1805,20171220,20171219,210857500,3778.0,328510,2710452,12403435200.0,3778.0,154,3777.0,197
rb1805,20171220,20171219,210858000,3778.0,328518,2710456,12403737420.0,3778.0,186,3777.0,198
rb1805,20171220,20171219,210858500,3778.0,328550,2710458,12404946360.0,3778.0,188,3777.0,198
rb1805,20171220,20171219,210859000,3778.0,328572,2710448,12405777500.0,3778.0,181,3777.0,203
rb1805,20171220,20171219,210859500,3778.0,328586,2710442,12406306420.0,3778.0,297,3777.0,205
rb1805,20171220,20171219,210900000,3777.0,328682,2710478,12409932680.0,3778.0,308,3777.0,165
rb1805,20171220,20171219,210900500,3777.0,329038,2710618,12423378820.0,3777.0,30,3776.0,207
rb1805,20171220,20171219,210901000,3776.0,329048,2710622,12423756460.0,3777.0,51,3776.0,243
rb1805,20171220,20171219,210901500,3777.0,329126,2710644,12426702080.0,3777.0,111,3776.0,220
rb1805,20171220,20171219,210902000,3777.0,329396,2710612,12436900260.0,3777.0,53,3776.0,219
rb1805,20171220,20171219,210902500,3777.0,329400,2710612,12437051340.0,3777.0,52,3776.0,219
rb1805,20171220,20171219,210903000,3777.0,329422,2710608,12437882280.0,3777.0,28,3776.0,219
rb1805,20171220,20171219,210903500,3777.0,329448,2710608,12438864280.0,3777.0,16,3776.0,225
rb1805,20171220,20171219,210904000,3777.0,329858,2710832,12454345980.0,3777.0,74,3776.0,27
rb1805,20171220,20171219,210904500,3776.0,329942,2710816,12457517660.0,3776.0,19,3775.0,364
rb1805,20171220,20171219,210905000,3777.0,330058,2710864,12461898780.0,3777.0,62,3776.0,3
rb1805,20171220,20171219,210905500,3776.0,330068,2710858,12462276380.0,3776.0,4,3775.0,377
