instrument,tradingday,calendarday,time,lastp,volume,openinterest,turnover,ask1,asksz1,bid1,bidsz1
rb1805,20170612,20170609,205900500,2775.0,22,83656,610500.0,2775.0,7,2773.0,1
rb1805,20170612,20170609,210000500,2776.0,56,83656,1554200.0,2777.0,3,2776.0,13
rb1805,20170612,20170609,210001000,2776.0,84,83656,2331500.0,2776.0,4,2775.0,1
rb1805,20170612,20170609,210001500,2776.0,88,83656,2442540.0,2776.0,2,2775.0,3
rb1805,20170612,20170609,210002000,2775.0,96,83652,2664600.0,2777.0,2,2776.0,1
rb1805,20170612,20170609,210002500,2776.0,100,83654,2775620.0,2777.0,2,2775.0,3
rb1805,20170612,20170609,210003500,2777.0,104,83650,2886700.0,2778.0,8,2775.0,3
rb1805,20170612,20170609,210004500,2777.0,104,83650,2886700.0,2778.0,8,2775.0,3
rb1805,20170612,20170609,210005000,2777.0,104,83650,2886700.0,2778.0,8,2775.0,1
rb1805,20170612,20170609,210005500,2778.0,120,83650,3331180.0,2778.0,2,2775.0,3
rb1805,20170612,20170609,210006000,2778.0,120,83650,3331180.0,2778.0,2,2775.0,3
rb1805,20170612,20170609,210006500,2778.0,120,83650,3331180.0,2778.0,2,2775.0,2
rb1805,20170612,20170609,210007000,2775.0,126,83650,3497680.0,2778.0,2,2774.0,1
rb1805,20170612,20170609,210007500,2775.0,126,83650,3497680.0,2778.0,2,2775.0,3
rb1805,20170612,20170609,210008000,2778.0,136,83654,3775460.0,2779.0,6,2778.0,2
rb1805,20170612,20170609,210008500,2778.0,136,83654,3775460.0,2779.0,6,2778.0,2
rb1805,20170612,20170609,210009000,2778.0,140,83658,3886580.0,2778.0,2,2774.0,1
rb1805,20170612,20170609,210009500,2778.0,140,83658,3886580.0,2779.0,29,2774.0,1
rb1805,20170612,20170609,210010000,2778.0,140,83658,3886580.0,2778.0,5,2776.0,5
rb1805,20170612,20170609,210010500,2778.0,140,83658,3886580.0,2778.0,5,2776.0,5
rb1805,20170612,20170609,210011000,2778.0,140,83658,3886580.0,2778.0,5,2776.0,5
rb1805,20170612,20170609,210011500,2778.0,140,83658,3886580.0,2778.0,5,2776.0,5
rb1805,20170612,20170609,210012000,2778.0,140,83658,3886580.0,2778.0,5,2776.0,5
rb1805,20170612,20170609,210012500,2776.0,148,83658,4108660.0,2778.0,5,2776.0,1
rb1805,20170612,20170609,210013000,2776.0,148,83658,4108660.0,2778.0,5,2776.0,1
rb1805,20170612,20170609,210013500,2776.0,148,83658,4108660.0,2778.0,5,2776.0,1
rb1805,20170612,20170609,210014000,2776.0,150,83658,4164180.0,2778.0,5,2774.0,1
rb1805,20170612,20170609,210014500,2776.0,150,83658,4164180.0,2778.0,5,2774.0,1
rb1805,20170612,20170609,210015000,2778.0,152,83658,4219740.0,2778.0,4,2774.0,1
rb1805,20170612,20170609,210016000,2778.0,152,83658,4219740.0,2778.0,4,2774.0,1
rb1805,20170612,20170609,210016500,2778.0,152,83658,4219740.0,2778.0,5,2774.0,1
rb1805,20170612,20170609,210017000,2778.0,152,83658,4219740.0,2778.0,1,2774.0,1
rb1805,20170612,20170609,210017500,2778.0,152,83658,4219740.0,2778.0,1,2774.0,1
rb1805,20170612,20170609,210018000,2778.0,152,83658,4219740.0,2778.0,1,2774.0,1
rb1805,20170612,20170609,210018500,2778.0,152,83658,4219740.0,2778.0,24,2774.0,1
rb1805,20170612,20170609,210019000,2778.0,154,83660,4275300.0,2777.0,2,2774.0,1
rb1805,20170612,20170609,210019500,2778.0,154,83660,4275300.0,2777.0,3,2774.0,1
rb1805,20170612,20170609,210020000,2778.0,154,83660,4275300.0,2777.0,3,2774.0,1
rb1805,20170612,20170609,210020500,2778.0,154,83660,4275300.0,2777.0,3,2774.0,1
rb1805,20170612,20170609,210021000,2774.0,156,83660,4330780.0,2774.0,4,2773.0,6
rb1805,20170612,20170609,210021500,2774.0,156,83660,4330780.0,2774.0,5,2773.0,6
rb1805,20170612,20170609,210022000,2774.0,156,83660,4330780.0,2774.0,5,2773.0,6
rb1805,20170612,20170609,210022500,2773.0,162,83666,4497160.0,2774.0,5,2773.0,3
rb1805,20170612,20170609,210023000,2773.0,162,83666,4497160.0,2774.0,6,2773.0,3
rb1805,20170612,20170609,210023500,2773.0,162,83666,4497160.0,2774.0,6,2773.0,3
rb1805,20170612,20170609,210024000,2773.0,162,83666,4497160.0,2774.0,5,2773.0,3
rb1805,20170612,20170609,210025000,2773.0,164,83668,4552620.0,2774.0,6,2773.0,3
rb1805,20170612,20170609,210025500,2773.0,178,83666,4940960.0,2776.0,1,2773.0,2
rb1805,20170612,20170609,210026000,2773.0,178,83666,4940960.0,2776.0,1,2774.0,2
rb1805,20170612,20170609,210026500,2773.0,178,83666,4940960.0,2776.0,1,2774.0,2
rb1805,20170612,20170609,210027500,2773.0,178,83666,4940960.0,2776.0,1,2774.0,2
rb1805,20170612,20170609,210030500,2773.0,178,83666,4940960.0,2776.0,1,2774.0,2
rb1805,20170612,20170609,210031500,2773.0,178,83666,4940960.0,2776.0,1,2774.0,2
rb1805,20170612,20170609,210032000,2773.0,178,83666,4940960.0,2776.0,1,2774.0,2
rb1805,20170612,20170609,210032500,2773.0,178,83666,4940960.0,2776.0,1,2774.0,3
rb1805,20170612,20170609,210033000,2773.0,178,83666,4940960.0,2776.0,1,2774.0,3
rb1805,20170612,20170609,210033500,2773.0,178,83666,4940960.0,2776.0,1,2774.0,3
rb1805,20170612,20170609,210034000,2773.0,178,83666,4940960.0,2776.0,1,2774.0,3
rb1805,20170612,20170609,210035000,2773.0,178,83666,4940960.0,2776.0,1,2774.0,3
rb1805,20170612,20170609,210036500,2773.0,178,83666,4940960.0,2776.0,1,2774.0,3
rb1805,20170612,20170609,210038000,2773.0,178,83666,4940960.0,2775.0,1,2774.0,3
rb1805,20170612,20170609,210039000,2775.0,180,83666,4996460.0,2776.0,1,2774.0,3
rb1805,20170612,20170609,210039500,2774.0,186,83666,5162900.0,2776.0,1,2773.0,4
rb1805,20170612,20170609,210041000,2774.0,186,83666,5162900.0,2776.0,2,2773.0,4
rb1805,20170612,20170609,210041500,2774.0,186,83666,5162900.0,2775.0,1,2773.0,4
rb1805,20170612,20170609,210042000,2774.0,186,83666,5162900.0,2775.0,1,2773.0,4
rb1805,20170612,20170609,210043000,2774.0,186,83666,5162900.0,2774.0,3,2773.0,4
rb1805,20170612,20170609,210043500,2774.0,188,83666,5218380.0,2774.0,2,2773.0,4
rb1805,20170612,20170609,210044000,2774.0,190,83666,5273860.0,2774.0,1,2773.0,4
rb1805,20170612,20170609,210044500,2774.0,192,83666,5329340.0,2775.0,1,2773.0,4
rb1805,20170612,20170609,210045500,2774.0,192,83666,5329340.0,2775.0,1,2774.0,1
rb1805,20170612,20170609,210046500,2774.0,192,83666,5329340.0,2775.0,1,2774.0,1
rb1805,20170612,20170609,210047000,2774.0,192,83666,5329340.0,2775.0,1,2774.0,1
rb1805,20170612,20170609,210048500,2775.0,194,83666,5384840.0,2776.0,3,2774.0,1
rb1805,20170612,20170609,210049500,2775.0,194,83666,5384840.0,2776.0,3,2774.0,2
rb1805,20170612,20170609,210050000,2774.0,196,83668,5440320.0,2776.0,3,2774.0,1
rb1805,20170612,20170609,210050500,2774.0,198,83668,5495800.0,2776.0,3,2773.0,4
rb1805,20170612,20170609,210051000,2774.0,198,83668,5495800.0,2776.0,3,2773.0,5
rb1805,20170612,20170609,210052000,2774.0,198,83668,5495800.0,2775.0,1,2773.0,5
rb1805,20170612,20170609,210052500,2773.0,204,83666,5662260.0,2776.0,3,2773.0,4
rb1805,20170612,20170609,210053500,2773.0,204,83666,5662260.0,2776.0,3,2774.0,5
rb1805,20170612,20170609,210054000,2773.0,204,83666,5662260.0,2776.0,3,2773.0,4
rb1805,20170612,20170609,210054500,2773.0,204,83666,5662260.0,2776.0,3,2775.0,5
rb1805,20170612,20170609,210055000,2773.0,204,83666,5662260.0,2776.0,3,2773.0,4
rb1805,20170612,20170609,210055500,2773.0,204,83666,5662260.0,2776.0,3,2774.0,5
rb1805,20170612,20170609,210056000,2773.0,204,83666,5662260.0,2775.0,1,2774.0,5
rb1805,20170612,20170609,210056500,2775.0,206,83664,5717760.0,2776.0,3,2774.0,5
rb1805,20170612,20170609,210057000,2775.0,206,83664,5717760.0,2776.0,3,2775.0,1
rb1805,20170612,20170609,210057500,2775.0,206,83664,5717760.0,2776.0,3,2773.0,3
rb1805,20170612,20170609,210058000,2775.0,206,83664,5717760.0,2776.0,5,2774.0,6
rb1805,20170612,20170609,210058500,2775.0,206,83664,5717760.0,2776.0,5,2774.0,1
rb1805,20170612,20170609,210100000,2775.0,206,83664,5717760.0,2776.0,5,2773.0,4
rb1805,20170612,20170609,210100500,2775.0,206,83664,5717760.0,2775.0,2,2773.0,5
rb1805,20170612,20170609,210101000,2775.0,206,83664,5717760.0,2775.0,2,2773.0,5
rb1805,20170612,20170609,210101500,2774.0,208,83664,5773240.0,2774.0,1,2773.0,5
rb1805,20170612,20170609,210102000,2775.0,212,83660,5884220.0,2775.0,1,2773.0,5
rb1805,20170612,20170609,210102500,2775.0,212,83660,5884220.0,2775.0,1,2773.0,5
rb1805,20170612,20170609,210103500,2775.0,212,83660,5884220.0,2775.0,1,2774.0,1
rb1805,20170612,20170609,210105000,2774.0,214,83660,5939700.0,2775.0,1,2773.0,5
rb1805,20170612,20170609,210105500,2775.0,216,83658,5995200.0,2776.0,5,2773.0,5
rb1805,20170612,20170609,210106000,2775.0,216,83658,5995200.0,2776.0,3,2773.0,5
rb1805,20170612,20170609,210108500,2775.0,216,83658,5995200.0,2776.0,3,2773.0,4
rb1805,20170612,20170609,210109000,2775.0,216,83658,5995200.0,2776.0,3,2773.0,4
rb1805,20170612,20170609,210109500,2775.0,216,83658,5995200.0,2776.0,3,2773.0,5
rb1805,20170612,20170609,210110000,2775.0,218,83658,6050700.0,2776.0,3,2773.0,6
rb1805,20170612,20170609,210111000,2775.0,218,83658,6050700.0,2776.0,3,2773.0,6
rb1805,20170612,20170609,210112000,2775.0,218,83658,6050700.0,2775.0,1,2773.0,6
rb1805,20170612,20170609,210112500,2775.0,218,83658,6050700.0,2774.0,1,2773.0,5
rb1805,20170612,20170609,210113000,2775.0,218,83658,6050700.0,2774.0,1,2773.0,5
rb1805,20170612,20170609,210113500,2775.0,218,83658,6050700.0,2774.0,1,2773.0,5
rb1805,20170612,20170609,210115000,2773.0,220,83658,6106160.0,2774.0,1,2773.0,4
rb1805,20170612,20170609,210115500,2773.0,220,83658,6106160.0,2774.0,1,2773.0,4
rb1805,20170612,20170609,210117000,2773.0,228,83654,6328000.0,2773.0,6,2771.0,1
rb1805,20170612,20170609,210117500,2773.0,240,83642,6660760.0,2774.0,1,2772.0,1
rb1805,20170612,20170609,210118500,2773.0,240,83642,6660760.0,2774.0,1,2772.0,1
rb1805,20170612,20170609,210119500,2773.0,240,83642,6660760.0,2774.0,1,2771.0,1
rb1805,20170612,20170609,210120000,2773.0,240,83642,6660760.0,2774.0,1,2773.0,1
rb1805,20170612,20170609,210121500,2773.0,242,83642,6716220.0,2772.0,6,2771.0,2
rb1805,20170612,20170609,210122000,2772.0,254,83630,7048860.0,2774.0,1,2771.0,2
rb1805,20170612,20170609,210122500,2771.0,256,83630,7104280.0,2774.0,1,2771.0,1
rb1805,20170612,20170609,210123000,2771.0,256,83630,7104280.0,2774.0,1,2771.0,1
rb1805,20170612,20170609,210123500,2774.0,258,83632,7159760.0,2774.0,1,2770.0,4
rb1805,20170612,20170609,210124000,2774.0,258,83632,7159760.0,2774.0,1,2770.0,5
rb1805,20170612,20170609,210124500,2774.0,258,83632,7159760.0,2774.0,1,2770.0,5
rb1805,20170612,20170609,210125000,2774.0,258,83632,7159760.0,2774.0,2,2770.0,4
rb1805,20170612,20170609,210125500,2774.0,258,83632,7159760.0,2774.0,2,2770.0,4
rb1805,20170612,20170609,210126000,2774.0,258,83632,7159760.0,2774.0,2,2770.0,4
rb1805,20170612,20170609,210126500,2774.0,258,83632,7159760.0,2774.0,1,2770.0,5
rb1805,20170612,20170609,210127000,2774.0,258,83632,7159760.0,2774.0,1,2770.0,5
rb1805,20170612,20170609,210127500,2774.0,258,83632,7159760.0,2774.0,1,2770.0,4
rb1805,20170612,20170609,210128000,2774.0,258,83632,7159760.0,2774.0,2,2770.0,4
rb1805,20170612,20170609,210128500,2774.0,258,83632,7159760.0,2774.0,2,2770.0,4
rb1805,20170612,20170609,210129500,2774.0,258,83632,7159760.0,2774.0,3,2770.0,4
rb1805,20170612,20170609,210130000,2770.0,260,83632,7215160.0,2774.0,3,2770.0,3
rb1805,20170612,20170609,210130500,2770.0,260,83632,7215160.0,2774.0,7,2770.0,4
rb1805,20170612,20170609,210131000,2770.0,260,83632,7215160.0,2774.0,8,2770.0,3
rb1805,20170612,20170609,210131500,2770.0,260,83632,7215160.0,2774.0,8,2770.0,3
rb1805,20170612,20170609,210132000,2770.0,260,83632,7215160.0,2774.0,8,2772.0,10
rb1805,20170612,20170609,210132500,2772.0,262,83632,7270600.0,2774.0,8,2772.0,9
rb1805,20170612,20170609,210133000,2772.0,262,83632,7270600.0,2774.0,7,2772.0,9
rb1805,20170612,20170609,210133500,2772.0,262,83632,7270600.0,2774.0,8,2772.0,9
rb1805,20170612,20170609,210134500,2774.0,264,83632,7326080.0,2774.0,6,2772.0,9
rb1805,20170612,20170609,210135000,2772.0,266,83634,7381520.0,2774.0,8,2772.0,8
rb1805,20170612,20170609,210135500,2772.0,266,83634,7381520.0,2774.0,8,2772.0,8
rb1805,20170612,20170609,210136000,2772.0,268,83634,7436960.0,2774.0,9,2772.0,7
rb1805,20170612,20170609,210136500,2772.0,272,83638,7547840.0,2774.0,8,2772.0,5
rb1805,20170612,20170609,210137000,2772.0,282,83638,7825040.0,2772.0,1,2770.0,3
rb1805,20170612,20170609,210137500,2772.0,282,83638,7825040.0,2774.0,7,2770.0,3
rb1805,20170612,20170609,210138000,2772.0,282,83638,7825040.0,2774.0,9,2771.0,1
rb1805,20170612,20170609,210138500,2772.0,284,83638,7880480.0,2774.0,8,2771.0,1
rb1805,20170612,20170609,210139500,2772.0,284,83638,7880480.0,2774.0,9,2771.0,1
rb1805,20170612,20170609,210140000,2772.0,284,83638,7880480.0,2773.0,23,2771.0,1
rb1805,20170612,20170609,210141000,2772.0,284,83638,7880480.0,2773.0,23,2771.0,1
rb1805,20170612,20170609,210141500,2771.0,286,83640,7935900.0,2770.0,2,2767.0,3
rb1805,20170612,20170609,210142000,2770.0,290,83642,8046700.0,2773.0,23,2768.0,3
rb1805,20170612,20170609,210142500,2770.0,290,83642,8046700.0,2773.0,23,2768.0,3
rb1805,20170612,20170609,210143000,2770.0,290,83642,8046700.0,2773.0,23,2768.0,3
rb1805,20170612,20170609,210143500,2770.0,290,83642,8046700.0,2773.0,23,2768.0,3
rb1805,20170612,20170609,210145000,2770.0,290,83642,8046700.0,2773.0,23,2768.0,3
rb1805,20170612,20170609,210146500,2768.0,296,83640,8212780.0,2768.0,1,2767.0,3
rb1805,20170612,20170609,210147000,2768.0,300,83640,8323500.0,2773.0,23,2768.0,2
rb1805,20170612,20170609,210147500,2768.0,300,83640,8323500.0,2773.0,23,2768.0,2
rb1805,20170612,20170609,210148000,2768.0,300,83640,8323500.0,2773.0,23,2768.0,2
rb1805,20170612,20170609,210149000,2768.0,300,83640,8323500.0,2773.0,23,2768.0,2
rb1805,20170612,20170609,210149500,2768.0,300,83640,8323500.0,2773.0,24,2768.0,1
rb1805,20170612,20170609,210150500,2768.0,300,83640,8323500.0,2772.0,1,2768.0,3
rb1805,20170612,20170609,210151000,2768.0,300,83640,8323500.0,2772.0,1,2768.0,2
rb1805,20170612,20170609,210151500,2768.0,300,83640,8323500.0,2772.0,1,2768.0,2
rb1805,20170612,20170609,210152000,2768.0,300,83640,8323500.0,2772.0,1,2768.0,2
rb1805,20170612,20170609,210152500,2768.0,300,83640,8323500.0,2772.0,1,2768.0,3
rb1805,20170612,20170609,210153000,2768.0,302,83640,8378860.0,2772.0,1,2768.0,2
rb1805,20170612,20170609,210153500,2768.0,302,83640,8378860.0,2772.0,1,2768.0,4
rb1805,20170612,20170609,210154000,2768.0,304,83640,8434220.0,2772.0,1,2768.0,3
rb1805,20170612,20170609,210154500,2768.0,304,83640,8434220.0,2772.0,1,2768.0,3
rb1805,20170612,20170609,210155000,2768.0,308,83640,8544940.0,2772.0,1,2768.0,1
rb1805,20170612,20170609,210155500,2768.0,308,83640,8544940.0,2772.0,1,2768.0,2
rb1805,20170612,20170609,210156000,2768.0,308,83640,8544940.0,2772.0,1,2768.0,2
rb1805,20170612,20170609,210156500,2768.0,308,83640,8544940.0,2772.0,1,2770.0,5
rb1805,20170612,20170609,210157000,2768.0,308,83640,8544940.0,2772.0,1,2770.0,5
rb1805,20170612,20170609,210158000,2768.0,308,83640,8544940.0,2772.0,1,2770.0,5
rb1805,20170612,20170609,210158500,2768.0,308,83640,8544940.0,2772.0,1,2770.0,5
rb1805,20170612,20170609,210159500,2772.0,310,83638,8600380.0,2773.0,23,2770.0,5
rb1805,20170612,20170609,210200000,2772.0,310,83638,8600380.0,2772.0,2,2770.0,5
rb1805,20170612,20170609,210200500,2770.0,320,83638,8877380.0,2770.0,95,2769.0,1
rb1805,20170612,20170609,210201000,2770.0,374,83584,10373180.0,2770.0,68,2769.0,1
rb1805,20170612,20170609,210201500,2770.0,376,83582,10428580.0,2770.0,67,2769.0,1
rb1805,20170612,20170609,210202000,2770.0,380,83578,10539380.0,2770.0,65,2769.0,1
rb1805,20170612,20170609,210202500,2770.0,386,83572,10705580.0,2770.0,62,2769.0,1
rb1805,20170612,20170609,210203000,2770.0,386,83572,10705580.0,2770.0,62,2769.0,1
rb1805,20170612,20170609,210204000,2770.0,414,83554,11481180.0,2770.0,48,2769.0,1
rb1805,20170612,20170609,210205500,2770.0,424,83544,11758180.0,2770.0,43,2769.0,1
rb1805,20170612,20170609,210206000,2770.0,430,83544,11924380.0,2770.0,40,2769.0,1
rb1805,20170612,20170609,210206500,2770.0,430,83544,11924380.0,2770.0,40,2769.0,1
rb1805,20170612,20170609,210207000,2770.0,478,83496,13253980.0,2770.0,16,2769.0,1
rb1805,20170612,20170609,210207500,2770.0,482,83496,13364780.0,2770.0,14,2769.0,2
rb1805,20170612,20170609,210208000,2770.0,482,83496,13364780.0,2770.0,14,2769.0,3
rb1805,20170612,20170609,210208500,2770.0,492,83496,13641780.0,2770.0,9,2769.0,2
rb1805,20170612,20170609,210209500,2770.0,502,83496,13918780.0,2770.0,4,2769.0,2
rb1805,20170612,20170609,210210000,2770.0,502,83496,13918780.0,2770.0,4,2769.0,2
rb1805,20170612,20170609,210210500,2769.0,504,83494,13974160.0,2770.0,4,2769.0,1
rb1805,20170612,20170609,210211000,2770.0,506,83494,14029560.0,2770.0,3,2769.0,1
rb1805,20170612,20170609,210212500,2770.0,506,83494,14029560.0,2770.0,3,2769.0,1
rb1805,20170612,20170609,210214000,2770.0,512,83490,14195760.0,2772.0,2,2770.0,1
rb1805,20170612,20170609,210214500,2770.0,512,83490,14195760.0,2772.0,2,2770.0,3
rb1805,20170612,20170609,210215000,2772.0,516,83486,14306640.0,2773.0,1,2770.0,3
rb1805,20170612,20170609,210215500,2772.0,516,83486,14306640.0,2773.0,1,2772.0,1
rb1805,20170612,20170609,210216000,2772.0,516,83486,14306640.0,2773.0,1,2772.0,1
rb1805,20170612,20170609,210217000,2772.0,516,83486,14306640.0,2773.0,1,2771.0,2
rb1805,20170612,20170609,210217500,2771.0,518,83486,14362060.0,2773.0,1,2771.0,1
rb1805,20170612,20170609,210218500,2771.0,518,83486,14362060.0,2772.0,1,2771.0,1
rb1805,20170612,20170609,210219000,2772.0,520,83484,14417500.0,2773.0,2,2772.0,1
rb1805,20170612,20170609,210219500,2772.0,520,83484,14417500.0,2773.0,2,2771.0,1
rb1805,20170612,20170609,210220000,2772.0,520,83484,14417500.0,2773.0,2,2771.0,1
rb1805,20170612,20170609,210220500,2772.0,520,83484,14417500.0,2773.0,2,2771.0,1
rb1805,20170612,20170609,210222000,2771.0,522,83484,14472920.0,2773.0,2,2770.0,4
rb1805,20170612,20170609,210222500,2771.0,522,83484,14472920.0,2773.0,2,2770.0,10
rb1805,20170612,20170609,210223000,2771.0,522,83484,14472920.0,2773.0,2,2770.0,10
rb1805,20170612,20170609,210223500,2771.0,522,83484,14472920.0,2773.0,2,2770.0,16
rb1805,20170612,20170609,210224500,2771.0,522,83484,14472920.0,2773.0,2,2770.0,16
rb1805,20170612,20170609,210225000,2771.0,522,83484,14472920.0,2773.0,2,2770.0,22
rb1805,20170612,20170609,210225500,2771.0,522,83484,14472920.0,2773.0,2,2770.0,23
rb1805,20170612,20170609,210226000,2771.0,526,83486,14583760.0,2773.0,2,2772.0,1
rb1805,20170612,20170609,210226500,2771.0,526,83486,14583760.0,2773.0,2,2772.0,1
rb1805,20170612,20170609,210227000,2773.0,528,83486,14639220.0,2773.0,1,2772.0,1
rb1805,20170612,20170609,210227500,2773.0,528,83486,14639220.0,2773.0,1,2772.0,1
rb1805,20170612,20170609,210228000,2774.0,532,83482,14750160.0,2774.0,6,2772.0,1
rb1805,20170612,20170609,210228500,2774.0,532,83482,14750160.0,2772.0,1,2771.0,3
rb1805,20170612,20170609,210229000,2774.0,532,83482,14750160.0,2772.0,1,2771.0,4
rb1805,20170612,20170609,210230000,2772.0,534,83482,14805600.0,2772.0,1,2771.0,4
rb1805,20170612,20170609,210230500,2772.0,534,83482,14805600.0,2772.0,1,2771.0,4
rb1805,20170612,20170609,210231500,2772.0,536,83482,14861040.0,2773.0,4,2771.0,4
rb1805,20170612,20170609,210232000,2772.0,536,83482,14861040.0,2773.0,4,2771.0,4
rb1805,20170612,20170609,210232500,2772.0,536,83482,14861040.0,2773.0,4,2771.0,9
rb1805,20170612,20170609,210233000,2772.0,536,83482,14861040.0,2773.0,4,2771.0,9
rb1805,20170612,20170609,210234500,2772.0,536,83482,14861040.0,2773.0,4,2771.0,12
rb1805,20170612,20170609,210235500,2772.0,536,83482,14861040.0,2773.0,4,2771.0,7
rb1805,20170612,20170609,210236500,2772.0,536,83482,14861040.0,2773.0,4,2771.0,8
rb1805,20170612,20170609,210237000,2772.0,536,83482,14861040.0,2773.0,4,2772.0,3
rb1805,20170612,20170609,210238500,2773.0,538,83482,14916500.0,2773.0,3,2772.0,5
rb1805,20170612,20170609,210239000,2773.0,538,83482,14916500.0,2773.0,3,2772.0,5
rb1805,20170612,20170609,210239500,2773.0,538,83482,14916500.0,2773.0,3,2772.0,5
rb1805,20170612,20170609,210240000,2773.0,538,83482,14916500.0,2773.0,3,2771.0,8
rb1805,20170612,20170609,210241500,2773.0,538,83482,14916500.0,2773.0,3,2771.0,8
rb1805,20170612,20170609,210244000,2773.0,544,83476,15082880.0,2774.0,9,2771.0,8
rb1805,20170612,20170609,210245000,2773.0,544,83476,15082880.0,2774.0,9,2773.0,1
rb1805,20170612,20170609,210245500,2773.0,546,83474,15138340.0,2773.0,1,2771.0,8
rb1805,20170612,20170609,210246000,2773.0,546,83474,15138340.0,2774.0,9,2772.0,2
rb1805,20170612,20170609,210246500,2773.0,546,83474,15138340.0,2774.0,9,2772.0,2
rb1805,20170612,20170609,210248000,2772.0,550,83474,15249220.0,2774.0,9,2771.0,14
rb1805,20170612,20170609,210248500,2772.0,550,83474,15249220.0,2774.0,9,2771.0,19
rb1805,20170612,20170609,210249000,2772.0,550,83474,15249220.0,2774.0,9,2771.0,25
rb1805,20170612,20170609,210251500,2772.0,550,83474,15249220.0,2772.0,1,2771.0,25
rb1805,20170612,20170609,210252000,2774.0,554,83472,15360140.0,2774.0,8,2773.0,1
rb1805,20170612,20170609,210252500,2774.0,554,83472,15360140.0,2774.0,8,2771.0,20
rb1805,20170612,20170609,210253000,2774.0,554,83472,15360140.0,2774.0,8,2772.0,3
rb1805,20170612,20170609,210253500,2774.0,554,83472,15360140.0,2774.0,8,2772.0,3
rb1805,20170612,20170609,210256000,2774.0,554,83472,15360140.0,2774.0,8,2772.0,3
rb1805,20170612,20170609,210257000,2774.0,554,83472,15360140.0,2774.0,8,2772.0,3
rb1805,20170612,20170609,210257500,2774.0,554,83472,15360140.0,2774.0,8,2772.0,8
rb1805,20170612,20170609,210258000,2774.0,556,83470,15415620.0,2774.0,7,2772.0,8
rb1805,20170612,20170609,210258500,2774.0,560,83466,15526580.0,2774.0,5,2772.0,8
rb1805,20170612,20170609,210259500,2774.0,560,83466,15526580.0,2774.0,5,2772.0,8
rb1805,20170612,20170609,210300000,2774.0,570,83458,15803980.0,2775.0,8,2773.0,6
rb1805,20170612,20170609,210300500,2774.0,570,83458,15803980.0,2775.0,8,2773.0,1
rb1805,20170612,20170609,210301000,2774.0,570,83458,15803980.0,2775.0,8,2773.0,6
rb1805,20170612,20170609,210301500,2775.0,576,83456,15970480.0,2775.0,5,2773.0,6
rb1805,20170612,20170609,210302000,2775.0,576,83456,15970480.0,2774.0,2,2773.0,1
rb1805,20170612,20170609,210303000,2775.0,576,83456,15970480.0,2774.0,2,2773.0,1
rb1805,20170612,20170609,210303500,2774.0,578,83454,16025960.0,2774.0,1,2772.0,3
rb1805,20170612,20170609,210304000,2774.0,578,83454,16025960.0,2774.0,1,2773.0,3
rb1805,20170612,20170609,210304500,2774.0,578,83454,16025960.0,2774.0,1,2773.0,3
rb1805,20170612,20170609,210305500,2774.0,578,83454,16025960.0,2774.0,1,2773.0,5
rb1805,20170612,20170609,210306000,2775.0,584,83450,16192440.0,2775.0,3,2774.0,6
rb1805,20170612,20170609,210306500,2775.0,584,83450,16192440.0,2775.0,3,2773.0,2
rb1805,20170612,20170609,210307000,2775.0,584,83450,16192440.0,2774.0,3,2773.0,2
rb1805,20170612,20170609,210308000,2775.0,584,83450,16192440.0,2774.0,3,2773.0,2
rb1805,20170612,20170609,210309500,2775.0,584,83450,16192440.0,2774.0,3,2773.0,2
rb1805,20170612,20170609,210310000,2775.0,584,83450,16192440.0,2774.0,3,2773.0,2
rb1805,20170612,20170609,210310500,2775.0,584,83450,16192440.0,2774.0,3,2773.0,3
rb1805,20170612,20170609,210311000,2774.0,586,83450,16247920.0,2774.0,2,2773.0,6
rb1805,20170612,20170609,210311500,2774.0,590,83446,16358880.0,2775.0,3,2774.0,4
rb1805,20170612,20170609,210312000,2774.0,590,83446,16358880.0,2775.0,3,2773.0,7
rb1805,20170612,20170609,210312500,2774.0,590,83446,16358880.0,2775.0,3,2774.0,3
rb1805,20170612,20170609,210313500,2774.0,590,83446,16358880.0,2775.0,3,2774.0,7
rb1805,20170612,20170609,210314500,2774.0,590,83446,16358880.0,2775.0,4,2774.0,7
rb1805,20170612,20170609,210315000,2774.0,590,83446,16358880.0,2775.0,4,2774.0,7
rb1805,20170612,20170609,210315500,2774.0,596,83446,16525320.0,2775.0,7,2774.0,4
rb1805,20170612,20170609,210316000,2775.0,598,83446,16580820.0,2775.0,6,2774.0,4
rb1805,20170612,20170609,210316500,2775.0,598,83446,16580820.0,2775.0,6,2773.0,6
rb1805,20170612,20170609,210317000,2775.0,602,83446,16691820.0,2775.0,4,2774.0,4
rb1805,20170612,20170609,210317500,2774.0,606,83442,16802780.0,2775.0,4,2774.0,2
rb1805,20170612,20170609,210319500,2774.0,606,83442,16802780.0,2775.0,4,2774.0,2
rb1805,20170612,20170609,210320000,2774.0,606,83442,16802780.0,2775.0,4,2774.0,2
rb1805,20170612,20170609,210320500,2774.0,606,83442,16802780.0,2775.0,4,2774.0,2
rb1805,20170612,20170609,210321000,2775.0,614,83434,17024780.0,2776.0,4,2774.0,2
rb1805,20170612,20170609,210321500,2775.0,614,83434,17024780.0,2776.0,4,2774.0,2
rb1805,20170612,20170609,210322500,2775.0,614,83434,17024780.0,2776.0,24,2774.0,2
rb1805,20170612,20170609,210323000,2775.0,614,83434,17024780.0,2776.0,24,2774.0,2
rb1805,20170612,20170609,210323500,2775.0,614,83434,17024780.0,2776.0,24,2774.0,2
rb1805,20170612,20170609,210324000,2774.0,616,83432,17080260.0,2776.0,24,2774.0,1
rb1805,20170612,20170609,210324500,2774.0,616,83432,17080260.0,2776.0,24,2774.0,1
rb1805,20170612,20170609,210325000,2774.0,616,83432,17080260.0,2775.0,2,2774.0,1
rb1805,20170612,20170609,210325500,2775.0,620,83428,17191260.0,2776.0,24,2775.0,1
rb1805,20170612,20170609,210326000,2775.0,622,83426,17246760.0,2775.0,1,2773.0,5
rb1805,20170612,20170609,210326500,2775.0,630,83424,17468740.0,2776.0,24,2773.0,5
rb1805,20170612,20170609,210327000,2776.0,632,83424,17524260.0,2776.0,23,2773.0,5
rb1805,20170612,20170609,210327500,2775.0,634,83424,17579760.0,2774.0,1,2773.0,5
rb1805,20170612,20170609,210329000,2775.0,634,83424,17579760.0,2774.0,1,2773.0,5
rb1805,20170612,20170609,210329500,2774.0,636,83426,17635240.0,2775.0,3,2773.0,5
rb1805,20170612,20170609,210330000,2774.0,636,83426,17635240.0,2774.0,5,2773.0,5
rb1805,20170612,20170609,210330500,2774.0,646,83426,17912640.0,2775.0,3,2774.0,45
rb1805,20170612,20170609,210331000,2774.0,648,83426,17968120.0,2775.0,3,2774.0,44
rb1805,20170612,20170609,210335000,2774.0,648,83426,17968120.0,2775.0,3,2774.0,44
rb1805,20170612,20170609,210336000,2774.0,650,83426,18023600.0,2775.0,3,2774.0,43
rb1805,20170612,20170609,210336500,2774.0,662,83426,18356500.0,2775.0,2,2774.0,38
rb1805,20170612,20170609,210338000,2774.0,662,83426,18356500.0,2775.0,2,2774.0,38
rb1805,20170612,20170609,210338500,2774.0,676,83426,18744860.0,2775.0,2,2774.0,31
rb1805,20170612,20170609,210339000,2774.0,684,83434,18966780.0,2775.0,2,2774.0,27
rb1805,20170612,20170609,210340000,2774.0,694,83434,19244180.0,2775.0,2,2774.0,22
rb1805,20170612,20170609,210340500,2774.0,694,83434,19244180.0,2775.0,2,2774.0,22
rb1805,20170612,20170609,210342500,2774.0,694,83434,19244180.0,2775.0,2,2774.0,22
rb1805,20170612,20170609,210343500,2774.0,694,83434,19244180.0,2775.0,2,2774.0,27
rb1805,20170612,20170609,210344000,2774.0,696,83434,19299660.0,2775.0,2,2774.0,26
rb1805,20170612,20170609,210344500,2774.0,696,83434,19299660.0,2775.0,2,2774.0,26
rb1805,20170612,20170609,210345000,2775.0,710,83430,19688060.0,2776.0,24,2775.0,1
rb1805,20170612,20170609,210345500,2775.0,712,83430,19743560.0,2776.0,24,2774.0,21
rb1805,20170612,20170609,210346000,2775.0,712,83430,19743560.0,2776.0,24,2774.0,21
rb1805,20170612,20170609,210347000,2775.0,712,83430,19743560.0,2776.0,24,2774.0,21
rb1805,20170612,20170609,210347500,2775.0,712,83430,19743560.0,2776.0,24,2774.0,21
rb1805,20170612,20170609,210348500,2774.0,714,83430,19799040.0,2775.0,3,2774.0,20
rb1805,20170612,20170609,210349000,2774.0,714,83430,19799040.0,2775.0,3,2774.0,30
rb1805,20170612,20170609,210349500,2774.0,724,83430,20076440.0,2775.0,3,2774.0,25
rb1805,20170612,20170609,210350000,2774.0,724,83430,20076440.0,2775.0,4,2774.0,25
rb1805,20170612,20170609,210350500,2774.0,728,83432,20187400.0,2775.0,4,2774.0,23
rb1805,20170612,20170609,210351000,2774.0,728,83432,20187400.0,2775.0,4,2774.0,23
rb1805,20170612,20170609,210352000,2775.0,730,83432,20242900.0,2775.0,3,2774.0,23
rb1805,20170612,20170609,210352500,2775.0,730,83432,20242900.0,2775.0,4,2774.0,23
rb1805,20170612,20170609,210353000,2775.0,730,83432,20242900.0,2775.0,4,2774.0,23
rb1805,20170612,20170609,210353500,2775.0,738,83432,20464900.0,2776.0,24,2775.0,1
rb1805,20170612,20170609,210354000,2774.0,750,83434,20797800.0,2775.0,2,2774.0,18
rb1805,20170612,20170609,210354500,2774.0,754,83438,20908760.0,2776.0,24,2774.0,16
rb1805,20170612,20170609,210355000,2774.0,754,83438,20908760.0,2776.0,24,2774.0,19
rb1805,20170612,20170609,210355500,2774.0,754,83438,20908760.0,2776.0,24,2775.0,1
rb1805,20170612,20170609,210356000,2775.0,756,83440,20964260.0,2776.0,24,2775.0,1
rb1805,20170612,20170609,210356500,2775.0,758,83440,21019760.0,2776.0,24,2774.0,19
rb1805,20170612,20170609,210357000,2775.0,758,83440,21019760.0,2775.0,8,2774.0,19
rb1805,20170612,20170609,210357500,2775.0,758,83440,21019760.0,2775.0,8,2774.0,20
rb1805,20170612,20170609,210358000,2775.0,758,83440,21019760.0,2775.0,8,2774.0,20
rb1805,20170612,20170609,210359000,2775.0,758,83440,21019760.0,2775.0,8,2774.0,20
rb1805,20170612,20170609,210359500,2775.0,758,83440,21019760.0,2775.0,8,2774.0,20
rb1805,20170612,20170609,210400000,2774.0,768,83440,21297160.0,2775.0,8,2774.0,15
rb1805,20170612,20170609,210400500,2775.0,770,83440,21352660.0,2775.0,7,2774.0,15
rb1805,20170612,20170609,210401000,2775.0,770,83440,21352660.0,2775.0,7,2774.0,15
rb1805,20170612,20170609,210402000,2775.0,770,83440,21352660.0,2775.0,7,2774.0,5
rb1805,20170612,20170609,210403000,2775.0,770,83440,21352660.0,2775.0,7,2774.0,5
rb1805,20170612,20170609,210403500,2774.0,780,83440,21630060.0,2775.0,7,2773.0,6
rb1805,20170612,20170609,210404000,2775.0,782,83440,21685560.0,2775.0,6,2773.0,6
rb1805,20170612,20170609,210405500,2775.0,782,83440,21685560.0,2775.0,6,2773.0,7
rb1805,20170612,20170609,210406000,2775.0,782,83440,21685560.0,2775.0,6,2773.0,7
rb1805,20170612,20170609,210407500,2775.0,782,83440,21685560.0,2775.0,6,2773.0,7
rb1805,20170612,20170609,210408000,2773.0,794,83438,22018360.0,2775.0,6,2773.0,3
rb1805,20170612,20170609,210409000,2773.0,794,83438,22018360.0,2775.0,6,2773.0,3
rb1805,20170612,20170609,210409500,2773.0,794,83438,22018360.0,2775.0,7,2773.0,3
rb1805,20170612,20170609,210410000,2773.0,794,83438,22018360.0,2775.0,32,2773.0,3
rb1805,20170612,20170609,210410500,2773.0,794,83438,22018360.0,2775.0,32,2773.0,3
rb1805,20170612,20170609,210411000,2773.0,794,83438,22018360.0,2775.0,32,2773.0,3
rb1805,20170612,20170609,210411500,2773.0,794,83438,22018360.0,2775.0,32,2773.0,3
rb1805,20170612,20170609,210412000,2773.0,800,83438,22184740.0,2773.0,2,2772.0,2
rb1805,20170612,20170609,210412500,2772.0,804,83438,22295640.0,2773.0,1,2772.0,1
rb1805,20170612,20170609,210413000,2772.0,804,83438,22295640.0,2773.0,1,2772.0,1
rb1805,20170612,20170609,210414500,2772.0,804,83438,22295640.0,2773.0,1,2772.0,1
rb1805,20170612,20170609,210415500,2772.0,804,83438,22295640.0,2773.0,1,2772.0,1
rb1805,20170612,20170609,210417000,2772.0,804,83438,22295640.0,2773.0,1,2772.0,1
rb1805,20170612,20170609,210417500,2773.0,806,83436,22351100.0,2775.0,33,2773.0,1
rb1805,20170612,20170609,210418000,2773.0,806,83436,22351100.0,2775.0,33,2772.0,1
rb1805,20170612,20170609,210420500,2773.0,806,83436,22351100.0,2775.0,33,2772.0,1
rb1805,20170612,20170609,210421000,2773.0,806,83436,22351100.0,2775.0,34,2772.0,1
rb1805,20170612,20170609,210422000,2773.0,806,83436,22351100.0,2775.0,34,2772.0,1
rb1805,20170612,20170609,210423000,2773.0,806,83436,22351100.0,2775.0,34,2772.0,1
rb1805,20170612,20170609,210423500,2773.0,806,83436,22351100.0,2775.0,34,2772.0,1
rb1805,20170612,20170609,210424000,2773.0,806,83436,22351100.0,2775.0,34,2772.0,1
rb1805,20170612,20170609,210425000,2773.0,806,83436,22351100.0,2775.0,34,2772.0,1
rb1805,20170612,20170609,210425500,2773.0,806,83436,22351100.0,2775.0,34,2772.0,1
rb1805,20170612,20170609,210426000,2772.0,808,83434,22406540.0,2772.0,4,2771.0,9
rb1805,20170612,20170609,210426500,2772.0,816,83426,22628300.0,2775.0,34,2772.0,5
rb1805,20170612,20170609,210427000,2772.0,816,83426,22628300.0,2775.0,34,2772.0,3
rb1805,20170612,20170609,210427500,2772.0,816,83426,22628300.0,2774.0,1,2772.0,3
rb1805,20170612,20170609,210428000,2772.0,816,83426,22628300.0,2774.0,1,2773.0,5
rb1805,20170612,20170609,210429000,2772.0,816,83426,22628300.0,2774.0,1,2773.0,5
rb1805,20170612,20170609,210429500,2772.0,816,83426,22628300.0,2774.0,6,2773.0,5
rb1805,20170612,20170609,210430500,2773.0,826,83428,22905600.0,2773.0,2,2772.0,2
rb1805,20170612,20170609,210431000,2773.0,826,83428,22905600.0,2773.0,5,2772.0,2
rb1805,20170612,20170609,210431500,2773.0,826,83428,22905600.0,2773.0,10,2772.0,2
rb1805,20170612,20170609,210432000,2773.0,826,83428,22905600.0,2773.0,10,2772.0,2
rb1805,20170612,20170609,210433000,2773.0,826,83428,22905600.0,2773.0,10,2772.0,2
rb1805,20170612,20170609,210434500,2772.0,830,83428,23016480.0,2773.0,10,2771.0,9
rb1805,20170612,20170609,210435500,2773.0,838,83420,23238320.0,2773.0,6,2771.0,9
rb1805,20170612,20170609,210436000,2773.0,838,83420,23238320.0,2773.0,6,2771.0,9
rb1805,20170612,20170609,210437000,2773.0,838,83420,23238320.0,2773.0,6,2772.0,1
rb1805,20170612,20170609,210438000,2773.0,838,83420,23238320.0,2773.0,6,2772.0,1
rb1805,20170612,20170609,210438500,2773.0,842,83418,23349240.0,2773.0,4,2772.0,1
rb1805,20170612,20170609,210439000,2773.0,842,83418,23349240.0,2773.0,4,2772.0,1
rb1805,20170612,20170609,210440500,2772.0,844,83418,23404680.0,2772.0,4,2771.0,9
rb1805,20170612,20170609,210441000,2772.0,848,83414,23515560.0,2772.0,3,2771.0,9
rb1805,20170612,20170609,210441500,2772.0,854,83414,23681880.0,2772.0,1,2771.0,9
rb1805,20170612,20170609,210442000,2772.0,858,83414,23792760.0,2772.0,4,2771.0,9
rb1805,20170612,20170609,210444000,2772.0,864,83408,23959080.0,2772.0,1,2771.0,8
rb1805,20170612,20170609,210444500,2772.0,866,83406,24014520.0,2773.0,4,2771.0,8
rb1805,20170612,20170609,210446500,2772.0,866,83406,24014520.0,2773.0,4,2772.0,1
rb1805,20170612,20170609,210447000,2772.0,868,83406,24069960.0,2773.0,4,2771.0,8
rb1805,20170612,20170609,210447500,2773.0,874,83400,24236340.0,2773.0,1,2771.0,9
rb1805,20170612,20170609,210448500,2773.0,876,83398,24291800.0,2774.0,2,2771.0,9
rb1805,20170612,20170609,210449000,2774.0,878,83396,24347280.0,2774.0,1,2771.0,15
rb1805,20170612,20170609,210449500,2774.0,878,83396,24347280.0,2774.0,1,2771.0,16
rb1805,20170612,20170609,210451000,2774.0,878,83396,24347280.0,2774.0,1,2771.0,16
rb1805,20170612,20170609,210453000,2774.0,878,83396,24347280.0,2774.0,1,2771.0,16
rb1805,20170612,20170609,210453500,2771.0,886,83396,24568960.0,2774.0,2,2771.0,12
rb1805,20170612,20170609,210454000,2771.0,886,83396,24568960.0,2774.0,2,2771.0,11
rb1805,20170612,20170609,210455000,2771.0,886,83396,24568960.0,2773.0,2,2771.0,11
rb1805,20170612,20170609,210455500,2771.0,886,83396,24568960.0,2773.0,2,2771.0,11
rb1805,20170612,20170609,210458500,2771.0,886,83396,24568960.0,2773.0,2,2771.0,11
rb1805,20170612,20170609,210459000,2771.0,896,83394,24846060.0,2773.0,2,2771.0,6
rb1805,20170612,20170609,210500000,2771.0,896,83394,24846060.0,2773.0,2,2771.0,6
rb1805,20170612,20170609,210501500,2771.0,896,83394,24846060.0,2773.0,2,2771.0,6
rb1805,20170612,20170609,210503000,2771.0,906,83384,25123160.0,2773.0,2,2771.0,3
rb1805,20170612,20170609,210503500,2773.0,908,83384,25178620.0,2773.0,1,2771.0,3
rb1805,20170612,20170609,210504000,2773.0,908,83384,25178620.0,2773.0,1,2771.0,3
rb1805,20170612,20170609,210505500,2771.0,910,83384,25234040.0,2773.0,1,2771.0,2
rb1805,20170612,20170609,210506000,2771.0,910,83384,25234040.0,2773.0,2,2771.0,2
rb1805,20170612,20170609,210506500,2773.0,912,83384,25289500.0,2773.0,1,2771.0,2
rb1805,20170612,20170609,210507500,2773.0,912,83384,25289500.0,2773.0,1,2771.0,2
rb1805,20170612,20170609,210508000,2773.0,912,83384,25289500.0,2773.0,1,2771.0,2
rb1805,20170612,20170609,210508500,2773.0,912,83384,25289500.0,2773.0,1,2771.0,2
rb1805,20170612,20170609,210510000,2773.0,912,83384,25289500.0,2773.0,6,2771.0,2
rb1805,20170612,20170609,210511500,2771.0,916,83380,25400340.0,2773.0,6,2770.0,5
rb1805,20170612,20170609,210512000,2771.0,916,83380,25400340.0,2771.0,5,2770.0,5
rb1805,20170612,20170609,210512500,2771.0,922,83380,25566600.0,2771.0,2,2770.0,5
rb1805,20170612,20170609,210513000,2771.0,926,83380,25677440.0,2773.0,6,2772.0,1
rb1805,20170612,20170609,210513500,2771.0,926,83380,25677440.0,2773.0,5,2770.0,5
rb1805,20170612,20170609,210514500,2771.0,926,83380,25677440.0,2773.0,5,2771.0,1
rb1805,20170612,20170609,210515000,2771.0,926,83380,25677440.0,2773.0,5,2770.0,5
rb1805,20170612,20170609,210515500,2771.0,926,83380,25677440.0,2773.0,5,2770.0,5
rb1805,20170612,20170609,210517500,2771.0,926,83380,25677440.0,2773.0,5,2770.0,5
rb1805,20170612,20170609,210518000,2771.0,926,83380,25677440.0,2772.0,2,2770.0,5
rb1805,20170612,20170609,210519000,2771.0,926,83380,25677440.0,2772.0,2,2771.0,2
rb1805,20170612,20170609,210519500,2772.0,930,83376,25788320.0,2773.0,5,2771.0,3
rb1805,20170612,20170609,210520000,2772.0,930,83376,25788320.0,2773.0,5,2771.0,4
rb1805,20170612,20170609,210520500,2772.0,930,83376,25788320.0,2773.0,5,2771.0,3
rb1805,20170612,20170609,210521000,2772.0,930,83376,25788320.0,2773.0,5,2771.0,2
rb1805,20170612,20170609,210522000,2771.0,932,83374,25843740.0,2772.0,1,2771.0,1
rb1805,20170612,20170609,210522500,2771.0,934,83372,25899160.0,2771.0,4,2770.0,6
rb1805,20170612,20170609,210523000,2771.0,938,83372,26010000.0,2771.0,20,2770.0,21
rb1805,20170612,20170609,210523500,2771.0,942,83372,26120840.0,2771.0,18,2770.0,21
rb1805,20170612,20170609,210524000,2771.0,942,83372,26120840.0,2771.0,18,2770.0,21
rb1805,20170612,20170609,210525500,2771.0,942,83372,26120840.0,2771.0,18,2770.0,21
rb1805,20170612,20170609,210526500,2771.0,942,83372,26120840.0,2771.0,18,2770.0,21
rb1805,20170612,20170609,210528000,2771.0,942,83372,26120840.0,2771.0,18,2770.0,24
rb1805,20170612,20170609,210528500,2771.0,942,83372,26120840.0,2771.0,18,2770.0,25
rb1805,20170612,20170609,210529500,2770.0,946,83372,26231640.0,2771.0,18,2770.0,23
rb1805,20170612,20170609,210530000,2771.0,950,83374,26342460.0,2771.0,17,2770.0,22
rb1805,20170612,20170609,210530500,2770.0,952,83374,26397860.0,2771.0,17,2770.0,21
rb1805,20170612,20170609,210531000,2770.0,994,83374,27561260.0,2770.0,79,2769.0,2
rb1805,20170612,20170609,210531500,2770.0,994,83374,27561260.0,2770.0,79,2769.0,2
rb1805,20170612,20170609,210532500,2770.0,994,83374,27561260.0,2770.0,84,2769.0,2
rb1805,20170612,20170609,210533000,2770.0,996,83374,27616660.0,2770.0,83,2769.0,2
rb1805,20170612,20170609,210534000,2770.0,998,83374,27672060.0,2770.0,82,2769.0,2
rb1805,20170612,20170609,210534500,2770.0,998,83374,27672060.0,2770.0,82,2769.0,5
rb1805,20170612,20170609,210535500,2770.0,1000,83374,27727460.0,2770.0,81,2769.0,5
rb1805,20170612,20170609,210536000,2769.0,1002,83376,27782840.0,2770.0,82,2769.0,4
rb1805,20170612,20170609,210537000,2769.0,1002,83376,27782840.0,2770.0,82,2769.0,4
rb1805,20170612,20170609,210537500,2769.0,1002,83376,27782840.0,2770.0,82,2769.0,4
rb1805,20170612,20170609,210538000,2769.0,1006,83376,27893600.0,2770.0,83,2769.0,2
rb1805,20170612,20170609,210538500,2769.0,1006,83376,27893600.0,2770.0,83,2769.0,2
rb1805,20170612,20170609,210539000,2769.0,1006,83376,27893600.0,2770.0,83,2769.0,2
rb1805,20170612,20170609,210540000,2769.0,1008,83374,27948980.0,2770.0,82,2769.0,1
rb1805,20170612,20170609,210540500,2769.0,1008,83374,27948980.0,2770.0,82,2769.0,1
rb1805,20170612,20170609,210541500,2769.0,1010,83374,28004360.0,2770.0,82,2768.0,1
rb1805,20170612,20170609,210542500,2769.0,1010,83374,28004360.0,2770.0,82,2768.0,1
rb1805,20170612,20170609,210543000,2769.0,1010,83374,28004360.0,2770.0,82,2768.0,1
rb1805,20170612,20170609,210543500,2769.0,1010,83374,28004360.0,2770.0,82,2768.0,1
rb1805,20170612,20170609,210544000,2768.0,1012,83374,28059720.0,2768.0,4,2767.0,5
rb1805,20170612,20170609,210545500,2768.0,1020,83368,28281160.0,2770.0,82,2767.0,5
rb1805,20170612,20170609,210547500,2768.0,1020,83368,28281160.0,2770.0,6,2767.0,5
rb1805,20170612,20170609,210548000,2768.0,1020,83368,28281160.0,2769.0,1,2768.0,5
rb1805,20170612,20170609,210548500,2769.0,1022,83368,28336540.0,2770.0,6,2768.0,5
rb1805,20170612,20170609,210549500,2767.0,1054,83348,29222080.0,2767.0,1,2766.0,1
rb1805,20170612,20170609,210550000,2767.0,1056,83348,29277420.0,2769.0,4,2767.0,2
rb1805,20170612,20170609,210550500,2767.0,1056,83348,29277420.0,2769.0,4,2767.0,2
rb1805,20170612,20170609,210551000,2767.0,1056,83348,29277420.0,2769.0,4,2766.0,1
rb1805,20170612,20170609,210551500,2767.0,1056,83348,29277420.0,2769.0,4,2766.0,1
rb1805,20170612,20170609,210552500,2767.0,1056,83348,29277420.0,2769.0,4,2766.0,1
rb1805,20170612,20170609,210553000,2767.0,1056,83348,29277420.0,2768.0,2,2766.0,1
rb1805,20170612,20170609,210553500,2766.0,1064,83342,29498700.0,2766.0,1,2765.0,6
rb1805,20170612,20170609,210554000,2766.0,1066,83340,29554020.0,2768.0,2,2767.0,1
rb1805,20170612,20170609,210555000,2766.0,1066,83340,29554020.0,2768.0,2,2767.0,1
rb1805,20170612,20170609,210555500,2766.0,1066,83340,29554020.0,2768.0,2,2765.0,6
rb1805,20170612,20170609,210556000,2766.0,1066,83340,29554020.0,2768.0,2,2765.0,7
rb1805,20170612,20170609,210556500,2768.0,1070,83336,29664740.0,2769.0,4,2768.0,1
rb1805,20170612,20170609,210557000,2768.0,1072,83334,29720100.0,2769.0,4,2766.0,3
rb1805,20170612,20170609,210559500,2768.0,1072,83334,29720100.0,2769.0,4,2766.0,3
rb1805,20170612,20170609,210600000,2766.0,1080,83328,29941440.0,2766.0,2,2765.0,8
rb1805,20170612,20170609,210600500,2766.0,1084,83328,30052080.0,2769.0,3,2767.0,1
rb1805,20170612,20170609,210601000,2766.0,1084,83328,30052080.0,2768.0,2,2766.0,1
rb1805,20170612,20170609,210601500,2768.0,1088,83324,30162800.0,2769.0,3,2768.0,1
rb1805,20170612,20170609,210602000,2768.0,1090,83324,30218160.0,2768.0,3,2767.0,4
rb1805,20170612,20170609,210602500,2768.0,1090,83324,30218160.0,2769.0,3,2767.0,4
rb1805,20170612,20170609,210603000,2768.0,1090,83324,30218160.0,2769.0,3,2768.0,1
rb1805,20170612,20170609,210603500,2768.0,1090,83324,30218160.0,2769.0,3,2768.0,1
rb1805,20170612,20170609,210605000,2768.0,1090,83324,30218160.0,2769.0,3,2768.0,1
rb1805,20170612,20170609,210605500,2768.0,1092,83324,30273520.0,2769.0,4,2767.0,5
rb1805,20170612,20170609,210606000,2768.0,1092,83324,30273520.0,2768.0,5,2767.0,5
rb1805,20170612,20170609,210606500,2766.0,1104,83316,30605540.0,2766.0,4,2765.0,9
rb1805,20170612,20170609,210607000,2766.0,1108,83314,30716180.0,2766.0,2,2765.0,10
rb1805,20170612,20170609,210608000,2766.0,1108,83314,30716180.0,2766.0,2,2765.0,10
rb1805,20170612,20170609,210608500,2766.0,1108,83314,30716180.0,2766.0,2,2765.0,10
rb1805,20170612,20170609,210609000,2766.0,1108,83314,30716180.0,2766.0,2,2765.0,10
rb1805,20170612,20170609,210609500,2766.0,1132,83306,31379820.0,2768.0,81,2767.0,1
rb1805,20170612,20170609,210610000,2767.0,1134,83304,31435160.0,2767.0,2,2765.0,1
rb1805,20170612,20170609,210610500,2767.0,1134,83304,31435160.0,2768.0,81,2765.0,1
rb1805,20170612,20170609,210611500,2767.0,1134,83304,31435160.0,2768.0,81,2767.0,1
rb1805,20170612,20170609,210612000,2767.0,1136,83302,31490500.0,2768.0,81,2767.0,1
rb1805,20170612,20170609,210612500,2767.0,1138,83302,31545840.0,2768.0,81,2765.0,4
rb1805,20170612,20170609,210613000,2767.0,1138,83302,31545840.0,2768.0,81,2766.0,2
rb1805,20170612,20170609,210614000,2767.0,1138,83302,31545840.0,2768.0,93,2766.0,2
rb1805,20170612,20170609,210615000,2767.0,1138,83302,31545840.0,2767.0,1,2766.0,2
rb1805,20170612,20170609,210616000,2767.0,1138,83302,31545840.0,2767.0,1,2766.0,2
rb1805,20170612,20170609,210616500,2767.0,1138,83302,31545840.0,2767.0,1,2766.0,2
rb1805,20170612,20170609,210617000,2767.0,1138,83302,31545840.0,2767.0,1,2766.0,2
rb1805,20170612,20170609,210617500,2767.0,1138,83302,31545840.0,2767.0,1,2766.0,3
rb1805,20170612,20170609,210618000,2767.0,1138,83302,31545840.0,2767.0,1,2766.0,3
rb1805,20170612,20170609,210619000,2767.0,1140,83302,31601180.0,2768.0,95,2766.0,3
rb1805,20170612,20170609,210620000,2767.0,1140,83302,31601180.0,2768.0,95,2766.0,3
rb1805,20170612,20170609,210621500,2766.0,1142,83302,31656500.0,2768.0,95,2766.0,3
rb1805,20170612,20170609,210622500,2766.0,1148,83300,31822460.0,2766.0,2,2765.0,10
rb1805,20170612,20170609,210623000,2766.0,1152,83298,31933100.0,2768.0,95,2766.0,3
rb1805,20170612,20170609,210623500,2766.0,1152,83298,31933100.0,2767.0,2,2765.0,10
rb1805,20170612,20170609,210624000,2766.0,1152,83298,31933100.0,2767.0,2,2765.0,10
rb1805,20170612,20170609,210625000,2766.0,1152,83298,31933100.0,2767.0,2,2765.0,10
rb1805,20170612,20170609,210625500,2766.0,1152,83298,31933100.0,2767.0,2,2766.0,2
rb1805,20170612,20170609,210626000,2766.0,1156,83298,32043740.0,2766.0,2,2765.0,9
rb1805,20170612,20170609,210626500,2766.0,1156,83298,32043740.0,2767.0,2,2765.0,9
rb1805,20170612,20170609,210627000,2766.0,1156,83298,32043740.0,2767.0,2,2765.0,9
rb1805,20170612,20170609,210627500,2766.0,1156,83298,32043740.0,2767.0,2,2765.0,9
rb1805,20170612,20170609,210629000,2766.0,1156,83298,32043740.0,2767.0,2,2765.0,11
rb1805,20170612,20170609,210629500,2766.0,1156,83298,32043740.0,2767.0,2,2765.0,11
rb1805,20170612,20170609,210630000,2766.0,1156,83298,32043740.0,2766.0,1,2765.0,18
rb1805,20170612,20170609,210630500,2767.0,1162,83292,32209740.0,2768.0,95,2766.0,2
rb1805,20170612,20170609,210631000,2767.0,1162,83292,32209740.0,2768.0,94,2766.0,1
rb1805,20170612,20170609,210632000,2767.0,1162,83292,32209740.0,2768.0,104,2765.0,17
rb1805,20170612,20170609,210632500,2768.0,1164,83290,32265100.0,2768.0,103,2765.0,17
rb1805,20170612,20170609,210635000,2768.0,1164,83290,32265100.0,2768.0,103,2765.0,17
rb1805,20170612,20170609,210635500,2768.0,1166,83290,32320460.0,2768.0,102,2765.0,11
rb1805,20170612,20170609,210636000,2768.0,1166,83290,32320460.0,2768.0,102,2765.0,11
rb1805,20170612,20170609,210638500,2768.0,1166,83290,32320460.0,2768.0,102,2765.0,11
rb1805,20170612,20170609,210640000,2768.0,1166,83290,32320460.0,2768.0,102,2765.0,11
rb1805,20170612,20170609,210640500,2768.0,1166,83290,32320460.0,2768.0,102,2765.0,11
rb1805,20170612,20170609,210641000,2768.0,1166,83290,32320460.0,2768.0,102,2765.0,11
rb1805,20170612,20170609,210641500,2768.0,1166,83290,32320460.0,2768.0,103,2765.0,11
rb1805,20170612,20170609,210642000,2765.0,1170,83290,32431060.0,2766.0,1,2765.0,9
rb1805,20170612,20170609,210642500,2765.0,1170,83290,32431060.0,2768.0,102,2765.0,9
rb1805,20170612,20170609,210643000,2765.0,1170,83290,32431060.0,2768.0,103,2765.0,9
rb1805,20170612,20170609,210644500,2765.0,1170,83290,32431060.0,2768.0,103,2765.0,9
rb1805,20170612,20170609,210645000,2765.0,1170,83290,32431060.0,2767.0,1,2765.0,9
rb1805,20170612,20170609,210645500,2765.0,1180,83288,32707560.0,2767.0,1,2765.0,4
rb1805,20170612,20170609,210647000,2765.0,1180,83288,32707560.0,2767.0,1,2765.0,4
rb1805,20170612,20170609,210647500,2765.0,1188,83288,32928760.0,2765.0,1,2763.0,2
rb1805,20170612,20170609,210648000,2765.0,1188,83288,32928760.0,2765.0,1,2764.0,2
rb1805,20170612,20170609,210648500,2765.0,1190,83288,32984060.0,2767.0,1,2764.0,2
rb1805,20170612,20170609,210649000,2765.0,1190,83288,32984060.0,2767.0,1,2764.0,2
rb1805,20170612,20170609,210649500,2765.0,1190,83288,32984060.0,2765.0,5,2764.0,2
rb1805,20170612,20170609,210650000,2765.0,1192,83288,33039360.0,2765.0,4,2764.0,2
rb1805,20170612,20170609,210650500,2765.0,1192,83288,33039360.0,2765.0,4,2764.0,2
rb1805,20170612,20170609,210651000,2765.0,1192,83288,33039360.0,2765.0,4,2764.0,2
rb1805,20170612,20170609,210651500,2764.0,1196,83288,33149920.0,2765.0,4,2764.0,1
rb1805,20170612,20170609,210652000,2764.0,1198,83288,33205200.0,2764.0,33,2763.0,2
rb1805,20170612,20170609,210652500,2764.0,1202,83288,33315760.0,2764.0,31,2763.0,2
rb1805,20170612,20170609,210653000,2764.0,1216,83288,33702720.0,2764.0,24,2763.0,2
rb1805,20170612,20170609,210653500,2764.0,1228,83280,34034400.0,2764.0,18,2763.0,3
rb1805,20170612,20170609,210655000,2764.0,1238,83270,34310800.0,2764.0,13,2763.0,4
rb1805,20170612,20170609,210655500,2764.0,1238,83270,34310800.0,2764.0,13,2763.0,3
rb1805,20170612,20170609,210656000,2763.0,1242,83270,34421320.0,2763.0,74,2762.0,1
rb1805,20170612,20170609,210656500,2763.0,1258,83254,34863400.0,2763.0,66,2762.0,2
rb1805,20170612,20170609,210657000,2763.0,1258,83254,34863400.0,2763.0,66,2762.0,1
rb1805,20170612,20170609,210657500,2763.0,1266,83246,35084440.0,2763.0,62,2762.0,2
rb1805,20170612,20170609,210658000,2763.0,1266,83246,35084440.0,2763.0,62,2762.0,1
rb1805,20170612,20170609,210658500,2763.0,1274,83242,35305480.0,2763.0,58,2762.0,1
rb1805,20170612,20170609,210659000,2763.0,1286,83230,35637040.0,2763.0,52,2762.0,1
rb1805,20170612,20170609,210659500,2763.0,1298,83218,35968600.0,2763.0,46,2762.0,2
rb1805,20170612,20170609,210700000,2763.0,1300,83218,36023860.0,2763.0,45,2762.0,1
rb1805,20170612,20170609,210700500,2762.0,1302,83218,36079100.0,2763.0,45,2761.0,2
rb1805,20170612,20170609,210701000,2762.0,1302,83218,36079100.0,2763.0,45,2761.0,3
rb1805,20170612,20170609,210701500,2763.0,1308,83214,36244880.0,2763.0,42,2761.0,3
rb1805,20170612,20170609,210702500,2763.0,1314,83214,36410660.0,2763.0,39,2761.0,3
rb1805,20170612,20170609,210703000,2763.0,1314,83214,36410660.0,2763.0,39,2761.0,2
rb1805,20170612,20170609,210703500,2763.0,1326,83202,36742220.0,2763.0,33,2761.0,5
rb1805,20170612,20170609,210704000,2763.0,1326,83202,36742220.0,2763.0,33,2761.0,4
rb1805,20170612,20170609,210704500,2763.0,1368,83160,37902680.0,2763.0,12,2761.0,6
rb1805,20170612,20170609,210705000,2763.0,1370,83158,37957940.0,2763.0,11,2761.0,6
rb1805,20170612,20170609,210705500,2764.0,1398,83130,38731640.0,2764.0,11,2762.0,2
rb1805,20170612,20170609,210706000,2764.0,1398,83130,38731640.0,2764.0,11,2761.0,7
rb1805,20170612,20170609,210706500,2764.0,1398,83130,38731640.0,2764.0,11,2761.0,9
rb1805,20170612,20170609,210707000,2764.0,1400,83128,38786920.0,2764.0,10,2761.0,10
rb1805,20170612,20170609,210707500,2764.0,1400,83128,38786920.0,2764.0,10,2761.0,9
rb1805,20170612,20170609,210708000,2764.0,1406,83122,38952760.0,2764.0,7,2762.0,2
rb1805,20170612,20170609,210708500,2764.0,1406,83122,38952760.0,2764.0,8,2761.0,9
rb1805,20170612,20170609,210709000,2764.0,1406,83122,38952760.0,2764.0,7,2761.0,10
rb1805,20170612,20170609,210709500,2764.0,1406,83122,38952760.0,2764.0,7,2761.0,9
rb1805,20170612,20170609,210710000,2764.0,1406,83122,38952760.0,2764.0,7,2761.0,10
rb1805,20170612,20170609,210711000,2764.0,1412,83116,39118600.0,2764.0,4,2762.0,1
rb1805,20170612,20170609,210711500,2764.0,1412,83116,39118600.0,2764.0,4,2761.0,10
rb1805,20170612,20170609,210712000,2764.0,1412,83116,39118600.0,2764.0,4,2761.0,10
rb1805,20170612,20170609,210712500,2764.0,1412,83116,39118600.0,2764.0,4,2761.0,12
rb1805,20170612,20170609,210713500,2764.0,1412,83116,39118600.0,2764.0,4,2762.0,1
rb1805,20170612,20170609,210715000,2764.0,1412,83116,39118600.0,2764.0,4,2762.0,1
rb1805,20170612,20170609,210715500,2764.0,1412,83116,39118600.0,2764.0,4,2762.0,1
rb1805,20170612,20170609,210716000,2764.0,1416,83114,39229160.0,2764.0,2,2762.0,6
rb1805,20170612,20170609,210716500,2764.0,1420,83114,39339720.0,2765.0,4,2764.0,8
rb1805,20170612,20170609,210717000,2764.0,1424,83116,39450280.0,2765.0,4,2764.0,6
rb1805,20170612,20170609,210717500,2764.0,1424,83116,39450280.0,2765.0,4,2764.0,6
rb1805,20170612,20170609,210719500,2764.0,1424,83116,39450280.0,2765.0,4,2764.0,7
rb1805,20170612,20170609,210720000,2764.0,1424,83116,39450280.0,2765.0,4,2764.0,7
rb1805,20170612,20170609,210720500,2764.0,1426,83116,39505560.0,2765.0,4,2764.0,7
rb1805,20170612,20170609,210721000,2764.0,1426,83116,39505560.0,2765.0,4,2764.0,7
rb1805,20170612,20170609,210722000,2764.0,1426,83116,39505560.0,2765.0,14,2764.0,7
rb1805,20170612,20170609,210722500,2764.0,1426,83116,39505560.0,2765.0,14,2764.0,7
rb1805,20170612,20170609,210723000,2764.0,1426,83116,39505560.0,2765.0,14,2764.0,7
rb1805,20170612,20170609,210724000,2764.0,1426,83116,39505560.0,2765.0,14,2764.0,8
rb1805,20170612,20170609,210724500,2765.0,1430,83116,39616160.0,2765.0,12,2764.0,8
rb1805,20170612,20170609,210725000,2764.0,1446,83116,40058400.0,2764.0,2,2763.0,1
rb1805,20170612,20170609,210726000,2764.0,1446,83116,40058400.0,2764.0,2,2763.0,1
rb1805,20170612,20170609,210726500,2765.0,1466,83128,40611360.0,2765.0,4,2763.0,1
rb1805,20170612,20170609,210727500,2765.0,1466,83128,40611360.0,2765.0,4,2763.0,2
rb1805,20170612,20170609,210728000,2765.0,1466,83128,40611360.0,2765.0,4,2763.0,2
rb1805,20170612,20170609,210729000,2765.0,1466,83128,40611360.0,2765.0,4,2763.0,2
rb1805,20170612,20170609,210730500,2765.0,1466,83128,40611360.0,2765.0,4,2763.0,8
rb1805,20170612,20170609,210731500,2765.0,1466,83128,40611360.0,2765.0,4,2763.0,8
rb1805,20170612,20170609,210732000,2765.0,1466,83128,40611360.0,2765.0,4,2763.0,8
rb1805,20170612,20170609,210732500,2765.0,1466,83128,40611360.0,2765.0,4,2763.0,8
rb1805,20170612,20170609,210733000,2765.0,1466,83128,40611360.0,2765.0,4,2763.0,8
rb1805,20170612,20170609,210733500,2765.0,1466,83128,40611360.0,2765.0,4,2763.0,10
rb1805,20170612,20170609,210736000,2765.0,1466,83128,40611360.0,2765.0,4,2763.0,10
rb1805,20170612,20170609,210736500,2765.0,1466,83128,40611360.0,2765.0,4,2763.0,10
rb1805,20170612,20170609,210737500,2765.0,1466,83128,40611360.0,2765.0,4,2763.0,10
rb1805,20170612,20170609,210738500,2765.0,1468,83130,40666660.0,2765.0,3,2763.0,10
rb1805,20170612,20170609,210739000,2765.0,1468,83130,40666660.0,2765.0,3,2763.0,10
rb1805,20170612,20170609,210740000,2765.0,1468,83130,40666660.0,2765.0,3,2763.0,10
rb1805,20170612,20170609,210740500,2765.0,1468,83130,40666660.0,2765.0,3,2764.0,2
rb1805,20170612,20170609,210741000,2765.0,1468,83130,40666660.0,2765.0,3,2764.0,3
rb1805,20170612,20170609,210743500,2765.0,1468,83130,40666660.0,2765.0,3,2764.0,3
rb1805,20170612,20170609,210748000,2765.0,1468,83130,40666660.0,2765.0,3,2764.0,3
rb1805,20170612,20170609,210748500,2765.0,1468,83130,40666660.0,2765.0,3,2764.0,3
rb1805,20170612,20170609,210750000,2765.0,1468,83130,40666660.0,2765.0,3,2764.0,3
rb1805,20170612,20170609,210750500,2765.0,1474,83136,40832560.0,2767.0,4,2765.0,7
rb1805,20170612,20170609,210751000,2765.0,1474,83136,40832560.0,2766.0,2,2765.0,7
rb1805,20170612,20170609,210751500,2765.0,1474,83136,40832560.0,2766.0,2,2765.0,7
rb1805,20170612,20170609,210753500,2765.0,1474,83136,40832560.0,2766.0,2,2765.0,9
rb1805,20170612,20170609,210754000,2765.0,1474,83136,40832560.0,2766.0,2,2765.0,9
rb1805,20170612,20170609,210755000,2765.0,1474,83136,40832560.0,2766.0,2,2765.0,9
rb1805,20170612,20170609,210756500,2766.0,1482,83136,41053800.0,2767.0,4,2766.0,3
rb1805,20170612,20170609,210757000,2766.0,1488,83136,41219760.0,2766.0,15,2765.0,7
rb1805,20170612,20170609,210757500,2766.0,1488,83136,41219760.0,2766.0,3,2765.0,7
rb1805,20170612,20170609,210800000,2766.0,1488,83136,41219760.0,2766.0,3,2765.0,7
rb1805,20170612,20170609,210802000,2765.0,1490,83136,41275060.0,2766.0,3,2765.0,6
rb1805,20170612,20170609,210805000,2765.0,1490,83136,41275060.0,2766.0,3,2765.0,6
rb1805,20170612,20170609,210806000,2765.0,1490,83136,41275060.0,2766.0,3,2765.0,6
rb1805,20170612,20170609,210806500,2765.0,1490,83136,41275060.0,2766.0,1,2765.0,6
rb1805,20170612,20170609,210808000,2766.0,1492,83136,41330380.0,2767.0,5,2765.0,6
rb1805,20170612,20170609,210808500,2766.0,1492,83136,41330380.0,2766.0,3,2765.0,6
rb1805,20170612,20170609,210809000,2766.0,1492,83136,41330380.0,2766.0,3,2765.0,6
rb1805,20170612,20170609,210810000,2766.0,1492,83136,41330380.0,2767.0,6,2765.0,6
rb1805,20170612,20170609,210810500,2766.0,1492,83136,41330380.0,2767.0,6,2765.0,6
rb1805,20170612,20170609,210811500,2766.0,1492,83136,41330380.0,2767.0,6,2765.0,6
rb1805,20170612,20170609,210812000,2766.0,1492,83136,41330380.0,2766.0,1,2765.0,6
rb1805,20170612,20170609,210814000,2766.0,1492,83136,41330380.0,2766.0,1,2765.0,6
rb1805,20170612,20170609,210814500,2766.0,1492,83136,41330380.0,2766.0,2,2765.0,16
rb1805,20170612,20170609,210815500,2766.0,1492,83136,41330380.0,2766.0,2,2765.0,16
rb1805,20170612,20170609,210817500,2766.0,1492,83136,41330380.0,2766.0,2,2765.0,16
rb1805,20170612,20170609,210818500,2766.0,1492,83136,41330380.0,2766.0,2,2765.0,16
rb1805,20170612,20170609,210819000,2765.0,1494,83138,41385680.0,2766.0,2,2765.0,15
rb1805,20170612,20170609,210820000,2765.0,1494,83138,41385680.0,2766.0,3,2765.0,15
rb1805,20170612,20170609,210822500,2765.0,1494,83138,41385680.0,2766.0,3,2765.0,16
rb1805,20170612,20170609,210823000,2765.0,1494,83138,41385680.0,2766.0,3,2765.0,16
rb1805,20170612,20170609,210823500,2766.0,1508,83138,41772820.0,2766.0,1,2765.0,11
rb1805,20170612,20170609,210824000,2765.0,1518,83138,42049320.0,2766.0,1,2765.0,6
rb1805,20170612,20170609,210824500,2765.0,1518,83138,42049320.0,2766.0,1,2765.0,7
rb1805,20170612,20170609,210826000,2765.0,1518,83138,42049320.0,2766.0,1,2765.0,7
rb1805,20170612,20170609,210827000,2765.0,1530,83138,42381120.0,2766.0,1,2765.0,1
rb1805,20170612,20170609,210828000,2765.0,1530,83138,42381120.0,2766.0,1,2765.0,1
rb1805,20170612,20170609,210828500,2766.0,1532,83140,42436440.0,2767.0,5,2765.0,1
rb1805,20170612,20170609,210830000,2766.0,1532,83140,42436440.0,2767.0,5,2765.0,1
rb1805,20170612,20170609,210830500,2766.0,1532,83140,42436440.0,2767.0,5,2766.0,1
rb1805,20170612,20170609,210831000,2765.0,1538,83138,42602360.0,2765.0,2,2764.0,5
rb1805,20170612,20170609,210831500,2765.0,1542,83136,42712960.0,2767.0,5,2765.0,1
rb1805,20170612,20170609,210832000,2765.0,1542,83136,42712960.0,2767.0,6,2765.0,1
rb1805,20170612,20170609,210832500,2765.0,1542,83136,42712960.0,2767.0,5,2765.0,1
rb1805,20170612,20170609,210834000,2765.0,1542,83136,42712960.0,2767.0,5,2765.0,1
rb1805,20170612,20170609,210835000,2765.0,1542,83136,42712960.0,2767.0,6,2765.0,1
rb1805,20170612,20170609,210836000,2765.0,1544,83134,42768260.0,2765.0,4,2764.0,5
rb1805,20170612,20170609,210836500,2765.0,1552,83134,42989460.0,2767.0,6,2765.0,46
rb1805,20170612,20170609,210837000,2765.0,1552,83134,42989460.0,2767.0,7,2765.0,46
rb1805,20170612,20170609,210837500,2765.0,1552,83134,42989460.0,2767.0,6,2765.0,46
rb1805,20170612,20170609,210839000,2765.0,1552,83134,42989460.0,2767.0,6,2765.0,46
rb1805,20170612,20170609,210841000,2765.0,1562,83134,43265960.0,2767.0,6,2765.0,41
rb1805,20170612,20170609,210841500,2767.0,1564,83134,43321300.0,2767.0,5,2765.0,41
rb1805,20170612,20170609,210844000,2767.0,1564,83134,43321300.0,2767.0,6,2765.0,41
rb1805,20170612,20170609,210844500,2767.0,1564,83134,43321300.0,2767.0,6,2766.0,1
rb1805,20170612,20170609,210848000,2767.0,1564,83134,43321300.0,2767.0,6,2766.0,1
rb1805,20170612,20170609,210848500,2766.0,1566,83134,43376620.0,2766.0,4,2765.0,41
rb1805,20170612,20170609,210849000,2766.0,1566,83134,43376620.0,2766.0,4,2765.0,41
rb1805,20170612,20170609,210851500,2766.0,1566,83134,43376620.0,2766.0,4,2765.0,41
rb1805,20170612,20170609,210853500,2766.0,1568,83132,43431940.0,2766.0,3,2765.0,41
rb1805,20170612,20170609,210855000,2766.0,1568,83132,43431940.0,2766.0,3,2765.0,41
rb1805,20170612,20170609,210856500,2765.0,1588,83132,43984940.0,2766.0,3,2765.0,31
rb1805,20170612,20170609,210900500,2765.0,1598,83132,44261440.0,2766.0,3,2765.0,26
rb1805,20170612,20170609,210902500,2766.0,1604,83126,44427400.0,2767.0,6,2765.0,26
rb1805,20170612,20170609,210903500,2766.0,1604,83126,44427400.0,2767.0,6,2766.0,10
rb1805,20170612,20170609,210904000,2766.0,1604,83126,44427400.0,2767.0,6,2766.0,11
rb1805,20170612,20170609,210904500,2766.0,1604,83126,44427400.0,2767.0,6,2766.0,12
rb1805,20170612,20170609,210905000,2767.0,1606,83126,44482740.0,2767.0,5,2766.0,12
rb1805,20170612,20170609,210905500,2767.0,1610,83128,44593420.0,2767.0,3,2766.0,12
rb1805,20170612,20170609,210906000,2767.0,1616,83130,44759440.0,2768.0,16,2766.0,12
rb1805,20170612,20170609,210906500,2766.0,1626,83130,45036040.0,2768.0,16,2766.0,6
rb1805,20170612,20170609,210907000,2768.0,1628,83130,45091400.0,2768.0,15,2766.0,6
rb1805,20170612,20170609,210907500,2768.0,1628,83130,45091400.0,2768.0,15,2766.0,11
rb1805,20170612,20170609,210908000,2768.0,1628,83130,45091400.0,2768.0,15,2766.0,11
rb1805,20170612,20170609,210912000,2768.0,1628,83130,45091400.0,2768.0,15,2766.0,21
rb1805,20170612,20170609,210913000,2768.0,1628,83130,45091400.0,2768.0,15,2766.0,15
rb1805,20170612,20170609,210914000,2766.0,1638,83130,45368000.0,2768.0,15,2766.0,10
rb1805,20170612,20170609,210915000,2766.0,1638,83130,45368000.0,2768.0,15,2766.0,16
rb1805,20170612,20170609,210916000,2766.0,1638,83130,45368000.0,2768.0,3,2766.0,16
rb1805,20170612,20170609,210916500,2766.0,1638,83130,45368000.0,2768.0,3,2766.0,17
rb1805,20170612,20170609,210917000,2766.0,1638,83130,45368000.0,2768.0,3,2767.0,2
rb1805,20170612,20170609,210918000,2766.0,1650,83130,45700000.0,2768.0,2,2766.0,14
rb1805,20170612,20170609,210918500,2766.0,1650,83130,45700000.0,2768.0,2,2766.0,14
rb1805,20170612,20170609,210919000,2766.0,1650,83130,45700000.0,2768.0,2,2766.0,14
rb1805,20170612,20170609,210919500,2768.0,1654,83128,45810720.0,2769.0,4,2768.0,1
rb1805,20170612,20170609,210920000,2768.0,1656,83126,45866080.0,2769.0,4,2768.0,1
rb1805,20170612,20170609,210920500,2768.0,1656,83126,45866080.0,2769.0,4,2768.0,2
rb1805,20170612,20170609,210921000,2768.0,1656,83126,45866080.0,2769.0,1,2768.0,2
rb1805,20170612,20170609,210922000,2768.0,1656,83126,45866080.0,2769.0,2,2768.0,2
rb1805,20170612,20170609,210923000,2769.0,1658,83126,45921460.0,2769.0,1,2768.0,2
rb1805,20170612,20170609,210924500,2769.0,1658,83126,45921460.0,2769.0,1,2768.0,2
rb1805,20170612,20170609,210925000,2768.0,1662,83126,46032180.0,2768.0,3,2767.0,1
rb1805,20170612,20170609,210925500,2768.0,1668,83120,46198260.0,2769.0,1,2767.0,1
rb1805,20170612,20170609,210926000,2768.0,1668,83120,46198260.0,2769.0,1,2768.0,1
rb1805,20170612,20170609,210926500,2768.0,1668,83120,46198260.0,2769.0,1,2768.0,1
rb1805,20170612,20170609,210927000,2768.0,1668,83120,46198260.0,2769.0,1,2768.0,2
rb1805,20170612,20170609,210927500,2768.0,1668,83120,46198260.0,2769.0,1,2768.0,2
rb1805,20170612,20170609,210928500,2768.0,1668,83120,46198260.0,2769.0,1,2768.0,2
rb1805,20170612,20170609,210929500,2768.0,1670,83118,46253620.0,2769.0,1,2768.0,1
rb1805,20170612,20170609,210930000,2768.0,1672,83118,46308980.0,2768.0,4,2767.0,1
rb1805,20170612,20170609,210930500,2768.0,1676,83114,46419700.0,2768.0,2,2767.0,1
rb1805,20170612,20170609,210933000,2768.0,1678,83112,46475060.0,2768.0,1,2767.0,1
rb1805,20170612,20170609,210935000,2768.0,1678,83112,46475060.0,2768.0,21,2767.0,1
rb1805,20170612,20170609,210935500,2768.0,1678,83112,46475060.0,2768.0,21,2767.0,1
rb1805,20170612,20170609,210936500,2768.0,1678,83112,46475060.0,2768.0,21,2767.0,1
rb1805,20170612,20170609,210937500,2768.0,1680,83112,46530420.0,2768.0,20,2767.0,1
rb1805,20170612,20170609,210939000,2768.0,1682,83112,46585780.0,2768.0,19,2767.0,1
rb1805,20170612,20170609,210939500,2768.0,1682,83112,46585780.0,2768.0,19,2767.0,1
rb1805,20170612,20170609,210940000,2767.0,1684,83112,46641120.0,2767.0,4,2766.0,9
rb1805,20170612,20170609,210940500,2767.0,1688,83112,46751800.0,2767.0,2,2766.0,10
rb1805,20170612,20170609,210941000,2767.0,1688,83112,46751800.0,2767.0,2,2766.0,9
rb1805,20170612,20170609,210941500,2767.0,1692,83112,46862480.0,2768.0,19,2766.0,9
rb1805,20170612,20170609,210943000,2767.0,1692,83112,46862480.0,2768.0,29,2766.0,9
rb1805,20170612,20170609,210943500,2767.0,1692,83112,46862480.0,2768.0,29,2766.0,9
rb1805,20170612,20170609,210944500,2767.0,1692,83112,46862480.0,2768.0,29,2767.0,1
rb1805,20170612,20170609,210945000,2767.0,1692,83112,46862480.0,2768.0,29,2767.0,1
rb1805,20170612,20170609,210946000,2768.0,1694,83112,46917840.0,2768.0,28,2767.0,1
rb1805,20170612,20170609,210946500,2768.0,1700,83106,47083920.0,2768.0,25,2767.0,1
rb1805,20170612,20170609,210947000,2768.0,1700,83106,47083920.0,2768.0,25,2767.0,1
rb1805,20170612,20170609,210947500,2768.0,1700,83106,47083920.0,2768.0,25,2767.0,1
rb1805,20170612,20170609,210948000,2767.0,1708,83100,47305320.0,2767.0,3,2766.0,15
rb1805,20170612,20170609,210949000,2767.0,1714,83094,47471340.0,2768.0,23,2766.0,15
rb1805,20170612,20170609,210949500,2768.0,1718,83090,47582060.0,2768.0,21,2766.0,15
rb1805,20170612,20170609,210950000,2768.0,1718,83090,47582060.0,2768.0,21,2767.0,9
rb1805,20170612,20170609,210950500,2768.0,1724,83084,47748140.0,2768.0,18,2767.0,9
rb1805,20170612,20170609,210951500,2768.0,1728,83080,47858860.0,2768.0,16,2767.0,9
rb1805,20170612,20170609,210952000,2768.0,1730,83078,47914220.0,2768.0,15,2767.0,9
rb1805,20170612,20170609,210953000,2768.0,1736,83072,48080300.0,2768.0,12,2767.0,9
rb1805,20170612,20170609,210954000,2768.0,1738,83070,48135660.0,2768.0,11,2767.0,9
rb1805,20170612,20170609,210954500,2768.0,1742,83066,48246380.0,2768.0,9,2767.0,9
rb1805,20170612,20170609,210955500,2768.0,1748,83060,48412460.0,2768.0,6,2767.0,9
rb1805,20170612,20170609,210956000,2767.0,1766,83050,48910520.0,2767.0,1,2766.0,15
rb1805,20170612,20170609,210957000,2768.0,1772,83046,49076580.0,2768.0,4,2766.0,15
rb1805,20170612,20170609,210957500,2768.0,1772,83046,49076580.0,2768.0,4,2766.0,15
rb1805,20170612,20170609,210958000,2768.0,1774,83044,49131940.0,2768.0,3,2766.0,15
rb1805,20170612,20170609,210958500,2768.0,1774,83044,49131940.0,2768.0,3,2766.0,16
rb1805,20170612,20170609,210959000,2768.0,1774,83044,49131940.0,2768.0,3,2766.0,15
rb1805,20170612,20170609,210959500,2768.0,1774,83044,49131940.0,2768.0,3,2766.0,16
rb1805,20170612,20170609,211001000,2768.0,1774,83044,49131940.0,2768.0,3,2767.0,5
rb1805,20170612,20170609,211001500,2768.0,1774,83044,49131940.0,2768.0,3,2767.0,5
rb1805,20170612,20170609,211002500,2768.0,1774,83044,49131940.0,2768.0,3,2767.0,5
rb1805,20170612,20170609,211003000,2768.0,1774,83044,49131940.0,2768.0,3,2767.0,5
rb1805,20170612,20170609,211003500,2768.0,1774,83044,49131940.0,2768.0,3,2767.0,13
rb1805,20170612,20170609,211004500,2767.0,1784,83034,49408640.0,2768.0,3,2767.0,8
rb1805,20170612,20170609,211005000,2767.0,1784,83034,49408640.0,2768.0,3,2767.0,9
rb1805,20170612,20170609,211006000,2767.0,1784,83034,49408640.0,2768.0,3,2767.0,19
rb1805,20170612,20170609,211006500,2767.0,1784,83034,49408640.0,2768.0,3,2767.0,19
rb1805,20170612,20170609,211007500,2768.0,1790,83028,49574720.0,2769.0,1,2767.0,19
rb1805,20170612,20170609,211008000,2768.0,1790,83028,49574720.0,2769.0,1,2767.0,19
rb1805,20170612,20170609,211008500,2768.0,1790,83028,49574720.0,2769.0,1,2768.0,5
rb1805,20170612,20170609,211009500,2769.0,1802,83028,49906900.0,2770.0,5,2767.0,19
rb1805,20170612,20170609,211011000,2769.0,1802,83028,49906900.0,2770.0,5,2768.0,3
rb1805,20170612,20170609,211011500,2769.0,1802,83028,49906900.0,2770.0,5,2768.0,3
rb1805,20170612,20170609,211012000,2769.0,1802,83028,49906900.0,2770.0,5,2768.0,3
rb1805,20170612,20170609,211013000,2769.0,1802,83028,49906900.0,2770.0,5,2768.0,4
rb1805,20170612,20170609,211015000,2768.0,1810,83022,50128340.0,2768.0,1,2767.0,19
rb1805,20170612,20170609,211015500,2768.0,1810,83022,50128340.0,2768.0,1,2767.0,24
rb1805,20170612,20170609,211019500,2768.0,1810,83022,50128340.0,2768.0,1,2767.0,24
rb1805,20170612,20170609,211020000,2767.0,1820,83022,50405040.0,2768.0,21,2767.0,19
rb1805,20170612,20170609,211023000,2767.0,1820,83022,50405040.0,2768.0,21,2767.0,22
rb1805,20170612,20170609,211023500,2768.0,1822,83022,50460400.0,2768.0,20,2767.0,22
rb1805,20170612,20170609,211024000,2768.0,1830,83014,50681840.0,2768.0,16,2767.0,22
rb1805,20170612,20170609,211024500,2767.0,1840,83012,50958540.0,2768.0,16,2767.0,17
rb1805,20170612,20170609,211025500,2767.0,1840,83012,50958540.0,2768.0,16,2767.0,17
rb1805,20170612,20170609,211026000,2767.0,1840,83012,50958540.0,2768.0,17,2767.0,17
rb1805,20170612,20170609,211026500,2767.0,1840,83012,50958540.0,2768.0,17,2767.0,17
rb1805,20170612,20170609,211027500,2767.0,1840,83012,50958540.0,2768.0,17,2767.0,12
rb1805,20170612,20170609,211029500,2767.0,1850,83002,51235240.0,2768.0,17,2767.0,7
rb1805,20170612,20170609,211030500,2767.0,1850,83002,51235240.0,2768.0,17,2767.0,7
rb1805,20170612,20170609,211031000,2767.0,1852,83000,51290580.0,2768.0,17,2767.0,6
rb1805,20170612,20170609,211032000,2767.0,1852,83000,51290580.0,2768.0,17,2767.0,6
rb1805,20170612,20170609,211033000,2768.0,1854,83000,51345940.0,2768.0,16,2767.0,6
rb1805,20170612,20170609,211034500,2767.0,1864,82994,51622640.0,2768.0,16,2767.0,1
rb1805,20170612,20170609,211035000,2767.0,1866,82994,51677980.0,2767.0,4,2766.0,11
rb1805,20170612,20170609,211035500,2767.0,1866,82994,51677980.0,2768.0,16,2766.0,11
rb1805,20170612,20170609,211036000,2767.0,1866,82994,51677980.0,2768.0,15,2766.0,11
rb1805,20170612,20170609,211036500,2767.0,1866,82994,51677980.0,2768.0,16,2766.0,11
rb1805,20170612,20170609,211037000,2767.0,1866,82994,51677980.0,2768.0,16,2766.0,11
rb1805,20170612,20170609,211037500,2767.0,1866,82994,51677980.0,2768.0,16,2767.0,1
rb1805,20170612,20170609,211038000,2767.0,1868,82994,51733320.0,2767.0,4,2766.0,10
rb1805,20170612,20170609,211038500,2767.0,1868,82994,51733320.0,2768.0,16,2767.0,1
rb1805,20170612,20170609,211039000,2766.0,1874,82992,51899300.0,2767.0,8,2766.0,8
rb1805,20170612,20170609,211039500,2767.0,1876,82992,51954640.0,2767.0,3,2766.0,8
rb1805,20170612,20170609,211040000,2767.0,1876,82992,51954640.0,2767.0,4,2766.0,8
rb1805,20170612,20170609,211040500,2767.0,1876,82992,51954640.0,2767.0,4,2766.0,8
rb1805,20170612,20170609,211041500,2766.0,1886,82992,52231240.0,2767.0,4,2766.0,3
rb1805,20170612,20170609,211043500,2766.0,1886,82992,52231240.0,2767.0,5,2766.0,3
rb1805,20170612,20170609,211044500,2767.0,1888,82992,52286580.0,2767.0,4,2766.0,3
rb1805,20170612,20170609,211045000,2767.0,1888,82992,52286580.0,2767.0,3,2766.0,3
rb1805,20170612,20170609,211045500,2767.0,1888,82992,52286580.0,2767.0,3,2766.0,4
rb1805,20170612,20170609,211046500,2766.0,1896,82990,52507860.0,2766.0,1,2765.0,36
rb1805,20170612,20170609,211047000,2766.0,1896,82990,52507860.0,2766.0,1,2765.0,36
rb1805,20170612,20170609,211048000,2766.0,1896,82990,52507860.0,2766.0,1,2765.0,36
rb1805,20170612,20170609,211048500,2766.0,1896,82990,52507860.0,2766.0,1,2765.0,36
rb1805,20170612,20170609,211049000,2767.0,1902,82992,52673860.0,2767.0,17,2765.0,36
rb1805,20170612,20170609,211049500,2767.0,1902,82992,52673860.0,2767.0,19,2765.0,36
rb1805,20170612,20170609,211050000,2767.0,1902,82992,52673860.0,2767.0,19,2765.0,35
rb1805,20170612,20170609,211051000,2767.0,1902,82992,52673860.0,2767.0,19,2765.0,35
rb1805,20170612,20170609,211053000,2767.0,1902,82992,52673860.0,2767.0,20,2765.0,35
rb1805,20170612,20170609,211053500,2767.0,1902,82992,52673860.0,2767.0,18,2765.0,35
rb1805,20170612,20170609,211055500,2767.0,1902,82992,52673860.0,2767.0,18,2765.0,35
rb1805,20170612,20170609,211100000,2767.0,1904,82992,52729200.0,2767.0,17,2765.0,35
rb1805,20170612,20170609,211102500,2767.0,1904,82992,52729200.0,2767.0,17,2765.0,35
rb1805,20170612,20170609,211107000,2767.0,1914,82982,53005900.0,2767.0,12,2765.0,35
rb1805,20170612,20170609,211110500,2767.0,1914,82982,53005900.0,2767.0,12,2765.0,35
rb1805,20170612,20170609,211113000,2767.0,1914,82982,53005900.0,2767.0,12,2765.0,36
rb1805,20170612,20170609,211114000,2767.0,1914,82982,53005900.0,2766.0,3,2765.0,36
rb1805,20170612,20170609,211114500,2765.0,1924,82982,53282400.0,2766.0,3,2765.0,29
rb1805,20170612,20170609,211115000,2765.0,1924,82982,53282400.0,2766.0,3,2765.0,29
rb1805,20170612,20170609,211115500,2765.0,1928,82982,53393000.0,2766.0,3,2765.0,27
rb1805,20170612,20170609,211118000,2766.0,1932,82982,53503640.0,2766.0,1,2765.0,27
rb1805,20170612,20170609,211118500,2765.0,1942,82982,53780140.0,2766.0,1,2765.0,22
rb1805,20170612,20170609,211119000,2765.0,1944,82984,53835440.0,2766.0,1,2765.0,21
rb1805,20170612,20170609,211122000,2766.0,1946,82986,53890760.0,2767.0,12,2765.0,21
rb1805,20170612,20170609,211123000,2766.0,1946,82986,53890760.0,2766.0,2,2765.0,21
rb1805,20170612,20170609,211124000,2766.0,1948,82988,53946080.0,2766.0,1,2765.0,21
rb1805,20170612,20170609,211125000,2766.0,1948,82988,53946080.0,2766.0,1,2765.0,21
rb1805,20170612,20170609,211127000,2766.0,1954,82994,54112000.0,2767.0,12,2766.0,1
rb1805,20170612,20170609,211127500,2766.0,1956,82994,54167320.0,2766.0,2,2765.0,19
rb1805,20170612,20170609,211128000,2766.0,1956,82994,54167320.0,2767.0,13,2765.0,19
rb1805,20170612,20170609,211128500,2765.0,1966,82994,54443820.0,2767.0,13,2765.0,14
rb1805,20170612,20170609,211129000,2765.0,1966,82994,54443820.0,2767.0,12,2765.0,14
rb1805,20170612,20170609,211129500,2765.0,1968,82996,54499120.0,2767.0,13,2765.0,13
rb1805,20170612,20170609,211131000,2765.0,1968,82996,54499120.0,2767.0,13,2765.0,14
rb1805,20170612,20170609,211131500,2765.0,1968,82996,54499120.0,2767.0,13,2765.0,14
rb1805,20170612,20170609,211133000,2765.0,1968,82996,54499120.0,2767.0,13,2765.0,14
rb1805,20170612,20170609,211133500,2765.0,1978,82996,54775620.0,2767.0,13,2765.0,9
rb1805,20170612,20170609,211134000,2765.0,1978,82996,54775620.0,2767.0,13,2765.0,9
rb1805,20170612,20170609,211135000,2765.0,1978,82996,54775620.0,2767.0,13,2765.0,9
rb1805,20170612,20170609,211136000,2765.0,1978,82996,54775620.0,2767.0,14,2765.0,9
rb1805,20170612,20170609,211137500,2765.0,1978,82996,54775620.0,2767.0,14,2766.0,1
rb1805,20170612,20170609,211138000,2766.0,1980,82996,54830940.0,2766.0,2,2765.0,9
rb1805,20170612,20170609,211138500,2766.0,1980,82996,54830940.0,2767.0,14,2765.0,9
rb1805,20170612,20170609,211139000,2765.0,1990,82992,55107440.0,2767.0,13,2765.0,4
rb1805,20170612,20170609,211139500,2765.0,1998,82988,55328640.0,2765.0,1,2764.0,12
rb1805,20170612,20170609,211140000,2765.0,2000,82988,55383940.0,2766.0,1,2764.0,12
rb1805,20170612,20170609,211142000,2765.0,2000,82988,55383940.0,2766.0,1,2764.0,12
rb1805,20170612,20170609,211142500,2765.0,2000,82988,55383940.0,2766.0,1,2764.0,12
rb1805,20170612,20170609,211146500,2765.0,2000,82988,55383940.0,2765.0,30,2764.0,12
rb1805,20170612,20170609,211150000,2765.0,2000,82988,55383940.0,2765.0,30,2764.0,12
rb1805,20170612,20170609,211151000,2765.0,2000,82988,55383940.0,2765.0,30,2764.0,12
rb1805,20170612,20170609,211153000,2765.0,2000,82988,55383940.0,2765.0,30,2764.0,13
rb1805,20170612,20170609,211155000,2765.0,2000,82988,55383940.0,2765.0,30,2764.0,13
rb1805,20170612,20170609,211157500,2765.0,2000,82988,55383940.0,2765.0,30,2764.0,13
rb1805,20170612,20170609,211158000,2765.0,2000,82988,55383940.0,2765.0,30,2764.0,13
rb1805,20170612,20170609,211158500,2765.0,2004,82988,55494540.0,2765.0,28,2764.0,13
rb1805,20170612,20170609,211201500,2765.0,2004,82988,55494540.0,2765.0,28,2764.0,13
rb1805,20170612,20170609,211202000,2765.0,2004,82988,55494540.0,2765.0,28,2764.0,13
rb1805,20170612,20170609,211202500,2765.0,2004,82988,55494540.0,2765.0,28,2764.0,14
rb1805,20170612,20170609,211204500,2765.0,2004,82988,55494540.0,2765.0,28,2764.0,15
rb1805,20170612,20170609,211207500,2765.0,2004,82988,55494540.0,2765.0,28,2764.0,15
rb1805,20170612,20170609,211208500,2765.0,2004,82988,55494540.0,2765.0,28,2764.0,15
rb1805,20170612,20170609,211209000,2765.0,2006,82986,55549840.0,2765.0,27,2764.0,15
rb1805,20170612,20170609,211212000,2765.0,2006,82986,55549840.0,2765.0,27,2764.0,16
rb1805,20170612,20170609,211214000,2765.0,2006,82986,55549840.0,2765.0,27,2764.0,16
rb1805,20170612,20170609,211214500,2764.0,2008,82986,55605120.0,2765.0,27,2764.0,15
rb1805,20170612,20170609,211215000,2765.0,2018,82980,55881620.0,2765.0,22,2764.0,15
rb1805,20170612,20170609,211215500,2764.0,2040,82982,56489760.0,2765.0,19,2764.0,7
rb1805,20170612,20170609,211216500,2765.0,2042,82980,56545060.0,2765.0,18,2764.0,7
rb1805,20170612,20170609,211217000,2765.0,2060,82974,57042760.0,2765.0,9,2764.0,8
rb1805,20170612,20170609,211217500,2765.0,2066,82968,57208660.0,2765.0,6,2764.0,7
rb1805,20170612,20170609,211218000,2765.0,2078,82956,57540460.0,2766.0,11,2764.0,7
rb1805,20170612,20170609,211218500,2765.0,2078,82956,57540460.0,2766.0,11,2765.0,1
rb1805,20170612,20170609,211219000,2765.0,2078,82956,57540460.0,2766.0,11,2764.0,8
rb1805,20170612,20170609,211219500,2765.0,2078,82956,57540460.0,2766.0,11,2764.0,8
rb1805,20170612,20170609,211221500,2765.0,2078,82956,57540460.0,2766.0,11,2765.0,1
rb1805,20170612,20170609,211225500,2765.0,2080,82956,57595760.0,2766.0,11,2765.0,2
rb1805,20170612,20170609,211227000,2765.0,2080,82956,57595760.0,2766.0,11,2765.0,2
rb1805,20170612,20170609,211228000,2765.0,2086,82952,57761660.0,2765.0,2,2764.0,7
rb1805,20170612,20170609,211228500,2765.0,2090,82948,57872260.0,2766.0,11,2765.0,1
rb1805,20170612,20170609,211229000,2765.0,2090,82948,57872260.0,2766.0,11,2764.0,7
rb1805,20170612,20170609,211230500,2765.0,2090,82948,57872260.0,2766.0,11,2764.0,7
rb1805,20170612,20170609,211235500,2765.0,2090,82948,57872260.0,2766.0,11,2765.0,1
rb1805,20170612,20170609,211238000,2765.0,2090,82948,57872260.0,2766.0,11,2765.0,3
rb1805,20170612,20170609,211239500,2765.0,2096,82948,58038160.0,2765.0,2,2764.0,7
rb1805,20170612,20170609,211240000,2765.0,2100,82944,58148760.0,2766.0,11,2765.0,1
rb1805,20170612,20170609,211240500,2765.0,2100,82944,58148760.0,2766.0,11,2764.0,7
rb1805,20170612,20170609,211244000,2765.0,2100,82944,58148760.0,2766.0,11,2764.0,6
rb1805,20170612,20170609,211245500,2765.0,2100,82944,58148760.0,2766.0,11,2764.0,6
rb1805,20170612,20170609,211247500,2766.0,2102,82944,58204080.0,2766.0,10,2764.0,6
rb1805,20170612,20170609,211248500,2766.0,2112,82944,58480680.0,2766.0,5,2764.0,7
rb1805,20170612,20170609,211250000,2766.0,2112,82944,58480680.0,2766.0,5,2765.0,1
rb1805,20170612,20170609,211250500,2766.0,2112,82944,58480680.0,2766.0,5,2765.0,1
rb1805,20170612,20170609,211251000,2766.0,2114,82944,58536000.0,2766.0,4,2765.0,1
rb1805,20170612,20170609,211252000,2766.0,2116,82944,58591320.0,2766.0,3,2765.0,1
rb1805,20170612,20170609,211252500,2766.0,2116,82944,58591320.0,2766.0,3,2765.0,1
rb1805,20170612,20170609,211256500,2766.0,2118,82944,58646640.0,2766.0,2,2765.0,1
rb1805,20170612,20170609,211259500,2766.0,2122,82944,58757280.0,2767.0,1,2766.0,3
rb1805,20170612,20170609,211300000,2766.0,2122,82944,58757280.0,2767.0,1,2766.0,3
rb1805,20170612,20170609,211300500,2766.0,2122,82944,58757280.0,2767.0,1,2766.0,3
rb1805,20170612,20170609,211301500,2766.0,2122,82944,58757280.0,2767.0,1,2766.0,3
rb1805,20170612,20170609,211303000,2767.0,2124,82944,58812620.0,2768.0,1,2766.0,3
rb1805,20170612,20170609,211304000,2767.0,2124,82944,58812620.0,2768.0,1,2766.0,3
rb1805,20170612,20170609,211305000,2767.0,2124,82944,58812620.0,2768.0,2,2766.0,3
rb1805,20170612,20170609,211306500,2767.0,2124,82944,58812620.0,2768.0,1,2766.0,3
rb1805,20170612,20170609,211307500,2767.0,2124,82944,58812620.0,2769.0,1,2766.0,3
rb1805,20170612,20170609,211308000,2767.0,2124,82944,58812620.0,2768.0,2,2766.0,3
rb1805,20170612,20170609,211308500,2767.0,2124,82944,58812620.0,2768.0,2,2766.0,3
rb1805,20170612,20170609,211311000,2767.0,2124,82944,58812620.0,2768.0,2,2766.0,3
rb1805,20170612,20170609,211313500,2767.0,2124,82944,58812620.0,2768.0,2,2766.0,4
rb1805,20170612,20170609,211314000,2767.0,2124,82944,58812620.0,2767.0,1,2766.0,4
rb1805,20170612,20170609,211315000,2767.0,2124,82944,58812620.0,2767.0,1,2766.0,4
rb1805,20170612,20170609,211316500,2767.0,2124,82944,58812620.0,2767.0,1,2766.0,4
rb1805,20170612,20170609,211318000,2767.0,2124,82944,58812620.0,2767.0,1,2766.0,4
rb1805,20170612,20170609,211322000,2767.0,2124,82944,58812620.0,2767.0,1,2766.0,4
rb1805,20170612,20170609,211322500,2767.0,2126,82944,58867960.0,2768.0,3,2767.0,1
rb1805,20170612,20170609,211323000,2768.0,2132,82938,59034040.0,2769.0,1,2766.0,5
rb1805,20170612,20170609,211323500,2768.0,2132,82938,59034040.0,2769.0,1,2767.0,2
rb1805,20170612,20170609,211324000,2769.0,2134,82938,59089420.0,2770.0,6,2767.0,2
rb1805,20170612,20170609,211324500,2769.0,2134,82938,59089420.0,2770.0,7,2769.0,1
rb1805,20170612,20170609,211325000,2769.0,2136,82936,59144800.0,2769.0,2,2767.0,2
rb1805,20170612,20170609,211325500,2769.0,2136,82936,59144800.0,2770.0,6,2767.0,3
rb1805,20170612,20170609,211327000,2769.0,2136,82936,59144800.0,2770.0,6,2768.0,1
rb1805,20170612,20170609,211327500,2769.0,2136,82936,59144800.0,2770.0,6,2767.0,2
rb1805,20170612,20170609,211328000,2769.0,2136,82936,59144800.0,2770.0,6,2767.0,2
rb1805,20170612,20170609,211330500,2769.0,2136,82936,59144800.0,2770.0,6,2767.0,2
rb1805,20170612,20170609,211331500,2769.0,2136,82936,59144800.0,2770.0,6,2767.0,2
rb1805,20170612,20170609,211333000,2769.0,2136,82936,59144800.0,2770.0,6,2767.0,2
rb1805,20170612,20170609,211333500,2769.0,2136,82936,59144800.0,2770.0,5,2767.0,2
rb1805,20170612,20170609,211335000,2769.0,2136,82936,59144800.0,2770.0,5,2767.0,2
rb1805,20170612,20170609,211335500,2769.0,2136,82936,59144800.0,2770.0,5,2767.0,2
rb1805,20170612,20170609,211336000,2769.0,2136,82936,59144800.0,2770.0,6,2767.0,3
rb1805,20170612,20170609,211337500,2769.0,2136,82936,59144800.0,2770.0,6,2767.0,3
rb1805,20170612,20170609,211338000,2769.0,2136,82936,59144800.0,2770.0,6,2767.0,3
rb1805,20170612,20170609,211339000,2769.0,2136,82936,59144800.0,2769.0,1,2768.0,1
rb1805,20170612,20170609,211339500,2769.0,2136,82936,59144800.0,2769.0,1,2768.0,1
rb1805,20170612,20170609,211340000,2769.0,2138,82934,59200180.0,2770.0,6,2767.0,3
rb1805,20170612,20170609,211341000,2769.0,2138,82934,59200180.0,2770.0,6,2767.0,3
rb1805,20170612,20170609,211341500,2769.0,2138,82934,59200180.0,2770.0,6,2767.0,4
rb1805,20170612,20170609,211342000,2769.0,2138,82934,59200180.0,2770.0,6,2767.0,4
rb1805,20170612,20170609,211343000,2769.0,2138,82934,59200180.0,2770.0,6,2769.0,1
rb1805,20170612,20170609,211343500,2769.0,2138,82934,59200180.0,2770.0,6,2769.0,1
rb1805,20170612,20170609,211345000,2769.0,2138,82934,59200180.0,2770.0,6,2769.0,1
rb1805,20170612,20170609,211345500,2769.0,2140,82934,59255560.0,2769.0,3,2768.0,1
rb1805,20170612,20170609,211346000,2769.0,2140,82934,59255560.0,2770.0,13,2768.0,1
rb1805,20170612,20170609,211346500,2769.0,2140,82934,59255560.0,2769.0,5,2768.0,1
rb1805,20170612,20170609,211347500,2769.0,2140,82934,59255560.0,2769.0,6,2768.0,1
rb1805,20170612,20170609,211348000,2769.0,2140,82934,59255560.0,2769.0,6,2768.0,1
rb1805,20170612,20170609,211349000,2769.0,2140,82934,59255560.0,2769.0,6,2768.0,1
rb1805,20170612,20170609,211349500,2769.0,2140,82934,59255560.0,2769.0,6,2768.0,2
rb1805,20170612,20170609,211351000,2769.0,2140,82934,59255560.0,2769.0,6,2768.0,3
rb1805,20170612,20170609,211353000,2769.0,2140,82934,59255560.0,2769.0,6,2768.0,3
rb1805,20170612,20170609,211353500,2768.0,2146,82934,59421640.0,2768.0,2,2767.0,4
rb1805,20170612,20170609,211354000,2769.0,2152,82934,59587740.0,2769.0,5,2767.0,4
rb1805,20170612,20170609,211355000,2769.0,2154,82934,59643120.0,2769.0,4,2767.0,4
rb1805,20170612,20170609,211356000,2769.0,2154,82934,59643120.0,2769.0,4,2767.0,4
rb1805,20170612,20170609,211357500,2769.0,2154,82934,59643120.0,2769.0,4,2767.0,4
rb1805,20170612,20170609,211359500,2769.0,2154,82934,59643120.0,2769.0,6,2768.0,1
rb1805,20170612,20170609,211400000,2769.0,2154,82934,59643120.0,2769.0,6,2768.0,1
rb1805,20170612,20170609,211402000,2769.0,2154,82934,59643120.0,2769.0,6,2768.0,1
rb1805,20170612,20170609,211403500,2769.0,2154,82934,59643120.0,2769.0,6,2768.0,1
rb1805,20170612,20170609,211404000,2769.0,2154,82934,59643120.0,2769.0,6,2768.0,1
rb1805,20170612,20170609,211404500,2768.0,2156,82934,59698480.0,2768.0,4,2767.0,2
rb1805,20170612,20170609,211405000,2768.0,2156,82934,59698480.0,2768.0,4,2767.0,2
rb1805,20170612,20170609,211405500,2768.0,2158,82932,59753840.0,2768.0,3,2767.0,3
rb1805,20170612,20170609,211406000,2768.0,2158,82932,59753840.0,2768.0,3,2767.0,2
rb1805,20170612,20170609,211406500,2768.0,2158,82932,59753840.0,2768.0,3,2767.0,2
rb1805,20170612,20170609,211409000,2768.0,2160,82932,59809200.0,2768.0,2,2767.0,3
rb1805,20170612,20170609,211409500,2768.0,2162,82932,59864560.0,2768.0,1,2767.0,3
rb1805,20170612,20170609,211410000,2768.0,2164,82932,59919920.0,2769.0,6,2767.0,3
rb1805,20170612,20170609,211410500,2768.0,2164,82932,59919920.0,2769.0,6,2768.0,3
rb1805,20170612,20170609,211411000,2768.0,2164,82932,59919920.0,2769.0,6,2768.0,3
rb1805,20170612,20170609,211413000,2768.0,2166,82934,59975280.0,2769.0,6,2768.0,2
rb1805,20170612,20170609,211414500,2768.0,2166,82934,59975280.0,2769.0,5,2768.0,3
rb1805,20170612,20170609,211415000,2768.0,2166,82934,59975280.0,2769.0,5,2768.0,3
rb1805,20170612,20170609,211415500,2768.0,2166,82934,59975280.0,2769.0,5,2768.0,3
rb1805,20170612,20170609,211416000,2769.0,2184,82920,60473600.0,2769.0,1,2767.0,2
rb1805,20170612,20170609,211416500,2769.0,2184,82920,60473600.0,2769.0,1,2768.0,1
rb1805,20170612,20170609,211417500,2769.0,2184,82920,60473600.0,2769.0,1,2768.0,1
rb1805,20170612,20170609,211418500,2770.0,2190,82914,60639780.0,2770.0,11,2768.0,1
rb1805,20170612,20170609,211419000,2770.0,2190,82914,60639780.0,2770.0,11,2767.0,5
rb1805,20170612,20170609,211419500,2770.0,2190,82914,60639780.0,2770.0,11,2767.0,6
rb1805,20170612,20170609,211420000,2770.0,2192,82912,60695180.0,2770.0,10,2767.0,7
rb1805,20170612,20170609,211420500,2770.0,2192,82912,60695180.0,2770.0,10,2768.0,3
rb1805,20170612,20170609,211421500,2770.0,2192,82912,60695180.0,2769.0,1,2768.0,3
rb1805,20170612,20170609,211422000,2770.0,2200,82904,60916760.0,2770.0,7,2769.0,1
rb1805,20170612,20170609,211422500,2770.0,2200,82904,60916760.0,2770.0,7,2768.0,3
rb1805,20170612,20170609,211423000,2770.0,2202,82902,60972160.0,2770.0,6,2769.0,1
rb1805,20170612,20170609,211423500,2770.0,2202,82902,60972160.0,2770.0,6,2768.0,3
rb1805,20170612,20170609,211424000,2770.0,2202,82902,60972160.0,2770.0,6,2768.0,5
rb1805,20170612,20170609,211424500,2770.0,2202,82902,60972160.0,2770.0,6,2768.0,5
rb1805,20170612,20170609,211425500,2770.0,2202,82902,60972160.0,2770.0,6,2768.0,7
rb1805,20170612,20170609,211426000,2770.0,2204,82902,61027560.0,2770.0,5,2768.0,7
rb1805,20170612,20170609,211426500,2770.0,2204,82902,61027560.0,2770.0,5,2768.0,7
rb1805,20170612,20170609,211427000,2770.0,2204,82902,61027560.0,2770.0,5,2769.0,2
rb1805,20170612,20170609,211429500,2770.0,2204,82902,61027560.0,2770.0,5,2769.0,3
rb1805,20170612,20170609,211430500,2769.0,2210,82900,61193700.0,2769.0,2,2768.0,6
rb1805,20170612,20170609,211431000,2769.0,2214,82900,61304460.0,2770.0,5,2768.0,6
rb1805,20170612,20170609,211431500,2770.0,2218,82896,61415260.0,2770.0,3,2769.0,1
rb1805,20170612,20170609,211432000,2770.0,2218,82896,61415260.0,2770.0,3,2769.0,1
rb1805,20170612,20170609,211432500,2770.0,2218,82896,61415260.0,2770.0,3,2769.0,1
rb1805,20170612,20170609,211433000,2770.0,2218,82896,61415260.0,2770.0,3,2769.0,1
rb1805,20170612,20170609,211433500,2769.0,2220,82894,61470640.0,2769.0,2,2768.0,7
rb1805,20170612,20170609,211434000,2769.0,2220,82894,61470640.0,2769.0,2,2768.0,5
rb1805,20170612,20170609,211435000,2769.0,2224,82890,61581400.0,2770.0,3,2768.0,7
rb1805,20170612,20170609,211435500,2769.0,2224,82890,61581400.0,2769.0,1,2768.0,6
rb1805,20170612,20170609,211436500,2769.0,2226,82890,61636780.0,2770.0,3,2768.0,9
rb1805,20170612,20170609,211437000,2769.0,2226,82890,61636780.0,2770.0,3,2768.0,7
rb1805,20170612,20170609,211437500,2768.0,2236,82880,61913580.0,2770.0,3,2768.0,3
rb1805,20170612,20170609,211438000,2768.0,2236,82880,61913580.0,2770.0,3,2768.0,3
rb1805,20170612,20170609,211438500,2768.0,2236,82880,61913580.0,2770.0,3,2768.0,3
rb1805,20170612,20170609,211439000,2768.0,2236,82880,61913580.0,2770.0,3,2768.0,5
rb1805,20170612,20170609,211439500,2768.0,2236,82880,61913580.0,2770.0,3,2768.0,6
rb1805,20170612,20170609,211440000,2768.0,2236,82880,61913580.0,2770.0,3,2768.0,4
rb1805,20170612,20170609,211441500,2770.0,2242,82874,62079780.0,2771.0,8,2769.0,2
rb1805,20170612,20170609,211442000,2770.0,2242,82874,62079780.0,2771.0,8,2768.0,4
rb1805,20170612,20170609,211442500,2770.0,2242,82874,62079780.0,2771.0,8,2768.0,5
rb1805,20170612,20170609,211443000,2768.0,2252,82872,62356600.0,2771.0,8,2768.0,3
rb1805,20170612,20170609,211443500,2768.0,2252,82872,62356600.0,2771.0,8,2768.0,1
rb1805,20170612,20170609,211444000,2768.0,2252,82872,62356600.0,2771.0,8,2768.0,3
rb1805,20170612,20170609,211444500,2771.0,2268,82872,62799960.0,2772.0,5,2771.0,4
rb1805,20170612,20170609,211445000,2771.0,2274,82872,62966220.0,2772.0,5,2771.0,1
rb1805,20170612,20170609,211445500,2772.0,2276,82870,63021660.0,2772.0,4,2771.0,6
rb1805,20170612,20170609,211446000,2772.0,2284,82862,63243420.0,2773.0,3,2771.0,6
rb1805,20170612,20170609,211446500,2772.0,2284,82862,63243420.0,2773.0,3,2771.0,6
rb1805,20170612,20170609,211449000,2772.0,2284,82862,63243420.0,2773.0,3,2771.0,6
rb1805,20170612,20170609,211449500,2772.0,2284,82862,63243420.0,2773.0,3,2771.0,6
rb1805,20170612,20170609,211450000,2771.0,2294,82862,63520520.0,2773.0,3,2771.0,1
rb1805,20170612,20170609,211451000,2771.0,2296,82862,63575940.0,2773.0,3,2769.0,1
rb1805,20170612,20170609,211451500,2771.0,2296,82862,63575940.0,2773.0,3,2769.0,4
rb1805,20170612,20170609,211452000,2771.0,2296,82862,63575940.0,2773.0,3,2769.0,4
rb1805,20170612,20170609,211454500,2771.0,2296,82862,63575940.0,2773.0,3,2769.0,4
rb1805,20170612,20170609,211455000,2771.0,2296,82862,63575940.0,2772.0,1,2769.0,4
rb1805,20170612,20170609,211455500,2773.0,2304,82856,63797760.0,2773.0,1,2770.0,7
rb1805,20170612,20170609,211456000,2773.0,2304,82856,63797760.0,2773.0,1,2770.0,7
rb1805,20170612,20170609,211456500,2773.0,2306,82854,63853220.0,2774.0,4,2770.0,7
rb1805,20170612,20170609,211457000,2773.0,2306,82854,63853220.0,2774.0,4,2773.0,1
rb1805,20170612,20170609,211457500,2773.0,2308,82854,63908680.0,2774.0,4,2770.0,2
rb1805,20170612,20170609,211458000,2773.0,2308,82854,63908680.0,2774.0,4,2770.0,7
rb1805,20170612,20170609,211459000,2773.0,2308,82854,63908680.0,2773.0,5,2770.0,7
rb1805,20170612,20170609,211459500,2773.0,2314,82848,64075060.0,2773.0,2,2770.0,7
rb1805,20170612,20170609,211500000,2773.0,2314,82848,64075060.0,2773.0,2,2770.0,7
rb1805,20170612,20170609,211501500,2774.0,2320,82842,64241460.0,2774.0,3,2771.0,1
rb1805,20170612,20170609,211502000,2774.0,2320,82842,64241460.0,2774.0,3,2771.0,1
rb1805,20170612,20170609,211502500,2774.0,2320,82842,64241460.0,2773.0,2,2771.0,1
rb1805,20170612,20170609,211503000,2774.0,2320,82842,64241460.0,2773.0,2,2771.0,1
rb1805,20170612,20170609,211503500,2774.0,2322,82840,64296940.0,2773.0,2,2771.0,1
rb1805,20170612,20170609,211504500,2774.0,2322,82840,64296940.0,2773.0,2,2771.0,1
rb1805,20170612,20170609,211505000,2771.0,2324,82840,64352360.0,2771.0,4,2770.0,12
rb1805,20170612,20170609,211505500,2771.0,2328,82836,64463200.0,2771.0,2,2770.0,18
rb1805,20170612,20170609,211506000,2771.0,2328,82836,64463200.0,2771.0,2,2770.0,18
rb1805,20170612,20170609,211506500,2771.0,2332,82836,64574040.0,2773.0,2,2770.0,18
rb1805,20170612,20170609,211507000,2771.0,2332,82836,64574040.0,2773.0,1,2771.0,1
rb1805,20170612,20170609,211507500,2771.0,2332,82836,64574040.0,2773.0,1,2771.0,1
rb1805,20170612,20170609,211508500,2771.0,2332,82836,64574040.0,2773.0,1,2771.0,1
rb1805,20170612,20170609,211509000,2771.0,2332,82836,64574040.0,2773.0,2,2771.0,1
rb1805,20170612,20170609,211511500,2771.0,2334,82834,64629460.0,2773.0,2,2770.0,12
rb1805,20170612,20170609,211512000,2771.0,2334,82834,64629460.0,2773.0,2,2770.0,17
rb1805,20170612,20170609,211512500,2771.0,2334,82834,64629460.0,2771.0,5,2770.0,17
rb1805,20170612,20170609,211513000,2771.0,2336,82834,64684880.0,2771.0,4,2770.0,17
rb1805,20170612,20170609,211515000,2771.0,2342,82828,64851140.0,2771.0,1,2770.0,17
rb1805,20170612,20170609,211515500,2771.0,2342,82828,64851140.0,2771.0,1,2770.0,17
rb1805,20170612,20170609,211516000,2771.0,2344,82826,64906560.0,2773.0,2,2772.0,1
rb1805,20170612,20170609,211516500,2772.0,2346,82826,64962000.0,2772.0,4,2770.0,12
rb1805,20170612,20170609,211517000,2772.0,2348,82826,65017440.0,2773.0,2,2772.0,1
rb1805,20170612,20170609,211517500,2772.0,2350,82826,65072880.0,2773.0,2,2770.0,12
rb1805,20170612,20170609,211518000,2772.0,2350,82826,65072880.0,2773.0,2,2771.0,2
rb1805,20170612,20170609,211518500,2772.0,2350,82826,65072880.0,2773.0,2,2771.0,2
rb1805,20170612,20170609,211519000,2772.0,2350,82826,65072880.0,2773.0,2,2771.0,3
rb1805,20170612,20170609,211519500,2773.0,2352,82824,65128340.0,2773.0,1,2771.0,3
rb1805,20170612,20170609,211520000,2773.0,2352,82824,65128340.0,2773.0,6,2771.0,2
rb1805,20170612,20170609,211520500,2773.0,2352,82824,65128340.0,2773.0,6,2771.0,2
rb1805,20170612,20170609,211521000,2771.0,2356,82820,65239180.0,2771.0,3,2770.0,11
rb1805,20170612,20170609,211521500,2771.0,2356,82820,65239180.0,2771.0,3,2770.0,17
rb1805,20170612,20170609,211522500,2771.0,2358,82820,65294600.0,2771.0,2,2770.0,17
rb1805,20170612,20170609,211523000,2771.0,2360,82820,65350020.0,2771.0,1,2770.0,17
rb1805,20170612,20170609,211523500,2771.0,2360,82820,65350020.0,2771.0,1,2770.0,17
rb1805,20170612,20170609,211524000,2771.0,2362,82820,65405440.0,2773.0,7,2772.0,3
rb1805,20170612,20170609,211524500,2772.0,2368,82820,65571760.0,2772.0,8,2770.0,11
rb1805,20170612,20170609,211525000,2772.0,2368,82820,65571760.0,2772.0,3,2770.0,12
rb1805,20170612,20170609,211525500,2772.0,2368,82820,65571760.0,2772.0,4,2770.0,12
rb1805,20170612,20170609,211526500,2772.0,2368,82820,65571760.0,2772.0,4,2770.0,12
rb1805,20170612,20170609,211527000,2772.0,2368,82820,65571760.0,2772.0,3,2770.0,12
rb1805,20170612,20170609,211527500,2772.0,2368,82820,65571760.0,2772.0,4,2770.0,12
rb1805,20170612,20170609,211528500,2772.0,2368,82820,65571760.0,2772.0,4,2770.0,12
rb1805,20170612,20170609,211529000,2770.0,2378,82820,65848760.0,2772.0,4,2770.0,7
rb1805,20170612,20170609,211530500,2770.0,2378,82820,65848760.0,2772.0,4,2770.0,7
rb1805,20170612,20170609,211532500,2770.0,2378,82820,65848760.0,2772.0,4,2770.0,7
rb1805,20170612,20170609,211533000,2770.0,2378,82820,65848760.0,2772.0,4,2770.0,7
rb1805,20170612,20170609,211533500,2770.0,2378,82820,65848760.0,2772.0,4,2770.0,7
rb1805,20170612,20170609,211534500,2770.0,2388,82820,66125760.0,2772.0,4,2770.0,2
rb1805,20170612,20170609,211535000,2770.0,2388,82820,66125760.0,2772.0,4,2770.0,2
rb1805,20170612,20170609,211535500,2770.0,2388,82820,66125760.0,2772.0,4,2770.0,2
rb1805,20170612,20170609,211538500,2770.0,2388,82820,66125760.0,2772.0,4,2770.0,2
rb1805,20170612,20170609,211539500,2770.0,2388,82820,66125760.0,2772.0,4,2770.0,2
rb1805,20170612,20170609,211540500,2770.0,2388,82820,66125760.0,2772.0,5,2770.0,2
rb1805,20170612,20170609,211544000,2770.0,2388,82820,66125760.0,2772.0,6,2770.0,2
rb1805,20170612,20170609,211545500,2770.0,2388,82820,66125760.0,2772.0,6,2770.0,2
rb1805,20170612,20170609,211546000,2770.0,2388,82820,66125760.0,2772.0,6,2770.0,2
rb1805,20170612,20170609,211546500,2770.0,2388,82820,66125760.0,2772.0,5,2770.0,2
rb1805,20170612,20170609,211547500,2770.0,2388,82820,66125760.0,2772.0,5,2770.0,2
rb1805,20170612,20170609,211549500,2770.0,2390,82820,66181160.0,2772.0,5,2770.0,4
rb1805,20170612,20170609,211552500,2770.0,2392,82820,66236560.0,2772.0,5,2770.0,6
rb1805,20170612,20170609,211553500,2770.0,2392,82820,66236560.0,2772.0,5,2770.0,6
rb1805,20170612,20170609,211554000,2770.0,2392,82820,66236560.0,2772.0,5,2770.0,6
rb1805,20170612,20170609,211554500,2770.0,2392,82820,66236560.0,2772.0,5,2771.0,2
rb1805,20170612,20170609,211556000,2770.0,2392,82820,66236560.0,2772.0,5,2771.0,2
rb1805,20170612,20170609,211600000,2772.0,2398,82818,66402880.0,2772.0,2,2771.0,2
rb1805,20170612,20170609,211600500,2772.0,2402,82816,66513760.0,2773.0,9,2771.0,2
rb1805,20170612,20170609,211601000,2772.0,2402,82816,66513760.0,2773.0,8,2772.0,1
rb1805,20170612,20170609,211601500,2772.0,2402,82816,66513760.0,2773.0,8,2771.0,2
rb1805,20170612,20170609,211604500,2772.0,2402,82816,66513760.0,2773.0,9,2771.0,2
rb1805,20170612,20170609,211606500,2772.0,2402,82816,66513760.0,2773.0,9,2771.0,2
rb1805,20170612,20170609,211608000,2772.0,2402,82816,66513760.0,2773.0,9,2771.0,2
rb1805,20170612,20170609,211608500,2772.0,2402,82816,66513760.0,2773.0,9,2772.0,1
rb1805,20170612,20170609,211612000,2772.0,2404,82814,66569200.0,2773.0,9,2771.0,2
rb1805,20170612,20170609,211616000,2773.0,2414,82814,66846500.0,2773.0,4,2771.0,2
rb1805,20170612,20170609,211616500,2773.0,2414,82814,66846500.0,2773.0,4,2771.0,2
rb1805,20170612,20170609,211617000,2773.0,2416,82814,66901960.0,2773.0,3,2771.0,2
rb1805,20170612,20170609,211617500,2773.0,2422,82810,67068340.0,2774.0,4,2771.0,3
rb1805,20170612,20170609,211618000,2773.0,2422,82810,67068340.0,2774.0,4,2772.0,2
rb1805,20170612,20170609,211618500,2773.0,2422,82810,67068340.0,2774.0,4,2773.0,1
rb1805,20170612,20170609,211619000,2773.0,2422,82810,67068340.0,2774.0,4,2772.0,2
rb1805,20170612,20170609,211621000,2773.0,2422,82810,67068340.0,2774.0,4,2772.0,2
rb1805,20170612,20170609,211621500,2773.0,2422,82810,67068340.0,2773.0,1,2772.0,2
rb1805,20170612,20170609,211622000,2774.0,2432,82810,67345720.0,2775.0,27,2774.0,2
rb1805,20170612,20170609,211622500,2774.0,2436,82810,67456680.0,2774.0,4,2772.0,2
rb1805,20170612,20170609,211623000,2774.0,2436,82810,67456680.0,2775.0,27,2772.0,2
rb1805,20170612,20170609,211624500,2774.0,2436,82810,67456680.0,2775.0,28,2772.0,2
rb1805,20170612,20170609,211625000,2774.0,2436,82810,67456680.0,2775.0,29,2772.0,2
rb1805,20170612,20170609,211625500,2774.0,2436,82810,67456680.0,2775.0,28,2772.0,2
rb1805,20170612,20170609,211626000,2774.0,2436,82810,67456680.0,2774.0,1,2772.0,2
rb1805,20170612,20170609,211626500,2774.0,2436,82810,67456680.0,2774.0,1,2772.0,2
rb1805,20170612,20170609,211627000,2775.0,2440,82810,67567660.0,2775.0,27,2772.0,2
rb1805,20170612,20170609,211627500,2775.0,2440,82810,67567660.0,2775.0,28,2772.0,2
rb1805,20170612,20170609,211628000,2775.0,2440,82810,67567660.0,2775.0,28,2773.0,1
rb1805,20170612,20170609,211628500,2775.0,2440,82810,67567660.0,2775.0,28,2773.0,1
rb1805,20170612,20170609,211629500,2775.0,2440,82810,67567660.0,2775.0,27,2773.0,1
rb1805,20170612,20170609,211630000,2775.0,2440,82810,67567660.0,2775.0,27,2773.0,1
rb1805,20170612,20170609,211630500,2775.0,2440,82810,67567660.0,2775.0,27,2773.0,1
rb1805,20170612,20170609,211632500,2775.0,2440,82810,67567660.0,2775.0,27,2773.0,1
rb1805,20170612,20170609,211633000,2775.0,2440,82810,67567660.0,2775.0,27,2773.0,1
rb1805,20170612,20170609,211633500,2775.0,2440,82810,67567660.0,2775.0,27,2773.0,1
rb1805,20170612,20170609,211634000,2775.0,2440,82810,67567660.0,2775.0,27,2773.0,1
rb1805,20170612,20170609,211636000,2775.0,2440,82810,67567660.0,2775.0,42,2773.0,1
rb1805,20170612,20170609,211638000,2775.0,2440,82810,67567660.0,2775.0,42,2773.0,1
rb1805,20170612,20170609,211640000,2775.0,2440,82810,67567660.0,2774.0,1,2773.0,1
rb1805,20170612,20170609,211640500,2775.0,2440,82810,67567660.0,2774.0,1,2773.0,1
rb1805,20170612,20170609,211641000,2774.0,2442,82810,67623140.0,2775.0,42,2774.0,1
rb1805,20170612,20170609,211641500,2775.0,2448,82810,67789640.0,2775.0,39,2773.0,1
rb1805,20170612,20170609,211642000,2775.0,2448,82810,67789640.0,2775.0,39,2773.0,1
rb1805,20170612,20170609,211643000,2773.0,2450,82810,67845100.0,2775.0,39,2772.0,2
rb1805,20170612,20170609,211643500,2773.0,2450,82810,67845100.0,2775.0,39,2773.0,2
rb1805,20170612,20170609,211644000,2773.0,2450,82810,67845100.0,2775.0,39,2773.0,17
rb1805,20170612,20170609,211644500,2772.0,2488,82804,68898800.0,2772.0,21,2771.0,4
rb1805,20170612,20170609,211645000,2772.0,2530,82770,70063040.0,2775.0,39,2774.0,1
rb1805,20170612,20170609,211645500,2774.0,2532,82770,70118520.0,2774.0,1,2773.0,6
rb1805,20170612,20170609,211646500,2774.0,2536,82768,70229480.0,2775.0,39,2774.0,1
rb1805,20170612,20170609,211647000,2774.0,2536,82768,70229480.0,2775.0,39,2773.0,6
rb1805,20170612,20170609,211648500,2774.0,2536,82768,70229480.0,2775.0,40,2773.0,7
rb1805,20170612,20170609,211649500,2773.0,2538,82768,70284940.0,2775.0,40,2773.0,6
rb1805,20170612,20170609,211650000,2773.0,2538,82768,70284940.0,2774.0,1,2773.0,6
rb1805,20170612,20170609,211651500,2774.0,2540,82768,70340420.0,2775.0,40,2773.0,6
rb1805,20170612,20170609,211652000,2774.0,2540,82768,70340420.0,2775.0,40,2773.0,6
rb1805,20170612,20170609,211652500,2774.0,2540,82768,70340420.0,2775.0,40,2773.0,8
rb1805,20170612,20170609,211653000,2774.0,2540,82768,70340420.0,2775.0,40,2774.0,1
rb1805,20170612,20170609,211653500,2774.0,2540,82768,70340420.0,2775.0,40,2774.0,1
rb1805,20170612,20170609,211654000,2774.0,2542,82768,70395900.0,2775.0,40,2774.0,5
rb1805,20170612,20170609,211655500,2774.0,2542,82768,70395900.0,2775.0,40,2774.0,5
rb1805,20170612,20170609,211656000,2775.0,2564,82766,71006380.0,2775.0,30,2774.0,4
rb1805,20170612,20170609,211658000,2775.0,2584,82770,71561380.0,2775.0,20,2774.0,4
rb1805,20170612,20170609,211700000,2775.0,2604,82774,72116380.0,2775.0,10,2774.0,4
rb1805,20170612,20170609,211700500,2775.0,2608,82774,72227380.0,2775.0,8,2774.0,4
rb1805,20170612,20170609,211701500,2774.0,2610,82772,72282860.0,2775.0,8,2774.0,3
rb1805,20170612,20170609,211702000,2774.0,2610,82772,72282860.0,2775.0,8,2774.0,3
rb1805,20170612,20170609,211702500,2775.0,2626,82774,72726860.0,2776.0,29,2775.0,2
rb1805,20170612,20170609,211704000,2775.0,2628,82774,72782360.0,2776.0,30,2775.0,1
