instrument,tradingday,calendarday,time,lastp,volume,openinterest,turnover,ask1,asksz1,bid1,bidsz1
rb1805,20171102,20171101,183201500,3582.0,0,1438966,0.0,0.0,0,0.0,0
rb1805,20171102,20171101,205900500,3594.0,3436,1439080,123489840.0,3594.0,18,3593.0,2
rb1805,20171102,20171101,210000500,3593.0,4442,1439308,159641700.0,3593.0,1419,3592.0,1
rb1805,20171102,20171101,210001000,3589.0,6256,1440058,224777280.0,3589.0,46,3588.0,28
rb1805,20171102,20171101,210001500,3588.0,7742,1440398,278091840.0,3588.0,210,3586.0,359
rb1805,20171102,20171101,210002000,3587.0,10114,1441284,363162060.0,3587.0,353,3586.0,4
rb1805,20171102,20171101,210002500,3582.0,13214,1442306,474251380.0,3582.0,55,3581.0,662
rb1805,20171102,20171101,210003000,3581.0,14498,1442676,520245840.0,3582.0,2,3581.0,529
rb1805,20171102,20171101,210003500,3583.0,15916,1443574,571059520.0,3586.0,4,3583.0,34
rb1805,20171102,20171101,210004000,3585.0,16906,1443848,606548460.0,3585.0,89,3583.0,248
rb1805,20171102,20171101,210004500,3585.0,17528,1443620,628840760.0,3585.0,3,3583.0,91
rb1805,20171102,20171101,210005000,3585.0,17914,1443638,642681700.0,3588.0,84,3585.0,36
rb1805,20171102,20171101,210005500,3585.0,18294,1443666,656310580.0,3586.0,4,3585.0,183
rb1805,20171102,20171101,210006000,3589.0,18738,1443694,672234140.0,3589.0,93,3588.0,9
rb1805,20171102,20171101,210006500,3586.0,19166,1443640,687588160.0,3588.0,20,3586.0,171
rb1805,20171102,20171101,210007000,3588.0,19560,1443592,701718240.0,3588.0,92,3587.0,2
rb1805,20171102,20171101,210007500,3587.0,19816,1443498,710899960.0,3587.0,46,3586.0,21
rb1805,20171102,20171101,210008000,3588.0,20008,1443504,717786800.0,3588.0,89,3587.0,3
rb1805,20171102,20171101,210008500,3586.0,20252,1443460,726539000.0,3588.0,59,3586.0,30
rb1805,20171102,20171101,210009000,3587.0,20838,1443794,747562300.0,3589.0,36,3588.0,2
rb1805,20171102,20171101,210009500,3588.0,21068,1443900,755814860.0,3588.0,26,3587.0,10
rb1805,20171102,20171101,210010000,3586.0,21158,1443890,759043240.0,3587.0,1,3586.0,22
rb1805,20171102,20171101,210010500,3587.0,21884,1443582,785074240.0,3588.0,18,3587.0,29
rb1805,20171102,20171101,210011000,3588.0,22186,1443546,795909200.0,3589.0,52,3588.0,24
rb1805,20171102,20171101,210011500,3587.0,22378,1443500,802797780.0,3588.0,56,3587.0,10
rb1805,20171102,20171101,210012000,3588.0,22988,1443358,824679720.0,3589.0,40,3588.0,403
rb1805,20171102,20171101,210012500,3589.0,23084,1443378,828125040.0,3590.0,220,3589.0,16
rb1805,20171102,20171101,210013000,3588.0,23364,1443318,838173000.0,3589.0,52,3588.0,385
rb1805,20171102,20171101,210013500,3589.0,23514,1443366,843556340.0,3589.0,9,3588.0,398
rb1805,20171102,20171101,210014000,3589.0,23626,1443428,847576060.0,3590.0,218,3589.0,16
rb1805,20171102,20171101,210014500,3590.0,23772,1443502,852816260.0,3590.0,209,3589.0,93
rb1805,20171102,20171101,210015000,3590.0,24250,1443198,869976040.0,3591.0,1745,3590.0,139
rb1805,20171102,20171101,210015500,3590.0,24476,1443362,878091180.0,3591.0,1669,3590.0,158
rb1805,20171102,20171101,210016000,3590.0,24842,1443578,891232780.0,3591.0,1556,3590.0,94
rb1805,20171102,20171101,210016500,3590.0,25106,1443686,900710960.0,3591.0,1524,3590.0,19
rb1805,20171102,20171101,210017000,3590.0,25216,1443724,904660540.0,3591.0,1496,3590.0,1
rb1805,20171102,20171101,210017500,3589.0,25858,1443620,927704500.0,3591.0,1489,3589.0,83
rb1805,20171102,20171101,210018000,3590.0,25972,1443616,931797160.0,3591.0,1476,3590.0,46
rb1805,20171102,20171101,210018500,3590.0,26140,1443630,937828100.0,3590.0,104,3589.0,66
rb1805,20171102,20171101,210019000,3590.0,26564,1443582,953047060.0,3589.0,60,3588.0,577
rb1805,20171102,20171101,210019500,3589.0,26790,1443600,961158600.0,3590.0,60,3589.0,11
rb1805,20171102,20171101,210020000,3590.0,26998,1443630,968623740.0,3590.0,29,3589.0,52
rb1805,20171102,20171101,210020500,3590.0,27170,1443706,974797580.0,3590.0,66,3589.0,18
rb1805,20171102,20171101,210021000,3589.0,27256,1443702,977884400.0,3590.0,164,3589.0,35
rb1805,20171102,20171101,210021500,3590.0,27302,1443690,979535440.0,3590.0,171,3589.0,47
rb1805,20171102,20171101,210022000,3589.0,27600,1443486,990233140.0,3590.0,17,3589.0,32
rb1805,20171102,20171101,210022500,3589.0,28008,1443744,1004877340.0,3589.0,360,3588.0,536
rb1805,20171102,20171101,210023000,3589.0,28886,1444054,1036387520.0,3589.0,112,3588.0,477
rb1805,20171102,20171101,210023500,3590.0,29442,1443846,1056345620.0,3590.0,32,3589.0,112
rb1805,20171102,20171101,210024000,3590.0,29742,1444046,1067113700.0,3590.0,9,3589.0,70
rb1805,20171102,20171101,210024500,3590.0,29820,1444020,1069913880.0,3591.0,1536,3590.0,8
rb1805,20171102,20171101,210025000,3590.0,30076,1444110,1079104060.0,3591.0,1521,3590.0,24
rb1805,20171102,20171101,210025500,3590.0,30160,1444090,1082119580.0,3590.0,52,3589.0,15
rb1805,20171102,20171101,210026000,3589.0,30218,1444104,1084201560.0,3590.0,53,3589.0,62
rb1805,20171102,20171101,210026500,3590.0,30394,1444058,1090520020.0,3591.0,1513,3590.0,42
rb1805,20171102,20171101,210027000,3590.0,30726,1444126,1102441540.0,3591.0,1377,3590.0,122
rb1805,20171102,20171101,210027500,3590.0,30974,1444118,1111344740.0,3590.0,312,3589.0,141
rb1805,20171102,20171101,210028000,3589.0,31158,1443966,1117950300.0,3590.0,247,3589.0,122
rb1805,20171102,20171101,210028500,3591.0,31774,1443520,1140065400.0,3591.0,1349,3590.0,51
rb1805,20171102,20171101,210029000,3590.0,31936,1443528,1145881580.0,3591.0,1352,3590.0,62
rb1805,20171102,20171101,210029500,3590.0,32842,1443622,1178415420.0,3591.0,932,3590.0,134
rb1805,20171102,20171101,210030000,3591.0,33160,1443788,1189834260.0,3591.0,801,3590.0,180
rb1805,20171102,20171101,210030500,3590.0,33552,1443996,1203909380.0,3591.0,686,3590.0,103
rb1805,20171102,20171101,210031000,3591.0,33968,1444144,1218847820.0,3591.0,486,3590.0,131
rb1805,20171102,20171101,210031500,3591.0,35004,1444948,1256050400.0,3592.0,260,3591.0,3
rb1805,20171102,20171101,210032000,3592.0,35076,1444948,1258636420.0,3592.0,235,3591.0,69
rb1805,20171102,20171101,210032500,3591.0,35334,1444910,1267903580.0,3592.0,122,3591.0,273
rb1805,20171102,20171101,210033000,3591.0,35594,1445034,1277241000.0,3592.0,96,3591.0,190
rb1805,20171102,20171101,210033500,3591.0,35730,1445010,1282125060.0,3592.0,113,3591.0,206
rb1805,20171102,20171101,210034000,3592.0,35808,1445028,1284926460.0,3592.0,112,3591.0,172
rb1805,20171102,20171101,210034500,3592.0,36106,1445212,1295629940.0,3592.0,58,3591.0,142
rb1805,20171102,20171101,210035000,3592.0,36184,1445220,1298431320.0,3592.0,78,3591.0,128
rb1805,20171102,20171101,210035500,3591.0,36660,1445340,1315527060.0,3593.0,583,3591.0,21
rb1805,20171102,20171101,210036000,3591.0,36966,1445406,1326517900.0,3592.0,57,3590.0,310
rb1805,20171102,20171101,210036500,3591.0,37100,1445432,1331330620.0,3591.0,481,3590.0,268
rb1805,20171102,20171101,210037000,3590.0,37274,1445542,1337578180.0,3591.0,560,3590.0,222
rb1805,20171102,20171101,210037500,3590.0,37914,1445688,1360555760.0,3590.0,55,3589.0,116
rb1805,20171102,20171101,210038000,3590.0,37988,1445668,1363212080.0,3590.0,400,3589.0,100
rb1805,20171102,20171101,210038500,3590.0,38330,1445680,1375487920.0,3590.0,482,3589.0,9
rb1805,20171102,20171101,210039000,3590.0,38664,1445644,1387476620.0,3589.0,165,3588.0,606
rb1805,20171102,20171101,210039500,3589.0,39056,1445420,1401544020.0,3589.0,128,3588.0,539
rb1805,20171102,20171101,210040000,3588.0,39180,1445320,1405993340.0,3589.0,245,3588.0,498
rb1805,20171102,20171101,210040500,3589.0,39568,1445228,1419917460.0,3589.0,118,3588.0,439
rb1805,20171102,20171101,210041000,3588.0,40178,1445474,1441804300.0,3589.0,132,3588.0,146
rb1805,20171102,20171101,210041500,3588.0,40550,1445176,1455151560.0,3588.0,93,3587.0,65
rb1805,20171102,20171101,210042000,3588.0,40790,1444996,1463761460.0,3588.0,112,3587.0,8
rb1805,20171102,20171101,210042500,3588.0,41256,1444556,1480477180.0,3588.0,132,3586.0,19
rb1805,20171102,20171101,210043000,3586.0,41276,1444554,1481194640.0,3588.0,188,3586.0,23
rb1805,20171102,20171101,210043500,3585.0,41454,1444504,1487577940.0,3586.0,13,3585.0,110
rb1805,20171102,20171101,210044000,3586.0,41760,1444446,1498551440.0,3587.0,157,3586.0,6
rb1805,20171102,20171101,210044500,3586.0,42020,1444342,1507875260.0,3586.0,102,3585.0,123
rb1805,20171102,20171101,210045000,3585.0,42046,1444332,1508807540.0,3586.0,148,3585.0,117
rb1805,20171102,20171101,210045500,3586.0,42104,1444302,1510887200.0,3586.0,158,3585.0,108
rb1805,20171102,20171101,210046000,3585.0,42356,1444232,1519921400.0,3585.0,75,3584.0,102
rb1805,20171102,20171101,210046500,3585.0,42486,1444130,1524581660.0,3585.0,116,3584.0,96
rb1805,20171102,20171101,210047000,3585.0,42604,1444046,1528811480.0,3585.0,209,3584.0,79
rb1805,20171102,20171101,210047500,3585.0,42994,1443920,1542791620.0,3585.0,207,3584.0,17
rb1805,20171102,20171101,210048000,3584.0,43102,1443956,1546662340.0,3584.0,62,3583.0,59
rb1805,20171102,20171101,210048500,3584.0,43264,1443954,1552468520.0,3585.0,227,3584.0,41
rb1805,20171102,20171101,210049000,3583.0,43456,1443978,1559349840.0,3584.0,23,3583.0,139
rb1805,20171102,20171101,210049500,3583.0,44020,1444190,1579563680.0,3583.0,282,3582.0,725
rb1805,20171102,20171101,210050000,3584.0,44866,1444688,1609877240.0,3584.0,3,3583.0,220
rb1805,20171102,20171101,210050500,3584.0,45154,1444862,1620199100.0,3585.0,140,3584.0,419
rb1805,20171102,20171101,210051000,3584.0,45422,1445086,1629804500.0,3585.0,158,3584.0,323
rb1805,20171102,20171101,210051500,3584.0,45578,1445086,1635396400.0,3585.0,118,3584.0,298
rb1805,20171102,20171101,210052000,3584.0,45738,1445062,1641132360.0,3585.0,44,3584.0,362
rb1805,20171102,20171101,210052500,3585.0,46008,1445088,1650812880.0,3586.0,99,3585.0,113
rb1805,20171102,20171101,210053000,3585.0,46112,1445140,1654541320.0,3586.0,97,3585.0,86
rb1805,20171102,20171101,210053500,3585.0,46238,1445054,1659059380.0,3586.0,159,3585.0,200
rb1805,20171102,20171101,210054000,3586.0,46388,1445058,1664437880.0,3586.0,109,3585.0,179
rb1805,20171102,20171101,210054500,3586.0,46574,1444924,1671106540.0,3586.0,198,3585.0,116
rb1805,20171102,20171101,210055000,3585.0,46856,1444910,1681217560.0,3586.0,143,3585.0,89
rb1805,20171102,20171101,210055500,3585.0,47106,1444926,1690182200.0,3586.0,38,3585.0,72
rb1805,20171102,20171101,210056000,3586.0,47174,1444936,1692620060.0,3586.0,33,3585.0,52
rb1805,20171102,20171101,210056500,3586.0,47200,1444948,1693552320.0,3586.0,40,3585.0,56
rb1805,20171102,20171101,210057000,3586.0,47282,1444998,1696492760.0,3586.0,4,3585.0,70
rb1805,20171102,20171101,210057500,3585.0,47664,1444854,1710191780.0,3586.0,25,3585.0,53
rb1805,20171102,20171101,210058000,3585.0,47774,1444870,1714136060.0,3587.0,148,3585.0,50
rb1805,20171102,20171101,210058500,3586.0,47800,1444872,1715068440.0,3587.0,146,3586.0,125
rb1805,20171102,20171101,210059000,3586.0,47860,1444924,1717220060.0,3587.0,148,3586.0,105
rb1805,20171102,20171101,210059500,3586.0,47880,1444930,1717937360.0,3587.0,172,3586.0,141
rb1805,20171102,20171101,210100000,3587.0,47996,1444830,1722098280.0,3587.0,115,3586.0,198
rb1805,20171102,20171101,210100500,3586.0,48288,1444916,1732569760.0,3587.0,92,3586.0,72
rb1805,20171102,20171101,210101000,3587.0,48916,1444850,1755087900.0,3587.0,27,3586.0,1
rb1805,20171102,20171101,210101500,3586.0,49262,1445018,1767489460.0,3586.0,92,3585.0,16
rb1805,20171102,20171101,210102000,3586.0,49386,1444932,1771935080.0,3586.0,126,3584.0,372
rb1805,20171102,20171101,210102500,3584.0,49454,1444932,1774373380.0,3586.0,79,3584.0,365
rb1805,20171102,20171101,210103000,3586.0,49562,1444908,1778246260.0,3586.0,37,3585.0,23
rb1805,20171102,20171101,210103500,3586.0,49906,1444986,1790583740.0,3587.0,40,3586.0,47
rb1805,20171102,20171101,210104000,3586.0,50054,1444982,1795892240.0,3588.0,59,3586.0,39
rb1805,20171102,20171101,210104500,3587.0,50116,1444980,1798116200.0,3588.0,60,3587.0,77
rb1805,20171102,20171101,210105000,3588.0,50356,1445062,1806725000.0,3588.0,83,3586.0,62
rb1805,20171102,20171101,210105500,3587.0,50492,1444982,1811603360.0,3587.0,412,3586.0,77
rb1805,20171102,20171101,210106000,3586.0,50684,1445106,1818488540.0,3586.0,13,3585.0,253
rb1805,20171102,20171101,210106500,3587.0,50816,1445002,1823223100.0,3586.0,22,3585.0,264
rb1805,20171102,20171101,210107000,3586.0,50986,1444936,1829317900.0,3586.0,94,3585.0,198
rb1805,20171102,20171101,210107500,3586.0,51094,1444930,1833190540.0,3586.0,53,3585.0,155
rb1805,20171102,20171101,210108000,3585.0,51144,1444946,1834983240.0,3586.0,56,3585.0,106
rb1805,20171102,20171101,210108500,3586.0,51204,1444972,1837134620.0,3586.0,56,3585.0,101
rb1805,20171102,20171101,210109000,3585.0,51348,1444936,1842298220.0,3586.0,3,3585.0,137
rb1805,20171102,20171101,210109500,3586.0,51412,1444906,1844593280.0,3586.0,38,3585.0,144
rb1805,20171102,20171101,210110000,3586.0,51690,1444884,1854561760.0,3587.0,338,3586.0,8
rb1805,20171102,20171101,210110500,3586.0,51828,1444868,1859510120.0,3586.0,35,3585.0,106
rb1805,20171102,20171101,210111000,3585.0,51978,1444956,1864888280.0,3586.0,42,3585.0,91
rb1805,20171102,20171101,210111500,3585.0,52250,1445062,1874641220.0,3587.0,328,3585.0,131
rb1805,20171102,20171101,210112000,3586.0,52276,1445060,1875573440.0,3586.0,50,3585.0,126
rb1805,20171102,20171101,210112500,3586.0,52392,1445032,1879733120.0,3586.0,6,3585.0,130
rb1805,20171102,20171101,210113000,3586.0,52568,1445058,1886045140.0,3587.0,314,3586.0,3
rb1805,20171102,20171101,210113500,3587.0,52688,1445038,1890348300.0,3587.0,314,3586.0,20
rb1805,20171102,20171101,210114000,3585.0,52762,1444994,1893001900.0,3586.0,10,3585.0,125
rb1805,20171102,20171101,210114500,3587.0,52800,1445008,1894364600.0,3587.0,315,3586.0,19
rb1805,20171102,20171101,210115000,3586.0,52982,1444900,1900891040.0,3586.0,40,3585.0,144
rb1805,20171102,20171101,210115500,3587.0,53048,1444868,1903257860.0,3587.0,330,3586.0,8
rb1805,20171102,20171101,210116000,3586.0,53090,1444898,1904763860.0,3586.0,134,3585.0,146
rb1805,20171102,20171101,210116500,3585.0,53394,1445140,1915662320.0,3585.0,13,3584.0,411
rb1805,20171102,20171101,210117000,3585.0,53588,1445216,1922617060.0,3586.0,137,3585.0,27
rb1805,20171102,20171101,210117500,3586.0,53812,1445064,1930649380.0,3586.0,138,3585.0,20
rb1805,20171102,20171101,210118000,3585.0,53956,1444986,1935813040.0,3586.0,88,3585.0,82
rb1805,20171102,20171101,210118500,3585.0,54176,1445148,1943700320.0,3585.0,20,3584.0,414
rb1805,20171102,20171101,210119000,3585.0,54192,1445160,1944273920.0,3585.0,23,3584.0,417
rb1805,20171102,20171101,210119500,3585.0,54336,1445178,1949436460.0,3585.0,32,3584.0,421
rb1805,20171102,20171101,210120000,3584.0,54736,1445332,1963774420.0,3585.0,70,3584.0,319
rb1805,20171102,20171101,210120500,3584.0,55116,1445416,1977395280.0,3585.0,9,3584.0,209
rb1805,20171102,20171101,210121000,3585.0,55364,1445300,1986283780.0,3585.0,127,3584.0,99
rb1805,20171102,20171101,210121500,3584.0,55704,1445394,1998469380.0,3584.0,150,3583.0,337
rb1805,20171102,20171101,210122000,3584.0,55850,1445366,2003700820.0,3584.0,192,3583.0,277
rb1805,20171102,20171101,210122500,3584.0,56154,1445348,2014594280.0,3584.0,171,3583.0,276
rb1805,20171102,20171101,210123000,3584.0,56718,1445272,2034804160.0,3584.0,67,3583.0,92
rb1805,20171102,20171101,210123500,3583.0,56968,1445204,2043763040.0,3584.0,8,3583.0,36
rb1805,20171102,20171101,210124000,3583.0,57014,1445194,2045411560.0,3585.0,155,3584.0,1
rb1805,20171102,20171101,210124500,3584.0,57212,1445218,2052506840.0,3584.0,2,3582.0,425
rb1805,20171102,20171101,210125000,3583.0,57288,1445226,2055230000.0,3583.0,1,3582.0,425
rb1805,20171102,20171101,210125500,3585.0,57534,1445176,2064046260.0,3585.0,154,3584.0,105
rb1805,20171102,20171101,210126000,3585.0,57734,1445164,2071215300.0,3585.0,257,3584.0,88
rb1805,20171102,20171101,210126500,3585.0,57942,1445058,2078671220.0,3585.0,265,3584.0,63
rb1805,20171102,20171101,210127000,3584.0,58290,1445174,2091142200.0,3584.0,88,3583.0,50
rb1805,20171102,20171101,210127500,3584.0,58338,1445186,2092862400.0,3584.0,198,3583.0,80
rb1805,20171102,20171101,210128000,3583.0,58486,1445198,2098165700.0,3584.0,226,3583.0,44
rb1805,20171102,20171101,210128500,3584.0,58494,1445192,2098452360.0,3584.0,247,3583.0,56
rb1805,20171102,20171101,210129000,3584.0,58532,1445198,2099814160.0,3584.0,239,3583.0,121
rb1805,20171102,20171101,210129500,3583.0,58594,1445176,2102036060.0,3584.0,291,3583.0,120
rb1805,20171102,20171101,210130000,3583.0,58744,1445162,2107411360.0,3584.0,255,3583.0,118
rb1805,20171102,20171101,210130500,3583.0,58796,1445168,2109274900.0,3584.0,238,3583.0,113
rb1805,20171102,20171101,210131000,3584.0,58920,1445166,2113719000.0,3584.0,179,3583.0,117
rb1805,20171102,20171101,210131500,3583.0,59160,1445172,2122318700.0,3584.0,154,3583.0,47
rb1805,20171102,20171101,210132000,3584.0,59304,1445068,2127479360.0,3584.0,155,3583.0,103
rb1805,20171102,20171101,210132500,3583.0,59374,1445046,2129987920.0,3584.0,148,3583.0,174
rb1805,20171102,20171101,210133000,3583.0,59394,1445052,2130704620.0,3584.0,143,3583.0,252
rb1805,20171102,20171101,210133500,3583.0,59598,1445156,2138015300.0,3584.0,77,3583.0,319
rb1805,20171102,20171101,210134000,3584.0,59848,1445308,2146974700.0,3585.0,95,3584.0,30
rb1805,20171102,20171101,210134500,3584.0,59988,1445306,2151993300.0,3585.0,45,3584.0,60
rb1805,20171102,20171101,210135000,3584.0,60044,1445274,2154000460.0,3585.0,42,3584.0,107
rb1805,20171102,20171101,210135500,3584.0,60124,1445244,2156867940.0,3585.0,32,3584.0,143
rb1805,20171102,20171101,210136000,3585.0,60260,1445220,2161742940.0,3586.0,193,3585.0,19
rb1805,20171102,20171101,210136500,3584.0,60612,1445028,2174359900.0,3585.0,52,3584.0,114
rb1805,20171102,20171101,210137000,3584.0,60678,1445066,2176725820.0,3585.0,36,3584.0,141
rb1805,20171102,20171101,210137500,3585.0,60704,1445082,2177657780.0,3585.0,133,3584.0,158
rb1805,20171102,20171101,210138000,3585.0,60898,1445116,2184611940.0,3585.0,78,3584.0,137
rb1805,20171102,20171101,210138500,3585.0,61026,1445018,2189200700.0,3585.0,44,3584.0,160
rb1805,20171102,20171101,210139000,3584.0,61072,1445006,2190849560.0,3585.0,66,3584.0,159
rb1805,20171102,20171101,210139500,3585.0,61260,1445014,2197588840.0,3586.0,225,3585.0,49
rb1805,20171102,20171101,210140000,3585.0,61432,1444998,2203755040.0,3585.0,38,3584.0,190
rb1805,20171102,20171101,210140500,3585.0,61500,1444936,2206192780.0,3585.0,9,3584.0,203
rb1805,20171102,20171101,210141000,3585.0,61548,1444926,2207913320.0,3585.0,12,3584.0,184
rb1805,20171102,20171101,210141500,3585.0,61730,1444908,2214437980.0,3586.0,209,3584.0,221
rb1805,20171102,20171101,210142000,3585.0,61782,1444930,2216301980.0,3585.0,50,3584.0,214
rb1805,20171102,20171101,210142500,3585.0,61906,1444984,2220747340.0,3586.0,216,3585.0,91
rb1805,20171102,20171101,210143000,3585.0,61986,1445064,2223615340.0,3586.0,221,3585.0,74
rb1805,20171102,20171101,210143500,3585.0,62148,1445206,2229423280.0,3586.0,210,3585.0,53
rb1805,20171102,20171101,210144000,3585.0,62676,1445486,2248350300.0,3585.0,8,3584.0,135
rb1805,20171102,20171101,210144500,3586.0,62924,1445678,2257243200.0,3586.0,61,3584.0,134
rb1805,20171102,20171101,210145000,3585.0,62932,1445682,2257529980.0,3585.0,7,3584.0,141
rb1805,20171102,20171101,210145500,3585.0,63002,1445702,2260039480.0,3586.0,67,3585.0,19
rb1805,20171102,20171101,210146000,3586.0,63138,1445760,2264915680.0,3586.0,40,3585.0,9
rb1805,20171102,20171101,210146500,3585.0,63316,1445674,2271298460.0,3586.0,14,3585.0,51
rb1805,20171102,20171101,210147000,3585.0,63382,1445692,2273664820.0,3586.0,16,3585.0,42
rb1805,20171102,20171101,210147500,3585.0,63466,1445756,2276676220.0,3586.0,16,3585.0,15
rb1805,20171102,20171101,210148000,3586.0,63474,1445758,2276963080.0,3586.0,25,3585.0,25
rb1805,20171102,20171101,210148500,3585.0,63494,1445776,2277680100.0,3586.0,24,3585.0,41
rb1805,20171102,20171101,210149000,3586.0,63532,1445776,2279042700.0,3586.0,21,3585.0,41
rb1805,20171102,20171101,210149500,3586.0,63770,1445680,2287578060.0,3586.0,19,3585.0,36
rb1805,20171102,20171101,210150000,3586.0,63820,1445678,2289371060.0,3587.0,350,3586.0,479
rb1805,20171102,20171101,210150500,3587.0,63884,1445638,2291666280.0,3587.0,346,3586.0,583
rb1805,20171102,20171101,210151000,3586.0,64474,1445076,2312823720.0,3587.0,349,3586.0,300
rb1805,20171102,20171101,210151500,3587.0,65080,1444972,2334557560.0,3587.0,215,3586.0,139
rb1805,20171102,20171101,210152000,3587.0,65208,1444868,2339148800.0,3587.0,158,3586.0,234
rb1805,20171102,20171101,210152500,3586.0,65274,1444860,2341515800.0,3587.0,146,3586.0,254
rb1805,20171102,20171101,210153000,3586.0,66054,1444700,2369489020.0,3586.0,6,3585.0,131
rb1805,20171102,20171101,210153500,3587.0,66158,1444688,2373218820.0,3587.0,33,3585.0,224
rb1805,20171102,20171101,210154000,3587.0,66180,1444702,2374007900.0,3588.0,190,3586.0,17
rb1805,20171102,20171101,210154500,3586.0,66506,1444750,2385700180.0,3586.0,293,3585.0,330
rb1805,20171102,20171101,210155000,3586.0,66652,1444668,2390935740.0,3586.0,273,3585.0,348
rb1805,20171102,20171101,210155500,3585.0,66822,1444506,2397031900.0,3586.0,190,3585.0,365
rb1805,20171102,20171101,210156000,3585.0,67072,1444518,2405996780.0,3586.0,71,3585.0,359
rb1805,20171102,20171101,210156500,3586.0,67240,1444632,2412021320.0,3587.0,11,3586.0,580
rb1805,20171102,20171101,210157000,3588.0,67434,1444638,2418981080.0,3588.0,66,3587.0,15
rb1805,20171102,20171101,210157500,3587.0,67856,1444566,2434117320.0,3587.0,127,3586.0,957
rb1805,20171102,20171101,210158000,3586.0,68000,1444510,2439282560.0,3587.0,58,3586.0,976
rb1805,20171102,20171101,210158500,3587.0,68174,1444542,2445523960.0,3588.0,69,3587.0,127
rb1805,20171102,20171101,210159000,3587.0,68178,1444546,2445667440.0,3588.0,71,3587.0,157
rb1805,20171102,20171101,210159500,3587.0,68658,1444364,2462886100.0,3587.0,93,3586.0,972
rb1805,20171102,20171101,210200000,3588.0,68866,1444316,2470347240.0,3588.0,12,3587.0,139
rb1805,20171102,20171101,210200500,3587.0,68902,1444324,2471638800.0,3589.0,109,3588.0,51
rb1805,20171102,20171101,210201000,3587.0,69444,1444150,2491081980.0,3587.0,13,3586.0,1016
rb1805,20171102,20171101,210201500,3587.0,69494,1444142,2492875580.0,3589.0,122,3587.0,4
rb1805,20171102,20171101,210202000,3588.0,69580,1444066,2495960600.0,3588.0,21,3587.0,24
rb1805,20171102,20171101,210202500,3587.0,69700,1443976,2500266600.0,3588.0,2,3587.0,536
rb1805,20171102,20171101,210203000,3589.0,69752,1443986,2502132380.0,3589.0,593,3588.0,26
rb1805,20171102,20171101,210203500,3588.0,70038,1444052,2512393980.0,3588.0,52,3587.0,490
rb1805,20171102,20171101,210204000,3587.0,70142,1444014,2516125280.0,3588.0,72,3587.0,551
rb1805,20171102,20171101,210204500,3588.0,70446,1443902,2527030780.0,3588.0,31,3587.0,441
rb1805,20171102,20171101,210205000,3587.0,70908,1443710,2543610200.0,3589.0,435,3588.0,22
rb1805,20171102,20171101,210205500,3588.0,71044,1443788,2548489820.0,3589.0,445,3587.0,396
rb1805,20171102,20171101,210206000,3588.0,71064,1443788,2549207400.0,3588.0,98,3587.0,399
rb1805,20171102,20171101,210206500,3587.0,71448,1443702,2562986600.0,3589.0,359,3587.0,390
rb1805,20171102,20171101,210207000,3588.0,71468,1443710,2563704220.0,3589.0,366,3587.0,398
rb1805,20171102,20171101,210207500,3589.0,71512,1443752,2565283280.0,3589.0,345,3588.0,306
rb1805,20171102,20171101,210208000,3588.0,71568,1443768,2567292820.0,3589.0,334,3588.0,291
rb1805,20171102,20171101,210208500,3588.0,71868,1443714,2578058800.0,3589.0,237,3588.0,254
rb1805,20171102,20171101,210209000,3590.0,72390,1443692,2596793400.0,3590.0,305,3589.0,42
rb1805,20171102,20171101,210209500,3589.0,72732,1443606,2609070180.0,3590.0,220,3589.0,32
rb1805,20171102,20171101,210210000,3589.0,72770,1443608,2610434040.0,3590.0,209,3589.0,61
rb1805,20171102,20171101,210210500,3590.0,72826,1443604,2612444420.0,3590.0,174,3589.0,147
rb1805,20171102,20171101,210211000,3589.0,72906,1443572,2615316340.0,3590.0,138,3589.0,238
rb1805,20171102,20171101,210211500,3590.0,73238,1443502,2627235560.0,3591.0,16,3590.0,102
rb1805,20171102,20171101,210212000,3590.0,73244,1443498,2627451000.0,3591.0,29,3590.0,138
rb1805,20171102,20171101,210212500,3591.0,73366,1443454,2631831380.0,3591.0,4,3590.0,115
rb1805,20171102,20171101,210213000,3591.0,74068,1443668,2657034900.0,3592.0,107,3591.0,3
rb1805,20171102,20171101,210213500,3590.0,74166,1443640,2660554020.0,3591.0,114,3590.0,12
rb1805,20171102,20171101,210214000,3591.0,74372,1443620,2667951320.0,3591.0,20,3590.0,15
rb1805,20171102,20171101,210214500,3590.0,74542,1443620,2674054620.0,3591.0,5,3590.0,16
rb1805,20171102,20171101,210215000,3591.0,74590,1443606,2675778300.0,3592.0,113,3591.0,3
rb1805,20171102,20171101,210215500,3592.0,74860,1443412,2685476100.0,3592.0,9,3591.0,12
rb1805,20171102,20171101,210216000,3591.0,74900,1443384,2686912840.0,3592.0,13,3591.0,76
rb1805,20171102,20171101,210216500,3592.0,74996,1443418,2690361740.0,3593.0,260,3592.0,16
rb1805,20171102,20171101,210217000,3591.0,75120,1443498,2694815940.0,3592.0,3,3591.0,94
rb1805,20171102,20171101,210217500,3592.0,75192,1443512,2697402100.0,3593.0,254,3592.0,2
rb1805,20171102,20171101,210218000,3592.0,75258,1443520,2699772600.0,3592.0,5,3591.0,207
rb1805,20171102,20171101,210218500,3592.0,75354,1443552,2703221120.0,3593.0,241,3592.0,26
rb1805,20171102,20171101,210219000,3592.0,75728,1443434,2716657320.0,3593.0,148,3592.0,61
rb1805,20171102,20171101,210219500,3592.0,75988,1443508,2725996800.0,3593.0,148,3592.0,1
rb1805,20171102,20171101,210220000,3592.0,76100,1443470,2730020880.0,3593.0,97,3592.0,56
rb1805,20171102,20171101,210220500,3593.0,76194,1443424,2733397800.0,3593.0,81,3592.0,40
rb1805,20171102,20171101,210221000,3593.0,76464,1443542,2743095940.0,3592.0,4,3591.0,212
rb1805,20171102,20171101,210221500,3592.0,76736,1443338,2752866180.0,3592.0,80,3591.0,220
rb1805,20171102,20171101,210222000,3591.0,76752,1443324,2753440860.0,3592.0,128,3591.0,218
rb1805,20171102,20171101,210222500,3592.0,76766,1443316,2753943740.0,3592.0,157,3591.0,218
rb1805,20171102,20171101,210223000,3592.0,77178,1442940,2768738780.0,3592.0,248,3591.0,27
rb1805,20171102,20171101,210223500,3591.0,77326,1442896,2774053460.0,3591.0,85,3590.0,110
rb1805,20171102,20171101,210224000,3591.0,77358,1442912,2775202580.0,3591.0,223,3590.0,144
rb1805,20171102,20171101,210224500,3591.0,77434,1442934,2777931720.0,3591.0,451,3590.0,144
rb1805,20171102,20171101,210225000,3590.0,77708,1442916,2787770520.0,3591.0,344,3590.0,61
rb1805,20171102,20171101,210225500,3590.0,78018,1442746,2798899500.0,3590.0,101,3589.0,168
rb1805,20171102,20171101,210226000,3590.0,78050,1442764,2800048240.0,3590.0,104,3589.0,230
rb1805,20171102,20171101,210226500,3591.0,78294,1442600,2808807880.0,3591.0,326,3590.0,53
rb1805,20171102,20171101,210227000,3591.0,78388,1442596,2812182700.0,3591.0,313,3590.0,29
rb1805,20171102,20171101,210227500,3590.0,78406,1442600,2812829000.0,3591.0,308,3590.0,37
rb1805,20171102,20171101,210228000,3590.0,78418,1442588,2813259800.0,3591.0,324,3590.0,33
rb1805,20171102,20171101,210228500,3591.0,78458,1442606,2814696060.0,3591.0,311,3590.0,48
rb1805,20171102,20171101,210229000,3591.0,78486,1442614,2815701380.0,3591.0,329,3590.0,40
rb1805,20171102,20171101,210229500,3590.0,78516,1442626,2816778560.0,3591.0,311,3590.0,70
rb1805,20171102,20171101,210230000,3590.0,78646,1442564,2821445840.0,3591.0,298,3590.0,22
rb1805,20171102,20171101,210230500,3590.0,78718,1442572,2824030660.0,3590.0,46,3589.0,230
rb1805,20171102,20171101,210231000,3590.0,78804,1442588,2827118060.0,3590.0,26,3589.0,234
rb1805,20171102,20171101,210231500,3590.0,78884,1442650,2829990060.0,3590.0,101,3589.0,264
rb1805,20171102,20171101,210232000,3590.0,78954,1442660,2832503060.0,3590.0,123,3589.0,264
rb1805,20171102,20171101,210232500,3590.0,79134,1442580,2838965000.0,3590.0,77,3589.0,294
rb1805,20171102,20171101,210233000,3590.0,79376,1442582,2847653300.0,3591.0,273,3590.0,24
rb1805,20171102,20171101,210233500,3591.0,79494,1442678,2851889440.0,3591.0,287,3590.0,50
rb1805,20171102,20171101,210234000,3590.0,79528,1442652,2853110140.0,3591.0,305,3590.0,194
rb1805,20171102,20171101,210234500,3590.0,79550,1442632,2853899960.0,3591.0,304,3590.0,206
rb1805,20171102,20171101,210235000,3590.0,79566,1442628,2854474380.0,3591.0,328,3590.0,266
rb1805,20171102,20171101,210235500,3590.0,79594,1442618,2855479700.0,3591.0,328,3590.0,259
rb1805,20171102,20171101,210236000,3590.0,79640,1442582,2857131540.0,3591.0,335,3590.0,261
rb1805,20171102,20171101,210236500,3591.0,80330,1442102,2881908740.0,3591.0,31,3590.0,283
rb1805,20171102,20171101,210237000,3591.0,80428,1442036,2885427920.0,3592.0,229,3591.0,104
rb1805,20171102,20171101,210237500,3591.0,80442,1442028,2885930660.0,3592.0,241,3591.0,175
rb1805,20171102,20171101,210238000,3591.0,80480,1442006,2887295240.0,3592.0,229,3591.0,157
rb1805,20171102,20171101,210238500,3591.0,80502,1441998,2888085300.0,3592.0,228,3591.0,155
rb1805,20171102,20171101,210239000,3592.0,80544,1441990,2889593940.0,3592.0,210,3591.0,157
rb1805,20171102,20171101,210239500,3591.0,80616,1441994,2892180080.0,3592.0,179,3591.0,152
rb1805,20171102,20171101,210240000,3592.0,80662,1442002,2893832040.0,3592.0,180,3591.0,134
rb1805,20171102,20171101,210240500,3591.0,81090,1441890,2909200420.0,3592.0,171,3590.0,327
rb1805,20171102,20171101,210241000,3591.0,81498,1441704,2923847760.0,3591.0,22,3590.0,142
rb1805,20171102,20171101,210241500,3590.0,81644,1441814,2929089520.0,3591.0,104,3590.0,92
rb1805,20171102,20171101,210242000,3591.0,81960,1441740,2940435220.0,3591.0,139,3589.0,305
rb1805,20171102,20171101,210242500,3590.0,82012,1441702,2942302020.0,3590.0,32,3589.0,313
rb1805,20171102,20171101,210243000,3590.0,82036,1441702,2943163600.0,3590.0,114,3589.0,313
rb1805,20171102,20171101,210243500,3589.0,82184,1441634,2948476480.0,3590.0,62,3589.0,297
rb1805,20171102,20171101,210244000,3589.0,82222,1441636,2949840560.0,3590.0,55,3589.0,195
rb1805,20171102,20171101,210244500,3590.0,82318,1441594,2953286500.0,3590.0,34,3589.0,174
rb1805,20171102,20171101,210245000,3590.0,82326,1441590,2953573700.0,3590.0,85,3589.0,173
rb1805,20171102,20171101,210245500,3589.0,82404,1441590,2956373380.0,3590.0,82,3589.0,147
rb1805,20171102,20171101,210246000,3590.0,82490,1441586,2959459960.0,3590.0,86,3589.0,116
rb1805,20171102,20171101,210246500,3590.0,82614,1441486,2963911540.0,3590.0,28,3589.0,121
rb1805,20171102,20171101,210247000,3590.0,82626,1441484,2964342340.0,3590.0,23,3589.0,122
rb1805,20171102,20171101,210247500,3589.0,82642,1441480,2964916720.0,3590.0,24,3589.0,122
rb1805,20171102,20171101,210248000,3591.0,83166,1441836,2983732980.0,3592.0,210,3591.0,40
rb1805,20171102,20171101,210248500,3590.0,83310,1441844,2988902940.0,3591.0,153,3590.0,1
rb1805,20171102,20171101,210249000,3590.0,83402,1441850,2992205620.0,3590.0,80,3589.0,116
rb1805,20171102,20171101,210249500,3589.0,83880,1441636,3009370060.0,3590.0,1,3589.0,152
rb1805,20171102,20171101,210250000,3590.0,83940,1441628,3011524640.0,3592.0,148,3590.0,112
rb1805,20171102,20171101,210250500,3590.0,84354,1441366,3026384440.0,3590.0,1,3589.0,43
rb1805,20171102,20171101,210251000,3590.0,84372,1441358,3027030640.0,3590.0,57,3589.0,51
rb1805,20171102,20171101,210251500,3590.0,84412,1441330,3028466620.0,3590.0,46,3589.0,50
rb1805,20171102,20171101,210252000,3590.0,85056,1441028,3051577700.0,3590.0,88,3587.0,368
rb1805,20171102,20171101,210252500,3590.0,85104,1441074,3053300900.0,3589.0,4,3588.0,32
rb1805,20171102,20171101,210253000,3589.0,85178,1441120,3055956740.0,3589.0,58,3588.0,39
rb1805,20171102,20171101,210253500,3589.0,85220,1441130,3057464120.0,3589.0,52,3588.0,44
rb1805,20171102,20171101,210254000,3588.0,85350,1441168,3062128880.0,3589.0,34,3588.0,66
rb1805,20171102,20171101,210254500,3589.0,85506,1441166,3067726620.0,3589.0,11,3588.0,44
rb1805,20171102,20171101,210255000,3589.0,85556,1441150,3069521120.0,3590.0,122,3589.0,21
rb1805,20171102,20171101,210255500,3589.0,85568,1441150,3069951800.0,3590.0,121,3589.0,18
rb1805,20171102,20171101,210256000,3589.0,85672,1441152,3073685380.0,3590.0,54,3589.0,29
rb1805,20171102,20171101,210256500,3590.0,85682,1441152,3074044380.0,3590.0,62,3589.0,41
rb1805,20171102,20171101,210257000,3590.0,85694,1441152,3074475140.0,3590.0,65,3589.0,44
rb1805,20171102,20171101,210257500,3590.0,85830,1441224,3079357520.0,3591.0,82,3590.0,444
rb1805,20171102,20171101,210258000,3590.0,85942,1441324,3083378320.0,3591.0,95,3590.0,389
rb1805,20171102,20171101,210258500,3590.0,86008,1441382,3085747720.0,3591.0,87,3590.0,360
rb1805,20171102,20171101,210259000,3590.0,86436,1441408,3101112940.0,3591.0,88,3590.0,155
rb1805,20171102,20171101,210259500,3591.0,86878,1441644,3116981320.0,3591.0,58,3589.0,61
rb1805,20171102,20171101,210300000,3591.0,86922,1441628,3118561100.0,3591.0,115,3590.0,10
rb1805,20171102,20171101,210300500,3590.0,86944,1441618,3119350900.0,3590.0,6,3589.0,62
rb1805,20171102,20171101,210301000,3590.0,86976,1441638,3120499580.0,3591.0,146,3590.0,3
rb1805,20171102,20171101,210301500,3590.0,86996,1441648,3121217600.0,3591.0,227,3590.0,10
rb1805,20171102,20171101,210302000,3591.0,87052,1441658,3123227820.0,3591.0,223,3590.0,30
rb1805,20171102,20171101,210302500,3590.0,87082,1441660,3124305060.0,3591.0,213,3590.0,80
rb1805,20171102,20171101,210303000,3590.0,87188,1441560,3128111480.0,3591.0,162,3590.0,82
rb1805,20171102,20171101,210303500,3590.0,87494,1441542,3139099660.0,3591.0,24,3590.0,92
rb1805,20171102,20171101,210304000,3591.0,87546,1441572,3140966980.0,3592.0,244,3591.0,732
rb1805,20171102,20171101,210304500,3592.0,88036,1441854,3158567760.0,3593.0,891,3592.0,13
rb1805,20171102,20171101,210305000,3591.0,88288,1441950,3167620240.0,3593.0,827,3592.0,2
rb1805,20171102,20171101,210305500,3592.0,88350,1441976,3169847460.0,3593.0,817,3592.0,62
rb1805,20171102,20171101,210306000,3592.0,88494,1442048,3175020140.0,3593.0,809,3592.0,79
rb1805,20171102,20171101,210306500,3592.0,88564,1442020,3177534540.0,3593.0,809,3592.0,44
rb1805,20171102,20171101,210307000,3593.0,88578,1442018,3178037520.0,3593.0,804,3592.0,72
rb1805,20171102,20171101,210307500,3592.0,88824,1442184,3186874900.0,3592.0,157,3591.0,621
rb1805,20171102,20171101,210308000,3592.0,89368,1442322,3206417240.0,3593.0,659,3592.0,47
rb1805,20171102,20171101,210308500,3592.0,89410,1442338,3207926240.0,3593.0,643,3592.0,88
rb1805,20171102,20171101,210309000,3593.0,90138,1442928,3234083220.0,3593.0,282,3592.0,109
rb1805,20171102,20171101,210309500,3593.0,90708,1443024,3254563340.0,3594.0,229,3593.0,443
rb1805,20171102,20171101,210310000,3594.0,90842,1443014,3259379060.0,3594.0,169,3593.0,381
rb1805,20171102,20171101,210310500,3594.0,91212,1442870,3272676580.0,3594.0,2,3593.0,364
rb1805,20171102,20171101,210311000,3594.0,91240,1442892,3273682900.0,3595.0,425,3594.0,65
rb1805,20171102,20171101,210311500,3595.0,91256,1442908,3274257960.0,3595.0,422,3594.0,92
rb1805,20171102,20171101,210312000,3595.0,92358,1442110,3313875080.0,3596.0,200,3595.0,40
rb1805,20171102,20171101,210312500,3596.0,92822,1441692,3330560500.0,3597.0,347,3596.0,3
rb1805,20171102,20171101,210313000,3596.0,93038,1441726,3338329340.0,3597.0,288,3596.0,77
rb1805,20171102,20171101,210313500,3596.0,93158,1441774,3342645520.0,3597.0,757,3596.0,81
rb1805,20171102,20171101,210314000,3596.0,93348,1441856,3349477860.0,3596.0,42,3595.0,180
rb1805,20171102,20171101,210314500,3596.0,94194,1441594,3379885220.0,3596.0,83,3593.0,127
rb1805,20171102,20171101,210315000,3595.0,94260,1441554,3382258080.0,3595.0,54,3594.0,31
rb1805,20171102,20171101,210315500,3594.0,94330,1441512,3384774540.0,3595.0,16,3594.0,23
rb1805,20171102,20171101,210316000,3595.0,94408,1441468,3387578100.0,3595.0,12,3593.0,135
rb1805,20171102,20171101,210316500,3595.0,94444,1441470,3388872300.0,3596.0,374,3595.0,6
rb1805,20171102,20171101,210317000,3595.0,94512,1441420,3391316860.0,3595.0,121,3594.0,1
rb1805,20171102,20171101,210317500,3594.0,94590,1441410,3394120800.0,3594.0,3,3593.0,179
rb1805,20171102,20171101,210318000,3594.0,94718,1441346,3398721940.0,3595.0,102,3594.0,37
rb1805,20171102,20171101,210318500,3594.0,94768,1441320,3400519360.0,3595.0,88,3594.0,83
rb1805,20171102,20171101,210319000,3594.0,95000,1441212,3408857420.0,3594.0,85,3593.0,178
rb1805,20171102,20171101,210319500,3594.0,95052,1441200,3410726280.0,3594.0,61,3593.0,179
rb1805,20171102,20171101,210320000,3595.0,95294,1440994,3419424280.0,3595.0,114,3593.0,156
rb1805,20171102,20171101,210320500,3594.0,95540,1441098,3428267920.0,3596.0,307,3595.0,50
rb1805,20171102,20171101,210321000,3595.0,95552,1441090,3428699300.0,3596.0,317,3595.0,119
rb1805,20171102,20171101,210321500,3595.0,96308,1441422,3455886040.0,3597.0,744,3595.0,113
rb1805,20171102,20171101,210322000,3596.0,96334,1441418,3456820780.0,3596.0,2,3595.0,105
rb1805,20171102,20171101,210322500,3594.0,96898,1441846,3477100280.0,3595.0,1,3594.0,105
rb1805,20171102,20171101,210323000,3595.0,97118,1442002,3485009420.0,3597.0,752,3596.0,3
rb1805,20171102,20171101,210323500,3595.0,97248,1442068,3489684100.0,3596.0,13,3595.0,15
rb1805,20171102,20171101,210324000,3596.0,97284,1442056,3490978640.0,3597.0,731,3596.0,192
rb1805,20171102,20171101,210324500,3596.0,97390,1441972,3494790880.0,3597.0,707,3596.0,175
rb1805,20171102,20171101,210325000,3597.0,97508,1441944,3499034660.0,3597.0,677,3596.0,147
rb1805,20171102,20171101,210325500,3596.0,97742,1441926,3507450800.0,3597.0,619,3596.0,100
rb1805,20171102,20171101,210326000,3597.0,98244,1441916,3525507560.0,3597.0,379,3596.0,131
rb1805,20171102,20171101,210326500,3597.0,99102,1442020,3556370500.0,3598.0,711,3597.0,10
rb1805,20171102,20171101,210327000,3598.0,99324,1442050,3564357860.0,3598.0,610,3597.0,38
rb1805,20171102,20171101,210327500,3597.0,99614,1442072,3574791840.0,3598.0,578,3597.0,523
rb1805,20171102,20171101,210328000,3597.0,99740,1442088,3579324900.0,3598.0,388,3597.0,685
rb1805,20171102,20171101,210328500,3598.0,100590,1442418,3609907700.0,3599.0,324,3598.0,22
rb1805,20171102,20171101,210329000,3599.0,101256,1442296,3633876780.0,3599.0,4,3598.0,176
rb1805,20171102,20171101,210329500,3599.0,101472,1442356,3641651760.0,3600.0,385,3599.0,159
rb1805,20171102,20171101,210330000,3599.0,101548,1442362,3644387500.0,3600.0,374,3599.0,179
rb1805,20171102,20171101,210330500,3599.0,101832,1442286,3654611200.0,3600.0,259,3599.0,133
rb1805,20171102,20171101,210331000,3600.0,102096,1442238,3664114700.0,3600.0,167,3599.0,133
rb1805,20171102,20171101,210331500,3600.0,102330,1442140,3672538460.0,3600.0,434,3599.0,123
rb1805,20171102,20171101,210332000,3600.0,103038,1442114,3698024000.0,3600.0,257,3599.0,38
rb1805,20171102,20171101,210332500,3600.0,103362,1441850,3709687320.0,3600.0,134,3599.0,7
rb1805,20171102,20171101,210333000,3600.0,103534,1441818,3715878300.0,3600.0,122,3598.0,210
rb1805,20171102,20171101,210333500,3598.0,103616,1441834,3718829380.0,3599.0,1,3598.0,189
rb1805,20171102,20171101,210334000,3600.0,103782,1441726,3724804920.0,3600.0,83,3599.0,32
rb1805,20171102,20171101,210334500,3599.0,104096,1441526,3736104280.0,3600.0,71,3598.0,105
rb1805,20171102,20171101,210335000,3599.0,104550,1441386,3752447820.0,3601.0,104,3600.0,232
rb1805,20171102,20171101,210335500,3600.0,104624,1441354,3755112080.0,3601.0,52,3600.0,215
rb1805,20171102,20171101,210336000,3599.0,105198,1441166,3775775840.0,3599.0,45,3598.0,227
rb1805,20171102,20171101,210336500,3599.0,105292,1441174,3779158340.0,3599.0,31,3598.0,219
rb1805,20171102,20171101,210337000,3599.0,105558,1440990,3788733380.0,3599.0,26,3598.0,229
rb1805,20171102,20171101,210337500,3599.0,105686,1440956,3793340500.0,3600.0,64,3599.0,17
rb1805,20171102,20171101,210338000,3599.0,105728,1440948,3794852180.0,3600.0,72,3599.0,11
rb1805,20171102,20171101,210338500,3599.0,105846,1440918,3799098200.0,3599.0,35,3598.0,210
rb1805,20171102,20171101,210339000,3599.0,105894,1440930,3800825560.0,3599.0,25,3598.0,229
rb1805,20171102,20171101,210339500,3599.0,106128,1440910,3809248880.0,3600.0,117,3599.0,3
rb1805,20171102,20171101,210340000,3599.0,106304,1440916,3815583080.0,3599.0,39,3598.0,226
rb1805,20171102,20171101,210340500,3598.0,106350,1440914,3817238500.0,3599.0,105,3598.0,230
rb1805,20171102,20171101,210341000,3599.0,106858,1440750,3835516940.0,3599.0,95,3597.0,832
rb1805,20171102,20171101,210341500,3598.0,106872,1440746,3836020700.0,3598.0,207,3597.0,840
rb1805,20171102,20171101,210342000,3598.0,107014,1440742,3841128820.0,3598.0,190,3597.0,790
rb1805,20171102,20171101,210342500,3597.0,107154,1440836,3846164780.0,3598.0,183,3597.0,739
rb1805,20171102,20171101,210343000,3597.0,107316,1440742,3851993180.0,3598.0,321,3597.0,698
rb1805,20171102,20171101,210343500,3598.0,107508,1440840,3858899560.0,3598.0,546,3597.0,609
rb1805,20171102,20171101,210344000,3597.0,109420,1441414,3927673620.0,3597.0,120,3596.0,99
rb1805,20171102,20171101,210344500,3596.0,109988,1441514,3948094360.0,3596.0,701,3594.0,44
rb1805,20171102,20171101,210345000,3595.0,110028,1441540,3949532040.0,3595.0,42,3594.0,52
rb1805,20171102,20171101,210345500,3595.0,110084,1441530,3951544940.0,3595.0,59,3594.0,98
rb1805,20171102,20171101,210346000,3596.0,110900,1441880,3980883620.0,3596.0,553,3594.0,47
rb1805,20171102,20171101,210346500,3594.0,110908,1441876,3981171240.0,3596.0,551,3594.0,57
rb1805,20171102,20171101,210347000,3594.0,110976,1441838,3983615260.0,3596.0,550,3595.0,3
rb1805,20171102,20171101,210347500,3596.0,111052,1441810,3986347760.0,3596.0,495,3595.0,16
rb1805,20171102,20171101,210348000,3595.0,111150,1441782,3989870900.0,3595.0,8,3594.0,40
rb1805,20171102,20171101,210348500,3596.0,111254,1441712,3993610440.0,3596.0,448,3595.0,85
rb1805,20171102,20171101,210349000,3595.0,111328,1441674,3996271120.0,3596.0,431,3595.0,241
rb1805,20171102,20171101,210349500,3595.0,111604,1441408,4006196000.0,3596.0,297,3595.0,239
rb1805,20171102,20171101,210350000,3596.0,112328,1441144,4032232040.0,3597.0,450,3596.0,124
rb1805,20171102,20171101,210350500,3596.0,112332,1441144,4032375880.0,3597.0,466,3596.0,128
rb1805,20171102,20171101,210351000,3596.0,112344,1441154,4032807420.0,3597.0,465,3596.0,161
rb1805,20171102,20171101,210351500,3596.0,112358,1441162,4033310860.0,3597.0,477,3596.0,161
rb1805,20171102,20171101,210352000,3596.0,112386,1441170,4034317940.0,3597.0,471,3596.0,165
rb1805,20171102,20171101,210352500,3597.0,112434,1441174,4036044100.0,3597.0,473,3596.0,152
rb1805,20171102,20171101,210353000,3596.0,112512,1441120,4038849060.0,3597.0,469,3596.0,118
rb1805,20171102,20171101,210353500,3596.0,112576,1441096,4041150920.0,3597.0,464,3596.0,108
rb1805,20171102,20171101,210354000,3596.0,112618,1441112,4042661300.0,3597.0,463,3596.0,100
rb1805,20171102,20171101,210354500,3597.0,112760,1441150,4047769020.0,3597.0,393,3596.0,99
rb1805,20171102,20171101,210355000,3597.0,112866,1441246,4051580980.0,3597.0,443,3596.0,56
rb1805,20171102,20171101,210355500,3596.0,112984,1441242,4055825220.0,3597.0,430,3596.0,68
rb1805,20171102,20171101,210356000,3596.0,113002,1441250,4056472600.0,3597.0,426,3596.0,67
rb1805,20171102,20171101,210356500,3596.0,113150,1441296,4061795880.0,3597.0,404,3596.0,53
rb1805,20171102,20171101,210357000,3596.0,113258,1441370,4065679640.0,3596.0,24,3595.0,369
rb1805,20171102,20171101,210357500,3595.0,113292,1441370,4066902140.0,3596.0,74,3595.0,371
rb1805,20171102,20171101,210358000,3596.0,113386,1441396,4070282000.0,3596.0,56,3595.0,368
rb1805,20171102,20171101,210358500,3596.0,113818,1441014,4085812560.0,3596.0,58,3595.0,160
rb1805,20171102,20171101,210359000,3595.0,113848,1441030,4086891180.0,3596.0,124,3595.0,151
rb1805,20171102,20171101,210359500,3596.0,114268,1440824,4101993380.0,3597.0,413,3596.0,200
rb1805,20171102,20171101,210400000,3596.0,114440,1440798,4108178500.0,3597.0,414,3596.0,165
rb1805,20171102,20171101,210400500,3596.0,114798,1440530,4121051940.0,3596.0,14,3595.0,92
rb1805,20171102,20171101,210401000,3595.0,114820,1440536,4121842980.0,3596.0,157,3595.0,215
rb1805,20171102,20171101,210401500,3596.0,115286,1440174,4138596120.0,3596.0,170,3595.0,7
rb1805,20171102,20171101,210402000,3595.0,116066,1440110,4166631660.0,3595.0,37,3594.0,1
rb1805,20171102,20171101,210402500,3595.0,116134,1440102,4169075900.0,3595.0,142,3594.0,10
rb1805,20171102,20171101,210403000,3595.0,116158,1440126,4169938500.0,3595.0,154,3594.0,57
rb1805,20171102,20171101,210403500,3595.0,116192,1440134,4171160660.0,3595.0,144,3594.0,83
rb1805,20171102,20171101,210404000,3595.0,116494,1439932,4182017560.0,3596.0,147,3595.0,3
rb1805,20171102,20171101,210404500,3595.0,116652,1440026,4187696260.0,3595.0,9,3594.0,17
rb1805,20171102,20171101,210405000,3595.0,116674,1440020,4188487020.0,3595.0,36,3594.0,18
rb1805,20171102,20171101,210405500,3595.0,116766,1439960,4191794420.0,3596.0,158,3595.0,36
rb1805,20171102,20171101,210406000,3594.0,116988,1439862,4199773880.0,3594.0,38,3593.0,102
rb1805,20171102,20171101,210406500,3594.0,117118,1439858,4204446480.0,3595.0,57,3594.0,216
rb1805,20171102,20171101,210407000,3596.0,117296,1439912,4210845760.0,3596.0,152,3595.0,33
rb1805,20171102,20171101,210407500,3595.0,117320,1439936,4211708560.0,3596.0,128,3595.0,51
rb1805,20171102,20171101,210408000,3595.0,117492,1439878,4217893560.0,3596.0,83,3595.0,52
rb1805,20171102,20171101,210408500,3595.0,117512,1439878,4218612720.0,3596.0,81,3595.0,50
rb1805,20171102,20171101,210409000,3595.0,117630,1439956,4222854900.0,3595.0,1,3594.0,129
rb1805,20171102,20171101,210409500,3595.0,117704,1439968,4225515200.0,3596.0,80,3595.0,90
rb1805,20171102,20171101,210410000,3595.0,117866,1439840,4231339140.0,3595.0,45,3594.0,94
rb1805,20171102,20171101,210410500,3595.0,117896,1439818,4232417640.0,3595.0,78,3594.0,99
rb1805,20171102,20171101,210411000,3594.0,118322,1439718,4247726120.0,3595.0,78,3594.0,46
rb1805,20171102,20171101,210411500,3594.0,118542,1439524,4255633880.0,3594.0,31,3593.0,39
rb1805,20171102,20171101,210412000,3595.0,118708,1439464,4261600900.0,3595.0,13,3594.0,40
rb1805,20171102,20171101,210412500,3595.0,118816,1439540,4265482980.0,3595.0,102,3594.0,23
rb1805,20171102,20171101,210413000,3595.0,118926,1439436,4269437480.0,3595.0,157,3594.0,43
rb1805,20171102,20171101,210413500,3594.0,119312,1439396,4283312560.0,3594.0,122,3593.0,151
rb1805,20171102,20171101,210414000,3593.0,119806,1439758,4301066260.0,3595.0,116,3593.0,120
rb1805,20171102,20171101,210414500,3595.0,120270,1439458,4317746500.0,3596.0,234,3595.0,44
rb1805,20171102,20171101,210415000,3595.0,120570,1439510,4328533220.0,3595.0,56,3594.0,17
rb1805,20171102,20171101,210415500,3594.0,120710,1439388,4333566180.0,3595.0,25,3594.0,47
rb1805,20171102,20171101,210416000,3592.0,121138,1439226,4348945080.0,3595.0,29,3594.0,36
rb1805,20171102,20171101,210416500,3594.0,121242,1439218,4352682780.0,3594.0,182,3593.0,1
rb1805,20171102,20171101,210417000,3594.0,121414,1439078,4358864460.0,3594.0,98,3593.0,2
rb1805,20171102,20171101,210417500,3594.0,121452,1439050,4360230100.0,3594.0,54,3593.0,12
rb1805,20171102,20171101,210418000,3595.0,121584,1438954,4364974180.0,3595.0,31,3594.0,37
rb1805,20171102,20171101,210418500,3595.0,121720,1438848,4369863380.0,3596.0,173,3595.0,443
rb1805,20171102,20171101,210419000,3595.0,121768,1438838,4371588980.0,3596.0,174,3595.0,429
rb1805,20171102,20171101,210419500,3595.0,121888,1438784,4375902980.0,3596.0,201,3595.0,369
rb1805,20171102,20171101,210420000,3595.0,121958,1438778,4378419480.0,3596.0,201,3595.0,335
rb1805,20171102,20171101,210420500,3595.0,122628,1438302,4402505980.0,3595.0,142,3594.0,68
rb1805,20171102,20171101,210421000,3595.0,122782,1438192,4408040820.0,3595.0,184,3593.0,79
rb1805,20171102,20171101,210421500,3593.0,122806,1438182,4408903500.0,3594.0,18,3593.0,78
rb1805,20171102,20171101,210422000,3594.0,122904,1438086,4412425620.0,3595.0,182,3594.0,56
rb1805,20171102,20171101,210422500,3595.0,123076,1437950,4418607820.0,3595.0,167,3594.0,2
rb1805,20171102,20171101,210423000,3594.0,123220,1437846,4423783180.0,3594.0,129,3593.0,129
rb1805,20171102,20171101,210423500,3594.0,123272,1437834,4425652060.0,3594.0,342,3593.0,129
rb1805,20171102,20171101,210424000,3594.0,123302,1437838,4426730060.0,3594.0,351,3593.0,129
rb1805,20171102,20171101,210424500,3594.0,124368,1437882,4465045120.0,3594.0,4,3593.0,117
rb1805,20171102,20171101,210425000,3595.0,124544,1437816,4471371040.0,3595.0,1,3594.0,461
rb1805,20171102,20171101,210425500,3595.0,124634,1437826,4474606540.0,3596.0,204,3595.0,170
rb1805,20171102,20171101,210426000,3595.0,124652,1437832,4475253640.0,3596.0,199,3595.0,141
rb1805,20171102,20171101,210426500,3595.0,124866,1438044,4482946940.0,3596.0,201,3595.0,39
rb1805,20171102,20171101,210427000,3595.0,124942,1438110,4485679120.0,3595.0,3,3594.0,364
rb1805,20171102,20171101,210427500,3594.0,124982,1438088,4487117100.0,3595.0,34,3594.0,365
rb1805,20171102,20171101,210428000,3594.0,125014,1438120,4488267180.0,3595.0,39,3594.0,357
rb1805,20171102,20171101,210428500,3595.0,125018,1438120,4488410960.0,3595.0,40,3594.0,331
rb1805,20171102,20171101,210429000,3595.0,125088,1438134,4490927360.0,3595.0,14,3594.0,336
rb1805,20171102,20171101,210429500,3595.0,125122,1438138,4492149640.0,3595.0,28,3594.0,335
rb1805,20171102,20171101,210430000,3595.0,125122,1438138,4492149640.0,3595.0,32,3594.0,338
rb1805,20171102,20171101,210430500,3595.0,125234,1438218,4496175000.0,3595.0,36,3594.0,248
rb1805,20171102,20171101,210431000,3594.0,125356,1438214,4500559880.0,3595.0,34,3594.0,209
rb1805,20171102,20171101,210431500,3594.0,125362,1438212,4500775560.0,3595.0,104,3594.0,211
rb1805,20171102,20171101,210432000,3595.0,125394,1438212,4501925960.0,3595.0,90,3594.0,207
rb1805,20171102,20171101,210432500,3595.0,125418,1438210,4502788760.0,3595.0,220,3594.0,209
rb1805,20171102,20171101,210433000,3595.0,125418,1438210,4502788760.0,3595.0,172,3594.0,210
rb1805,20171102,20171101,210433500,3594.0,125850,1438058,4518314960.0,3594.0,45,3593.0,168
rb1805,20171102,20171101,210434000,3594.0,125874,1438054,4519177520.0,3594.0,167,3593.0,174
rb1805,20171102,20171101,210434500,3594.0,125908,1438044,4520399480.0,3594.0,157,3593.0,149
rb1805,20171102,20171101,210435000,3594.0,125944,1438044,4521693320.0,3594.0,142,3593.0,150
rb1805,20171102,20171101,210435500,3594.0,125984,1438008,4523130920.0,3594.0,122,3593.0,150
rb1805,20171102,20171101,210436000,3594.0,125996,1438000,4523562160.0,3594.0,118,3593.0,149
rb1805,20171102,20171101,210436500,3594.0,126038,1437990,4525071600.0,3594.0,121,3593.0,149
rb1805,20171102,20171101,210437000,3594.0,126042,1437994,4525215360.0,3594.0,262,3593.0,150
rb1805,20171102,20171101,210437500,3593.0,126058,1438006,4525790360.0,3594.0,258,3593.0,156
rb1805,20171102,20171101,210438000,3594.0,126194,1438104,4530678000.0,3594.0,200,3593.0,166
rb1805,20171102,20171101,210438500,3593.0,126200,1438104,4530893580.0,3594.0,202,3593.0,171
rb1805,20171102,20171101,210439000,3593.0,126556,1438290,4543684680.0,3593.0,33,3592.0,374
rb1805,20171102,20171101,210439500,3593.0,126712,1438316,4549290000.0,3594.0,205,3593.0,83
rb1805,20171102,20171101,210440000,3594.0,126762,1438308,4551086980.0,3594.0,186,3593.0,87
rb1805,20171102,20171101,210440500,3594.0,126826,1438278,4553387120.0,3594.0,156,3593.0,89
rb1805,20171102,20171101,210441000,3594.0,127090,1438286,4562874920.0,3594.0,43,3593.0,73
rb1805,20171102,20171101,210441500,3594.0,127204,1438320,4566972180.0,3595.0,354,3594.0,28
rb1805,20171102,20171101,210442000,3594.0,127280,1438366,4569703620.0,3594.0,8,3593.0,161
rb1805,20171102,20171101,210442500,3595.0,127300,1438346,4570422460.0,3594.0,60,3593.0,173
rb1805,20171102,20171101,210443000,3594.0,127306,1438348,4570638100.0,3594.0,58,3593.0,196
rb1805,20171102,20171101,210443500,3594.0,127322,1438358,4571213140.0,3594.0,66,3593.0,197
rb1805,20171102,20171101,210444000,3593.0,127336,1438344,4571716160.0,3594.0,66,3593.0,202
rb1805,20171102,20171101,210444500,3594.0,127560,1438344,4579766700.0,3594.0,5,3593.0,202
rb1805,20171102,20171101,210445000,3594.0,127576,1438350,4580341740.0,3595.0,466,3594.0,25
rb1805,20171102,20171101,210445500,3594.0,127602,1438366,4581276180.0,3595.0,468,3594.0,20
rb1805,20171102,20171101,210446000,3594.0,127646,1438370,4582857540.0,3594.0,16,3593.0,235
rb1805,20171102,20171101,210446500,3593.0,127650,1438372,4583001280.0,3594.0,16,3593.0,234
rb1805,20171102,20171101,210447000,3595.0,128688,1438076,4620317060.0,3596.0,174,3595.0,11
rb1805,20171102,20171101,210447500,3595.0,128714,1438076,4621251760.0,3595.0,51,3594.0,50
rb1805,20171102,20171101,210448000,3595.0,128830,1438048,4625421960.0,3596.0,203,3595.0,121
rb1805,20171102,20171101,210448500,3596.0,128854,1438040,4626284880.0,3596.0,196,3595.0,169
rb1805,20171102,20171101,210449000,3595.0,128864,1438040,4626644380.0,3596.0,197,3595.0,172
rb1805,20171102,20171101,210449500,3595.0,128868,1438040,4626788180.0,3596.0,198,3595.0,170
rb1805,20171102,20171101,210450000,3594.0,129290,1438138,4641958420.0,3595.0,22,3594.0,567
rb1805,20171102,20171101,210450500,3596.0,129416,1438164,4646488180.0,3596.0,187,3595.0,500
rb1805,20171102,20171101,210451000,3595.0,129456,1438164,4647926180.0,3596.0,186,3595.0,482
rb1805,20171102,20171101,210451500,3596.0,129462,1438164,4648141940.0,3596.0,183,3595.0,483
rb1805,20171102,20171101,210452000,3595.0,129472,1438166,4648501500.0,3596.0,179,3595.0,481
rb1805,20171102,20171101,210452500,3596.0,129504,1438170,4649651940.0,3596.0,280,3595.0,467
rb1805,20171102,20171101,210453000,3596.0,129826,1438104,4661229840.0,3596.0,204,3595.0,426
rb1805,20171102,20171101,210453500,3595.0,129844,1438112,4661877040.0,3596.0,259,3595.0,422
rb1805,20171102,20171101,210454000,3595.0,129886,1438100,4663387060.0,3596.0,277,3595.0,407
rb1805,20171102,20171101,210454500,3595.0,129886,1438100,4663387060.0,3596.0,283,3595.0,407
rb1805,20171102,20171101,210455000,3596.0,129950,1438090,4665688500.0,3596.0,333,3595.0,407
rb1805,20171102,20171101,210455500,3596.0,129962,1438092,4666119920.0,3596.0,334,3595.0,402
rb1805,20171102,20171101,210456000,3596.0,130226,1438096,4675611460.0,3596.0,322,3595.0,307
rb1805,20171102,20171101,210456500,3596.0,130326,1438080,4679206620.0,3596.0,330,3595.0,268
rb1805,20171102,20171101,210457000,3595.0,131110,1437466,4707392800.0,3595.0,48,3594.0,507
rb1805,20171102,20171101,210457500,3595.0,132244,1438116,4748149760.0,3595.0,155,3593.0,146
rb1805,20171102,20171101,210458000,3595.0,132550,1438100,4759148960.0,3595.0,81,3593.0,138
rb1805,20171102,20171101,210458500,3595.0,132580,1438100,4760227100.0,3595.0,111,3593.0,130
rb1805,20171102,20171101,210459000,3595.0,132622,1438140,4761737000.0,3595.0,138,3593.0,118
rb1805,20171102,20171101,210459500,3595.0,132808,1438308,4768423380.0,3595.0,164,3594.0,3
rb1805,20171102,20171101,210500000,3593.0,132984,1438344,4774747120.0,3594.0,10,3593.0,25
rb1805,20171102,20171101,210500500,3594.0,133092,1438328,4778628240.0,3594.0,40,3593.0,4
rb1805,20171102,20171101,210501000,3594.0,133112,1438336,4779346820.0,3594.0,136,3592.0,419
rb1805,20171102,20171101,210501500,3594.0,133138,1438338,4780281080.0,3594.0,126,3593.0,1
rb1805,20171102,20171101,210502000,3593.0,133202,1438326,4782580740.0,3594.0,108,3593.0,6
rb1805,20171102,20171101,210502500,3594.0,133226,1438348,4783443240.0,3594.0,91,3593.0,5
rb1805,20171102,20171101,210503000,3593.0,133238,1438346,4783874400.0,3593.0,36,3592.0,408
rb1805,20171102,20171101,210503500,3594.0,133510,1438288,4793649140.0,3594.0,15,3593.0,47
rb1805,20171102,20171101,210504000,3594.0,133540,1438288,4794727180.0,3594.0,58,3593.0,60
rb1805,20171102,20171101,210504500,3594.0,133806,1438550,4804286580.0,3595.0,174,3594.0,107
rb1805,20171102,20171101,210505000,3594.0,133950,1438556,4809461940.0,3595.0,235,3594.0,35
rb1805,20171102,20171101,210505500,3594.0,134040,1438574,4812696540.0,3594.0,195,3593.0,137
rb1805,20171102,20171101,210506000,3593.0,134054,1438576,4813199600.0,3594.0,212,3593.0,132
rb1805,20171102,20171101,210506500,3594.0,134114,1438574,4815355420.0,3594.0,224,3593.0,149
rb1805,20171102,20171101,210507000,3593.0,134216,1438662,4819020300.0,3594.0,239,3593.0,109
rb1805,20171102,20171101,210507500,3593.0,134232,1438666,4819595180.0,3594.0,219,3593.0,64
rb1805,20171102,20171101,210508000,3593.0,134232,1438666,4819595180.0,3594.0,224,3593.0,69
rb1805,20171102,20171101,210508500,3593.0,134360,1438674,4824194280.0,3594.0,219,3593.0,14
rb1805,20171102,20171101,210509000,3593.0,134408,1438708,4825919120.0,3593.0,128,3592.0,415
rb1805,20171102,20171101,210509500,3593.0,134706,1438976,4836626600.0,3594.0,188,3593.0,58
rb1805,20171102,20171101,210510000,3593.0,134746,1438982,4838064000.0,3594.0,193,3593.0,49
rb1805,20171102,20171101,210510500,3594.0,134808,1438994,4840291700.0,3594.0,192,3593.0,72
rb1805,20171102,20171101,210511000,3593.0,134842,1439026,4841513320.0,3594.0,229,3593.0,57
rb1805,20171102,20171101,210511500,3593.0,134866,1439046,4842375640.0,3594.0,231,3593.0,46
rb1805,20171102,20171101,210512000,3593.0,134912,1439086,4844028440.0,3594.0,228,3593.0,29
rb1805,20171102,20171101,210512500,3594.0,134950,1439122,4845393820.0,3594.0,229,3593.0,12
rb1805,20171102,20171101,210513000,3593.0,134970,1439134,4846112440.0,3594.0,229,3593.0,6
rb1805,20171102,20171101,210513500,3593.0,134972,1439132,4846184300.0,3594.0,231,3593.0,7
rb1805,20171102,20171101,210514000,3593.0,134994,1439128,4846974820.0,3594.0,226,3592.0,420
rb1805,20171102,20171101,210514500,3593.0,134998,1439128,4847118560.0,3593.0,6,3592.0,420
rb1805,20171102,20171101,210515000,3593.0,135066,1439116,4849561800.0,3594.0,197,3593.0,40
rb1805,20171102,20171101,210515500,3593.0,135082,1439116,4850136720.0,3594.0,202,3593.0,40
rb1805,20171102,20171101,210516000,3593.0,135172,1439126,4853370420.0,3594.0,207,3593.0,45
rb1805,20171102,20171101,210516500,3593.0,135214,1439122,4854879600.0,3594.0,204,3593.0,54
rb1805,20171102,20171101,210517000,3594.0,135220,1439122,4855095200.0,3594.0,202,3593.0,55
rb1805,20171102,20171101,210517500,3593.0,135230,1439116,4855454500.0,3594.0,200,3593.0,51
rb1805,20171102,20171101,210518000,3593.0,135232,1439116,4855526360.0,3594.0,185,3593.0,78
rb1805,20171102,20171101,210518500,3593.0,135242,1439114,4855885660.0,3594.0,188,3593.0,75
rb1805,20171102,20171101,210519000,3594.0,135318,1439108,4858616360.0,3594.0,185,3593.0,38
rb1805,20171102,20171101,210519500,3593.0,135324,1439114,4858831940.0,3594.0,187,3593.0,35
rb1805,20171102,20171101,210520000,3593.0,135436,1439122,4862856100.0,3593.0,71,3592.0,408
rb1805,20171102,20171101,210520500,3592.0,135450,1439128,4863359080.0,3593.0,75,3592.0,411
rb1805,20171102,20171101,210521000,3593.0,135456,1439128,4863574660.0,3593.0,132,3592.0,412
rb1805,20171102,20171101,210521500,3592.0,135466,1439120,4863933880.0,3593.0,141,3592.0,408
rb1805,20171102,20171101,210522000,3592.0,136286,1438644,4893388300.0,3592.0,118,3591.0,164
rb1805,20171102,20171101,210522500,3591.0,136548,1438674,4902797060.0,3592.0,110,3591.0,50
rb1805,20171102,20171101,210523000,3591.0,136656,1438724,4906675400.0,3591.0,11,3590.0,488
rb1805,20171102,20171101,210523500,3591.0,136784,1438654,4911272240.0,3591.0,12,3590.0,472
rb1805,20171102,20171101,210524000,3591.0,136924,1438620,4916299960.0,3592.0,104,3591.0,59
rb1805,20171102,20171101,210524500,3591.0,137242,1438728,4927719320.0,3591.0,69,3590.0,471
rb1805,20171102,20171101,210525000,3591.0,137254,1438732,4928150240.0,3591.0,69,3590.0,472
rb1805,20171102,20171101,210525500,3591.0,137400,1438786,4933392460.0,3591.0,28,3590.0,440
rb1805,20171102,20171101,210526000,3591.0,137504,1438758,4937127100.0,3592.0,110,3591.0,40
rb1805,20171102,20171101,210526500,3591.0,137554,1438776,4938922780.0,3592.0,101,3591.0,24
rb1805,20171102,20171101,210527000,3591.0,137580,1438794,4939856460.0,3592.0,101,3591.0,14
rb1805,20171102,20171101,210527500,3592.0,137604,1438800,4940718320.0,3592.0,100,3591.0,7
rb1805,20171102,20171101,210528000,3590.0,137652,1438824,4942441700.0,3591.0,6,3590.0,436
rb1805,20171102,20171101,210528500,3590.0,137692,1438802,4943878020.0,3591.0,1,3590.0,451
rb1805,20171102,20171101,210529000,3590.0,137832,1438806,4948905400.0,3591.0,4,3590.0,449
rb1805,20171102,20171101,210529500,3591.0,137868,1438798,4950198160.0,3592.0,99,3591.0,44
rb1805,20171102,20171101,210530000,3591.0,137882,1438796,4950700980.0,3592.0,95,3591.0,42
rb1805,20171102,20171101,210530500,3591.0,137970,1438722,4953861060.0,3591.0,60,3590.0,457
rb1805,20171102,20171101,210531000,3591.0,138000,1438716,4954938160.0,3591.0,73,3590.0,447
rb1805,20171102,20171101,210531500,3591.0,138274,1438644,4964775080.0,3591.0,62,3590.0,331
rb1805,20171102,20171101,210532000,3590.0,138292,1438662,4965421280.0,3591.0,106,3590.0,322
rb1805,20171102,20171101,210532500,3590.0,138336,1438672,4967001060.0,3591.0,103,3590.0,309
rb1805,20171102,20171101,210533000,3590.0,138440,1438730,4970734900.0,3591.0,112,3590.0,270
rb1805,20171102,20171101,210533500,3590.0,138494,1438740,4972674020.0,3591.0,87,3590.0,270
rb1805,20171102,20171101,210534000,3591.0,138704,1438702,4980215000.0,3591.0,6,3590.0,271
rb1805,20171102,20171101,210534500,3590.0,139070,1438616,4993354980.0,3592.0,89,3590.0,119
rb1805,20171102,20171101,210535000,3591.0,139084,1438628,4993857720.0,3591.0,2,3590.0,122
rb1805,20171102,20171101,210535500,3590.0,139088,1438628,4994001340.0,3591.0,42,3590.0,126
rb1805,20171102,20171101,210536000,3591.0,139168,1438700,4996874120.0,3591.0,4,3590.0,130
rb1805,20171102,20171101,210536500,3592.0,139368,1438628,5004057260.0,3592.0,32,3590.0,130
rb1805,20171102,20171101,210537000,3590.0,139470,1438716,5007719080.0,3592.0,45,3590.0,86
rb1805,20171102,20171101,210537500,3590.0,139490,1438710,5008437120.0,3591.0,2,3590.0,89
rb1805,20171102,20171101,210538000,3590.0,139678,1438782,5015186340.0,3590.0,75,3589.0,151
rb1805,20171102,20171101,210538500,3590.0,139692,1438792,5015688940.0,3590.0,94,3589.0,151
rb1805,20171102,20171101,210539000,3590.0,139730,1438804,5017053100.0,3590.0,78,3589.0,149
rb1805,20171102,20171101,210539500,3590.0,139740,1438806,5017412020.0,3590.0,109,3589.0,145
rb1805,20171102,20171101,210540000,3590.0,139754,1438808,5017914540.0,3590.0,106,3589.0,159
rb1805,20171102,20171101,210540500,3589.0,140036,1438834,5028038460.0,3591.0,5,3590.0,13
rb1805,20171102,20171101,210541000,3589.0,140460,1439042,5043256880.0,3589.0,12,3588.0,324
rb1805,20171102,20171101,210541500,3589.0,140506,1439040,5044907900.0,3590.0,69,3589.0,302
rb1805,20171102,20171101,210542000,3590.0,140666,1439182,5050651900.0,3591.0,1,3590.0,24
rb1805,20171102,20171101,210542500,3590.0,140684,1439186,5051298120.0,3591.0,11,3590.0,17
rb1805,20171102,20171101,210543000,3590.0,141200,1439054,5069818020.0,3590.0,30,3589.0,165
rb1805,20171102,20171101,210543500,3590.0,141276,1439032,5072546180.0,3590.0,8,3589.0,166
rb1805,20171102,20171101,210544000,3591.0,141310,1439034,5073766760.0,3591.0,117,3589.0,157
rb1805,20171102,20171101,210544500,3589.0,141328,1439050,5074412780.0,3590.0,9,3589.0,160
rb1805,20171102,20171101,210545000,3590.0,141340,1439054,5074843580.0,3590.0,10,3589.0,164
rb1805,20171102,20171101,210545500,3589.0,141348,1439054,5075130760.0,3590.0,15,3589.0,179
rb1805,20171102,20171101,210546000,3589.0,141372,1439058,5075992180.0,3590.0,17,3589.0,185
rb1805,20171102,20171101,210546500,3590.0,141432,1439050,5078146120.0,3590.0,2,3589.0,192
rb1805,20171102,20171101,210547000,3590.0,141444,1439046,5078576940.0,3591.0,169,3590.0,13
rb1805,20171102,20171101,210547500,3589.0,141492,1439024,5080300040.0,3590.0,73,3589.0,187
rb1805,20171102,20171101,210548000,3589.0,141530,1439054,5081663940.0,3590.0,142,3589.0,172
rb1805,20171102,20171101,210548500,3590.0,141736,1439184,5089057320.0,3590.0,138,3589.0,76
rb1805,20171102,20171101,210549000,3589.0,141796,1439140,5091211000.0,3590.0,135,3589.0,77
rb1805,20171102,20171101,210549500,3589.0,141804,1439140,5091498120.0,3590.0,135,3589.0,73
rb1805,20171102,20171101,210550000,3590.0,141860,1439156,5093508040.0,3590.0,133,3589.0,54
rb1805,20171102,20171101,210550500,3589.0,141952,1439150,5096810700.0,3590.0,96,3589.0,51
rb1805,20171102,20171101,210551000,3589.0,142174,1439256,5104778760.0,3589.0,118,3588.0,460
rb1805,20171102,20171101,210551500,3588.0,142294,1439276,5109085260.0,3589.0,78,3588.0,451
rb1805,20171102,20171101,210552000,3588.0,142390,1439286,5112530020.0,3589.0,71,3588.0,426
rb1805,20171102,20171101,210552500,3588.0,142476,1439308,5115616280.0,3589.0,44,3588.0,596
rb1805,20171102,20171101,210553000,3588.0,142554,1439296,5118414960.0,3589.0,47,3588.0,569
rb1805,20171102,20171101,210553500,3589.0,142592,1439308,5119778460.0,3589.0,61,3588.0,545
rb1805,20171102,20171101,210554000,3589.0,142610,1439320,5120424460.0,3589.0,88,3588.0,545
rb1805,20171102,20171101,210554500,3588.0,142742,1439408,5125161820.0,3589.0,43,3588.0,540
rb1805,20171102,20171101,210555000,3589.0,142814,1439406,5127745480.0,3589.0,31,3588.0,520
rb1805,20171102,20171101,210555500,3588.0,142858,1439376,5129324460.0,3589.0,23,3588.0,517
rb1805,20171102,20171101,210556000,3589.0,142892,1439356,5130544560.0,3589.0,14,3588.0,509
rb1805,20171102,20171101,210556500,3588.0,142942,1439348,5132338900.0,3590.0,131,3589.0,1
rb1805,20171102,20171101,210557000,3588.0,142970,1439346,5133343700.0,3589.0,23,3588.0,509
rb1805,20171102,20171101,210557500,3588.0,143060,1439374,5136573300.0,3589.0,9,3588.0,486
rb1805,20171102,20171101,210558000,3589.0,143078,1439376,5137219260.0,3589.0,3,3588.0,483
rb1805,20171102,20171101,210558500,3588.0,143148,1439414,5139730860.0,3589.0,15,3588.0,451
rb1805,20171102,20171101,210559000,3589.0,143232,1439470,5142745100.0,3590.0,190,3589.0,3
rb1805,20171102,20171101,210559500,3588.0,143258,1439492,5143678060.0,3589.0,70,3588.0,418
rb1805,20171102,20171101,210600000,3589.0,143392,1439590,5148487260.0,3590.0,192,3589.0,124
rb1805,20171102,20171101,210600500,3588.0,143780,1439720,5162413240.0,3589.0,7,3588.0,391
rb1805,20171102,20171101,210601000,3589.0,143810,1439708,5163489940.0,3590.0,139,3589.0,15
rb1805,20171102,20171101,210601500,3588.0,143862,1439706,5165356140.0,3589.0,1,3588.0,400
rb1805,20171102,20171101,210602000,3589.0,143922,1439716,5167509420.0,3590.0,139,3588.0,402
rb1805,20171102,20171101,210602500,3590.0,144000,1439752,5170308600.0,3590.0,136,3589.0,1
rb1805,20171102,20171101,210603000,3589.0,144034,1439778,5171529120.0,3590.0,174,3589.0,208
rb1805,20171102,20171101,210603500,3589.0,144200,1439776,5177488340.0,3590.0,98,3589.0,239
rb1805,20171102,20171101,210604000,3589.0,144204,1439776,5177631920.0,3590.0,97,3589.0,331
rb1805,20171102,20171101,210604500,3590.0,144412,1439872,5185099120.0,3591.0,238,3590.0,130
rb1805,20171102,20171101,210605000,3590.0,144456,1439904,5186678780.0,3591.0,233,3590.0,144
rb1805,20171102,20171101,210605500,3590.0,144474,1439916,5187325020.0,3591.0,200,3590.0,141
rb1805,20171102,20171101,210606000,3590.0,144904,1439846,5202763040.0,3591.0,149,3590.0,27
rb1805,20171102,20171101,210606500,3590.0,144922,1439834,5203409320.0,3591.0,145,3590.0,49
rb1805,20171102,20171101,210607000,3590.0,145120,1439746,5210519240.0,3591.0,59,3590.0,40
rb1805,20171102,20171101,210607500,3590.0,145188,1439768,5212960660.0,3591.0,48,3590.0,77
rb1805,20171102,20171101,210608000,3591.0,145294,1439762,5216767120.0,3592.0,55,3591.0,56
rb1805,20171102,20171101,210608500,3591.0,145294,1439762,5216767120.0,3592.0,56,3591.0,84
rb1805,20171102,20171101,210609000,3592.0,145310,1439758,5217341700.0,3592.0,55,3591.0,85
rb1805,20171102,20171101,210609500,3591.0,145330,1439762,5218059980.0,3592.0,51,3591.0,80
rb1805,20171102,20171101,210610000,3592.0,145534,1439668,5225388660.0,3593.0,99,3592.0,7
rb1805,20171102,20171101,210610500,3596.0,146568,1439156,5262551720.0,3596.0,322,3591.0,113
rb1805,20171102,20171101,210611000,3593.0,146666,1439172,5266073720.0,3594.0,1,3593.0,25
rb1805,20171102,20171101,210611500,3594.0,146736,1439162,5268589360.0,3594.0,10,3593.0,27
rb1805,20171102,20171101,210612000,3592.0,146964,1439198,5276779320.0,3593.0,1,3591.0,117
rb1805,20171102,20171101,210612500,3593.0,146972,1439198,5277066760.0,3593.0,12,3592.0,16
rb1805,20171102,20171101,210613000,3593.0,147128,1439186,5282672500.0,3594.0,87,3593.0,26
rb1805,20171102,20171101,210613500,3593.0,147298,1439164,5288781600.0,3593.0,65,3592.0,59
rb1805,20171102,20171101,210614000,3593.0,147324,1439150,5289715800.0,3593.0,2,3592.0,66
rb1805,20171102,20171101,210614500,3592.0,147568,1439024,5298480360.0,3592.0,56,3591.0,117
rb1805,20171102,20171101,210615000,3592.0,147608,1439002,5299917160.0,3592.0,40,3591.0,203
rb1805,20171102,20171101,210615500,3592.0,147712,1438974,5303652840.0,3593.0,14,3592.0,11
rb1805,20171102,20171101,210616000,3592.0,147752,1438992,5305089640.0,3593.0,61,3591.0,233
rb1805,20171102,20171101,210616500,3592.0,147752,1438992,5305089640.0,3593.0,61,3592.0,15
rb1805,20171102,20171101,210617000,3593.0,147756,1438996,5305233360.0,3593.0,113,3592.0,31
rb1805,20171102,20171101,210617500,3592.0,147912,1438894,5310836940.0,3592.0,125,3591.0,248
rb1805,20171102,20171101,210618000,3592.0,147926,1438892,5311339820.0,3592.0,120,3591.0,254
rb1805,20171102,20171101,210618500,3592.0,147938,1438896,5311770780.0,3592.0,130,3591.0,159
rb1805,20171102,20171101,210619000,3591.0,148458,1438678,5330446000.0,3591.0,41,3590.0,87
rb1805,20171102,20171101,210619500,3593.0,148660,1438560,5337701060.0,3593.0,135,3591.0,1
rb1805,20171102,20171101,210620000,3591.0,148808,1438700,5343016860.0,3591.0,39,3590.0,160
rb1805,20171102,20171101,210620500,3593.0,148920,1438762,5347039220.0,3593.0,97,3591.0,17
rb1805,20171102,20171101,210621000,3591.0,148928,1438770,5347326500.0,3593.0,103,3592.0,5
rb1805,20171102,20171101,210621500,3592.0,148952,1438784,5348188600.0,3592.0,12,3591.0,18
rb1805,20171102,20171101,210622000,3592.0,148994,1438790,5349697240.0,3593.0,107,3592.0,480
rb1805,20171102,20171101,210622500,3593.0,149110,1438746,5353865060.0,3593.0,44,3592.0,482
rb1805,20171102,20171101,210623000,3593.0,149114,1438746,5354008760.0,3593.0,40,3592.0,481
rb1805,20171102,20171101,210623500,3593.0,149128,1438754,5354511780.0,3593.0,55,3592.0,483
rb1805,20171102,20171101,210624000,3592.0,149132,1438758,5354655480.0,3593.0,60,3592.0,482
rb1805,20171102,20171101,210624500,3593.0,149146,1438762,5355158480.0,3593.0,57,3592.0,491
rb1805,20171102,20171101,210625000,3592.0,149266,1438722,5359470000.0,3593.0,1,3592.0,487
rb1805,20171102,20171101,210625500,3593.0,149296,1438718,5360547900.0,3594.0,140,3593.0,3
rb1805,20171102,20171101,210626000,3592.0,149304,1438718,5360835320.0,3594.0,136,3593.0,10
rb1805,20171102,20171101,210626500,3593.0,149326,1438738,5361625780.0,3593.0,79,3592.0,486
rb1805,20171102,20171101,210627000,3592.0,149342,1438750,5362200640.0,3593.0,138,3592.0,486
rb1805,20171102,20171101,210627500,3593.0,149360,1438762,5362847380.0,3593.0,130,3592.0,487
rb1805,20171102,20171101,210628000,3593.0,149362,1438764,5362919240.0,3593.0,130,3592.0,488
rb1805,20171102,20171101,210628500,3592.0,149634,1438642,5372692140.0,3593.0,4,3592.0,485
rb1805,20171102,20171101,210629000,3594.0,149668,1438650,5373913900.0,3594.0,135,3593.0,51
rb1805,20171102,20171101,210629500,3594.0,149672,1438648,5374057660.0,3594.0,141,3593.0,44
rb1805,20171102,20171101,210630000,3593.0,149708,1438640,5375351400.0,3594.0,134,3593.0,49
rb1805,20171102,20171101,210630500,3594.0,149720,1438630,5375782620.0,3594.0,135,3593.0,21
rb1805,20171102,20171101,210631000,3593.0,149726,1438624,5375998200.0,3594.0,133,3593.0,20
rb1805,20171102,20171101,210631500,3594.0,149730,1438624,5376141940.0,3594.0,132,3593.0,21
rb1805,20171102,20171101,210632000,3594.0,149760,1438616,5377219960.0,3594.0,130,3593.0,12
rb1805,20171102,20171101,210632500,3593.0,149764,1438616,5377363700.0,3594.0,129,3593.0,23
rb1805,20171102,20171101,210633000,3594.0,149828,1438634,5379663500.0,3594.0,134,3593.0,11
rb1805,20171102,20171101,210633500,3594.0,149842,1438642,5380166620.0,3594.0,132,3593.0,14
rb1805,20171102,20171101,210634000,3593.0,149900,1438670,5382250820.0,3593.0,5,3592.0,488
rb1805,20171102,20171101,210634500,3594.0,149920,1438676,5382969440.0,3594.0,117,3593.0,127
rb1805,20171102,20171101,210635000,3594.0,149926,1438680,5383185040.0,3594.0,116,3593.0,127
rb1805,20171102,20171101,210635500,3593.0,149944,1438686,5383831880.0,3594.0,112,3593.0,104
rb1805,20171102,20171101,210636000,3593.0,149958,1438686,5384334920.0,3594.0,111,3593.0,100
rb1805,20171102,20171101,210636500,3593.0,149982,1438700,5385197280.0,3594.0,135,3593.0,91
rb1805,20171102,20171101,210637000,3593.0,150000,1438704,5385844100.0,3594.0,143,3593.0,88
rb1805,20171102,20171101,210637500,3594.0,150288,1438530,5396194820.0,3595.0,140,3594.0,16
rb1805,20171102,20171101,210638000,3594.0,150320,1438500,5397344920.0,3595.0,137,3594.0,2
rb1805,20171102,20171101,210638500,3594.0,150322,1438498,5397416800.0,3595.0,134,3594.0,6
rb1805,20171102,20171101,210639000,3593.0,150350,1438506,5398423040.0,3595.0,135,3594.0,21
rb1805,20171102,20171101,210639500,3594.0,150380,1438534,5399501240.0,3595.0,138,3594.0,16
rb1805,20171102,20171101,210640000,3595.0,150542,1438442,5405325080.0,3595.0,62,3594.0,14
rb1805,20171102,20171101,210640500,3595.0,150560,1438428,5405972180.0,3595.0,51,3594.0,19
rb1805,20171102,20171101,210641000,3595.0,150668,1438392,5409854780.0,3595.0,1,3594.0,73
rb1805,20171102,20171101,210641500,3595.0,150704,1438392,5411148980.0,3596.0,293,3595.0,43
rb1805,20171102,20171101,210642000,3596.0,150744,1438364,5412587040.0,3596.0,289,3595.0,28
rb1805,20171102,20171101,210642500,3595.0,150822,1438314,5415391200.0,3595.0,150,3594.0,80
rb1805,20171102,20171101,210643000,3594.0,150830,1438312,5415678760.0,3595.0,150,3594.0,78
rb1805,20171102,20171101,210643500,3594.0,150882,1438292,5417548120.0,3595.0,152,3594.0,48
rb1805,20171102,20171101,210644000,3594.0,150994,1438186,5421574420.0,3595.0,104,3594.0,43
rb1805,20171102,20171101,210644500,3595.0,151010,1438186,5422149620.0,3595.0,99,3594.0,41
rb1805,20171102,20171101,210645000,3595.0,151032,1438176,5422940360.0,3595.0,111,3594.0,33
rb1805,20171102,20171101,210645500,3595.0,151034,1438174,5423012260.0,3595.0,111,3594.0,34
rb1805,20171102,20171101,210646000,3594.0,151078,1438174,5424593660.0,3595.0,110,3594.0,16
rb1805,20171102,20171101,210646500,3595.0,151080,1438172,5424665560.0,3595.0,115,3594.0,23
rb1805,20171102,20171101,210647000,3594.0,151098,1438168,5425312620.0,3595.0,127,3594.0,22
rb1805,20171102,20171101,210647500,3594.0,151138,1438166,5426750480.0,3595.0,115,3594.0,18
rb1805,20171102,20171101,210648000,3595.0,151146,1438170,5427038020.0,3595.0,116,3594.0,16
rb1805,20171102,20171101,210648500,3595.0,151150,1438170,5427181800.0,3595.0,115,3594.0,15
rb1805,20171102,20171101,210649000,3595.0,151164,1438162,5427685020.0,3595.0,114,3594.0,11
rb1805,20171102,20171101,210649500,3595.0,151172,1438160,5427972580.0,3595.0,111,3594.0,9
rb1805,20171102,20171101,210650000,3595.0,151176,1438160,5428116380.0,3595.0,109,3594.0,9
rb1805,20171102,20171101,210650500,3595.0,151180,1438162,5428260160.0,3595.0,111,3594.0,8
rb1805,20171102,20171101,210651000,3595.0,151186,1438158,5428475840.0,3595.0,111,3594.0,9
rb1805,20171102,20171101,210651500,3595.0,151192,1438158,5428691540.0,3595.0,108,3594.0,6
rb1805,20171102,20171101,210652000,3595.0,151206,1438152,5429194800.0,3595.0,106,3594.0,7
rb1805,20171102,20171101,210652500,3594.0,151216,1438148,5429554240.0,3595.0,104,3594.0,7
rb1805,20171102,20171101,210653000,3595.0,151288,1438112,5432142620.0,3595.0,73,3594.0,7
rb1805,20171102,20171101,210653500,3595.0,151340,1438102,5434011940.0,3595.0,52,3594.0,28
rb1805,20171102,20171101,210654000,3595.0,151450,1438182,5437966420.0,3596.0,493,3594.0,41
rb1805,20171102,20171101,210654500,3594.0,151452,1438182,5438038300.0,3596.0,492,3594.0,49
rb1805,20171102,20171101,210655000,3596.0,151460,1438174,5438325980.0,3596.0,488,3595.0,3
rb1805,20171102,20171101,210655500,3595.0,151478,1438162,5438973060.0,3595.0,113,3594.0,89
rb1805,20171102,20171101,210656000,3594.0,151496,1438160,5439619980.0,3595.0,12,3594.0,67
rb1805,20171102,20171101,210656500,3594.0,151524,1438182,5440626460.0,3595.0,106,3594.0,70
rb1805,20171102,20171101,210657000,3594.0,151668,1438286,5445801820.0,3594.0,12,3593.0,121
rb1805,20171102,20171101,210657500,3595.0,151672,1438288,5445945620.0,3595.0,108,3594.0,1
rb1805,20171102,20171101,210658000,3594.0,151720,1438272,5447670740.0,3594.0,15,3593.0,124
rb1805,20171102,20171101,210658500,3595.0,152174,1438306,5463989740.0,3595.0,28,3594.0,150
rb1805,20171102,20171101,210659000,3595.0,152236,1438312,5466218640.0,3596.0,492,3595.0,17
rb1805,20171102,20171101,210659500,3595.0,152262,1438334,5467153380.0,3596.0,494,3595.0,7
rb1805,20171102,20171101,210700000,3595.0,152276,1438348,5467656680.0,3596.0,500,3595.0,4
rb1805,20171102,20171101,210700500,3595.0,152292,1438352,5468231880.0,3595.0,28,3594.0,24
rb1805,20171102,20171101,210701000,3593.0,152530,1438508,5476784340.0,3593.0,88,3592.0,498
rb1805,20171102,20171101,210701500,3594.0,152714,1438662,5483395560.0,3595.0,50,3593.0,122
rb1805,20171102,20171101,210702000,3595.0,152718,1438662,5483539360.0,3595.0,86,3594.0,3
rb1805,20171102,20171101,210702500,3594.0,152746,1438662,5484545680.0,3594.0,22,3593.0,106
rb1805,20171102,20171101,210703000,3595.0,152830,1438682,5487564700.0,3595.0,113,3593.0,266
rb1805,20171102,20171101,210703500,3594.0,152840,1438674,5487924120.0,3594.0,33,3593.0,266
rb1805,20171102,20171101,210704000,3594.0,152842,1438676,5487996000.0,3594.0,30,3593.0,269
rb1805,20171102,20171101,210704500,3594.0,152902,1438678,5490152400.0,3595.0,154,3594.0,23
rb1805,20171102,20171101,210705000,3594.0,152976,1438606,5492811940.0,3594.0,14,3593.0,211
rb1805,20171102,20171101,210705500,3593.0,153018,1438642,5494321020.0,3594.0,20,3593.0,191
rb1805,20171102,20171101,210706000,3593.0,153244,1438858,5502441260.0,3594.0,22,3593.0,142
rb1805,20171102,20171101,210706500,3594.0,153246,1438858,5502513140.0,3594.0,114,3593.0,142
rb1805,20171102,20171101,210707000,3594.0,153254,1438854,5502800640.0,3594.0,130,3593.0,86
rb1805,20171102,20171101,210707500,3593.0,153450,1438838,5509843940.0,3594.0,85,3593.0,45
rb1805,20171102,20171101,210708000,3594.0,153534,1438898,5512862160.0,3594.0,87,3593.0,9
rb1805,20171102,20171101,210708500,3593.0,153554,1438904,5513580760.0,3593.0,353,3592.0,517
rb1805,20171102,20171101,210709000,3593.0,153558,1438904,5513724460.0,3593.0,368,3592.0,516
rb1805,20171102,20171101,210709500,3593.0,153870,1439062,5524932880.0,3593.0,310,3592.0,429
rb1805,20171102,20171101,210710000,3593.0,153986,1439034,5529100060.0,3593.0,288,3592.0,464
rb1805,20171102,20171101,210710500,3593.0,154094,1438950,5532980480.0,3593.0,235,3592.0,463
rb1805,20171102,20171101,210711000,3593.0,154232,1438964,5537937620.0,3593.0,233,3592.0,398
rb1805,20171102,20171101,210711500,3593.0,154262,1438986,5539015260.0,3593.0,231,3592.0,389
rb1805,20171102,20171101,210712000,3593.0,154496,1439142,5547420580.0,3593.0,229,3592.0,278
rb1805,20171102,20171101,210712500,3593.0,155144,1439462,5570697660.0,3593.0,184,3591.0,102
rb1805,20171102,20171101,210713000,3593.0,155148,1439466,5570841380.0,3592.0,44,3591.0,104
rb1805,20171102,20171101,210713500,3593.0,155258,1439426,5574793640.0,3592.0,4,3591.0,103
rb1805,20171102,20171101,210714000,3592.0,155328,1439456,5577308280.0,3593.0,175,3592.0,2
rb1805,20171102,20171101,210714500,3591.0,155406,1439438,5580109480.0,3593.0,170,3591.0,78
rb1805,20171102,20171101,210715000,3592.0,155414,1439440,5580396840.0,3593.0,197,3592.0,1
rb1805,20171102,20171101,210715500,3591.0,155422,1439442,5580684140.0,3592.0,1,3591.0,80
rb1805,20171102,20171101,210716000,3592.0,155430,1439442,5580971500.0,3593.0,197,3591.0,80
rb1805,20171102,20171101,210716500,3592.0,155536,1439444,5584780060.0,3592.0,8,3591.0,80
rb1805,20171102,20171101,210717000,3591.0,155552,1439448,5585354640.0,3592.0,8,3591.0,77
rb1805,20171102,20171101,210717500,3592.0,155554,1439450,5585426480.0,3592.0,9,3591.0,86
rb1805,20171102,20171101,210718000,3591.0,155556,1439450,5585498300.0,3592.0,12,3591.0,85
rb1805,20171102,20171101,210718500,3591.0,155560,1439450,5585641940.0,3592.0,17,3591.0,83
rb1805,20171102,20171101,210719000,3592.0,155606,1439436,5587294260.0,3593.0,209,3592.0,419
rb1805,20171102,20171101,210719500,3592.0,155712,1439434,5591102780.0,3593.0,160,3592.0,427
rb1805,20171102,20171101,210720000,3592.0,155744,1439426,5592252280.0,3593.0,102,3592.0,427
rb1805,20171102,20171101,210720500,3592.0,155750,1439426,5592467800.0,3593.0,117,3592.0,427
rb1805,20171102,20171101,210721000,3593.0,155754,1439426,5592611520.0,3593.0,116,3592.0,427
rb1805,20171102,20171101,210721500,3593.0,155760,1439426,5592827060.0,3593.0,115,3592.0,425
rb1805,20171102,20171101,210722000,3593.0,155864,1439412,5596563740.0,3593.0,90,3592.0,424
rb1805,20171102,20171101,210722500,3593.0,156048,1439320,5603174860.0,3594.0,107,3593.0,8
rb1805,20171102,20171101,210723000,3592.0,156124,1439252,5605905480.0,3593.0,17,3592.0,427
rb1805,20171102,20171101,210723500,3593.0,156150,1439240,5606839440.0,3593.0,22,3592.0,419
rb1805,20171102,20171101,210724000,3593.0,156202,1439252,5608707800.0,3594.0,104,3593.0,19
rb1805,20171102,20171101,210724500,3593.0,156204,1439254,5608779660.0,3594.0,102,3593.0,20
rb1805,20171102,20171101,210725000,3593.0,156354,1439144,5614169160.0,3593.0,10,3592.0,439
rb1805,20171102,20171101,210725500,3593.0,156354,1439144,5614169160.0,3593.0,17,3592.0,445
rb1805,20171102,20171101,210726000,3594.0,156392,1439130,5615534540.0,3594.0,98,3593.0,102
rb1805,20171102,20171101,210726500,3594.0,156404,1439140,5615965720.0,3594.0,98,3593.0,103
rb1805,20171102,20171101,210727000,3593.0,156556,1439264,5621427120.0,3594.0,97,3593.0,24
rb1805,20171102,20171101,210727500,3593.0,156580,1439260,5622289440.0,3594.0,98,3593.0,14
rb1805,20171102,20171101,210728000,3594.0,156596,1439274,5622864460.0,3594.0,92,3593.0,15
rb1805,20171102,20171101,210728500,3594.0,156726,1439204,5627536240.0,3594.0,53,3593.0,2
rb1805,20171102,20171101,210729000,3594.0,156858,1439164,5632280300.0,3595.0,192,3594.0,318
rb1805,20171102,20171101,210729500,3595.0,156920,1439116,5634508600.0,3595.0,189,3594.0,288
rb1805,20171102,20171101,210730000,3594.0,156976,1439116,5636521240.0,3595.0,194,3594.0,262
rb1805,20171102,20171101,210730500,3594.0,156988,1439114,5636952520.0,3595.0,192,3594.0,257
rb1805,20171102,20171101,210731000,3594.0,156992,1439114,5637096280.0,3595.0,193,3594.0,256
rb1805,20171102,20171101,210731500,3594.0,156994,1439114,5637168160.0,3595.0,195,3594.0,256
rb1805,20171102,20171101,210732000,3594.0,157004,1439110,5637527560.0,3595.0,201,3594.0,251
rb1805,20171102,20171101,210732500,3594.0,157040,1439090,5638821500.0,3595.0,197,3594.0,238
rb1805,20171102,20171101,210733000,3595.0,157050,1439094,5639180980.0,3595.0,192,3594.0,288
rb1805,20171102,20171101,210733500,3594.0,157064,1439084,5639684160.0,3595.0,186,3594.0,283
rb1805,20171102,20171101,210734000,3595.0,157070,1439080,5639899840.0,3595.0,183,3594.0,281
rb1805,20171102,20171101,210734500,3594.0,157078,1439076,5640187400.0,3595.0,182,3594.0,279
rb1805,20171102,20171101,210735000,3595.0,157280,1438874,5647447300.0,3595.0,185,3594.0,679
rb1805,20171102,20171101,210735500,3595.0,157290,1438866,5647806800.0,3595.0,182,3594.0,686
rb1805,20171102,20171101,210736000,3595.0,157320,1438874,5648885280.0,3595.0,181,3594.0,685
rb1805,20171102,20171101,210736500,3595.0,157362,1438916,5650395180.0,3595.0,159,3594.0,685
rb1805,20171102,20171101,210737000,3595.0,157362,1438916,5650395180.0,3595.0,160,3594.0,685
rb1805,20171102,20171101,210737500,3594.0,157428,1438976,5652767860.0,3595.0,128,3594.0,684
rb1805,20171102,20171101,210738000,3595.0,157432,1438980,5652911660.0,3595.0,130,3594.0,735
rb1805,20171102,20171101,210738500,3595.0,157716,1439172,5663121480.0,3596.0,558,3595.0,16
rb1805,20171102,20171101,210739000,3595.0,157784,1439226,5665566080.0,3596.0,559,3595.0,83
rb1805,20171102,20171101,210739500,3595.0,158358,1439134,5686203800.0,3595.0,117,3594.0,615
rb1805,20171102,20171101,210740000,3594.0,158376,1439128,5686850780.0,3595.0,152,3594.0,609
rb1805,20171102,20171101,210740500,3594.0,158390,1439120,5687354020.0,3595.0,194,3594.0,607
rb1805,20171102,20171101,210741000,3594.0,158390,1439120,5687354020.0,3595.0,197,3594.0,615
rb1805,20171102,20171101,210741500,3595.0,158448,1439110,5689439000.0,3595.0,197,3594.0,610
rb1805,20171102,20171101,210742000,3594.0,158474,1439100,5690373540.0,3595.0,197,3594.0,602
rb1805,20171102,20171101,210742500,3594.0,158540,1439042,5692745580.0,3595.0,166,3594.0,571
rb1805,20171102,20171101,210743000,3594.0,158540,1439042,5692745580.0,3595.0,171,3594.0,572
rb1805,20171102,20171101,210743500,3595.0,158554,1439034,5693248860.0,3595.0,163,3594.0,571
rb1805,20171102,20171101,210744000,3595.0,158558,1439036,5693392640.0,3595.0,179,3594.0,570
rb1805,20171102,20171101,210744500,3595.0,158570,1439030,5693824040.0,3595.0,215,3594.0,573
rb1805,20171102,20171101,210745000,3594.0,158686,1439030,5697993200.0,3595.0,209,3594.0,521
rb1805,20171102,20171101,210745500,3594.0,158736,1439068,5699790260.0,3595.0,216,3594.0,504
rb1805,20171102,20171101,210746000,3594.0,158906,1439064,5705900240.0,3595.0,293,3594.0,428
rb1805,20171102,20171101,210746500,3594.0,158976,1439134,5708416040.0,3595.0,295,3594.0,388
rb1805,20171102,20171101,210747000,3594.0,158998,1439134,5709206720.0,3595.0,346,3594.0,377
rb1805,20171102,20171101,210747500,3594.0,159034,1439148,5710500760.0,3595.0,342,3594.0,369
rb1805,20171102,20171101,210748000,3594.0,159054,1439134,5711219700.0,3595.0,387,3594.0,366
rb1805,20171102,20171101,210748500,3594.0,159138,1439146,5714238680.0,3595.0,387,3594.0,330
rb1805,20171102,20171101,210749000,3594.0,159140,1439148,5714310560.0,3595.0,389,3594.0,332
rb1805,20171102,20171101,210749500,3595.0,159244,1439224,5718048380.0,3595.0,387,3594.0,283
rb1805,20171102,20171101,210750000,3595.0,159246,1439224,5718120280.0,3595.0,407,3594.0,283
rb1805,20171102,20171101,210750500,3594.0,159416,1439278,5724230360.0,3595.0,395,3594.0,215
rb1805,20171102,20171101,210751000,3595.0,159990,1439564,5744861300.0,3595.0,327,3593.0,87
rb1805,20171102,20171101,210751500,3594.0,160018,1439552,5745867500.0,3595.0,327,3594.0,42
rb1805,20171102,20171101,210752000,3594.0,160028,1439552,5746226900.0,3595.0,332,3594.0,37
rb1805,20171102,20171101,210752500,3595.0,160044,1439556,5746802000.0,3595.0,329,3594.0,33
rb1805,20171102,20171101,210753000,3594.0,160150,1439598,5750611640.0,3594.0,48,3593.0,129
rb1805,20171102,20171101,210753500,3594.0,160194,1439612,5752192600.0,3594.0,49,3593.0,100
rb1805,20171102,20171101,210754000,3593.0,160208,1439618,5752695620.0,3594.0,63,3593.0,93
rb1805,20171102,20171101,210754500,3594.0,160532,1439538,5764337180.0,3594.0,147,3593.0,3
rb1805,20171102,20171101,210755000,3593.0,160644,1439450,5768361340.0,3593.0,19,3592.0,150
rb1805,20171102,20171101,210755500,3593.0,160654,1439442,5768720640.0,3593.0,15,3592.0,155
rb1805,20171102,20171101,210756000,3592.0,160662,1439438,5769008040.0,3594.0,168,3592.0,154
rb1805,20171102,20171101,210756500,3594.0,160670,1439436,5769295500.0,3594.0,167,3593.0,71
rb1805,20171102,20171101,210757000,3593.0,160682,1439442,5769726660.0,3594.0,177,3593.0,65
rb1805,20171102,20171101,210757500,3594.0,160684,1439442,5769798540.0,3594.0,178,3593.0,64
rb1805,20171102,20171101,210758000,3594.0,160690,1439442,5770014160.0,3594.0,179,3593.0,64
rb1805,20171102,20171101,210758500,3593.0,161004,1439570,5781296220.0,3593.0,54,3592.0,163
rb1805,20171102,20171101,210759000,3593.0,161016,1439576,5781727380.0,3593.0,48,3592.0,163
rb1805,20171102,20171101,210759500,3593.0,161064,1439624,5783452020.0,3593.0,24,3592.0,164
rb1805,20171102,20171101,210800000,3593.0,161072,1439622,5783739420.0,3593.0,25,3592.0,162
rb1805,20171102,20171101,210800500,3593.0,161072,1439622,5783739420.0,3593.0,26,3592.0,164
rb1805,20171102,20171101,210801000,3593.0,161094,1439620,5784529840.0,3593.0,19,3592.0,157
rb1805,20171102,20171101,210801500,3592.0,161108,1439624,5785032720.0,3593.0,33,3592.0,151
rb1805,20171102,20171101,210802000,3592.0,161224,1439562,5789199680.0,3593.0,21,3592.0,125
rb1805,20171102,20171101,210802500,3593.0,161278,1439556,5791139900.0,3594.0,138,3593.0,2
rb1805,20171102,20171101,210803000,3593.0,161282,1439558,5791283620.0,3594.0,178,3593.0,1
rb1805,20171102,20171101,210803500,3594.0,161318,1439538,5792577380.0,3594.0,163,3593.0,16
rb1805,20171102,20171101,210804000,3593.0,161320,1439536,5792649240.0,3594.0,162,3593.0,16
rb1805,20171102,20171101,210804500,3594.0,161326,1439538,5792864880.0,3594.0,160,3593.0,22
rb1805,20171102,20171101,210805000,3593.0,161328,1439540,5792936740.0,3594.0,162,3593.0,26
rb1805,20171102,20171101,210805500,3593.0,161334,1439546,5793152320.0,3594.0,163,3593.0,73
rb1805,20171102,20171101,210806000,3594.0,161336,1439546,5793224200.0,3594.0,162,3593.0,75
rb1805,20171102,20171101,210806500,3593.0,161342,1439548,5793439780.0,3594.0,135,3593.0,74
rb1805,20171102,20171101,210807000,3593.0,161352,1439548,5793799160.0,3594.0,131,3593.0,73
rb1805,20171102,20171101,210807500,3593.0,161504,1439584,5799260520.0,3593.0,17,3592.0,120
rb1805,20171102,20171101,210808000,3594.0,161964,1439434,5815790780.0,3594.0,5,3592.0,118
rb1805,20171102,20171101,210808500,3594.0,162014,1439396,5817587780.0,3595.0,618,3594.0,15
rb1805,20171102,20171101,210809000,3594.0,162048,1439396,5818809740.0,3594.0,104,3593.0,11
rb1805,20171102,20171101,210809500,3593.0,162174,1439392,5823338120.0,3594.0,46,3593.0,17
rb1805,20171102,20171101,210810000,3593.0,162178,1439392,5823481840.0,3594.0,46,3593.0,43
rb1805,20171102,20171101,210810500,3593.0,162182,1439392,5823625560.0,3594.0,47,3593.0,58
rb1805,20171102,20171101,210811000,3593.0,162192,1439396,5823984860.0,3594.0,47,3593.0,110
rb1805,20171102,20171101,210811500,3594.0,162218,1439388,5824919180.0,3594.0,41,3593.0,104
rb1805,20171102,20171101,210812000,3594.0,162332,1439416,5829015940.0,3594.0,5,3593.0,95
rb1805,20171102,20171101,210812500,3594.0,162348,1439406,5829590980.0,3595.0,645,3594.0,15
rb1805,20171102,20171101,210813000,3595.0,162352,1439408,5829734760.0,3595.0,659,3594.0,26
rb1805,20171102,20171101,210813500,3594.0,162382,1439418,5830813020.0,3595.0,656,3594.0,24
rb1805,20171102,20171101,210814000,3594.0,162384,1439418,5830884900.0,3595.0,655,3594.0,25
rb1805,20171102,20171101,210814500,3595.0,162388,1439418,5831028700.0,3595.0,663,3594.0,24
rb1805,20171102,20171101,210815000,3594.0,162396,1439418,5831316240.0,3595.0,663,3594.0,21
rb1805,20171102,20171101,210815500,3594.0,162468,1439478,5833903920.0,3594.0,43,3593.0,185
rb1805,20171102,20171101,210816000,3594.0,162470,1439480,5833975800.0,3594.0,43,3593.0,234
rb1805,20171102,20171101,210816500,3593.0,162480,1439484,5834335180.0,3594.0,39,3593.0,233
rb1805,20171102,20171101,210817000,3594.0,162482,1439484,5834407060.0,3594.0,38,3593.0,234
rb1805,20171102,20171101,210817500,3591.0,163500,1438968,5870976100.0,3594.0,44,3592.0,1
rb1805,20171102,20171101,210818000,3593.0,163524,1438968,5871838280.0,3593.0,59,3592.0,17
rb1805,20171102,20171101,210818500,3592.0,163562,1438960,5873203240.0,3592.0,1,3591.0,6
rb1805,20171102,20171101,210819000,3593.0,163624,1438952,5875430440.0,3593.0,70,3592.0,3
rb1805,20171102,20171101,210819500,3593.0,163628,1438950,5875574160.0,3593.0,99,3592.0,25
rb1805,20171102,20171101,210820000,3592.0,163660,1438926,5876723720.0,3593.0,168,3592.0,18
rb1805,20171102,20171101,210820500,3593.0,163680,1438912,5877442180.0,3593.0,107,3592.0,12
rb1805,20171102,20171101,210821000,3593.0,163680,1438912,5877442180.0,3593.0,109,3592.0,14
rb1805,20171102,20171101,210821500,3592.0,163698,1438900,5878088860.0,3593.0,103,3592.0,18
rb1805,20171102,20171101,210822000,3592.0,163816,1438810,5882328040.0,3592.0,10,3591.0,47
rb1805,20171102,20171101,210822500,3592.0,163876,1438762,5884483240.0,3593.0,72,3592.0,18
rb1805,20171102,20171101,210823000,3593.0,163882,1438758,5884698820.0,3593.0,69,3592.0,22
rb1805,20171102,20171101,210823500,3593.0,163892,1438754,5885058100.0,3593.0,66,3592.0,21
rb1805,20171102,20171101,210824000,3592.0,163908,1438754,5885632820.0,3593.0,66,3592.0,16
rb1805,20171102,20171101,210824500,3593.0,163912,1438750,5885776540.0,3593.0,64,3592.0,18
rb1805,20171102,20171101,210825000,3592.0,163948,1438726,5887069660.0,3592.0,20,3591.0,51
rb1805,20171102,20171101,210825500,3592.0,163978,1438708,5888147260.0,3592.0,5,3591.0,57
rb1805,20171102,20171101,210826000,3593.0,164004,1438694,5889081200.0,3593.0,91,3592.0,5
rb1805,20171102,20171101,210826500,3592.0,164010,1438694,5889296740.0,3593.0,91,3592.0,6
rb1805,20171102,20171101,210827000,3592.0,164034,1438692,5890158820.0,3592.0,6,3591.0,52
rb1805,20171102,20171101,210827500,3592.0,164050,1438676,5890733540.0,3592.0,19,3591.0,58
rb1805,20171102,20171101,210828000,3592.0,164056,1438676,5890949060.0,3592.0,26,3591.0,64
rb1805,20171102,20171101,210828500,3592.0,164096,1438670,5892385820.0,3592.0,75,3591.0,63
rb1805,20171102,20171101,210829000,3592.0,164104,1438672,5892673140.0,3592.0,73,3591.0,70
rb1805,20171102,20171101,210829500,3591.0,164128,1438690,5893534980.0,3592.0,76,3591.0,58
rb1805,20171102,20171101,210830000,3591.0,164216,1438708,5896695880.0,3592.0,36,3591.0,78
rb1805,20171102,20171101,210830500,3592.0,164224,1438706,5896983220.0,3592.0,33,3591.0,78
rb1805,20171102,20171101,210831000,3592.0,164244,1438716,5897701560.0,3592.0,28,3591.0,77
rb1805,20171102,20171101,210831500,3592.0,164250,1438720,5897917060.0,3592.0,69,3591.0,96
rb1805,20171102,20171101,210832000,3592.0,164266,1438718,5898491640.0,3592.0,74,3591.0,90
rb1805,20171102,20171101,210832500,3591.0,164298,1438728,5899640800.0,3592.0,70,3591.0,76
rb1805,20171102,20171101,210833000,3591.0,164302,1438728,5899784460.0,3592.0,82,3591.0,77
rb1805,20171102,20171101,210833500,3591.0,164304,1438730,5899856280.0,3592.0,39,3591.0,77
rb1805,20171102,20171101,210834000,3592.0,164412,1438740,5903734620.0,3592.0,36,3591.0,26
rb1805,20171102,20171101,210834500,3591.0,164434,1438730,5904524660.0,3592.0,98,3591.0,19
rb1805,20171102,20171101,210835000,3591.0,164488,1438692,5906463800.0,3591.0,13,3590.0,503
rb1805,20171102,20171101,210835500,3592.0,164524,1438664,5907756580.0,3592.0,103,3591.0,2
rb1805,20171102,20171101,210836000,3591.0,164546,1438666,5908546560.0,3591.0,15,3590.0,501
rb1805,20171102,20171101,210836500,3592.0,164580,1438658,5909767520.0,3592.0,111,3591.0,17
rb1805,20171102,20171101,210837000,3592.0,164584,1438660,5909911180.0,3592.0,105,3591.0,17
rb1805,20171102,20171101,210837500,3591.0,164602,1438678,5910557580.0,3592.0,96,3591.0,62
rb1805,20171102,20171101,210838000,3592.0,164630,1438670,5911563340.0,3592.0,80,3591.0,166
rb1805,20171102,20171101,210838500,3592.0,164664,1438648,5912784560.0,3592.0,18,3591.0,169
rb1805,20171102,20171101,210839000,3591.0,164706,1438638,5914293140.0,3592.0,1,3591.0,272
rb1805,20171102,20171101,210839500,3592.0,164708,1438638,5914364980.0,3593.0,109,3592.0,68
rb1805,20171102,20171101,210840000,3593.0,164714,1438634,5914580540.0,3593.0,107,3592.0,18
rb1805,20171102,20171101,210840500,3592.0,164734,1438634,5915298940.0,3593.0,106,3592.0,6
rb1805,20171102,20171101,210841000,3592.0,164754,1438634,5916017340.0,3592.0,12,3591.0,285
rb1805,20171102,20171101,210841500,3592.0,164756,1438636,5916089180.0,3592.0,13,3591.0,292
rb1805,20171102,20171101,210842000,3592.0,164760,1438636,5916232860.0,3592.0,17,3591.0,294
rb1805,20171102,20171101,210842500,3592.0,164766,1438636,5916448380.0,3592.0,45,3591.0,299
rb1805,20171102,20171101,210843000,3593.0,165134,1438706,5929669680.0,3594.0,127,3593.0,22
rb1805,20171102,20171101,210843500,3592.0,165182,1438748,5931394280.0,3593.0,5,3591.0,375
rb1805,20171102,20171101,210844000,3593.0,165198,1438752,5931969160.0,3593.0,6,3592.0,34
rb1805,20171102,20171101,210844500,3592.0,165212,1438738,5932472160.0,3593.0,110,3592.0,60
rb1805,20171102,20171101,210845000,3592.0,165212,1438738,5932472160.0,3593.0,113,3592.0,75
rb1805,20171102,20171101,210845500,3592.0,165222,1438738,5932831360.0,3593.0,111,3592.0,72
rb1805,20171102,20171101,210846000,3592.0,165222,1438738,5932831360.0,3593.0,122,3592.0,82
rb1805,20171102,20171101,210846500,3593.0,165234,1438726,5933262520.0,3593.0,124,3592.0,82
rb1805,20171102,20171101,210847000,3593.0,165278,1438686,5934843420.0,3593.0,105,3592.0,81
rb1805,20171102,20171101,210847500,3593.0,165282,1438682,5934987140.0,3593.0,101,3592.0,80
rb1805,20171102,20171101,210848000,3593.0,165374,1438598,5938292680.0,3593.0,68,3592.0,79
rb1805,20171102,20171101,210848500,3593.0,165376,1438598,5938364540.0,3593.0,66,3592.0,81
rb1805,20171102,20171101,210849000,3593.0,165382,1438592,5938580120.0,3593.0,65,3592.0,81
rb1805,20171102,20171101,210849500,3593.0,165384,1438592,5938651980.0,3593.0,63,3592.0,83
rb1805,20171102,20171101,210850000,3593.0,165390,1438588,5938867540.0,3593.0,61,3592.0,87
rb1805,20171102,20171101,210850500,3593.0,165408,1438572,5939514260.0,3593.0,55,3592.0,86
rb1805,20171102,20171101,210851000,3593.0,165416,1438572,5939801700.0,3593.0,51,3592.0,87
rb1805,20171102,20171101,210851500,3593.0,165428,1438572,5940232860.0,3593.0,47,3592.0,87
rb1805,20171102,20171101,210852000,3593.0,165448,1438562,5940951460.0,3593.0,35,3592.0,88
rb1805,20171102,20171101,210852500,3592.0,165460,1438568,5941382520.0,3593.0,34,3592.0,84
rb1805,20171102,20171101,210853000,3594.0,165770,1438826,5952522200.0,3594.0,59,3593.0,2
rb1805,20171102,20171101,210853500,3594.0,165770,1438826,5952522200.0,3594.0,60,3593.0,8
rb1805,20171102,20171101,210854000,3594.0,165774,1438826,5952665960.0,3594.0,57,3593.0,6
rb1805,20171102,20171101,210854500,3593.0,165776,1438828,5952737820.0,3594.0,71,3593.0,9
rb1805,20171102,20171101,210855000,3593.0,165776,1438828,5952737820.0,3594.0,71,3593.0,9
rb1805,20171102,20171101,210855500,3593.0,165776,1438828,5952737820.0,3594.0,71,3593.0,15
rb1805,20171102,20171101,210856000,3594.0,165788,1438832,5953169000.0,3594.0,75,3593.0,10
rb1805,20171102,20171101,210856500,3593.0,165814,1438848,5954103380.0,3594.0,66,3593.0,7
rb1805,20171102,20171101,210857000,3594.0,165816,1438850,5954175260.0,3594.0,70,3593.0,7
rb1805,20171102,20171101,210857500,3593.0,165820,1438852,5954318980.0,3594.0,68,3593.0,5
rb1805,20171102,20171101,210858000,3594.0,165842,1438872,5955109580.0,3594.0,61,3593.0,1
rb1805,20171102,20171101,210858500,3593.0,165846,1438876,5955253300.0,3593.0,6,3592.0,164
rb1805,20171102,20171101,210859000,3594.0,165866,1438874,5955971940.0,3594.0,112,3593.0,9
rb1805,20171102,20171101,210859500,3593.0,165872,1438870,5956187520.0,3593.0,3,3592.0,178
rb1805,20171102,20171101,210900000,3594.0,165902,1438876,5957265660.0,3594.0,111,3593.0,47
rb1805,20171102,20171101,210900500,3594.0,166200,1438814,5967975020.0,3595.0,635,3594.0,23
rb1805,20171102,20171101,210901000,3594.0,166248,1438768,5969700140.0,3594.0,51,3593.0,14
rb1805,20171102,20171101,210901500,3594.0,166262,1438756,5970203280.0,3594.0,45,3593.0,13
rb1805,20171102,20171101,210902000,3593.0,166272,1438748,5970562600.0,3594.0,45,3593.0,13
rb1805,20171102,20171101,210902500,3593.0,166280,1438746,5970850040.0,3594.0,45,3593.0,10
rb1805,20171102,20171101,210903000,3593.0,166286,1438744,5971065620.0,3594.0,44,3593.0,37
rb1805,20171102,20171101,210903500,3593.0,166286,1438744,5971065620.0,3594.0,50,3593.0,41
rb1805,20171102,20171101,210904000,3593.0,166308,1438748,5971856260.0,3594.0,41,3593.0,41
rb1805,20171102,20171101,210904500,3594.0,166312,1438748,5972000000.0,3594.0,46,3593.0,40
rb1805,20171102,20171101,210905000,3594.0,166364,1438700,5973868880.0,3594.0,20,3593.0,46
rb1805,20171102,20171101,210905500,3593.0,167410,1438142,6011471380.0,3595.0,153,3593.0,35
rb1805,20171102,20171101,210906000,3593.0,167412,1438142,6011543240.0,3595.0,154,3593.0,34
rb1805,20171102,20171101,210906500,3593.0,167414,1438144,6011615100.0,3594.0,4,3593.0,33
rb1805,20171102,20171101,210907000,3593.0,167524,1438188,6015567480.0,3593.0,151,3592.0,203
rb1805,20171102,20171101,210907500,3593.0,167538,1438194,6016070500.0,3593.0,145,3592.0,203
rb1805,20171102,20171101,210908000,3593.0,167688,1438194,6021460000.0,3593.0,70,3592.0,203
rb1805,20171102,20171101,210908500,3594.0,167834,1438320,6026705820.0,3594.0,5,3593.0,375
rb1805,20171102,20171101,210909000,3594.0,168050,1438328,6034467480.0,3595.0,160,3594.0,1
rb1805,20171102,20171101,210909500,3593.0,168072,1438318,6035258240.0,3594.0,1,3593.0,267
rb1805,20171102,20171101,210910000,3594.0,168080,1438318,6035545760.0,3595.0,155,3594.0,107
rb1805,20171102,20171101,210910500,3594.0,168096,1438310,6036120900.0,3595.0,150,3594.0,35
rb1805,20171102,20171101,210911000,3594.0,168116,1438314,6036839700.0,3595.0,153,3594.0,90
