instrument,tradingday,calendarday,time,lastp,volume,openinterest,turnover,ask1,asksz1,bid1,bidsz1
rb1805,20171212,20171211,205900500,3923.0,2392,2675974,93838160.0,3923.0,41,3922.0,25
rb1805,20171212,20171211,210000500,3924.0,3662,2676156,143649140.0,3924.0,216,3923.0,3
rb1805,20171212,20171211,210001000,3922.0,6564,2675672,257473780.0,3922.0,7,3921.0,92
rb1805,20171212,20171211,210001500,3922.0,7638,2675970,299602340.0,3923.0,12,3922.0,40
rb1805,20171212,20171211,210002000,3923.0,8342,2675998,327221380.0,3924.0,192,3923.0,219
rb1805,20171212,20171211,210002500,3922.0,9368,2675670,367472060.0,3923.0,20,3922.0,50
rb1805,20171212,20171211,210003000,3921.0,9742,2675546,382142400.0,3921.0,6,3920.0,430
rb1805,20171212,20171211,210003500,3921.0,10202,2675372,400179540.0,3922.0,103,3921.0,78
rb1805,20171212,20171211,210004000,3921.0,10692,2675566,419393800.0,3922.0,158,3921.0,14
rb1805,20171212,20171211,210004500,3921.0,10806,2675578,423863660.0,3922.0,589,3921.0,92
rb1805,20171212,20171211,210005000,3921.0,11232,2675804,440568040.0,3922.0,545,3921.0,6
rb1805,20171212,20171211,210005500,3921.0,12308,2675034,482766960.0,3922.0,180,3921.0,13
rb1805,20171212,20171211,210006000,3921.0,12514,2674960,490844220.0,3921.0,134,3920.0,406
rb1805,20171212,20171211,210006500,3920.0,12662,2675012,496646640.0,3921.0,186,3920.0,377
rb1805,20171212,20171211,210007000,3921.0,12776,2675014,501115860.0,3921.0,333,3920.0,342
rb1805,20171212,20171211,210007500,3920.0,12868,2675046,504722800.0,3921.0,364,3920.0,323
rb1805,20171212,20171211,210008000,3920.0,13094,2675166,513582340.0,3921.0,363,3920.0,237
rb1805,20171212,20171211,210008500,3920.0,13198,2675228,517659260.0,3921.0,422,3920.0,191
rb1805,20171212,20171211,210009000,3920.0,13606,2675260,533655100.0,3921.0,390,3920.0,102
rb1805,20171212,20171211,210009500,3921.0,13848,2675366,543141700.0,3920.0,83,3919.0,196
rb1805,20171212,20171211,210010000,3919.0,14688,2675682,576070620.0,3920.0,44,3919.0,184
rb1805,20171212,20171211,210010500,3920.0,14888,2675760,583910500.0,3921.0,310,3920.0,13
rb1805,20171212,20171211,210011000,3921.0,16112,2675756,631907420.0,3922.0,54,3921.0,119
rb1805,20171212,20171211,210011500,3922.0,16358,2675752,641554840.0,3923.0,754,3922.0,414
rb1805,20171212,20171211,210012000,3922.0,17142,2676038,672307700.0,3923.0,545,3922.0,321
rb1805,20171212,20171211,210012500,3922.0,17466,2676174,685016580.0,3923.0,480,3922.0,285
rb1805,20171212,20171211,210013000,3922.0,17814,2676296,698668000.0,3923.0,336,3922.0,255
rb1805,20171212,20171211,210013500,3923.0,18014,2676356,706513460.0,3923.0,264,3922.0,248
rb1805,20171212,20171211,210014000,3923.0,18206,2676462,714044680.0,3923.0,215,3922.0,203
rb1805,20171212,20171211,210014500,3923.0,18974,2676064,744170020.0,3924.0,101,3923.0,359
rb1805,20171212,20171211,210015000,3923.0,19120,2676068,749898340.0,3924.0,68,3923.0,331
rb1805,20171212,20171211,210015500,3923.0,19914,2675428,781047140.0,3923.0,72,3922.0,83
rb1805,20171212,20171211,210016000,3923.0,20166,2675434,790933060.0,3923.0,13,3922.0,83
rb1805,20171212,20171211,210016500,3923.0,20220,2675412,793051200.0,3923.0,11,3922.0,78
rb1805,20171212,20171211,210017000,3923.0,20376,2675332,799170000.0,3924.0,257,3923.0,29
rb1805,20171212,20171211,210017500,3923.0,20524,2675322,804976220.0,3923.0,30,3922.0,70
rb1805,20171212,20171211,210018000,3923.0,21526,2675214,844280820.0,3924.0,449,3923.0,375
rb1805,20171212,20171211,210018500,3923.0,21674,2675272,850086980.0,3924.0,467,3923.0,477
rb1805,20171212,20171211,210019000,3923.0,21984,2675414,862248500.0,3924.0,480,3923.0,358
rb1805,20171212,20171211,210019500,3923.0,22160,2675542,869153440.0,3924.0,465,3923.0,317
rb1805,20171212,20171211,210020000,3924.0,22450,2675610,880530280.0,3924.0,670,3923.0,181
rb1805,20171212,20171211,210020500,3923.0,22798,2675670,894182620.0,3924.0,673,3923.0,25
rb1805,20171212,20171211,210021000,3923.0,22950,2675696,900145240.0,3923.0,1046,3922.0,9
rb1805,20171212,20171211,210021500,3923.0,23574,2676080,924620840.0,3923.0,910,3922.0,4
rb1805,20171212,20171211,210022000,3922.0,23626,2676078,926660260.0,3923.0,930,3922.0,24
rb1805,20171212,20171211,210022500,3922.0,23694,2676062,929327440.0,3923.0,925,3922.0,20
rb1805,20171212,20171211,210023000,3922.0,23770,2676068,932308460.0,3923.0,924,3922.0,37
rb1805,20171212,20171211,210023500,3922.0,24020,2675866,942115860.0,3923.0,923,3922.0,50
rb1805,20171212,20171211,210024000,3923.0,24218,2675824,949882480.0,3923.0,859,3922.0,34
rb1805,20171212,20171211,210024500,3921.0,25270,2675746,991151300.0,3923.0,386,3921.0,115
rb1805,20171212,20171211,210025000,3922.0,25766,2675550,1010603340.0,3922.0,20,3921.0,6
rb1805,20171212,20171211,210025500,3922.0,26296,2675664,1031389580.0,3923.0,306,3922.0,9
rb1805,20171212,20171211,210026000,3922.0,26380,2675726,1034684220.0,3923.0,303,3922.0,4
rb1805,20171212,20171211,210026500,3922.0,26542,2675714,1041037820.0,3922.0,31,3921.0,8
rb1805,20171212,20171211,210027000,3921.0,26678,2675770,1046371020.0,3921.0,5,3920.0,341
rb1805,20171212,20171211,210027500,3922.0,26722,2675740,1048096440.0,3922.0,73,3921.0,58
rb1805,20171212,20171211,210028000,3921.0,27890,2675456,1093908660.0,3922.0,40,3921.0,1
rb1805,20171212,20171211,210028500,3922.0,28008,2675460,1098536560.0,3922.0,4,3921.0,16
rb1805,20171212,20171211,210029000,3921.0,28082,2675448,1101438300.0,3921.0,5,3920.0,294
rb1805,20171212,20171211,210029500,3922.0,28118,2675440,1102849920.0,3921.0,1,3920.0,316
rb1805,20171212,20171211,210030000,3920.0,28148,2675438,1104026060.0,3921.0,19,3920.0,307
rb1805,20171212,20171211,210030500,3921.0,28218,2675420,1106770640.0,3921.0,73,3920.0,311
rb1805,20171212,20171211,210031000,3920.0,28600,2675504,1121745460.0,3921.0,127,3920.0,198
rb1805,20171212,20171211,210031500,3920.0,28702,2675538,1125744240.0,3921.0,150,3920.0,171
rb1805,20171212,20171211,210032000,3921.0,29042,2675690,1139072820.0,3921.0,245,3920.0,33
rb1805,20171212,20171211,210032500,3920.0,29176,2675764,1144325580.0,3920.0,264,3919.0,188
rb1805,20171212,20171211,210033000,3919.0,29252,2675764,1147304160.0,3920.0,274,3919.0,161
rb1805,20171212,20171211,210033500,3919.0,29544,2675676,1158750120.0,3920.0,220,3919.0,139
rb1805,20171212,20171211,210034000,3920.0,29580,2675692,1160161240.0,3920.0,216,3919.0,135
rb1805,20171212,20171211,210034500,3919.0,29672,2675760,1163766980.0,3920.0,231,3919.0,103
rb1805,20171212,20171211,210035000,3919.0,29912,2675720,1173172580.0,3919.0,388,3918.0,746
rb1805,20171212,20171211,210035500,3918.0,29950,2675740,1174661640.0,3919.0,387,3918.0,755
rb1805,20171212,20171211,210036000,3919.0,30170,2675770,1183282800.0,3919.0,344,3918.0,753
rb1805,20171212,20171211,210036500,3919.0,30350,2675796,1190336500.0,3919.0,293,3918.0,730
rb1805,20171212,20171211,210037000,3918.0,30616,2675858,1200760640.0,3919.0,192,3918.0,708
rb1805,20171212,20171211,210037500,3919.0,31108,2676172,1220042580.0,3920.0,310,3919.0,99
rb1805,20171212,20171211,210038000,3920.0,31474,2676390,1234385720.0,3920.0,290,3919.0,2
rb1805,20171212,20171211,210038500,3919.0,31598,2676442,1239244780.0,3920.0,277,3919.0,251
rb1805,20171212,20171211,210039000,3920.0,32192,2676498,1262523460.0,3920.0,271,3919.0,4
rb1805,20171212,20171211,210039500,3919.0,32376,2676550,1269734460.0,3920.0,225,3918.0,615
rb1805,20171212,20171211,210040000,3919.0,32502,2676548,1274672420.0,3919.0,5,3918.0,712
rb1805,20171212,20171211,210040500,3919.0,32588,2676574,1278042940.0,3920.0,217,3919.0,1
rb1805,20171212,20171211,210041000,3919.0,32748,2676656,1284314340.0,3920.0,172,3919.0,51
rb1805,20171212,20171211,210041500,3920.0,33096,2676698,1297955100.0,3920.0,47,3919.0,83
rb1805,20171212,20171211,210042000,3919.0,33172,2676700,1300934040.0,3920.0,28,3919.0,94
rb1805,20171212,20171211,210042500,3920.0,33252,2676760,1304069960.0,3921.0,293,3920.0,87
rb1805,20171212,20171211,210043000,3921.0,33308,2676808,1306265200.0,3921.0,292,3920.0,68
rb1805,20171212,20171211,210043500,3920.0,33378,2676870,1309009200.0,3921.0,293,3920.0,44
rb1805,20171212,20171211,210044000,3919.0,33584,2677004,1317083800.0,3920.0,5,3919.0,130
rb1805,20171212,20171211,210044500,3920.0,33624,2677026,1318651580.0,3920.0,58,3919.0,156
rb1805,20171212,20171211,210045000,3919.0,33744,2677004,1323355420.0,3920.0,62,3919.0,162
rb1805,20171212,20171211,210045500,3919.0,33856,2677052,1327745280.0,3920.0,72,3919.0,205
rb1805,20171212,20171211,210046000,3920.0,33894,2677028,1329234840.0,3920.0,63,3919.0,239
rb1805,20171212,20171211,210046500,3920.0,33966,2677026,1332056640.0,3920.0,66,3919.0,194
rb1805,20171212,20171211,210047000,3919.0,34064,2676990,1335897500.0,3920.0,57,3919.0,160
rb1805,20171212,20171211,210047500,3920.0,34092,2677004,1336994920.0,3920.0,71,3919.0,158
rb1805,20171212,20171211,210048000,3920.0,34114,2677000,1337857220.0,3920.0,398,3919.0,160
rb1805,20171212,20171211,210048500,3920.0,34666,2677324,1359494720.0,3920.0,244,3919.0,117
rb1805,20171212,20171211,210049000,3920.0,34720,2677358,1361611140.0,3920.0,247,3919.0,106
rb1805,20171212,20171211,210049500,3920.0,34944,2677532,1370391180.0,3920.0,177,3919.0,70
rb1805,20171212,20171211,210050000,3919.0,35088,2677582,1376035540.0,3920.0,141,3919.0,81
rb1805,20171212,20171211,210050500,3919.0,35124,2677608,1377446540.0,3920.0,152,3919.0,76
rb1805,20171212,20171211,210051000,3920.0,35174,2677626,1379406240.0,3920.0,151,3919.0,171
rb1805,20171212,20171211,210051500,3919.0,35294,2677632,1384109220.0,3920.0,158,3919.0,122
rb1805,20171212,20171211,210052000,3919.0,35346,2677660,1386147400.0,3920.0,128,3919.0,173
rb1805,20171212,20171211,210052500,3920.0,35498,2677674,1392105280.0,3920.0,99,3919.0,151
rb1805,20171212,20171211,210053000,3919.0,35510,2677674,1392575580.0,3920.0,99,3919.0,159
rb1805,20171212,20171211,210053500,3920.0,35972,2677596,1410683400.0,3920.0,25,3919.0,46
rb1805,20171212,20171211,210054000,3920.0,36212,2677618,1420091420.0,3921.0,491,3920.0,8
rb1805,20171212,20171211,210054500,3920.0,36312,2677620,1424010980.0,3920.0,125,3919.0,40
rb1805,20171212,20171211,210055000,3919.0,36354,2677658,1425657040.0,3920.0,140,3919.0,72
rb1805,20171212,20171211,210055500,3920.0,36446,2677716,1429263200.0,3920.0,185,3919.0,72
rb1805,20171212,20171211,210056000,3919.0,36482,2677726,1430674080.0,3920.0,187,3919.0,68
rb1805,20171212,20171211,210056500,3920.0,36736,2677726,1440629720.0,3920.0,134,3919.0,23
rb1805,20171212,20171211,210057000,3920.0,36786,2677754,1442589400.0,3920.0,133,3919.0,8
rb1805,20171212,20171211,210057500,3919.0,36834,2677786,1444470860.0,3920.0,118,3919.0,47
rb1805,20171212,20171211,210058000,3919.0,36932,2677798,1448312120.0,3920.0,206,3919.0,94
rb1805,20171212,20171211,210058500,3920.0,37216,2677718,1459444620.0,3920.0,85,3919.0,82
rb1805,20171212,20171211,210059000,3919.0,37458,2677602,1468930580.0,3920.0,69,3919.0,100
rb1805,20171212,20171211,210059500,3920.0,37480,2677600,1469792860.0,3920.0,118,3919.0,112
rb1805,20171212,20171211,210100000,3920.0,37540,2677578,1472144680.0,3920.0,100,3919.0,111
rb1805,20171212,20171211,210100500,3919.0,38694,2678330,1517387980.0,3921.0,122,3919.0,110
rb1805,20171212,20171211,210101000,3922.0,39432,2678604,1546325620.0,3922.0,270,3919.0,67
rb1805,20171212,20171211,210101500,3920.0,39580,2678606,1552127320.0,3921.0,103,3920.0,77
rb1805,20171212,20171211,210102000,3920.0,39702,2678560,1556910580.0,3921.0,80,3920.0,187
rb1805,20171212,20171211,210102500,3921.0,39768,2678576,1559498000.0,3921.0,70,3920.0,183
rb1805,20171212,20171211,210103000,3921.0,39930,2678598,1565848540.0,3921.0,269,3920.0,117
rb1805,20171212,20171211,210103500,3921.0,39990,2678618,1568200900.0,3921.0,252,3920.0,107
rb1805,20171212,20171211,210104000,3919.0,40692,2678506,1595714580.0,3919.0,168,3918.0,963
rb1805,20171212,20171211,210104500,3919.0,41130,2678482,1612878900.0,3919.0,17,3918.0,920
rb1805,20171212,20171211,210105000,3919.0,41208,2678418,1615935800.0,3920.0,66,3919.0,462
rb1805,20171212,20171211,210105500,3920.0,41282,2678432,1618836420.0,3920.0,93,3919.0,447
rb1805,20171212,20171211,210106000,3920.0,41556,2678410,1629575040.0,3920.0,213,3919.0,321
rb1805,20171212,20171211,210106500,3919.0,41584,2678434,1630672520.0,3920.0,215,3919.0,318
rb1805,20171212,20171211,210107000,3919.0,41642,2678488,1632945680.0,3920.0,227,3919.0,308
rb1805,20171212,20171211,210107500,3919.0,41660,2678494,1633651160.0,3920.0,225,3919.0,311
rb1805,20171212,20171211,210108000,3920.0,41880,2678582,1642274420.0,3920.0,168,3919.0,278
rb1805,20171212,20171211,210108500,3921.0,42314,2678698,1659287200.0,3921.0,50,3920.0,115
rb1805,20171212,20171211,210109000,3921.0,42404,2678784,1662815240.0,3921.0,47,3920.0,77
rb1805,20171212,20171211,210109500,3920.0,42496,2678840,1666422240.0,3921.0,28,3920.0,131
rb1805,20171212,20171211,210110000,3920.0,42604,2678900,1670656520.0,3921.0,8,3920.0,611
rb1805,20171212,20171211,210110500,3920.0,42818,2678996,1679047340.0,3922.0,261,3920.0,625
rb1805,20171212,20171211,210111000,3920.0,42856,2679026,1680537000.0,3921.0,3,3920.0,613
rb1805,20171212,20171211,210111500,3921.0,42932,2679056,1683516960.0,3922.0,268,3921.0,62
rb1805,20171212,20171211,210112000,3921.0,42970,2679086,1685006940.0,3922.0,270,3921.0,49
rb1805,20171212,20171211,210112500,3921.0,43052,2679118,1688222760.0,3922.0,243,3921.0,89
rb1805,20171212,20171211,210113000,3922.0,43200,2679170,1694025880.0,3922.0,251,3921.0,46
rb1805,20171212,20171211,210113500,3920.0,43888,2679168,1720997560.0,3921.0,1,3920.0,350
rb1805,20171212,20171211,210114000,3921.0,43936,2679182,1722880020.0,3922.0,309,3921.0,399
rb1805,20171212,20171211,210114500,3921.0,44092,2679286,1728997960.0,3922.0,271,3921.0,383
rb1805,20171212,20171211,210115000,3921.0,44178,2679288,1732370120.0,3922.0,274,3921.0,349
rb1805,20171212,20171211,210115500,3922.0,44232,2679258,1734487600.0,3922.0,272,3921.0,348
rb1805,20171212,20171211,210116000,3922.0,44882,2679418,1759980560.0,3923.0,175,3922.0,202
rb1805,20171212,20171211,210116500,3922.0,44922,2679444,1761549400.0,3923.0,174,3922.0,188
rb1805,20171212,20171211,210117000,3922.0,45014,2679450,1765157720.0,3923.0,170,3922.0,152
rb1805,20171212,20171211,210117500,3923.0,45406,2679686,1780535360.0,3924.0,918,3923.0,10
rb1805,20171212,20171211,210118000,3923.0,45522,2679702,1785085520.0,3923.0,15,3922.0,99
rb1805,20171212,20171211,210118500,3922.0,45882,2679768,1799211020.0,3924.0,779,3923.0,12
rb1805,20171212,20171211,210119000,3923.0,46256,2679916,1813885200.0,3924.0,670,3922.0,231
rb1805,20171212,20171211,210119500,3924.0,46342,2679870,1817259280.0,3924.0,646,3923.0,5
rb1805,20171212,20171211,210120000,3923.0,46478,2679770,1822595780.0,3924.0,587,3923.0,5
rb1805,20171212,20171211,210120500,3922.0,46590,2679806,1826990320.0,3924.0,549,3922.0,272
rb1805,20171212,20171211,210121000,3923.0,46674,2679802,1830286100.0,3923.0,4,3922.0,297
rb1805,20171212,20171211,210121500,3924.0,46736,2679792,1832718840.0,3924.0,506,3923.0,94
rb1805,20171212,20171211,210122000,3923.0,46854,2679818,1837348420.0,3924.0,486,3923.0,70
rb1805,20171212,20171211,210122500,3923.0,46982,2679874,1842370300.0,3924.0,503,3923.0,39
rb1805,20171212,20171211,210123000,3924.0,47060,2679858,1845430700.0,3924.0,489,3923.0,30
rb1805,20171212,20171211,210123500,3924.0,47100,2679852,1847000160.0,3924.0,486,3923.0,137
rb1805,20171212,20171211,210124000,3924.0,47734,2679460,1871878160.0,3924.0,177,3923.0,255
rb1805,20171212,20171211,210124500,3924.0,48264,2679250,1892675420.0,3925.0,670,3924.0,723
rb1805,20171212,20171211,210125000,3924.0,49190,2679282,1929020680.0,3925.0,227,3924.0,761
rb1805,20171212,20171211,210125500,3925.0,49722,2679604,1949902080.0,3926.0,307,3925.0,447
rb1805,20171212,20171211,210126000,3926.0,50546,2679316,1982252240.0,3927.0,131,3926.0,9
rb1805,20171212,20171211,210126500,3927.0,50916,2679158,1996780420.0,3927.0,24,3926.0,2
rb1805,20171212,20171211,210127000,3927.0,51252,2679062,2009976080.0,3928.0,221,3927.0,14
rb1805,20171212,20171211,210127500,3928.0,52004,2679232,2039513020.0,3928.0,43,3927.0,106
rb1805,20171212,20171211,210128000,3927.0,52630,2679158,2064106020.0,3929.0,25,3928.0,1
rb1805,20171212,20171211,210128500,3928.0,52768,2679228,2069526800.0,3928.0,1,3927.0,154
rb1805,20171212,20171211,210129000,3928.0,53042,2679204,2080290260.0,3929.0,10,3928.0,262
rb1805,20171212,20171211,210129500,3929.0,53210,2679270,2086891080.0,3930.0,463,3929.0,28
rb1805,20171212,20171211,210130000,3929.0,53900,2679506,2114000200.0,3930.0,467,3929.0,391
rb1805,20171212,20171211,210130500,3930.0,54968,2679564,2155967100.0,3930.0,209,3929.0,196
rb1805,20171212,20171211,210131000,3930.0,56454,2678796,2214374160.0,3930.0,2,3929.0,139
rb1805,20171212,20171211,210131500,3930.0,56794,2678816,2227736340.0,3932.0,622,3930.0,400
rb1805,20171212,20171211,210132000,3930.0,57736,2678472,2264765140.0,3932.0,431,3930.0,321
rb1805,20171212,20171211,210132500,3930.0,58382,2677968,2290163660.0,3932.0,238,3930.0,888
rb1805,20171212,20171211,210133000,3930.0,59166,2677608,2320985760.0,3932.0,168,3930.0,903
rb1805,20171212,20171211,210133500,3930.0,59726,2677438,2343003760.0,3933.0,152,3932.0,4
rb1805,20171212,20171211,210134000,3932.0,60088,2677324,2357236140.0,3932.0,319,3931.0,70
rb1805,20171212,20171211,210134500,3930.0,60722,2677304,2382158540.0,3931.0,6,3930.0,870
rb1805,20171212,20171211,210135000,3931.0,61302,2677560,2404959360.0,3932.0,233,3931.0,287
rb1805,20171212,20171211,210135500,3933.0,62630,2677788,2457170460.0,3933.0,227,3932.0,273
rb1805,20171212,20171211,210136000,3931.0,63938,2678170,2508601520.0,3931.0,43,3930.0,873
rb1805,20171212,20171211,210136500,3930.0,64204,2678196,2519057320.0,3931.0,105,3930.0,809
rb1805,20171212,20171211,210137000,3931.0,64556,2678234,2532893500.0,3931.0,35,3930.0,765
rb1805,20171212,20171211,210137500,3930.0,64772,2678236,2541384000.0,3931.0,22,3930.0,739
rb1805,20171212,20171211,210138000,3931.0,65080,2678104,2553492060.0,3932.0,145,3931.0,21
rb1805,20171212,20171211,210138500,3931.0,65440,2678248,2567643860.0,3932.0,183,3931.0,401
rb1805,20171212,20171211,210139000,3931.0,65960,2678686,2588085200.0,3932.0,281,3931.0,174
rb1805,20171212,20171211,210139500,3931.0,66466,2678654,2607976440.0,3931.0,4,3930.0,803
rb1805,20171212,20171211,210140000,3931.0,66816,2678870,2621734840.0,3931.0,87,3930.0,757
rb1805,20171212,20171211,210140500,3931.0,67476,2679272,2647674940.0,3931.0,15,3930.0,543
rb1805,20171212,20171211,210141000,3931.0,67740,2679478,2658053120.0,3932.0,250,3931.0,3
rb1805,20171212,20171211,210141500,3931.0,68494,2679386,2687690440.0,3931.0,45,3930.0,309
rb1805,20171212,20171211,210142000,3930.0,69170,2679196,2714258520.0,3932.0,299,3931.0,10
rb1805,20171212,20171211,210142500,3931.0,69266,2679192,2718031840.0,3931.0,345,3930.0,26
rb1805,20171212,20171211,210143000,3931.0,69448,2679240,2725184440.0,3930.0,162,3929.0,454
rb1805,20171212,20171211,210143500,3929.0,69510,2679272,2727620940.0,3930.0,201,3929.0,118
rb1805,20171212,20171211,210144000,3929.0,69654,2679270,2733278960.0,3930.0,74,3929.0,55
rb1805,20171212,20171211,210144500,3929.0,69864,2679188,2741530320.0,3929.0,35,3928.0,175
rb1805,20171212,20171211,210145000,3929.0,69908,2679208,2743258960.0,3929.0,75,3928.0,170
rb1805,20171212,20171211,210145500,3928.0,70186,2679276,2754179800.0,3929.0,58,3928.0,162
rb1805,20171212,20171211,210146000,3928.0,70246,2679284,2756536920.0,3929.0,154,3928.0,176
rb1805,20171212,20171211,210146500,3928.0,70786,2679128,2777748640.0,3929.0,177,3928.0,22
rb1805,20171212,20171211,210147000,3928.0,71532,2679700,2807051460.0,3928.0,129,3927.0,186
rb1805,20171212,20171211,210147500,3927.0,71680,2679796,2812863880.0,3928.0,124,3927.0,128
rb1805,20171212,20171211,210148000,3928.0,71840,2679828,2819148580.0,3928.0,84,3927.0,233
rb1805,20171212,20171211,210148500,3927.0,72014,2679852,2825983080.0,3928.0,74,3927.0,226
rb1805,20171212,20171211,210149000,3928.0,72556,2679620,2847269860.0,3929.0,240,3928.0,22
rb1805,20171212,20171211,210149500,3927.0,72656,2679684,2851197820.0,3928.0,67,3927.0,181
rb1805,20171212,20171211,210150000,3928.0,73130,2679716,2869816380.0,3929.0,269,3928.0,18
rb1805,20171212,20171211,210150500,3928.0,73172,2679702,2871466200.0,3929.0,269,3928.0,3
rb1805,20171212,20171211,210151000,3928.0,73436,2679866,2881834120.0,3929.0,265,3928.0,16
rb1805,20171212,20171211,210151500,3928.0,73534,2679878,2885683520.0,3929.0,269,3928.0,16
rb1805,20171212,20171211,210152000,3928.0,73648,2679920,2890160960.0,3928.0,9,3927.0,159
rb1805,20171212,20171211,210152500,3928.0,73886,2680074,2899508260.0,3928.0,26,3927.0,99
rb1805,20171212,20171211,210153000,3928.0,73934,2680086,2901393600.0,3928.0,89,3927.0,126
rb1805,20171212,20171211,210153500,3927.0,74032,2680154,2905242500.0,3928.0,111,3927.0,110
rb1805,20171212,20171211,210154000,3927.0,74314,2680078,2916316800.0,3927.0,7,3926.0,189
rb1805,20171212,20171211,210154500,3927.0,74430,2680108,2920872060.0,3927.0,3,3926.0,197
rb1805,20171212,20171211,210155000,3927.0,74492,2680098,2923306380.0,3927.0,1,3926.0,178
rb1805,20171212,20171211,210155500,3927.0,74560,2680138,2925976480.0,3927.0,14,3926.0,461
rb1805,20171212,20171211,210156000,3927.0,74692,2680254,2931159020.0,3927.0,5,3926.0,409
rb1805,20171212,20171211,210156500,3927.0,74828,2680326,2936499000.0,3928.0,253,3927.0,42
rb1805,20171212,20171211,210157000,3927.0,75006,2680254,2943489020.0,3928.0,257,3927.0,117
rb1805,20171212,20171211,210157500,3927.0,75036,2680242,2944667160.0,3928.0,258,3927.0,185
rb1805,20171212,20171211,210158000,3928.0,75206,2680132,2951343180.0,3928.0,306,3927.0,118
rb1805,20171212,20171211,210158500,3928.0,75926,2680650,2979624760.0,3929.0,352,3928.0,153
rb1805,20171212,20171211,210159000,3928.0,76016,2680696,2983160000.0,3929.0,304,3928.0,111
rb1805,20171212,20171211,210159500,3929.0,76172,2680820,2989288660.0,3929.0,255,3928.0,86
rb1805,20171212,20171211,210200000,3928.0,76632,2680968,3007358480.0,3929.0,205,3928.0,76
rb1805,20171212,20171211,210200500,3928.0,76950,2680806,3019849900.0,3929.0,210,3928.0,45
rb1805,20171212,20171211,210201000,3928.0,77192,2680958,3029356280.0,3928.0,187,3927.0,160
rb1805,20171212,20171211,210201500,3929.0,77702,2680934,3049390060.0,3929.0,135,3928.0,19
rb1805,20171212,20171211,210202000,3930.0,78064,2681080,3063613080.0,3930.0,601,3929.0,275
rb1805,20171212,20171211,210202500,3929.0,78240,2681116,3070528140.0,3930.0,667,3929.0,197
rb1805,20171212,20171211,210203000,3929.0,78848,2681372,3094419080.0,3930.0,536,3929.0,26
rb1805,20171212,20171211,210203500,3929.0,78906,2681384,3096698100.0,3930.0,594,3929.0,20
rb1805,20171212,20171211,210204000,3929.0,78994,2681456,3100155600.0,3930.0,658,3929.0,77
rb1805,20171212,20171211,210204500,3929.0,79102,2681558,3104398960.0,3930.0,873,3929.0,31
rb1805,20171212,20171211,210205000,3929.0,79196,2681648,3108092180.0,3929.0,165,3928.0,175
rb1805,20171212,20171211,210205500,3929.0,79252,2681674,3110292180.0,3929.0,168,3928.0,181
rb1805,20171212,20171211,210206000,3929.0,79278,2681690,3111313720.0,3929.0,303,3928.0,201
rb1805,20171212,20171211,210206500,3929.0,79346,2681724,3113985180.0,3929.0,345,3928.0,202
rb1805,20171212,20171211,210207000,3929.0,79654,2681956,3126086140.0,3929.0,231,3928.0,201
rb1805,20171212,20171211,210207500,3928.0,80084,2681926,3142979480.0,3929.0,104,3928.0,181
rb1805,20171212,20171211,210208000,3929.0,80352,2682008,3153509200.0,3930.0,1115,3929.0,109
rb1805,20171212,20171211,210208500,3929.0,80410,2682056,3155788180.0,3930.0,1115,3929.0,95
rb1805,20171212,20171211,210209000,3929.0,80518,2682108,3160031520.0,3930.0,1115,3929.0,149
rb1805,20171212,20171211,210209500,3929.0,80796,2682112,3170954760.0,3930.0,1107,3929.0,213
rb1805,20171212,20171211,210210000,3929.0,80878,2682156,3174176800.0,3930.0,1099,3929.0,190
rb1805,20171212,20171211,210210500,3929.0,80962,2682180,3177477280.0,3930.0,1043,3929.0,176
rb1805,20171212,20171211,210211000,3929.0,81300,2682190,3190757340.0,3930.0,1044,3929.0,13
rb1805,20171212,20171211,210211500,3928.0,81892,2682502,3214017000.0,3929.0,113,3928.0,197
rb1805,20171212,20171211,210212000,3929.0,82106,2682604,3222424780.0,3929.0,101,3928.0,214
rb1805,20171212,20171211,210212500,3929.0,82360,2682594,3232404440.0,3929.0,13,3928.0,220
rb1805,20171212,20171211,210213000,3929.0,82542,2682554,3239555320.0,3930.0,1066,3929.0,264
rb1805,20171212,20171211,210213500,3929.0,82592,2682584,3241520200.0,3930.0,1075,3929.0,243
rb1805,20171212,20171211,210214000,3929.0,82644,2682588,3243563300.0,3930.0,1077,3929.0,246
rb1805,20171212,20171211,210214500,3929.0,82844,2682618,3251421340.0,3930.0,1123,3929.0,150
rb1805,20171212,20171211,210215000,3929.0,82952,2682628,3255664960.0,3930.0,1111,3929.0,131
rb1805,20171212,20171211,210215500,3929.0,83086,2682692,3260930280.0,3930.0,1097,3929.0,96
rb1805,20171212,20171211,210216000,3930.0,83212,2682720,3265881320.0,3930.0,1073,3929.0,69
rb1805,20171212,20171211,210216500,3929.0,83360,2682690,3271696320.0,3930.0,1128,3928.0,350
rb1805,20171212,20171211,210217000,3929.0,83444,2682666,3274996720.0,3929.0,23,3928.0,360
rb1805,20171212,20171211,210217500,3929.0,83806,2682894,3289221860.0,3929.0,1,3928.0,361
rb1805,20171212,20171211,210218000,3929.0,83968,2682814,3295586960.0,3929.0,103,3928.0,362
rb1805,20171212,20171211,210218500,3929.0,84022,2682828,3297708340.0,3929.0,153,3928.0,374
rb1805,20171212,20171211,210219000,3929.0,84062,2682844,3299279760.0,3929.0,233,3928.0,396
rb1805,20171212,20171211,210219500,3929.0,84166,2682844,3303365600.0,3929.0,210,3928.0,392
rb1805,20171212,20171211,210220000,3929.0,84236,2682820,3306115420.0,3929.0,211,3928.0,371
rb1805,20171212,20171211,210220500,3929.0,84678,2682730,3323477400.0,3929.0,206,3928.0,168
rb1805,20171212,20171211,210221000,3929.0,84940,2682736,3333769080.0,3929.0,205,3928.0,63
rb1805,20171212,20171211,210221500,3928.0,85286,2682664,3347361400.0,3929.0,141,3928.0,2
rb1805,20171212,20171211,210222000,3928.0,85344,2682712,3349639720.0,3928.0,26,3927.0,168
rb1805,20171212,20171211,210222500,3929.0,85524,2682736,3356710300.0,3929.0,165,3928.0,5
rb1805,20171212,20171211,210223000,3928.0,85572,2682752,3358595760.0,3929.0,367,3928.0,147
rb1805,20171212,20171211,210223500,3928.0,85692,2682766,3363309400.0,3929.0,368,3928.0,98
rb1805,20171212,20171211,210224000,3928.0,85856,2682788,3369752920.0,3929.0,308,3928.0,109
rb1805,20171212,20171211,210224500,3928.0,85972,2682874,3374309820.0,3929.0,362,3928.0,80
rb1805,20171212,20171211,210225000,3928.0,86160,2682928,3381694420.0,3928.0,46,3927.0,159
rb1805,20171212,20171211,210225500,3928.0,86550,2683060,3397013620.0,3928.0,6,3927.0,152
rb1805,20171212,20171211,210226000,3928.0,86608,2683084,3399291860.0,3928.0,62,3927.0,353
rb1805,20171212,20171211,210226500,3928.0,86614,2683090,3399527520.0,3928.0,110,3927.0,451
rb1805,20171212,20171211,210227000,3928.0,86698,2683142,3402826980.0,3928.0,79,3927.0,450
rb1805,20171212,20171211,210227500,3928.0,86892,2683198,3410447360.0,3929.0,602,3928.0,86
rb1805,20171212,20171211,210228000,3928.0,86910,2683206,3411154400.0,3929.0,618,3928.0,85
rb1805,20171212,20171211,210228500,3928.0,86914,2683208,3411311520.0,3929.0,618,3928.0,88
rb1805,20171212,20171211,210229000,3928.0,87112,2683324,3419088940.0,3928.0,14,3927.0,507
rb1805,20171212,20171211,210229500,3927.0,87132,2683326,3419874440.0,3928.0,15,3927.0,509
rb1805,20171212,20171211,210230000,3928.0,87248,2683332,3424431260.0,3928.0,20,3927.0,507
rb1805,20171212,20171211,210230500,3927.0,87282,2683324,3425766700.0,3928.0,17,3927.0,509
rb1805,20171212,20171211,210231000,3928.0,87302,2683324,3426552300.0,3928.0,12,3927.0,515
rb1805,20171212,20171211,210231500,3927.0,87348,2683352,3428359000.0,3928.0,18,3927.0,506
rb1805,20171212,20171211,210232000,3928.0,87408,2683382,3430715640.0,3928.0,44,3927.0,500
rb1805,20171212,20171211,210232500,3928.0,87514,2683452,3434879020.0,3928.0,10,3927.0,504
rb1805,20171212,20171211,210233000,3929.0,87572,2683476,3437157140.0,3929.0,819,3928.0,18
rb1805,20171212,20171211,210233500,3928.0,87654,2683468,3440377760.0,3928.0,179,3927.0,291
rb1805,20171212,20171211,210234000,3927.0,87708,2683460,3442498640.0,3928.0,134,3927.0,280
rb1805,20171212,20171211,210234500,3928.0,87772,2683424,3445012480.0,3928.0,222,3927.0,288
rb1805,20171212,20171211,210235000,3927.0,87832,2683416,3447369240.0,3928.0,202,3927.0,287
rb1805,20171212,20171211,210235500,3928.0,87898,2683370,3449961660.0,3928.0,196,3927.0,297
rb1805,20171212,20171211,210236000,3928.0,87952,2683382,3452082660.0,3928.0,184,3927.0,295
rb1805,20171212,20171211,210236500,3927.0,88062,2683354,3456403320.0,3928.0,141,3927.0,291
rb1805,20171212,20171211,210237000,3927.0,88106,2683386,3458131280.0,3928.0,205,3927.0,274
rb1805,20171212,20171211,210237500,3928.0,88114,2683388,3458445460.0,3928.0,237,3927.0,273
rb1805,20171212,20171211,210238000,3928.0,88140,2683394,3459466640.0,3928.0,240,3927.0,312
rb1805,20171212,20171211,210238500,3927.0,88220,2683404,3462608880.0,3928.0,214,3927.0,304
rb1805,20171212,20171211,210239000,3928.0,88442,2683390,3471326980.0,3928.0,224,3927.0,202
rb1805,20171212,20171211,210239500,3927.0,88530,2683456,3474782820.0,3928.0,232,3927.0,163
rb1805,20171212,20171211,210240000,3928.0,88676,2683554,3480516480.0,3928.0,229,3927.0,103
rb1805,20171212,20171211,210240500,3927.0,89286,2683904,3504467180.0,3927.0,358,3926.0,62
rb1805,20171212,20171211,210241000,3926.0,89432,2684000,3510199140.0,3926.0,182,3925.0,331
rb1805,20171212,20171211,210241500,3925.0,90172,2683924,3539244860.0,3926.0,148,3924.0,334
rb1805,20171212,20171211,210242000,3924.0,90614,2683826,3556589280.0,3925.0,15,3924.0,149
rb1805,20171212,20171211,210242500,3924.0,91126,2683694,3576680720.0,3925.0,13,3924.0,1
rb1805,20171212,20171211,210243000,3925.0,91398,2683648,3587354100.0,3925.0,45,3924.0,1
rb1805,20171212,20171211,210243500,3924.0,91488,2683602,3590885520.0,3924.0,20,3923.0,212
rb1805,20171212,20171211,210244000,3924.0,91574,2683636,3594260220.0,3925.0,47,3924.0,261
rb1805,20171212,20171211,210244500,3925.0,91770,2683716,3601953320.0,3926.0,57,3925.0,57
rb1805,20171212,20171211,210245000,3925.0,91836,2683730,3604543820.0,3926.0,63,3925.0,27
rb1805,20171212,20171211,210245500,3925.0,91874,2683714,3606035360.0,3926.0,69,3925.0,97
rb1805,20171212,20171211,210246000,3925.0,91908,2683718,3607370020.0,3926.0,56,3925.0,100
rb1805,20171212,20171211,210246500,3925.0,92030,2683662,3612159520.0,3926.0,6,3925.0,118
rb1805,20171212,20171211,210247000,3926.0,92046,2683670,3612787680.0,3927.0,262,3926.0,363
rb1805,20171212,20171211,210247500,3926.0,92068,2683684,3613651420.0,3927.0,261,3926.0,341
rb1805,20171212,20171211,210248000,3927.0,92156,2683710,3617106340.0,3927.0,259,3926.0,299
rb1805,20171212,20171211,210248500,3926.0,92506,2683848,3630850420.0,3927.0,109,3926.0,127
rb1805,20171212,20171211,210249000,3926.0,92540,2683854,3632185340.0,3927.0,112,3926.0,140
rb1805,20171212,20171211,210249500,3927.0,92566,2683868,3633206120.0,3927.0,112,3926.0,72
rb1805,20171212,20171211,210250000,3926.0,92714,2684002,3639016600.0,3926.0,207,3925.0,159
rb1805,20171212,20171211,210250500,3926.0,92804,2684044,3642549540.0,3926.0,186,3925.0,117
rb1805,20171212,20171211,210251000,3926.0,92900,2684106,3646318260.0,3926.0,217,3925.0,105
rb1805,20171212,20171211,210251500,3925.0,93118,2684132,3654874800.0,3925.0,140,3924.0,351
rb1805,20171212,20171211,210252000,3925.0,93134,2684144,3655502780.0,3925.0,141,3924.0,351
rb1805,20171212,20171211,210252500,3925.0,93178,2684174,3657229740.0,3925.0,127,3924.0,552
rb1805,20171212,20171211,210253000,3925.0,93430,2684272,3667120720.0,3926.0,208,3925.0,30
rb1805,20171212,20171211,210253500,3925.0,93452,2684280,3667984320.0,3926.0,217,3925.0,101
rb1805,20171212,20171211,210254000,3925.0,93466,2684290,3668533860.0,3926.0,190,3925.0,231
rb1805,20171212,20171211,210254500,3926.0,93868,2684254,3684316200.0,3927.0,170,3926.0,200
rb1805,20171212,20171211,210255000,3926.0,94108,2684308,3693740380.0,3927.0,79,3926.0,170
rb1805,20171212,20171211,210255500,3926.0,94150,2684276,3695389340.0,3927.0,84,3926.0,162
rb1805,20171212,20171211,210256000,3926.0,94302,2684164,3701356920.0,3927.0,86,3926.0,111
rb1805,20171212,20171211,210256500,3927.0,94358,2684168,3703555720.0,3927.0,105,3926.0,26
rb1805,20171212,20171211,210257000,3927.0,94472,2684122,3708031180.0,3926.0,5,3925.0,238
rb1805,20171212,20171211,210257500,3925.0,94482,2684118,3708423760.0,3926.0,30,3925.0,236
rb1805,20171212,20171211,210258000,3925.0,94514,2684114,3709679980.0,3926.0,79,3925.0,221
rb1805,20171212,20171211,210258500,3926.0,94524,2684108,3710072580.0,3926.0,76,3925.0,221
rb1805,20171212,20171211,210259000,3926.0,94566,2684082,3711721160.0,3926.0,137,3925.0,207
rb1805,20171212,20171211,210259500,3926.0,94674,2684094,3715960440.0,3926.0,154,3925.0,218
rb1805,20171212,20171211,210300000,3925.0,94778,2684086,3720042800.0,3926.0,143,3925.0,103
rb1805,20171212,20171211,210300500,3926.0,94888,2684076,3724360960.0,3926.0,111,3925.0,88
rb1805,20171212,20171211,210301000,3926.0,94920,2684108,3725617040.0,3926.0,131,3925.0,78
rb1805,20171212,20171211,210301500,3925.0,94924,2684110,3725774040.0,3926.0,134,3925.0,79
rb1805,20171212,20171211,210302000,3926.0,94932,2684114,3726088120.0,3926.0,140,3925.0,83
rb1805,20171212,20171211,210302500,3926.0,94952,2684118,3726873260.0,3926.0,136,3925.0,90
rb1805,20171212,20171211,210303000,3926.0,94970,2684114,3727579860.0,3926.0,133,3925.0,87
rb1805,20171212,20171211,210303500,3926.0,95014,2684120,3729307040.0,3926.0,126,3925.0,78
rb1805,20171212,20171211,210304000,3925.0,95104,2684158,3732840300.0,3926.0,117,3925.0,76
rb1805,20171212,20171211,210304500,3925.0,95150,2684182,3734646020.0,3926.0,109,3925.0,71
rb1805,20171212,20171211,210305000,3925.0,95176,2684186,3735666720.0,3926.0,103,3925.0,68
rb1805,20171212,20171211,210305500,3926.0,95216,2684196,3737236800.0,3926.0,135,3925.0,74
rb1805,20171212,20171211,210306000,3925.0,95340,2684272,3742104080.0,3926.0,124,3925.0,30
rb1805,20171212,20171211,210306500,3926.0,95394,2684262,3744223980.0,3926.0,108,3925.0,24
rb1805,20171212,20171211,210307000,3925.0,95444,2684284,3746186480.0,3926.0,110,3925.0,10
rb1805,20171212,20171211,210307500,3926.0,95464,2684292,3746971680.0,3926.0,513,3925.0,26
rb1805,20171212,20171211,210308000,3925.0,95530,2684280,3749562180.0,3925.0,312,3924.0,444
rb1805,20171212,20171211,210308500,3925.0,95536,2684280,3749797680.0,3925.0,559,3924.0,460
rb1805,20171212,20171211,210309000,3925.0,95918,2684522,3764787480.0,3925.0,528,3924.0,275
rb1805,20171212,20171211,210309500,3925.0,96534,2684826,3788961540.0,3925.0,395,3924.0,69
rb1805,20171212,20171211,210310000,3924.0,96678,2684798,3794612100.0,3924.0,304,3923.0,239
rb1805,20171212,20171211,210310500,3924.0,96766,2684836,3798064440.0,3924.0,329,3923.0,200
rb1805,20171212,20171211,210311000,3924.0,96974,2684748,3806224680.0,3924.0,318,3923.0,127
rb1805,20171212,20171211,210311500,3923.0,97202,2684650,3815169560.0,3924.0,300,3923.0,60
rb1805,20171212,20171211,210312000,3923.0,97370,2684626,3821760700.0,3923.0,27,3922.0,306
rb1805,20171212,20171211,210312500,3923.0,97434,2684622,3824270920.0,3923.0,97,3922.0,281
rb1805,20171212,20171211,210313000,3922.0,97528,2684648,3827957700.0,3923.0,95,3922.0,239
rb1805,20171212,20171211,210313500,3922.0,98416,2684798,3862791180.0,3923.0,2,3922.0,2
rb1805,20171212,20171211,210314000,3922.0,98574,2684880,3868987960.0,3922.0,52,3921.0,228
rb1805,20171212,20171211,210314500,3922.0,98758,2684828,3876204920.0,3923.0,174,3922.0,219
rb1805,20171212,20171211,210315000,3923.0,99138,2684696,3891109280.0,3923.0,138,3922.0,92
rb1805,20171212,20171211,210315500,3923.0,99216,2684716,3894168620.0,3923.0,143,3922.0,76
rb1805,20171212,20171211,210316000,3922.0,99264,2684738,3896051280.0,3923.0,160,3922.0,84
rb1805,20171212,20171211,210316500,3922.0,99500,2684698,3905309280.0,3923.0,56,3922.0,150
rb1805,20171212,20171211,210317000,3922.0,99534,2684674,3906642920.0,3923.0,47,3922.0,146
rb1805,20171212,20171211,210317500,3923.0,99606,2684652,3909466940.0,3923.0,94,3922.0,194
rb1805,20171212,20171211,210318000,3923.0,99804,2684618,3917233160.0,3923.0,62,3922.0,230
rb1805,20171212,20171211,210318500,3922.0,100032,2684690,3926175940.0,3923.0,35,3922.0,155
rb1805,20171212,20171211,210319000,3922.0,100130,2684682,3930019600.0,3923.0,53,3922.0,121
rb1805,20171212,20171211,210319500,3922.0,100270,2684808,3935510480.0,3923.0,72,3922.0,57
rb1805,20171212,20171211,210320000,3923.0,100328,2684850,3937785300.0,3923.0,94,3922.0,41
rb1805,20171212,20171211,210320500,3923.0,100360,2684878,3939040460.0,3923.0,127,3922.0,61
rb1805,20171212,20171211,210321000,3922.0,100412,2684902,3941080120.0,3923.0,122,3922.0,83
rb1805,20171212,20171211,210321500,3922.0,100566,2684890,3947120720.0,3923.0,89,3922.0,59
rb1805,20171212,20171211,210322000,3922.0,100620,2684922,3949239040.0,3923.0,73,3922.0,60
rb1805,20171212,20171211,210322500,3922.0,100984,2684796,3963515720.0,3922.0,35,3921.0,155
rb1805,20171212,20171211,210323000,3922.0,101160,2684722,3970418640.0,3922.0,2,3921.0,205
rb1805,20171212,20171211,210323500,3923.0,101268,2684686,3974654740.0,3923.0,39,3922.0,40
rb1805,20171212,20171211,210324000,3923.0,101346,2684678,3977714460.0,3923.0,19,3922.0,64
rb1805,20171212,20171211,210324500,3922.0,101550,2684650,3985716420.0,3924.0,213,3922.0,22
rb1805,20171212,20171211,210325000,3922.0,101614,2684686,3988226480.0,3922.0,38,3921.0,268
rb1805,20171212,20171211,210325500,3922.0,101738,2684662,3993088920.0,3922.0,40,3921.0,231
rb1805,20171212,20171211,210326000,3922.0,101798,2684692,3995441860.0,3922.0,32,3921.0,271
rb1805,20171212,20171211,210326500,3922.0,101932,2684662,4000697340.0,3923.0,38,3922.0,38
rb1805,20171212,20171211,210327000,3922.0,101962,2684650,4001874060.0,3923.0,57,3922.0,30
rb1805,20171212,20171211,210327500,3922.0,102002,2684626,4003442960.0,3923.0,65,3922.0,23
rb1805,20171212,20171211,210328000,3922.0,102130,2684582,4008464300.0,3923.0,7,3922.0,31
rb1805,20171212,20171211,210328500,3923.0,102224,2684554,4012150900.0,3923.0,44,3921.0,295
rb1805,20171212,20171211,210329000,3922.0,102240,2684542,4012778300.0,3922.0,69,3921.0,303
rb1805,20171212,20171211,210329500,3922.0,102256,2684544,4013405780.0,3922.0,98,3921.0,305
rb1805,20171212,20171211,210330000,3921.0,102270,2684546,4013954780.0,3922.0,125,3921.0,306
rb1805,20171212,20171211,210330500,3922.0,102284,2684542,4014503780.0,3922.0,151,3921.0,316
rb1805,20171212,20171211,210331000,3922.0,102412,2684590,4019522800.0,3922.0,155,3921.0,269
rb1805,20171212,20171211,210331500,3921.0,102446,2684608,4020855980.0,3922.0,156,3921.0,295
rb1805,20171212,20171211,210332000,3922.0,102516,2684638,4023600900.0,3922.0,148,3921.0,276
rb1805,20171212,20171211,210332500,3921.0,102554,2684654,4025091060.0,3922.0,142,3921.0,277
rb1805,20171212,20171211,210333000,3921.0,102648,2684710,4028777460.0,3922.0,110,3921.0,266
rb1805,20171212,20171211,210333500,3922.0,102752,2684770,4032856320.0,3922.0,65,3921.0,226
rb1805,20171212,20171211,210334000,3921.0,102824,2684818,4035679520.0,3922.0,65,3921.0,199
rb1805,20171212,20171211,210334500,3922.0,102884,2684852,4038032700.0,3922.0,70,3921.0,235
rb1805,20171212,20171211,210335000,3922.0,102996,2684888,4042424660.0,3922.0,58,3921.0,208
rb1805,20171212,20171211,210335500,3921.0,103012,2684898,4043052080.0,3922.0,100,3921.0,210
rb1805,20171212,20171211,210336000,3921.0,103062,2684938,4045012660.0,3922.0,96,3921.0,190
rb1805,20171212,20171211,210336500,3922.0,103082,2684956,4045796900.0,3922.0,97,3921.0,181
rb1805,20171212,20171211,210337000,3921.0,103118,2684970,4047208620.0,3922.0,93,3921.0,171
rb1805,20171212,20171211,210337500,3922.0,103300,2685068,4054346200.0,3922.0,26,3921.0,151
rb1805,20171212,20171211,210338000,3921.0,103314,2685062,4054895160.0,3922.0,36,3921.0,147
rb1805,20171212,20171211,210338500,3921.0,103328,2685054,4055444120.0,3922.0,85,3921.0,144
rb1805,20171212,20171211,210339000,3922.0,103588,2685146,4065640540.0,3923.0,145,3922.0,62
rb1805,20171212,20171211,210339500,3922.0,103790,2685330,4073563940.0,3923.0,118,3922.0,19
rb1805,20171212,20171211,210340000,3922.0,103876,2685306,4076936800.0,3923.0,119,3922.0,17
rb1805,20171212,20171211,210340500,3921.0,104022,2685332,4082662060.0,3922.0,164,3921.0,155
rb1805,20171212,20171211,210341000,3921.0,104124,2685268,4086661720.0,3922.0,384,3921.0,117
rb1805,20171212,20171211,210341500,3920.0,104370,2685462,4096307360.0,3921.0,174,3920.0,457
rb1805,20171212,20171211,210342000,3921.0,104646,2685338,4107127160.0,3921.0,149,3920.0,352
rb1805,20171212,20171211,210342500,3920.0,104670,2685340,4108067980.0,3921.0,147,3920.0,340
rb1805,20171212,20171211,210343000,3921.0,104708,2685332,4109557740.0,3921.0,145,3920.0,332
rb1805,20171212,20171211,210343500,3921.0,104792,2685348,4112850700.0,3921.0,146,3920.0,300
rb1805,20171212,20171211,210344000,3920.0,105634,2685102,4145859240.0,3920.0,7,3919.0,144
rb1805,20171212,20171211,210344500,3920.0,105740,2685022,4150014480.0,3921.0,37,3920.0,10
rb1805,20171212,20171211,210345000,3920.0,105782,2685016,4151660900.0,3921.0,50,3920.0,155
rb1805,20171212,20171211,210345500,3920.0,105826,2684996,4153385880.0,3921.0,39,3920.0,158
rb1805,20171212,20171211,210346000,3920.0,105930,2684940,4157463380.0,3921.0,3,3920.0,200
rb1805,20171212,20171211,210346500,3920.0,105958,2684928,4158561060.0,3921.0,9,3920.0,244
rb1805,20171212,20171211,210347000,3921.0,106028,2684914,4161305760.0,3922.0,438,3921.0,27
rb1805,20171212,20171211,210347500,3920.0,106176,2684914,4167108000.0,3921.0,56,3920.0,225
rb1805,20171212,20171211,210348000,3920.0,106262,2684886,4170479540.0,3921.0,56,3920.0,209
rb1805,20171212,20171211,210348500,3920.0,106296,2684898,4171812520.0,3921.0,54,3920.0,212
rb1805,20171212,20171211,210349000,3920.0,106360,2684864,4174321540.0,3921.0,71,3920.0,193
rb1805,20171212,20171211,210349500,3920.0,106380,2684862,4175105560.0,3921.0,72,3920.0,187
rb1805,20171212,20171211,210350000,3920.0,106622,2684918,4184592060.0,3921.0,94,3920.0,73
rb1805,20171212,20171211,210350500,3920.0,106654,2684946,4185846500.0,3921.0,90,3920.0,114
rb1805,20171212,20171211,210351000,3920.0,106676,2684958,4186708960.0,3921.0,92,3920.0,108
rb1805,20171212,20171211,210351500,3920.0,106740,2684948,4189217940.0,3921.0,98,3920.0,116
rb1805,20171212,20171211,210352000,3920.0,106786,2684960,4191021140.0,3921.0,99,3920.0,100
rb1805,20171212,20171211,210352500,3921.0,106814,2684974,4192118860.0,3921.0,96,3920.0,108
rb1805,20171212,20171211,210353000,3921.0,106906,2684986,4195725840.0,3921.0,78,3920.0,118
rb1805,20171212,20171211,210353500,3920.0,107026,2684980,4200430620.0,3921.0,45,3920.0,100
rb1805,20171212,20171211,210354000,3920.0,107144,2685014,4205056560.0,3921.0,37,3920.0,72
rb1805,20171212,20171211,210354500,3920.0,107226,2684994,4208271400.0,3921.0,19,3920.0,62
rb1805,20171212,20171211,210355000,3921.0,107256,2684990,4209447440.0,3921.0,27,3920.0,84
rb1805,20171212,20171211,210355500,3921.0,107426,2685024,4216111500.0,3921.0,31,3920.0,8
rb1805,20171212,20171211,210356000,3920.0,107546,2685120,4220816500.0,3920.0,15,3919.0,222
rb1805,20171212,20171211,210356500,3920.0,107688,2685042,4226383060.0,3921.0,216,3920.0,339
rb1805,20171212,20171211,210357000,3921.0,107802,2684960,4230851960.0,3921.0,199,3920.0,296
rb1805,20171212,20171211,210357500,3920.0,108154,2684952,4244651480.0,3921.0,155,3920.0,179
rb1805,20171212,20171211,210358000,3920.0,108498,2684652,4258136340.0,3921.0,167,3920.0,78
rb1805,20171212,20171211,210358500,3919.0,108664,2684762,4264643500.0,3920.0,31,3919.0,225
rb1805,20171212,20171211,210359000,3920.0,108718,2684792,4266760060.0,3920.0,70,3919.0,214
rb1805,20171212,20171211,210359500,3920.0,108930,2684744,4275070500.0,3920.0,8,3919.0,264
rb1805,20171212,20171211,210400000,3920.0,108990,2684772,4277422100.0,3920.0,22,3919.0,245
rb1805,20171212,20171211,210400500,3919.0,109104,2684772,4281890700.0,3920.0,17,3919.0,224
rb1805,20171212,20171211,210401000,3919.0,110136,2684616,4322328700.0,3919.0,9,3918.0,735
rb1805,20171212,20171211,210401500,3919.0,110254,2684642,4326952560.0,3919.0,88,3918.0,703
rb1805,20171212,20171211,210402000,3919.0,110302,2684620,4328833560.0,3919.0,184,3918.0,690
rb1805,20171212,20171211,210402500,3918.0,110796,2684472,4348189000.0,3919.0,179,3918.0,473
rb1805,20171212,20171211,210403000,3919.0,111600,2684458,4379690200.0,3919.0,162,3918.0,100
rb1805,20171212,20171211,210403500,3918.0,111820,2684474,4388309800.0,3918.0,289,3917.0,387
rb1805,20171212,20171211,210404000,3917.0,112088,2684436,4398807840.0,3918.0,285,3917.0,288
rb1805,20171212,20171211,210404500,3917.0,112494,2684366,4414711260.0,3918.0,277,3917.0,108
rb1805,20171212,20171211,210405000,3917.0,112942,2684394,4432261740.0,3917.0,107,3916.0,1155
rb1805,20171212,20171211,210405500,3917.0,113266,2684446,4444952940.0,3918.0,197,3917.0,356
rb1805,20171212,20171211,210406000,3918.0,113678,2684710,4461091460.0,3918.0,186,3917.0,205
rb1805,20171212,20171211,210406500,3917.0,114026,2684962,4474722720.0,3918.0,164,3917.0,262
rb1805,20171212,20171211,210407000,3917.0,114598,2684524,4497127980.0,3918.0,170,3917.0,125
rb1805,20171212,20171211,210407500,3918.0,114826,2684502,4506058780.0,3918.0,173,3917.0,50
rb1805,20171212,20171211,210408000,3918.0,114946,2684544,4510759600.0,3918.0,153,3917.0,148
rb1805,20171212,20171211,210408500,3917.0,115272,2684474,4523529200.0,3917.0,1,3916.0,1070
rb1805,20171212,20171211,210409000,3917.0,115370,2684496,4527367940.0,3918.0,183,3917.0,2
rb1805,20171212,20171211,210409500,3917.0,115624,2684616,4537317680.0,3918.0,177,3917.0,15
rb1805,20171212,20171211,210410000,3918.0,115698,2684648,4540216460.0,3918.0,170,3917.0,107
rb1805,20171212,20171211,210410500,3917.0,115890,2684626,4547737240.0,3918.0,238,3917.0,43
rb1805,20171212,20171211,210411000,3917.0,116050,2684718,4554005440.0,3918.0,193,3917.0,33
rb1805,20171212,20171211,210411500,3917.0,116134,2684718,4557295980.0,3918.0,181,3917.0,61
rb1805,20171212,20171211,210412000,3917.0,116350,2684724,4565756840.0,3918.0,188,3917.0,36
rb1805,20171212,20171211,210412500,3917.0,116656,2684870,4577744900.0,3918.0,95,3917.0,27
rb1805,20171212,20171211,210413000,3917.0,116788,2684892,4582915420.0,3918.0,102,3917.0,2
rb1805,20171212,20171211,210413500,3917.0,116854,2684904,4585500820.0,3918.0,105,3917.0,49
rb1805,20171212,20171211,210414000,3918.0,117100,2684798,4595138780.0,3918.0,15,3917.0,75
rb1805,20171212,20171211,210414500,3918.0,117192,2684816,4598743340.0,3919.0,115,3918.0,114
rb1805,20171212,20171211,210415000,3918.0,117326,2684766,4603993640.0,3919.0,100,3918.0,45
rb1805,20171212,20171211,210415500,3918.0,117404,2684792,4607049700.0,3919.0,102,3918.0,75
rb1805,20171212,20171211,210416000,3918.0,117440,2684794,4608460220.0,3919.0,106,3918.0,81
rb1805,20171212,20171211,210416500,3918.0,117494,2684772,4610576080.0,3919.0,92,3918.0,67
rb1805,20171212,20171211,210417000,3919.0,117620,2684742,4615512840.0,3919.0,84,3918.0,120
rb1805,20171212,20171211,210417500,3918.0,117652,2684752,4616766660.0,3919.0,85,3918.0,113
rb1805,20171212,20171211,210418000,3918.0,117720,2684760,4619431060.0,3919.0,76,3918.0,96
rb1805,20171212,20171211,210418500,3918.0,117754,2684766,4620763260.0,3919.0,124,3918.0,140
rb1805,20171212,20171211,210419000,3918.0,117956,2684820,4628678980.0,3919.0,63,3918.0,103
rb1805,20171212,20171211,210419500,3918.0,117982,2684820,4629697720.0,3919.0,71,3918.0,106
rb1805,20171212,20171211,210420000,3919.0,118020,2684822,4631186740.0,3919.0,63,3918.0,97
rb1805,20171212,20171211,210420500,3919.0,118050,2684820,4632362300.0,3919.0,73,3918.0,94
rb1805,20171212,20171211,210421000,3919.0,118138,2684812,4635810460.0,3919.0,100,3918.0,168
rb1805,20171212,20171211,210421500,3918.0,118174,2684810,4637221160.0,3919.0,104,3918.0,163
rb1805,20171212,20171211,210422000,3918.0,118200,2684810,4638239860.0,3919.0,104,3918.0,19
rb1805,20171212,20171211,210422500,3919.0,118508,2684638,4650310140.0,3919.0,21,3918.0,19
rb1805,20171212,20171211,210423000,3917.0,118656,2684684,4656109800.0,3918.0,9,3917.0,336
rb1805,20171212,20171211,210423500,3919.0,118696,2684678,4657677220.0,3919.0,16,3918.0,14
rb1805,20171212,20171211,210424000,3918.0,118946,2684848,4667475880.0,3920.0,175,3918.0,17
rb1805,20171212,20171211,210424500,3918.0,118960,2684854,4668024480.0,3919.0,22,3918.0,35
rb1805,20171212,20171211,210425000,3919.0,119000,2684888,4669592000.0,3919.0,7,3918.0,43
rb1805,20171212,20171211,210425500,3919.0,119040,2684882,4671159360.0,3919.0,20,3918.0,51
rb1805,20171212,20171211,210426000,3918.0,119076,2684868,4672569960.0,3919.0,26,3918.0,41
rb1805,20171212,20171211,210426500,3918.0,119116,2684888,4674137500.0,3919.0,20,3918.0,38
rb1805,20171212,20171211,210427000,3918.0,119142,2684884,4675156240.0,3919.0,39,3918.0,33
rb1805,20171212,20171211,210427500,3919.0,119166,2684902,4676096620.0,3919.0,47,3918.0,33
rb1805,20171212,20171211,210428000,3918.0,119410,2685014,4685657860.0,3918.0,10,3917.0,379
rb1805,20171212,20171211,210428500,3918.0,119534,2685000,4690516640.0,3918.0,54,3917.0,380
rb1805,20171212,20171211,210429000,3917.0,119542,2685002,4690830040.0,3918.0,59,3917.0,358
rb1805,20171212,20171211,210429500,3918.0,119572,2684994,4692005440.0,3918.0,47,3917.0,360
rb1805,20171212,20171211,210430000,3917.0,119682,2684898,4696314200.0,3918.0,47,3917.0,306
rb1805,20171212,20171211,210430500,3917.0,120066,2685122,4711355840.0,3918.0,42,3917.0,134
rb1805,20171212,20171211,210431000,3917.0,120348,2685318,4722401880.0,3917.0,27,3916.0,1300
rb1805,20171212,20171211,210431500,3917.0,120502,2685284,4728434720.0,3917.0,297,3916.0,1291
rb1805,20171212,20171211,210432000,3916.0,120548,2685264,4730236440.0,3917.0,288,3916.0,1287
rb1805,20171212,20171211,210432500,3917.0,120660,2685268,4734622860.0,3917.0,291,3916.0,1260
rb1805,20171212,20171211,210433000,3917.0,120896,2685260,4743866700.0,3917.0,174,3916.0,1243
rb1805,20171212,20171211,210433500,3917.0,121070,2685272,4750681140.0,3917.0,296,3916.0,1186
rb1805,20171212,20171211,210434000,3917.0,122036,2685058,4788514640.0,3917.0,49,3916.0,962
rb1805,20171212,20171211,210434500,3917.0,122186,2685102,4794390140.0,3918.0,37,3917.0,136
rb1805,20171212,20171211,210435000,3917.0,122254,2685140,4797053840.0,3918.0,18,3917.0,126
rb1805,20171212,20171211,210435500,3917.0,122492,2685130,4806376320.0,3918.0,19,3917.0,26
rb1805,20171212,20171211,210436000,3917.0,122542,2685134,4808334860.0,3918.0,17,3917.0,77
rb1805,20171212,20171211,210436500,3917.0,122566,2685134,4809274980.0,3918.0,14,3917.0,84
rb1805,20171212,20171211,210437000,3918.0,122650,2685126,4812566100.0,3919.0,25,3918.0,9
rb1805,20171212,20171211,210437500,3917.0,122814,2685054,4818990460.0,3918.0,7,3917.0,65
rb1805,20171212,20171211,210438000,3918.0,122850,2685062,4820400960.0,3919.0,38,3918.0,55
rb1805,20171212,20171211,210438500,3919.0,122992,2685102,4825965680.0,3920.0,211,3919.0,9
rb1805,20171212,20171211,210439000,3920.0,123186,2685172,4833570060.0,3920.0,140,3919.0,49
rb1805,20171212,20171211,210439500,3919.0,123208,2685170,4834432260.0,3920.0,140,3919.0,66
rb1805,20171212,20171211,210440000,3920.0,123268,2685154,4836784100.0,3920.0,149,3919.0,72
rb1805,20171212,20171211,210440500,3920.0,123290,2685166,4837646340.0,3920.0,150,3919.0,53
rb1805,20171212,20171211,210441000,3919.0,123304,2685168,4838195020.0,3920.0,171,3919.0,47
rb1805,20171212,20171211,210441500,3919.0,123338,2685180,4839527580.0,3920.0,173,3919.0,35
rb1805,20171212,20171211,210442000,3920.0,123384,2685172,4841330440.0,3920.0,168,3919.0,6
rb1805,20171212,20171211,210442500,3919.0,123474,2685182,4844858100.0,3919.0,14,3918.0,305
rb1805,20171212,20171211,210443000,3919.0,123510,2685190,4846268880.0,3919.0,6,3918.0,304
rb1805,20171212,20171211,210443500,3919.0,123522,2685194,4846739160.0,3919.0,51,3918.0,325
rb1805,20171212,20171211,210444000,3918.0,123630,2685238,4850971440.0,3919.0,27,3918.0,295
rb1805,20171212,20171211,210444500,3919.0,123656,2685258,4851990220.0,3919.0,65,3918.0,282
rb1805,20171212,20171211,210445000,3919.0,123670,2685262,4852538840.0,3919.0,81,3918.0,463
rb1805,20171212,20171211,210445500,3918.0,123946,2685380,4863353120.0,3919.0,58,3918.0,355
rb1805,20171212,20171211,210446000,3918.0,123994,2685380,4865234200.0,3919.0,38,3918.0,365
rb1805,20171212,20171211,210446500,3919.0,124042,2685398,4867115120.0,3919.0,28,3918.0,357
rb1805,20171212,20171211,210447000,3919.0,124058,2685400,4867742080.0,3919.0,60,3918.0,355
rb1805,20171212,20171211,210447500,3918.0,124072,2685396,4868290620.0,3919.0,84,3918.0,349
rb1805,20171212,20171211,210448000,3919.0,124114,2685418,4869936500.0,3919.0,73,3918.0,356
rb1805,20171212,20171211,210448500,3919.0,124154,2685424,4871503820.0,3919.0,69,3918.0,343
rb1805,20171212,20171211,210449000,3919.0,124204,2685444,4873463280.0,3919.0,56,3918.0,366
rb1805,20171212,20171211,210449500,3919.0,124330,2685436,4878401140.0,3920.0,252,3919.0,21
rb1805,20171212,20171211,210450000,3919.0,124354,2685414,4879341700.0,3920.0,256,3919.0,49
rb1805,20171212,20171211,210450500,3919.0,124392,2685396,4880830960.0,3920.0,255,3919.0,87
rb1805,20171212,20171211,210451000,3919.0,124442,2685360,4882790460.0,3920.0,274,3919.0,77
rb1805,20171212,20171211,210451500,3920.0,124664,2685408,4891490060.0,3920.0,263,3919.0,221
rb1805,20171212,20171211,210452000,3920.0,124766,2685360,4895488400.0,3920.0,235,3919.0,236
rb1805,20171212,20171211,210452500,3919.0,124862,2685348,4899251120.0,3920.0,218,3919.0,320
rb1805,20171212,20171211,210453000,3920.0,124926,2685310,4901759800.0,3920.0,203,3919.0,317
rb1805,20171212,20171211,210453500,3920.0,125172,2685246,4911402620.0,3920.0,102,3919.0,321
rb1805,20171212,20171211,210454000,3920.0,125386,2685220,4919791420.0,3921.0,351,3920.0,226
rb1805,20171212,20171211,210454500,3920.0,125564,2685238,4926769260.0,3921.0,331,3920.0,243
rb1805,20171212,20171211,210455000,3920.0,125586,2685252,4927631680.0,3921.0,341,3920.0,247
rb1805,20171212,20171211,210455500,3921.0,125710,2685292,4932492500.0,3921.0,348,3920.0,59
rb1805,20171212,20171211,210456000,3920.0,125742,2685280,4933746980.0,3921.0,346,3920.0,59
rb1805,20171212,20171211,210456500,3920.0,125870,2685390,4938765740.0,3921.0,291,3920.0,101
rb1805,20171212,20171211,210457000,3920.0,125998,2685364,4943784000.0,3921.0,264,3920.0,72
rb1805,20171212,20171211,210457500,3921.0,126026,2685376,4944881760.0,3921.0,256,3920.0,82
rb1805,20171212,20171211,210458000,3921.0,126244,2685556,4953427680.0,3921.0,250,3920.0,13
rb1805,20171212,20171211,210458500,3921.0,126422,2685718,4960406440.0,3920.0,1,3919.0,353
rb1805,20171212,20171211,210459000,3920.0,126528,2685688,4964561960.0,3920.0,4,3919.0,353
rb1805,20171212,20171211,210459500,3921.0,126574,2685702,4966365260.0,3920.0,1,3919.0,350
rb1805,20171212,20171211,210500000,3920.0,126590,2685708,4966992540.0,3921.0,177,3920.0,30
rb1805,20171212,20171211,210500500,3919.0,127786,2686222,5013892400.0,3923.0,208,3919.0,318
rb1805,20171212,20171211,210501000,3922.0,127890,2686274,5017969280.0,3922.0,26,3920.0,266
rb1805,20171212,20171211,210501500,3922.0,127920,2686278,5019145760.0,3922.0,48,3921.0,4
rb1805,20171212,20171211,210502000,3921.0,127996,2686274,5022125780.0,3922.0,101,3921.0,70
rb1805,20171212,20171211,210502500,3922.0,128106,2686282,5026439500.0,3922.0,215,3921.0,145
rb1805,20171212,20171211,210503000,3921.0,128112,2686286,5026674780.0,3922.0,218,3921.0,160
rb1805,20171212,20171211,210503500,3921.0,128126,2686296,5027223820.0,3922.0,200,3921.0,199
rb1805,20171212,20171211,210504000,3922.0,128384,2686284,5037342520.0,3922.0,81,3921.0,198
rb1805,20171212,20171211,210504500,3922.0,128576,2686396,5044872760.0,3923.0,303,3922.0,98
rb1805,20171212,20171211,210505000,3923.0,128646,2686446,5047618240.0,3923.0,301,3922.0,83
rb1805,20171212,20171211,210505500,3923.0,128986,2686544,5060955120.0,3923.0,234,3922.0,34
rb1805,20171212,20171211,210506000,3923.0,129052,2686532,5063544080.0,3923.0,220,3922.0,50
rb1805,20171212,20171211,210506500,3923.0,129124,2686544,5066368380.0,3923.0,198,3922.0,103
rb1805,20171212,20171211,210507000,3922.0,129152,2686542,5067466720.0,3923.0,191,3922.0,119
rb1805,20171212,20171211,210507500,3922.0,129174,2686542,5068329700.0,3923.0,192,3922.0,120
rb1805,20171212,20171211,210508000,3922.0,129190,2686554,5068957220.0,3923.0,234,3922.0,112
rb1805,20171212,20171211,210508500,3923.0,129276,2686558,5072330780.0,3923.0,223,3922.0,145
rb1805,20171212,20171211,210509000,3922.0,129458,2686580,5079469280.0,3923.0,217,3922.0,86
rb1805,20171212,20171211,210509500,3923.0,129502,2686576,5081195120.0,3923.0,217,3922.0,74
rb1805,20171212,20171211,210510000,3921.0,129688,2686678,5088490000.0,3922.0,17,3921.0,132
rb1805,20171212,20171211,210510500,3922.0,129790,2686748,5092489700.0,3922.0,51,3921.0,84
rb1805,20171212,20171211,210511000,3922.0,129870,2686812,5095627280.0,3922.0,59,3921.0,99
rb1805,20171212,20171211,210511500,3922.0,129892,2686822,5096490120.0,3922.0,267,3921.0,152
rb1805,20171212,20171211,210512000,3922.0,129914,2686818,5097352920.0,3922.0,364,3921.0,148
rb1805,20171212,20171211,210512500,3922.0,130020,2686800,5101509400.0,3922.0,359,3921.0,103
rb1805,20171212,20171211,210513000,3922.0,130158,2686806,5106921020.0,3922.0,328,3921.0,66
rb1805,20171212,20171211,210513500,3921.0,130420,2686824,5117196340.0,3922.0,214,3921.0,52
rb1805,20171212,20171211,210514000,3922.0,130444,2686822,5118137600.0,3922.0,207,3921.0,57
rb1805,20171212,20171211,210514500,3922.0,130462,2686820,5118843520.0,3922.0,203,3921.0,67
rb1805,20171212,20171211,210515000,3921.0,130470,2686812,5119157200.0,3922.0,205,3921.0,63
rb1805,20171212,20171211,210515500,3922.0,130512,2686780,5120804400.0,3922.0,189,3921.0,62
rb1805,20171212,20171211,210516000,3922.0,130558,2686772,5122608460.0,3922.0,171,3921.0,61
rb1805,20171212,20171211,210516500,3921.0,130692,2686658,5127862620.0,3921.0,152,3920.0,129
rb1805,20171212,20171211,210517000,3920.0,130708,2686654,5128489880.0,3921.0,155,3920.0,134
rb1805,20171212,20171211,210517500,3921.0,130738,2686654,5129666160.0,3921.0,160,3920.0,134
rb1805,20171212,20171211,210518000,3921.0,130762,2686656,5130607180.0,3921.0,152,3920.0,136
rb1805,20171212,20171211,210518500,3921.0,130800,2686644,5132097140.0,3921.0,137,3920.0,141
rb1805,20171212,20171211,210519000,3921.0,130820,2686646,5132881320.0,3921.0,136,3920.0,142
rb1805,20171212,20171211,210519500,3920.0,130866,2686656,5134684820.0,3921.0,143,3920.0,139
rb1805,20171212,20171211,210520000,3921.0,130880,2686656,5135233700.0,3921.0,150,3920.0,137
rb1805,20171212,20171211,210520500,3921.0,130916,2686648,5136645020.0,3921.0,145,3920.0,128
rb1805,20171212,20171211,210521000,3920.0,130954,2686650,5138134940.0,3921.0,128,3920.0,127
rb1805,20171212,20171211,210521500,3920.0,130968,2686656,5138683820.0,3921.0,154,3920.0,126
rb1805,20171212,20171211,210522000,3921.0,130976,2686658,5138997460.0,3921.0,168,3920.0,135
rb1805,20171212,20171211,210522500,3921.0,131024,2686648,5140879480.0,3921.0,148,3920.0,147
rb1805,20171212,20171211,210523000,3920.0,131036,2686656,5141349920.0,3921.0,146,3920.0,144
rb1805,20171212,20171211,210523500,3920.0,131044,2686662,5141663540.0,3921.0,147,3920.0,143
rb1805,20171212,20171211,210524000,3921.0,131058,2686664,5142212400.0,3921.0,146,3920.0,150
rb1805,20171212,20171211,210524500,3920.0,131072,2686662,5142761220.0,3921.0,145,3920.0,150
rb1805,20171212,20171211,210525000,3921.0,131086,2686672,5143310040.0,3921.0,146,3920.0,146
rb1805,20171212,20171211,210525500,3920.0,131096,2686672,5143702120.0,3921.0,139,3920.0,144
rb1805,20171212,20171211,210526000,3921.0,131112,2686672,5144329440.0,3921.0,134,3920.0,142
rb1805,20171212,20171211,210526500,3920.0,131122,2686680,5144721440.0,3921.0,141,3920.0,144
rb1805,20171212,20171211,210527000,3920.0,131146,2686704,5145662240.0,3921.0,146,3920.0,132
rb1805,20171212,20171211,210527500,3920.0,131436,2686804,5157030440.0,3920.0,4,3919.0,226
rb1805,20171212,20171211,210528000,3920.0,131448,2686812,5157500800.0,3920.0,258,3919.0,224
rb1805,20171212,20171211,210528500,3920.0,131646,2686842,5165262280.0,3920.0,193,3919.0,218
rb1805,20171212,20171211,210529000,3920.0,131718,2686810,5168084380.0,3920.0,173,3919.0,203
rb1805,20171212,20171211,210529500,3920.0,131722,2686810,5168241160.0,3920.0,174,3919.0,203
rb1805,20171212,20171211,210530000,3920.0,131728,2686804,5168476320.0,3920.0,179,3919.0,201
rb1805,20171212,20171211,210530500,3920.0,131774,2686802,5170279180.0,3920.0,193,3919.0,184
rb1805,20171212,20171211,210531000,3919.0,131820,2686786,5172082120.0,3920.0,188,3919.0,172
rb1805,20171212,20171211,210531500,3920.0,131836,2686782,5172709220.0,3920.0,182,3919.0,168
rb1805,20171212,20171211,210532000,3919.0,131912,2686726,5175687700.0,3920.0,192,3919.0,131
rb1805,20171212,20171211,210532500,3919.0,132076,2686722,5182114880.0,3920.0,192,3919.0,57
rb1805,20171212,20171211,210533000,3919.0,132216,2686790,5187601480.0,3919.0,139,3918.0,459
rb1805,20171212,20171211,210533500,3919.0,132282,2686788,5190187980.0,3919.0,144,3918.0,468
rb1805,20171212,20171211,210534000,3919.0,132300,2686802,5190893400.0,3919.0,152,3918.0,465
rb1805,20171212,20171211,210534500,3919.0,132320,2686810,5191677100.0,3919.0,155,3918.0,460
rb1805,20171212,20171211,210535000,3919.0,132324,2686812,5191833840.0,3919.0,177,3918.0,460
rb1805,20171212,20171211,210535500,3919.0,132346,2686812,5192695840.0,3919.0,177,3918.0,458
rb1805,20171212,20171211,210536000,3918.0,132370,2686808,5193636240.0,3919.0,178,3918.0,451
rb1805,20171212,20171211,210536500,3918.0,132586,2686800,5202099180.0,3919.0,176,3918.0,346
rb1805,20171212,20171211,210537000,3918.0,132888,2686864,5213931960.0,3919.0,156,3918.0,217
rb1805,20171212,20171211,210537500,3918.0,133336,2687050,5231484600.0,3918.0,219,3917.0,272
rb1805,20171212,20171211,210538000,3917.0,133342,2687052,5231719660.0,3918.0,241,3917.0,258
rb1805,20171212,20171211,210538500,3918.0,133370,2687070,5232816560.0,3918.0,259,3917.0,249
rb1805,20171212,20171211,210539000,3917.0,133376,2687072,5233051600.0,3918.0,276,3917.0,247
rb1805,20171212,20171211,210539500,3917.0,133398,2687078,5233913380.0,3918.0,280,3917.0,248
rb1805,20171212,20171211,210540000,3917.0,133548,2687222,5239789900.0,3918.0,232,3917.0,225
rb1805,20171212,20171211,210540500,3917.0,133570,2687228,5240651700.0,3918.0,240,3917.0,181
rb1805,20171212,20171211,210541000,3918.0,133588,2687236,5241356900.0,3918.0,234,3917.0,186
rb1805,20171212,20171211,210541500,3917.0,133624,2687236,5242767040.0,3918.0,224,3917.0,184
rb1805,20171212,20171211,210542000,3917.0,133634,2687246,5243158740.0,3918.0,234,3917.0,190
rb1805,20171212,20171211,210542500,3918.0,133668,2687274,5244490580.0,3918.0,236,3917.0,178
rb1805,20171212,20171211,210543000,3917.0,133736,2687290,5247154140.0,3918.0,244,3917.0,151
rb1805,20171212,20171211,210543500,3917.0,133846,2687306,5251463000.0,3918.0,238,3917.0,118
rb1805,20171212,20171211,210544000,3918.0,133902,2687312,5253656980.0,3918.0,219,3917.0,118
rb1805,20171212,20171211,210544500,3918.0,133924,2687326,5254518760.0,3918.0,226,3917.0,118
rb1805,20171212,20171211,210545000,3917.0,133956,2687346,5255772400.0,3918.0,213,3917.0,145
rb1805,20171212,20171211,210545500,3917.0,133968,2687358,5256242460.0,3918.0,214,3917.0,143
rb1805,20171212,20171211,210546000,3917.0,133988,2687370,5257025960.0,3918.0,195,3917.0,141
rb1805,20171212,20171211,210546500,3917.0,134000,2687374,5257496000.0,3918.0,195,3917.0,137
rb1805,20171212,20171211,210547000,3917.0,134052,2687350,5259532900.0,3918.0,213,3917.0,117
rb1805,20171212,20171211,210547500,3917.0,134402,2687240,5273242420.0,3917.0,33,3916.0,946
rb1805,20171212,20171211,210548000,3917.0,134526,2687184,5278099560.0,3918.0,204,3917.0,5
rb1805,20171212,20171211,210548500,3918.0,134560,2687182,5279431660.0,3918.0,217,3917.0,23
rb1805,20171212,20171211,210549000,3917.0,134578,2687174,5280136740.0,3918.0,231,3917.0,26
rb1805,20171212,20171211,210549500,3918.0,134596,2687172,5280841920.0,3918.0,224,3917.0,27
rb1805,20171212,20171211,210550000,3917.0,134664,2687142,5283505700.0,3918.0,214,3917.0,9
rb1805,20171212,20171211,210550500,3918.0,134734,2687204,5286247700.0,3917.0,27,3916.0,942
rb1805,20171212,20171211,210551000,3917.0,134818,2687226,5289538040.0,3917.0,50,3916.0,954
rb1805,20171212,20171211,210551500,3917.0,134838,2687230,5290321340.0,3917.0,87,3916.0,949
rb1805,20171212,20171211,210552000,3917.0,134868,2687258,5291496440.0,3917.0,87,3916.0,948
rb1805,20171212,20171211,210552500,3917.0,134892,2687266,5292436460.0,3917.0,91,3916.0,947
rb1805,20171212,20171211,210553000,3916.0,134944,2687270,5294473100.0,3917.0,94,3916.0,949
rb1805,20171212,20171211,210553500,3916.0,135050,2687312,5298624540.0,3917.0,261,3916.0,922
rb1805,20171212,20171211,210554000,3917.0,135108,2687338,5300896020.0,3917.0,254,3916.0,914
rb1805,20171212,20171211,210554500,3917.0,135360,2687528,5310766640.0,3917.0,148,3916.0,901
rb1805,20171212,20171211,210555000,3917.0,135412,2687540,5312803000.0,3917.0,162,3916.0,884
rb1805,20171212,20171211,210555500,3916.0,135576,2687616,5319225460.0,3917.0,151,3916.0,814
rb1805,20171212,20171211,210556000,3916.0,135714,2687624,5324630040.0,3917.0,138,3916.0,772
rb1805,20171212,20171211,210556500,3916.0,135756,2687636,5326274900.0,3917.0,132,3916.0,763
rb1805,20171212,20171211,210557000,3916.0,135828,2687640,5329094580.0,3917.0,128,3916.0,740
rb1805,20171212,20171211,210557500,3917.0,136478,2687592,5354548960.0,3917.0,115,3916.0,488
rb1805,20171212,20171211,210558000,3916.0,136524,2687570,5356350480.0,3917.0,114,3916.0,495
rb1805,20171212,20171211,210558500,3916.0,137132,2687700,5380160180.0,3917.0,95,3916.0,215
rb1805,20171212,20171211,210559000,3916.0,137562,2687890,5396999100.0,3917.0,157,3916.0,17
rb1805,20171212,20171211,210559500,3916.0,137610,2687878,5398878780.0,3916.0,48,3915.0,910
rb1805,20171212,20171211,210600000,3916.0,137632,2687892,5399740240.0,3916.0,80,3915.0,938
rb1805,20171212,20171211,210600500,3915.0,137830,2688022,5407492080.0,3916.0,209,3915.0,843
rb1805,20171212,20171211,210601000,3917.0,138460,2688410,5432161200.0,3917.0,251,3915.0,770
rb1805,20171212,20171211,210601500,3915.0,138530,2688424,5434902700.0,3916.0,11,3915.0,726
rb1805,20171212,20171211,210602000,3915.0,138610,2688462,5438035360.0,3916.0,3,3915.0,711
rb1805,20171212,20171211,210602500,3916.0,139308,2688872,5465364580.0,3916.0,12,3915.0,529
rb1805,20171212,20171211,210603000,3915.0,139370,2688898,5467792200.0,3916.0,17,3915.0,518
rb1805,20171212,20171211,210603500,3915.0,139392,2688902,5468653540.0,3916.0,22,3915.0,512
rb1805,20171212,20171211,210604000,3915.0,139450,2688936,5470924560.0,3916.0,43,3915.0,500
rb1805,20171212,20171211,210604500,3916.0,139520,2688978,5473665440.0,3916.0,24,3915.0,497
rb1805,20171212,20171211,210605000,3916.0,139612,2688992,5477268180.0,3917.0,181,3916.0,116
rb1805,20171212,20171211,210605500,3916.0,139724,2688970,5481654340.0,3917.0,169,3916.0,117
rb1805,20171212,20171211,210606000,3916.0,139800,2688966,5484630540.0,3917.0,168,3916.0,194
rb1805,20171212,20171211,210606500,3916.0,139970,2689080,5491288420.0,3917.0,143,3916.0,155
rb1805,20171212,20171211,210607000,3916.0,139992,2689098,5492149940.0,3917.0,144,3916.0,171
rb1805,20171212,20171211,210607500,3917.0,140362,2689028,5506642620.0,3918.0,269,3917.0,40
rb1805,20171212,20171211,210608000,3918.0,140542,2688990,5513694440.0,3918.0,211,3917.0,250
rb1805,20171212,20171211,210608500,3918.0,141068,2689248,5534301940.0,3919.0,99,3917.0,210
rb1805,20171212,20171211,210609000,3919.0,141116,2689246,5536182600.0,3919.0,121,3917.0,242
rb1805,20171212,20171211,210609500,3918.0,141146,2689262,5537358100.0,3919.0,117,3918.0,63
rb1805,20171212,20171211,210610000,3919.0,141166,2689266,5538141800.0,3919.0,127,3918.0,81
rb1805,20171212,20171211,210610500,3918.0,141184,2689278,5538847100.0,3919.0,126,3918.0,100
rb1805,20171212,20171211,210611000,3919.0,141314,2689326,5543941600.0,3919.0,72,3918.0,105
rb1805,20171212,20171211,210611500,3919.0,141430,2689360,5548487600.0,3920.0,276,3919.0,134
rb1805,20171212,20171211,210612000,3919.0,141568,2689390,5553896680.0,3920.0,234,3919.0,124
rb1805,20171212,20171211,210612500,3920.0,141982,2689672,5570119740.0,3920.0,236,3919.0,2
rb1805,20171212,20171211,210613000,3919.0,142006,2689668,5571060160.0,3920.0,236,3919.0,2
rb1805,20171212,20171211,210613500,3919.0,142036,2689666,5572235860.0,3919.0,108,3918.0,12
rb1805,20171212,20171211,210614000,3919.0,142056,2689654,5573019620.0,3919.0,100,3918.0,11
rb1805,20171212,20171211,210614500,3919.0,142076,2689642,5573803400.0,3919.0,97,3918.0,215
rb1805,20171212,20171211,210615000,3919.0,142114,2689660,5575292400.0,3919.0,75,3918.0,264
rb1805,20171212,20171211,210615500,3919.0,142142,2689652,5576389720.0,3919.0,96,3918.0,264
rb1805,20171212,20171211,210616000,3919.0,142154,2689652,5576859980.0,3919.0,91,3918.0,216
rb1805,20171212,20171211,210616500,3919.0,142238,2689648,5580151800.0,3919.0,62,3918.0,210
rb1805,20171212,20171211,210617000,3919.0,142290,2689642,5582189280.0,3919.0,112,3918.0,190
rb1805,20171212,20171211,210617500,3919.0,142342,2689654,5584227100.0,3919.0,93,3918.0,187
rb1805,20171212,20171211,210618000,3919.0,142356,2689662,5584775700.0,3919.0,90,3918.0,184
rb1805,20171212,20171211,210618500,3918.0,142764,2689330,5600761280.0,3918.0,310,3917.0,535
rb1805,20171212,20171211,210619000,3918.0,142820,2689306,5602955360.0,3918.0,293,3917.0,539
rb1805,20171212,20171211,210619500,3918.0,142842,2689300,5603817280.0,3918.0,288,3917.0,113
rb1805,20171212,20171211,210620000,3918.0,143510,2688866,5629986840.0,3917.0,67,3916.0,217
rb1805,20171212,20171211,210620500,3917.0,143604,2688836,5633668020.0,3917.0,62,3916.0,157
rb1805,20171212,20171211,210621000,3917.0,143618,2688846,5634216400.0,3917.0,265,3916.0,156
rb1805,20171212,20171211,210621500,3917.0,144418,2689366,5665552400.0,3917.0,436,3916.0,156
rb1805,20171212,20171211,210622000,3917.0,144450,2689348,5666805820.0,3917.0,423,3916.0,104
rb1805,20171212,20171211,210622500,3917.0,144570,2689378,5671505580.0,3917.0,327,3916.0,75
rb1805,20171212,20171211,210623000,3917.0,144718,2689414,5677301300.0,3917.0,325,3916.0,4
rb1805,20171212,20171211,210623500,3916.0,145202,2689140,5696256740.0,3916.0,498,3915.0,535
rb1805,20171212,20171211,210624000,3915.0,145218,2689140,5696883240.0,3916.0,581,3915.0,532
rb1805,20171212,20171211,210624500,3916.0,145318,2689090,5700799240.0,3916.0,470,3915.0,533
rb1805,20171212,20171211,210625000,3916.0,145380,2689116,5703226840.0,3916.0,446,3915.0,517
rb1805,20171212,20171211,210625500,3916.0,145432,2689136,5705262840.0,3916.0,443,3915.0,498
rb1805,20171212,20171211,210626000,3916.0,145458,2689138,5706280860.0,3916.0,504,3915.0,490
rb1805,20171212,20171211,210626500,3916.0,145470,2689140,5706750740.0,3916.0,574,3915.0,493
rb1805,20171212,20171211,210627000,3916.0,145528,2689104,5709021920.0,3916.0,566,3915.0,500
rb1805,20171212,20171211,210627500,3915.0,145580,2689112,5711057960.0,3916.0,554,3915.0,496
rb1805,20171212,20171211,210628000,3915.0,145606,2689098,5712075980.0,3916.0,582,3915.0,490
rb1805,20171212,20171211,210628500,3914.0,146602,2688760,5751069400.0,3915.0,21,3914.0,923
rb1805,20171212,20171211,210629000,3915.0,146738,2688770,5756393320.0,3915.0,123,3914.0,904
rb1805,20171212,20171211,210629500,3914.0,146860,2688800,5761169420.0,3915.0,259,3914.0,894
rb1805,20171212,20171211,210630000,3915.0,146888,2688796,5762265540.0,3915.0,283,3914.0,911
rb1805,20171212,20171211,210630500,3915.0,146960,2688808,5765084240.0,3915.0,269,3914.0,906
rb1805,20171212,20171211,210631000,3915.0,147056,2688892,5768842020.0,3915.0,261,3914.0,876
rb1805,20171212,20171211,210631500,3915.0,147156,2688960,5772756340.0,3915.0,296,3914.0,843
rb1805,20171212,20171211,210632000,3915.0,147214,2688960,5775026600.0,3915.0,289,3914.0,833
rb1805,20171212,20171211,210632500,3915.0,147466,2689030,5784891480.0,3915.0,210,3914.0,810
rb1805,20171212,20171211,210633000,3915.0,147690,2689102,5793660260.0,3915.0,141,3914.0,816
rb1805,20171212,20171211,210633500,3914.0,147844,2689202,5799688980.0,3915.0,97,3914.0,798
rb1805,20171212,20171211,210634000,3915.0,148030,2689216,5806970780.0,3915.0,22,3914.0,793
rb1805,20171212,20171211,210634500,3914.0,148284,2689362,5816913340.0,3915.0,4,3914.0,722
rb1805,20171212,20171211,210635000,3915.0,148380,2689392,5820671380.0,3916.0,431,3915.0,21
rb1805,20171212,20171211,210635500,3915.0,148486,2689458,5824821220.0,3915.0,163,3914.0,762
rb1805,20171212,20171211,210636000,3914.0,148624,2689556,5830223140.0,3915.0,111,3914.0,747
rb1805,20171212,20171211,210636500,3915.0,148686,2689580,5832650400.0,3915.0,73,3914.0,748
rb1805,20171212,20171211,210637000,3915.0,148730,2689588,5834372840.0,3915.0,74,3914.0,743
rb1805,20171212,20171211,210637500,3915.0,148790,2689600,5836721540.0,3915.0,84,3914.0,738
rb1805,20171212,20171211,210638000,3915.0,148856,2689602,5839305160.0,3915.0,225,3914.0,721
rb1805,20171212,20171211,210638500,3914.0,148934,2689642,5842358120.0,3915.0,225,3914.0,687
rb1805,20171212,20171211,210639000,3914.0,148962,2689660,5843454300.0,3915.0,223,3914.0,687
rb1805,20171212,20171211,210639500,3914.0,149062,2689736,5847368840.0,3915.0,198,3914.0,703
rb1805,20171212,20171211,210640000,3914.0,149404,2689928,5860754960.0,3915.0,191,3914.0,550
rb1805,20171212,20171211,210640500,3914.0,149540,2689950,5866078080.0,3915.0,188,3914.0,487
rb1805,20171212,20171211,210641000,3914.0,149672,2689896,5871244800.0,3915.0,302,3914.0,435
rb1805,20171212,20171211,210641500,3914.0,149708,2689894,5872653920.0,3915.0,300,3914.0,437
rb1805,20171212,20171211,210642000,3915.0,149800,2689944,5876255100.0,3915.0,297,3914.0,465
rb1805,20171212,20171211,210642500,3915.0,149834,2689962,5877585960.0,3915.0,292,3914.0,457
rb1805,20171212,20171211,210643000,3915.0,149906,2689980,5880404320.0,3915.0,308,3914.0,437
rb1805,20171212,20171211,210643500,3915.0,150134,2689950,5889328500.0,3915.0,297,3914.0,367
rb1805,20171212,20171211,210644000,3915.0,150196,2689934,5891755680.0,3915.0,281,3914.0,364
rb1805,20171212,20171211,210644500,3914.0,150218,2689936,5892616880.0,3915.0,307,3914.0,383
rb1805,20171212,20171211,210645000,3915.0,150276,2689900,5894887540.0,3915.0,291,3914.0,381
rb1805,20171212,20171211,210645500,3914.0,150966,2689580,5921900240.0,3916.0,450,3915.0,5
rb1805,20171212,20171211,210646000,3915.0,151056,2689632,5925423860.0,3916.0,445,3915.0,186
rb1805,20171212,20171211,210646500,3915.0,151126,2689620,5928164760.0,3916.0,424,3915.0,630
rb1805,20171212,20171211,210647000,3916.0,151436,2689450,5940304220.0,3916.0,276,3915.0,1106
rb1805,20171212,20171211,210647500,3916.0,152044,2689464,5964113560.0,3917.0,239,3916.0,355
rb1805,20171212,20171211,210648000,3916.0,152546,2689514,5983776580.0,3917.0,5,3916.0,467
rb1805,20171212,20171211,210648500,3917.0,152596,2689526,5985735080.0,3918.0,135,3917.0,61
rb1805,20171212,20171211,210649000,3917.0,152600,2689522,5985891780.0,3918.0,134,3917.0,85
rb1805,20171212,20171211,210649500,3918.0,152622,2689520,5986753720.0,3918.0,124,3917.0,115
rb1805,20171212,20171211,210650000,3918.0,152640,2689502,5987458960.0,3918.0,121,3917.0,145
rb1805,20171212,20171211,210650500,3917.0,152664,2689494,5988399140.0,3918.0,116,3917.0,148
rb1805,20171212,20171211,210651000,3917.0,152686,2689492,5989260920.0,3918.0,116,3917.0,142
rb1805,20171212,20171211,210651500,3918.0,152734,2689472,5991141480.0,3918.0,101,3917.0,138
rb1805,20171212,20171211,210652000,3918.0,152844,2689500,5995451260.0,3918.0,48,3917.0,137
rb1805,20171212,20171211,210652500,3918.0,152854,2689502,5995843000.0,3918.0,46,3917.0,138
rb1805,20171212,20171211,210653000,3917.0,152910,2689516,5998036880.0,3918.0,43,3917.0,148
rb1805,20171212,20171211,210653500,3919.0,153324,2689706,6014260180.0,3919.0,59,3917.0,192
rb1805,20171212,20171211,210654000,3917.0,153340,2689702,6014887080.0,3918.0,12,3917.0,195
rb1805,20171212,20171211,210654500,3917.0,153392,2689728,6016924320.0,3918.0,5,3917.0,169
rb1805,20171212,20171211,210655000,3918.0,153412,2689734,6017707880.0,3918.0,5,3917.0,178
rb1805,20171212,20171211,210655500,3917.0,153430,2689736,6018412980.0,3918.0,10,3917.0,172
rb1805,20171212,20171211,210656000,3918.0,153434,2689740,6018569700.0,3918.0,58,3917.0,166
rb1805,20171212,20171211,210656500,3917.0,153452,2689732,6019274820.0,3918.0,62,3917.0,160
rb1805,20171212,20171211,210657000,3917.0,153464,2689728,6019744880.0,3918.0,58,3917.0,159
rb1805,20171212,20171211,210657500,3918.0,153582,2689730,6024368100.0,3919.0,102,3918.0,2
rb1805,20171212,20171211,210658000,3918.0,153640,2689690,6026640540.0,3918.0,18,3917.0,170
rb1805,20171212,20171211,210658500,3918.0,153704,2689708,6029147740.0,3918.0,2,3917.0,155
rb1805,20171212,20171211,210659000,3918.0,153716,2689712,6029617900.0,3919.0,107,3918.0,7
rb1805,20171212,20171211,210659500,3918.0,153812,2689702,6033378500.0,3919.0,115,3918.0,4
rb1805,20171212,20171211,210700000,3918.0,153838,2689692,6034397120.0,3918.0,88,3917.0,121
rb1805,20171212,20171211,210700500,3917.0,154004,2689794,6040899880.0,3918.0,42,3917.0,62
rb1805,20171212,20171211,210701000,3918.0,154040,2689804,6042310340.0,3918.0,111,3917.0,86
rb1805,20171212,20171211,210701500,3917.0,154056,2689818,6042937100.0,3918.0,120,3917.0,79
rb1805,20171212,20171211,210702000,3917.0,154130,2689868,6045835780.0,3918.0,168,3917.0,34
rb1805,20171212,20171211,210702500,3917.0,154276,2689950,6051554160.0,3917.0,158,3916.0,313
rb1805,20171212,20171211,210703000,3916.0,154396,2689962,6056253460.0,3917.0,172,3916.0,225
rb1805,20171212,20171211,210703500,3917.0,154476,2689984,6059386620.0,3917.0,153,3916.0,205
rb1805,20171212,20171211,210704000,3917.0,154642,2689928,6065888340.0,3917.0,118,3916.0,180
rb1805,20171212,20171211,210704500,3916.0,154664,2689942,6066749880.0,3917.0,156,3916.0,175
rb1805,20171212,20171211,210705000,3916.0,154802,2689972,6072154020.0,3917.0,170,3916.0,108
rb1805,20171212,20171211,210705500,3916.0,155024,2690086,6080847540.0,3916.0,938,3915.0,768
rb1805,20171212,20171211,210706000,3916.0,155462,2690284,6097995300.0,3916.0,1028,3915.0,595
rb1805,20171212,20171211,210706500,3916.0,156606,2690190,6142782980.0,3916.0,1030,3915.0,28
rb1805,20171212,20171211,210707000,3915.0,156722,2690244,6147323860.0,3915.0,544,3914.0,362
rb1805,20171212,20171211,210707500,3915.0,156832,2690260,6151629320.0,3915.0,524,3914.0,311
rb1805,20171212,20171211,210708000,3915.0,156900,2690254,6154291060.0,3915.0,530,3914.0,288
rb1805,20171212,20171211,210708500,3915.0,156910,2690258,6154682540.0,3915.0,533,3914.0,288
rb1805,20171212,20171211,210709000,3914.0,156960,2690288,6156639580.0,3915.0,540,3914.0,266
rb1805,20171212,20171211,210709500,3914.0,157004,2690318,6158362160.0,3915.0,522,3914.0,269
rb1805,20171212,20171211,210710000,3914.0,157048,2690322,6160084400.0,3915.0,518,3914.0,252
rb1805,20171212,20171211,210710500,3915.0,157156,2690352,6164311920.0,3915.0,478,3914.0,221
rb1805,20171212,20171211,210711000,3915.0,158076,2690570,6200326840.0,3915.0,176,3914.0,70
rb1805,20171212,20171211,210711500,3913.0,158352,2690582,6211129640.0,3914.0,7,3913.0,856
rb1805,20171212,20171211,210712000,3913.0,158642,2690608,6222478360.0,3914.0,81,3913.0,820
rb1805,20171212,20171211,210712500,3914.0,158682,2690630,6224043620.0,3914.0,153,3913.0,803
rb1805,20171212,20171211,210713000,3913.0,158732,2690662,6226000260.0,3914.0,159,3913.0,806
rb1805,20171212,20171211,210713500,3913.0,158802,2690674,6228739560.0,3914.0,158,3913.0,782
rb1805,20171212,20171211,210714000,3914.0,158858,2690712,6230930920.0,3914.0,156,3913.0,766
rb1805,20171212,20171211,210714500,3914.0,159070,2690846,6239227760.0,3914.0,93,3913.0,735
rb1805,20171212,20171211,210715000,3914.0,159204,2690962,6244472120.0,3914.0,66,3913.0,712
rb1805,20171212,20171211,210715500,3913.0,159270,2691008,6247054820.0,3914.0,59,3913.0,696
rb1805,20171212,20171211,210716000,3913.0,159308,2691038,6248541860.0,3914.0,110,3913.0,684
rb1805,20171212,20171211,210716500,3913.0,159406,2691092,6252377180.0,3914.0,83,3913.0,668
rb1805,20171212,20171211,210717000,3913.0,159474,2691132,6255038060.0,3914.0,86,3913.0,643
rb1805,20171212,20171211,210717500,3913.0,159518,2691158,6256759880.0,3914.0,82,3913.0,620
rb1805,20171212,20171211,210718000,3913.0,159592,2691170,6259655760.0,3914.0,82,3913.0,620
rb1805,20171212,20171211,210718500,3913.0,159696,2691210,6263725820.0,3914.0,48,3913.0,598
rb1805,20171212,20171211,210719000,3914.0,159826,2691250,6268814020.0,3915.0,208,3914.0,172
rb1805,20171212,20171211,210719500,3915.0,159868,2691226,6270457980.0,3915.0,188,3914.0,163
rb1805,20171212,20171211,210720000,3914.0,160060,2691098,6277973120.0,3915.0,155,3914.0,205
rb1805,20171212,20171211,210720500,3914.0,160136,2691040,6280947940.0,3915.0,146,3914.0,232
rb1805,20171212,20171211,210721000,3915.0,160432,2691194,6292536280.0,3916.0,74,3915.0,38
rb1805,20171212,20171211,210721500,3916.0,160602,2691192,6299193480.0,3917.0,85,3916.0,195
rb1805,20171212,20171211,210722000,3916.0,160778,2691100,6306087280.0,3918.0,336,3916.0,322
rb1805,20171212,20171211,210722500,3916.0,160804,2691098,6307105440.0,3918.0,324,3916.0,258
rb1805,20171212,20171211,210723000,3916.0,161048,2690902,6316661180.0,3918.0,309,3917.0,3
rb1805,20171212,20171211,210723500,3917.0,161116,2690864,6319324480.0,3917.0,198,3916.0,54
rb1805,20171212,20171211,210724000,3917.0,161652,2690902,6340316900.0,3917.0,35,3915.0,215
rb1805,20171212,20171211,210724500,3917.0,161698,2690902,6342118260.0,3917.0,31,3915.0,210
rb1805,20171212,20171211,210725000,3916.0,161726,2690904,6343214780.0,3916.0,1,3915.0,210
rb1805,20171212,20171211,210725500,3916.0,161760,2690918,6344546240.0,3917.0,43,3916.0,165
rb1805,20171212,20171211,210726000,3917.0,161772,2690922,6345016200.0,3917.0,51,3916.0,159
rb1805,20171212,20171211,210726500,3916.0,161798,2690908,6346034520.0,3917.0,39,3916.0,155
rb1805,20171212,20171211,210727000,3917.0,161802,2690908,6346191180.0,3917.0,40,3916.0,164
rb1805,20171212,20171211,210727500,3916.0,161882,2690908,6349324100.0,3917.0,36,3916.0,122
rb1805,20171212,20171211,210728000,3916.0,161908,2690918,6350342360.0,3917.0,65,3916.0,123
rb1805,20171212,20171211,210728500,3916.0,161926,2690928,6351047300.0,3917.0,65,3916.0,117
rb1805,20171212,20171211,210729000,3917.0,162054,2690984,6356060040.0,3917.0,82,3916.0,67
rb1805,20171212,20171211,210729500,3917.0,162106,2691010,6358096720.0,3917.0,75,3916.0,63
rb1805,20171212,20171211,210730000,3917.0,162124,2691018,6358801660.0,3917.0,71,3916.0,57
rb1805,20171212,20171211,210730500,3916.0,162146,2691026,6359663220.0,3917.0,71,3916.0,89
rb1805,20171212,20171211,210731000,3916.0,162286,2691108,6365145660.0,3917.0,96,3916.0,191
rb1805,20171212,20171211,210731500,3916.0,162398,2691142,6369531580.0,3917.0,106,3916.0,135
rb1805,20171212,20171211,210732000,3916.0,162794,2691452,6385037740.0,3916.0,66,3915.0,90
rb1805,20171212,20171211,210732500,3916.0,162834,2691468,6386604140.0,3916.0,99,3915.0,94
rb1805,20171212,20171211,210733000,3916.0,162846,2691476,6387074060.0,3916.0,82,3915.0,95
rb1805,20171212,20171211,210733500,3916.0,162850,2691478,6387230680.0,3916.0,79,3915.0,95
rb1805,20171212,20171211,210734000,3916.0,162854,2691480,6387387320.0,3916.0,99,3915.0,108
rb1805,20171212,20171211,210734500,3915.0,162916,2691542,6389815040.0,3916.0,94,3915.0,105
rb1805,20171212,20171211,210735000,3915.0,162934,2691558,6390519880.0,3916.0,100,3915.0,119
rb1805,20171212,20171211,210735500,3916.0,163108,2691660,6397332080.0,3916.0,96,3915.0,49
rb1805,20171212,20171211,210736000,3915.0,163274,2691650,6403830980.0,3915.0,1,3914.0,273
rb1805,20171212,20171211,210736500,3915.0,163290,2691658,6404457360.0,3915.0,25,3914.0,293
rb1805,20171212,20171211,210737000,3914.0,163340,2691676,6406414840.0,3915.0,1,3914.0,325
rb1805,20171212,20171211,210737500,3915.0,163384,2691650,6408137540.0,3916.0,106,3915.0,19
rb1805,20171212,20171211,210738000,3915.0,163554,2691656,6414793000.0,3915.0,28,3914.0,272
rb1805,20171212,20171211,210738500,3915.0,163588,2691646,6416124020.0,3915.0,27,3914.0,271
rb1805,20171212,20171211,210739000,3914.0,163692,2691666,6420195100.0,3915.0,25,3914.0,262
rb1805,20171212,20171211,210739500,3915.0,164012,2691604,6432720040.0,3915.0,14,3914.0,109
rb1805,20171212,20171211,210740000,3914.0,164034,2691610,6433581220.0,3915.0,30,3914.0,104
rb1805,20171212,20171211,210740500,3915.0,164072,2691642,6435068820.0,3915.0,141,3914.0,100
rb1805,20171212,20171211,210741000,3915.0,164110,2691660,6436556320.0,3915.0,138,3914.0,90
rb1805,20171212,20171211,210741500,3914.0,164172,2691670,6438983080.0,3915.0,231,3914.0,71
rb1805,20171212,20171211,210742000,3915.0,164328,2691688,6445088980.0,3914.0,36,3913.0,1179
rb1805,20171212,20171211,210742500,3914.0,164344,2691700,6445715140.0,3914.0,43,3913.0,1225
rb1805,20171212,20171211,210743000,3914.0,164470,2691664,6450646780.0,3915.0,282,3914.0,98
rb1805,20171212,20171211,210743500,3914.0,164498,2691664,6451742700.0,3915.0,282,3914.0,244
rb1805,20171212,20171211,210744000,3914.0,164568,2691676,6454482720.0,3915.0,272,3914.0,285
rb1805,20171212,20171211,210744500,3914.0,164618,2691666,6456439960.0,3915.0,161,3914.0,284
rb1805,20171212,20171211,210745000,3915.0,164680,2691626,6458867040.0,3915.0,148,3914.0,275
rb1805,20171212,20171211,210745500,3914.0,164730,2691620,6460824160.0,3915.0,143,3914.0,259
rb1805,20171212,20171211,210746000,3915.0,165008,2691392,6471707120.0,3915.0,47,3914.0,229
rb1805,20171212,20171211,210746500,3915.0,165656,2691242,6497068560.0,3915.0,38,3913.0,1154
rb1805,20171212,20171211,210747000,3915.0,165802,2691210,6502784080.0,3915.0,10,3914.0,2
rb1805,20171212,20171211,210747500,3914.0,165806,2691208,6502940660.0,3915.0,40,3914.0,12
rb1805,20171212,20171211,210748000,3915.0,165902,2691160,6506698700.0,3915.0,168,3914.0,36
rb1805,20171212,20171211,210748500,3915.0,166128,2691326,6515544500.0,3915.0,158,3914.0,7
rb1805,20171212,20171211,210749000,3914.0,166152,2691346,6516483840.0,3914.0,27,3913.0,1152
rb1805,20171212,20171211,210749500,3913.0,166318,2691268,6522980980.0,3914.0,14,3913.0,1150
rb1805,20171212,20171211,210750000,3913.0,166382,2691282,6525485880.0,3914.0,9,3913.0,1147
rb1805,20171212,20171211,210750500,3913.0,167438,2690790,6566807380.0,3914.0,21,3913.0,583
rb1805,20171212,20171211,210751000,3913.0,167668,2690732,6575807300.0,3914.0,47,3913.0,505
rb1805,20171212,20171211,210751500,3914.0,167818,2690830,6581677100.0,3914.0,93,3913.0,445
rb1805,20171212,20171211,210752000,3914.0,169656,2690446,6653589200.0,3913.0,4,3912.0,87
rb1805,20171212,20171211,210752500,3913.0,169892,2690354,6662821900.0,3913.0,32,3911.0,466
rb1805,20171212,20171211,210753000,3913.0,169962,2690310,6665560860.0,3913.0,7,3912.0,10
rb1805,20171212,20171211,210753500,3912.0,170030,2690290,6668221200.0,3913.0,18,3912.0,198
rb1805,20171212,20171211,210754000,3913.0,170282,2690160,6678081940.0,3914.0,138,3913.0,22
rb1805,20171212,20171211,210754500,3914.0,170602,2690182,6690606300.0,3915.0,220,3913.0,272
rb1805,20171212,20171211,210755000,3915.0,170750,2690124,6696400020.0,3915.0,168,3914.0,71
rb1805,20171212,20171211,210755500,3915.0,171148,2690208,6711981740.0,3916.0,148,3915.0,63
rb1805,20171212,20171211,210756000,3915.0,171314,2690164,6718480680.0,3916.0,137,3915.0,19
rb1805,20171212,20171211,210756500,3915.0,171348,2690180,6719811800.0,3916.0,136,3915.0,15
rb1805,20171212,20171211,210757000,3914.0,171390,2690162,6721456060.0,3915.0,5,3914.0,260
rb1805,20171212,20171211,210757500,3915.0,171450,2690154,6723805060.0,3916.0,159,3915.0,53
rb1805,20171212,20171211,210758000,3915.0,171558,2690092,6728033280.0,3916.0,159,3915.0,1
rb1805,20171212,20171211,210758500,3915.0,171574,2690104,6728659580.0,3915.0,3,3914.0,277
rb1805,20171212,20171211,210759000,3914.0,171632,2690110,6730930240.0,3916.0,162,3914.0,221
rb1805,20171212,20171211,210759500,3915.0,171656,2690122,6731869940.0,3916.0,156,3915.0,19
rb1805,20171212,20171211,210800000,3915.0,171676,2690134,6732652960.0,3916.0,166,3915.0,52
rb1805,20171212,20171211,210800500,3915.0,171730,2690166,6734767180.0,3916.0,162,3915.0,133
rb1805,20171212,20171211,210801000,3916.0,171968,2690374,6744086880.0,3916.0,90,3915.0,131
rb1805,20171212,20171211,210801500,3915.0,171986,2690388,6744791620.0,3916.0,111,3915.0,130
rb1805,20171212,20171211,210802000,3915.0,172002,2690398,6745418040.0,3916.0,104,3915.0,147
rb1805,20171212,20171211,210802500,3915.0,172220,2690412,6753953040.0,3916.0,98,3915.0,60
rb1805,20171212,20171211,210803000,3916.0,172314,2690378,6757633260.0,3916.0,93,3915.0,19
rb1805,20171212,20171211,210803500,3915.0,172384,2690374,6760373720.0,3915.0,24,3914.0,153
rb1805,20171212,20171211,210804000,3915.0,172498,2690470,6764836820.0,3915.0,13,3914.0,160
rb1805,20171212,20171211,210804500,3915.0,172570,2690480,6767655580.0,3915.0,20,3914.0,157
rb1805,20171212,20171211,210805000,3914.0,172588,2690478,6768360240.0,3915.0,61,3914.0,156
rb1805,20171212,20171211,210805500,3914.0,172622,2690486,6769691160.0,3915.0,173,3914.0,217
rb1805,20171212,20171211,210806000,3915.0,172918,2690436,6781276820.0,3915.0,159,3914.0,37
rb1805,20171212,20171211,210806500,3914.0,173066,2690434,6787069300.0,3914.0,162,3913.0,286
rb1805,20171212,20171211,210807000,3913.0,173186,2690492,6791765280.0,3914.0,254,3913.0,245
rb1805,20171212,20171211,210807500,3913.0,173724,2690734,6812817300.0,3913.0,45,3912.0,143
rb1805,20171212,20171211,210808000,3912.0,174182,2690508,6830734900.0,3912.0,275,3911.0,502
rb1805,20171212,20171211,210808500,3911.0,174242,2690482,6833081880.0,3912.0,563,3911.0,491
rb1805,20171212,20171211,210809000,3911.0,174596,2690442,6846927220.0,3912.0,443,3911.0,337
rb1805,20171212,20171211,210809500,3911.0,174834,2690534,6856235680.0,3912.0,347,3911.0,232
rb1805,20171212,20171211,210810000,3912.0,175558,2690288,6884556280.0,3912.0,13,3911.0,261
rb1805,20171212,20171211,210810500,3912.0,175770,2690312,6892849740.0,3913.0,65,3912.0,24
rb1805,20171212,20171211,210811000,3912.0,175798,2690304,6893945140.0,3913.0,68,3912.0,58
rb1805,20171212,20171211,210811500,3913.0,175866,2690330,6896605380.0,3913.0,58,3912.0,46
rb1805,20171212,20171211,210812000,3913.0,176048,2690442,6903726560.0,3913.0,20,3912.0,62
rb1805,20171212,20171211,210812500,3913.0,176132,2690444,6907013480.0,3913.0,3,3912.0,80
rb1805,20171212,20171211,210813000,3913.0,176252,2690370,6911709100.0,3914.0,232,3913.0,116
rb1805,20171212,20171211,210813500,3913.0,176396,2690228,6917343820.0,3914.0,233,3913.0,46
rb1805,20171212,20171211,210814000,3912.0,176542,2690194,6923056660.0,3913.0,300,3912.0,91
rb1805,20171212,20171211,210814500,3913.0,176686,2690124,6928690940.0,3913.0,284,3912.0,123
rb1805,20171212,20171211,210815000,3912.0,176706,2690114,6929473500.0,3913.0,387,3912.0,153
rb1805,20171212,20171211,210815500,3912.0,176756,2690098,6931429640.0,3913.0,388,3912.0,141
rb1805,20171212,20171211,210816000,3912.0,177950,2689522,6978129920.0,3912.0,2,3911.0,60
rb1805,20171212,20171211,210816500,3912.0,178032,2689462,6981337440.0,3912.0,87,3911.0,42
rb1805,20171212,20171211,210817000,3912.0,178230,2689444,6989082200.0,3912.0,169,3911.0,50
rb1805,20171212,20171211,210817500,3911.0,178298,2689458,6991742020.0,3912.0,152,3911.0,36
rb1805,20171212,20171211,210818000,3911.0,178366,2689452,6994401780.0,3912.0,154,3911.0,24
rb1805,20171212,20171211,210818500,3911.0,178446,2689504,6997531040.0,3912.0,137,3911.0,65
rb1805,20171212,20171211,210819000,3911.0,178700,2689444,7007465000.0,3912.0,150,3911.0,17
rb1805,20171212,20171211,210819500,3911.0,178788,2689432,7010906340.0,3911.0,40,3910.0,869
rb1805,20171212,20171211,210820000,3911.0,178916,2689340,7015912480.0,3911.0,17,3910.0,876
rb1805,20171212,20171211,210820500,3911.0,179006,2689312,7019432360.0,3911.0,43,3910.0,877
rb1805,20171212,20171211,210821000,3911.0,179048,2689322,7021074860.0,3911.0,68,3910.0,872
rb1805,20171212,20171211,210821500,3911.0,179108,2689328,7023421220.0,3911.0,115,3910.0,862
rb1805,20171212,20171211,210822000,3911.0,179142,2689334,7024750800.0,3911.0,110,3910.0,905
rb1805,20171212,20171211,210822500,3910.0,179324,2689246,7031868240.0,3911.0,50,3910.0,887
rb1805,20171212,20171211,210823000,3910.0,180014,2688982,7058848140.0,3911.0,12,3910.0,616
rb1805,20171212,20171211,210823500,3910.0,180306,2688988,7070265760.0,3911.0,9,3910.0,497
rb1805,20171212,20171211,210824000,3911.0,180914,2689518,7094041140.0,3912.0,160,3911.0,381
rb1805,20171212,20171211,210824500,3911.0,181320,2689618,7109919880.0,3912.0,160,3911.0,210
rb1805,20171212,20171211,210825000,3911.0,181522,2689782,7117820240.0,3912.0,165,3911.0,132
rb1805,20171212,20171211,210825500,3911.0,181938,2689718,7134089620.0,3911.0,155,3910.0,295
rb1805,20171212,20171211,210826000,3911.0,182046,2689750,7138312580.0,3911.0,154,3910.0,258
rb1805,20171212,20171211,210826500,3911.0,182218,2689746,7145039020.0,3911.0,119,3910.0,234
rb1805,20171212,20171211,210827000,3910.0,182282,2689738,7147541760.0,3911.0,123,3910.0,237
rb1805,20171212,20171211,210827500,3910.0,182748,2690032,7165762900.0,3911.0,109,3910.0,57
rb1805,20171212,20171211,210828000,3911.0,182784,2690034,7167170560.0,3911.0,97,3910.0,46
rb1805,20171212,20171211,210828500,3911.0,182912,2690018,7172175660.0,3911.0,84,3910.0,29
rb1805,20171212,20171211,210829000,3910.0,183082,2690098,7178822720.0,3910.0,13,3909.0,155
rb1805,20171212,20171211,210829500,3911.0,183238,2690092,7184922720.0,3911.0,85,3910.0,134
rb1805,20171212,20171211,210830000,3910.0,183546,2690058,7196969080.0,3911.0,10,3910.0,112
rb1805,20171212,20171211,210830500,3911.0,183732,2690118,7204242760.0,3911.0,5,3910.0,161
rb1805,20171212,20171211,210831000,3911.0,183798,2690078,7206824040.0,3912.0,90,3911.0,40
rb1805,20171212,20171211,210831500,3911.0,183880,2690078,7210031460.0,3912.0,72,3911.0,106
rb1805,20171212,20171211,210832000,3912.0,183956,2690100,7213003880.0,3912.0,75,3911.0,210
rb1805,20171212,20171211,210832500,3911.0,184030,2690088,7215898360.0,3912.0,59,3911.0,183
rb1805,20171212,20171211,210833000,3911.0,184136,2690174,7220044060.0,3912.0,57,3911.0,125
rb1805,20171212,20171211,210833500,3911.0,184186,2690198,7221999600.0,3912.0,62,3911.0,104
rb1805,20171212,20171211,210834000,3912.0,184232,2690204,7223798940.0,3912.0,47,3911.0,104
rb1805,20171212,20171211,210834500,3911.0,184480,2690150,7233500240.0,3913.0,234,3911.0,94
rb1805,20171212,20171211,210835000,3911.0,184530,2690148,7235455800.0,3912.0,9,3911.0,74
rb1805,20171212,20171211,210835500,3911.0,184582,2690152,7237489580.0,3912.0,8,3911.0,61
rb1805,20171212,20171211,210836000,3911.0,184748,2690228,7243981860.0,3912.0,9,3911.0,55
rb1805,20171212,20171211,210836500,3911.0,184766,2690230,7244685900.0,3912.0,16,3911.0,93
rb1805,20171212,20171211,210837000,3912.0,185072,2690024,7256657160.0,3913.0,212,3912.0,90
rb1805,20171212,20171211,210837500,3912.0,185126,2689980,7258769740.0,3913.0,207,3912.0,234
rb1805,20171212,20171211,210838000,3913.0,185670,2689840,7280055660.0,3914.0,122,3913.0,161
rb1805,20171212,20171211,210838500,3915.0,186160,2689810,7299236120.0,3915.0,133,3913.0,172
rb1805,20171212,20171211,210839000,3913.0,186212,2689788,7301271300.0,3915.0,130,3913.0,167
rb1805,20171212,20171211,210839500,3913.0,186282,2689756,7304010480.0,3915.0,130,3913.0,137
rb1805,20171212,20171211,210840000,3915.0,186502,2689578,7312623000.0,3915.0,46,3913.0,130
rb1805,20171212,20171211,210840500,3914.0,186516,2689592,7313170960.0,3915.0,49,3914.0,4
rb1805,20171212,20171211,210841000,3915.0,186558,2689576,7314814840.0,3915.0,43,3914.0,35
rb1805,20171212,20171211,210841500,3914.0,186570,2689570,7315284520.0,3915.0,111,3914.0,39
rb1805,20171212,20171211,210842000,3915.0,186614,2689552,7317007040.0,3915.0,104,3914.0,27
rb1805,20171212,20171211,210842500,3915.0,186656,2689564,7318651140.0,3915.0,93,3914.0,17
rb1805,20171212,20171211,210843000,3914.0,186720,2689580,7321156560.0,3915.0,79,3914.0,18
rb1805,20171212,20171211,210843500,3915.0,186846,2689568,7326089380.0,3915.0,23,3914.0,14
rb1805,20171212,20171211,210844000,3914.0,186958,2689572,7330473840.0,3914.0,14,3913.0,133
rb1805,20171212,20171211,210844500,3915.0,187008,2689566,7332430900.0,3915.0,20,3914.0,61
rb1805,20171212,20171211,210845000,3915.0,187026,2689554,7333135480.0,3915.0,23,3914.0,62
rb1805,20171212,20171211,210845500,3914.0,187056,2689558,7334309760.0,3915.0,49,3914.0,92
rb1805,20171212,20171211,210846000,3914.0,187156,2689584,7338224380.0,3915.0,39,3914.0,77
rb1805,20171212,20171211,210846500,3914.0,187252,2689558,7341982220.0,3915.0,81,3914.0,79
rb1805,20171212,20171211,210847000,3914.0,187304,2689538,7344017580.0,3915.0,101,3914.0,47
rb1805,20171212,20171211,210847500,3915.0,187340,2689552,7345426680.0,3915.0,103,3914.0,32
rb1805,20171212,20171211,210848000,3914.0,187386,2689542,7347227360.0,3915.0,129,3914.0,23
rb1805,20171212,20171211,210848500,3914.0,187446,2689496,7349575720.0,3914.0,14,3913.0,109
rb1805,20171212,20171211,210849000,3913.0,187550,2689498,7353645280.0,3914.0,26,3913.0,51
rb1805,20171212,20171211,210849500,3914.0,187584,2689484,7354976040.0,3914.0,82,3913.0,41
rb1805,20171212,20171211,210850000,3913.0,187588,2689482,7355132580.0,3914.0,95,3913.0,41
rb1805,20171212,20171211,210850500,3913.0,187700,2689414,7359515140.0,3913.0,248,3912.0,120
rb1805,20171212,20171211,210851000,3913.0,187736,2689384,7360923820.0,3913.0,239,3912.0,140
rb1805,20171212,20171211,210851500,3913.0,188034,2689384,7372584540.0,3913.0,103,3912.0,160
rb1805,20171212,20171211,210852000,3914.0,188280,2689216,7382210720.0,3914.0,99,3913.0,376
rb1805,20171212,20171211,210852500,3914.0,188466,2689342,7389490640.0,3915.0,193,3913.0,375
rb1805,20171212,20171211,210853000,3914.0,188474,2689344,7389803760.0,3915.0,195,3914.0,6
rb1805,20171212,20171211,210853500,3913.0,188496,2689326,7390664620.0,3914.0,2,3913.0,335
rb1805,20171212,20171211,210854000,3913.0,188532,2689322,7392073360.0,3915.0,237,3913.0,325
rb1805,20171212,20171211,210854500,3913.0,188552,2689336,7392856060.0,3914.0,1,3913.0,318
rb1805,20171212,20171211,210855000,3914.0,188560,2689340,7393169120.0,3914.0,20,3913.0,315
rb1805,20171212,20171211,210855500,3914.0,188572,2689338,7393638760.0,3914.0,122,3913.0,315
rb1805,20171212,20171211,210856000,3913.0,188614,2689366,7395282300.0,3914.0,132,3913.0,334
rb1805,20171212,20171211,210856500,3913.0,188654,2689364,7396847560.0,3914.0,250,3913.0,316
rb1805,20171212,20171211,210857000,3913.0,188978,2689584,7409525780.0,3914.0,271,3913.0,161
rb1805,20171212,20171211,210857500,3912.0,189358,2689796,7424395120.0,3913.0,240,3912.0,177
rb1805,20171212,20171211,210858000,3912.0,189582,2689884,7433158120.0,3913.0,237,3912.0,122
rb1805,20171212,20171211,210858500,3912.0,189896,2690074,7445442060.0,3912.0,121,3911.0,869
rb1805,20171212,20171211,210859000,3912.0,189950,2690122,7447554540.0,3912.0,95,3911.0,872
rb1805,20171212,20171211,210859500,3912.0,190154,2690192,7455535000.0,3913.0,55,3912.0,12
rb1805,20171212,20171211,210900000,3913.0,190238,2690222,7458821100.0,3913.0,57,3912.0,177
rb1805,20171212,20171211,210900500,3913.0,190496,2690284,7468915400.0,3913.0,4,3912.0,195
rb1805,20171212,20171211,210901000,3913.0,190512,2690274,7469541500.0,3914.0,67,3913.0,18
rb1805,20171212,20171211,210901500,3913.0,190662,2690384,7475410240.0,3914.0,60,3913.0,40
rb1805,20171212,20171211,210902000,3913.0,190706,2690404,7477131960.0,3914.0,66,3913.0,50
rb1805,20171212,20171211,210902500,3913.0,190734,2690406,7478227600.0,3914.0,67,3913.0,71
rb1805,20171212,20171211,210903000,3913.0,190744,2690406,7478618900.0,3914.0,65,3913.0,97
rb1805,20171212,20171211,210903500,3914.0,190888,2690342,7484255060.0,3915.0,329,3914.0,16
rb1805,20171212,20171211,210904000,3915.0,190926,2690340,7485742600.0,3915.0,318,3914.0,20
rb1805,20171212,20171211,210904500,3915.0,191054,2690338,7490752720.0,3915.0,305,3914.0,2
rb1805,20171212,20171211,210905000,3914.0,191152,2690384,7494588840.0,3915.0,286,3914.0,59
rb1805,20171212,20171211,210905500,3915.0,191442,2690276,7505942100.0,3915.0,162,3914.0,239
rb1805,20171212,20171211,210906000,3915.0,191878,2690288,7523011520.0,3916.0,472,3915.0,134
rb1805,20171212,20171211,210906500,3915.0,192530,2689974,7548542640.0,3916.0,196,3915.0,74
rb1805,20171212,20171211,210907000,3915.0,192654,2689892,7553397240.0,3916.0,285,3915.0,23
rb1805,20171212,20171211,210907500,3915.0,192678,2689882,7554336840.0,3916.0,320,3915.0,30
rb1805,20171212,20171211,210908000,3915.0,192818,2689984,7559817780.0,3915.0,55,3914.0,219
rb1805,20171212,20171211,210908500,3915.0,192854,2689954,7561227160.0,3915.0,43,3914.0,207
rb1805,20171212,20171211,210909000,3915.0,192866,2689950,7561696960.0,3915.0,132,3914.0,199
rb1805,20171212,20171211,210909500,3915.0,192874,2689948,7562010140.0,3915.0,139,3914.0,198
