instrument,tradingday,calendarday,time,lastp,volume,openinterest,turnover,ask1,asksz1,bid1,bidsz1
rb1805,20170606,20170605,183304500,2670.0,0,84742,0.0,0.0,0,0.0,0
rb1805,20170606,20170605,205900500,2673.0,14,84734,374220.0,2673.0,1,2672.0,1
rb1805,20170606,20170605,210000500,2669.0,20,84740,534420.0,2668.0,5,2667.0,2
rb1805,20170606,20170605,210001000,2667.0,34,84754,907700.0,2667.0,4,2665.0,5
rb1805,20170606,20170605,210001500,2665.0,44,84764,1174200.0,2666.0,112,2663.0,3
rb1805,20170606,20170605,210002000,2666.0,58,84778,1547260.0,2666.0,136,2662.0,26
rb1805,20170606,20170605,210002500,2662.0,78,84796,2079660.0,2665.0,11,2662.0,16
rb1805,20170606,20170605,210003000,2662.0,86,84796,2292620.0,2665.0,11,2662.0,12
rb1805,20170606,20170605,210003500,2662.0,106,84802,2825020.0,2665.0,11,2662.0,2
rb1805,20170606,20170605,210004000,2661.0,112,84802,2984720.0,2662.0,1,2661.0,8
rb1805,20170606,20170605,210004500,2660.0,164,84822,4368120.0,2664.0,10,2660.0,8
rb1805,20170606,20170605,210005000,2664.0,168,84826,4474680.0,2664.0,8,2660.0,8
rb1805,20170606,20170605,210005500,2660.0,172,84826,4581080.0,2666.0,126,2660.0,6
rb1805,20170606,20170605,210006000,2660.0,172,84826,4581080.0,2666.0,126,2661.0,1
rb1805,20170606,20170605,210006500,2660.0,172,84826,4581080.0,2665.0,10,2662.0,1
rb1805,20170606,20170605,210007000,2660.0,172,84826,4581080.0,2665.0,10,2662.0,1
rb1805,20170606,20170605,210007500,2660.0,172,84826,4581080.0,2665.0,10,2662.0,1
rb1805,20170606,20170605,210008000,2660.0,172,84826,4581080.0,2666.0,126,2662.0,1
rb1805,20170606,20170605,210008500,2660.0,172,84826,4581080.0,2666.0,136,2662.0,1
rb1805,20170606,20170605,210009000,2660.0,172,84826,4581080.0,2666.0,136,2662.0,1
rb1805,20170606,20170605,210009500,2660.0,172,84826,4581080.0,2666.0,126,2665.0,1
rb1805,20170606,20170605,210010000,2660.0,172,84826,4581080.0,2666.0,126,2665.0,1
rb1805,20170606,20170605,210010500,2660.0,172,84826,4581080.0,2666.0,126,2665.0,1
rb1805,20170606,20170605,210011000,2666.0,176,84828,4687700.0,2666.0,125,2662.0,2
rb1805,20170606,20170605,210011500,2666.0,176,84828,4687700.0,2666.0,125,2662.0,2
rb1805,20170606,20170605,210012000,2666.0,176,84828,4687700.0,2666.0,125,2665.0,1
rb1805,20170606,20170605,210012500,2666.0,176,84828,4687700.0,2666.0,125,2665.0,1
rb1805,20170606,20170605,210013000,2666.0,176,84828,4687700.0,2666.0,125,2665.0,2
rb1805,20170606,20170605,210013500,2666.0,176,84828,4687700.0,2666.0,125,2665.0,2
rb1805,20170606,20170605,210014000,2666.0,178,84828,4741020.0,2666.0,124,2665.0,2
rb1805,20170606,20170605,210014500,2665.0,180,84830,4794320.0,2666.0,124,2665.0,1
rb1805,20170606,20170605,210015000,2665.0,180,84830,4794320.0,2666.0,124,2665.0,1
rb1805,20170606,20170605,210015500,2662.0,184,84830,4900860.0,2665.0,2,2662.0,2
rb1805,20170606,20170605,210016000,2663.0,188,84830,5007380.0,2665.0,2,2662.0,2
rb1805,20170606,20170605,210016500,2665.0,202,84838,5380040.0,2663.0,1,2660.0,12
rb1805,20170606,20170605,210017000,2664.0,208,84836,5539860.0,2666.0,124,2663.0,2
rb1805,20170606,20170605,210017500,2665.0,212,84832,5646460.0,2666.0,124,2662.0,1
rb1805,20170606,20170605,210018000,2665.0,212,84832,5646460.0,2665.0,2,2662.0,1
rb1805,20170606,20170605,210018500,2663.0,216,84832,5753020.0,2665.0,1,2663.0,1
rb1805,20170606,20170605,210019000,2663.0,216,84832,5753020.0,2665.0,1,2663.0,2
rb1805,20170606,20170605,210019500,2663.0,216,84832,5753020.0,2665.0,1,2663.0,2
rb1805,20170606,20170605,210020000,2663.0,216,84832,5753020.0,2665.0,1,2663.0,2
rb1805,20170606,20170605,210020500,2663.0,216,84832,5753020.0,2665.0,1,2663.0,2
rb1805,20170606,20170605,210021000,2663.0,216,84832,5753020.0,2665.0,1,2663.0,2
rb1805,20170606,20170605,210021500,2663.0,216,84832,5753020.0,2665.0,1,2663.0,2
rb1805,20170606,20170605,210022000,2663.0,216,84832,5753020.0,2664.0,1,2663.0,2
rb1805,20170606,20170605,210022500,2664.0,218,84832,5806300.0,2665.0,1,2663.0,3
rb1805,20170606,20170605,210023000,2664.0,218,84832,5806300.0,2665.0,2,2663.0,3
rb1805,20170606,20170605,210023500,2665.0,220,84832,5859600.0,2665.0,1,2663.0,3
rb1805,20170606,20170605,210024000,2665.0,220,84832,5859600.0,2665.0,1,2663.0,5
rb1805,20170606,20170605,210024500,2665.0,220,84832,5859600.0,2665.0,1,2663.0,6
rb1805,20170606,20170605,210025000,2665.0,220,84832,5859600.0,2665.0,1,2663.0,6
rb1805,20170606,20170605,210025500,2665.0,220,84832,5859600.0,2665.0,1,2663.0,6
rb1805,20170606,20170605,210026000,2665.0,220,84832,5859600.0,2665.0,1,2663.0,6
rb1805,20170606,20170605,210026500,2665.0,220,84832,5859600.0,2665.0,1,2663.0,6
rb1805,20170606,20170605,210027000,2665.0,222,84834,5912900.0,2666.0,127,2663.0,6
rb1805,20170606,20170605,210027500,2665.0,222,84834,5912900.0,2665.0,1,2663.0,5
rb1805,20170606,20170605,210028000,2665.0,222,84834,5912900.0,2665.0,12,2663.0,5
rb1805,20170606,20170605,210028500,2665.0,222,84834,5912900.0,2664.0,1,2663.0,5
rb1805,20170606,20170605,210029000,2665.0,222,84834,5912900.0,2664.0,7,2663.0,5
rb1805,20170606,20170605,210029500,2663.0,224,84836,5966160.0,2664.0,18,2663.0,4
rb1805,20170606,20170605,210030000,2663.0,232,84840,6179200.0,2663.0,3,2662.0,4
rb1805,20170606,20170605,210030500,2663.0,232,84840,6179200.0,2664.0,17,2663.0,1
rb1805,20170606,20170605,210031000,2663.0,234,84840,6232460.0,2663.0,17,2662.0,4
rb1805,20170606,20170605,210031500,2662.0,242,84848,6445420.0,2662.0,86,2661.0,4
rb1805,20170606,20170605,210032500,2662.0,242,84848,6445420.0,2662.0,86,2661.0,4
rb1805,20170606,20170605,210033000,2662.0,242,84848,6445420.0,2662.0,86,2661.0,4
rb1805,20170606,20170605,210033500,2662.0,242,84848,6445420.0,2662.0,86,2661.0,7
rb1805,20170606,20170605,210034000,2662.0,262,84868,6977820.0,2662.0,76,2661.0,7
rb1805,20170606,20170605,210034500,2662.0,262,84868,6977820.0,2662.0,76,2661.0,7
rb1805,20170606,20170605,210035000,2662.0,262,84868,6977820.0,2662.0,76,2661.0,7
rb1805,20170606,20170605,210036000,2662.0,272,84868,7244020.0,2662.0,71,2661.0,7
rb1805,20170606,20170605,210036500,2662.0,274,84870,7297260.0,2662.0,70,2661.0,7
rb1805,20170606,20170605,210037000,2662.0,274,84870,7297260.0,2662.0,70,2661.0,17
rb1805,20170606,20170605,210037500,2662.0,276,84872,7350500.0,2662.0,69,2661.0,17
rb1805,20170606,20170605,210038000,2662.0,366,84956,9745940.0,2662.0,42,2660.0,13
rb1805,20170606,20170605,210038500,2662.0,366,84956,9745940.0,2661.0,30,2660.0,13
rb1805,20170606,20170605,210039000,2662.0,370,84960,9852420.0,2661.0,28,2660.0,13
rb1805,20170606,20170605,210039500,2662.0,370,84960,9852420.0,2661.0,28,2660.0,14
rb1805,20170606,20170605,210040500,2661.0,372,84962,9905640.0,2661.0,45,2660.0,14
rb1805,20170606,20170605,210041000,2660.0,402,84992,10703640.0,2660.0,1,2659.0,3
rb1805,20170606,20170605,210041500,2661.0,406,84994,10810060.0,2661.0,44,2660.0,2
rb1805,20170606,20170605,210042000,2660.0,408,84996,10863260.0,2660.0,3,2659.0,3
rb1805,20170606,20170605,210042500,2660.0,410,84996,10916460.0,2661.0,44,2659.0,3
rb1805,20170606,20170605,210043000,2660.0,410,84996,10916460.0,2661.0,44,2659.0,3
rb1805,20170606,20170605,210043500,2661.0,520,85106,13843560.0,2660.0,19,2659.0,3
rb1805,20170606,20170605,210044000,2660.0,530,85112,14109540.0,2660.0,15,2659.0,2
rb1805,20170606,20170605,210044500,2660.0,532,85114,14162740.0,2660.0,14,2659.0,2
rb1805,20170606,20170605,210045000,2660.0,542,85124,14428740.0,2660.0,9,2659.0,2
rb1805,20170606,20170605,210045500,2660.0,542,85124,14428740.0,2660.0,17,2659.0,3
rb1805,20170606,20170605,210046000,2660.0,554,85136,14747940.0,2660.0,11,2659.0,4
rb1805,20170606,20170605,210046500,2660.0,554,85136,14747940.0,2660.0,11,2659.0,4
rb1805,20170606,20170605,210047000,2660.0,562,85144,14960700.0,2660.0,9,2659.0,20
rb1805,20170606,20170605,210047500,2660.0,574,85152,15279800.0,2660.0,19,2659.0,15
rb1805,20170606,20170605,210048000,2659.0,606,85176,16130680.0,2659.0,1,2658.0,3
rb1805,20170606,20170605,210048500,2659.0,606,85176,16130680.0,2659.0,37,2658.0,3
rb1805,20170606,20170605,210049000,2659.0,608,85178,16183860.0,2659.0,47,2658.0,3
rb1805,20170606,20170605,210049500,2659.0,620,85190,16502940.0,2659.0,40,2658.0,3
rb1805,20170606,20170605,210050000,2659.0,620,85190,16502940.0,2659.0,40,2658.0,3
rb1805,20170606,20170605,210050500,2659.0,620,85190,16502940.0,2659.0,40,2658.0,3
rb1805,20170606,20170605,210051000,2659.0,622,85190,16556120.0,2659.0,29,2658.0,3
rb1805,20170606,20170605,210051500,2658.0,650,85212,17300580.0,2658.0,27,2657.0,2
rb1805,20170606,20170605,210052000,2658.0,664,85222,17672700.0,2658.0,20,2657.0,3
rb1805,20170606,20170605,210052500,2657.0,668,85222,17778980.0,2658.0,20,2657.0,1
rb1805,20170606,20170605,210053000,2657.0,668,85222,17778980.0,2658.0,20,2656.0,6
rb1805,20170606,20170605,210053500,2657.0,668,85222,17778980.0,2658.0,20,2657.0,2
rb1805,20170606,20170605,210054000,2657.0,672,85222,17885260.0,2658.0,21,2656.0,6
rb1805,20170606,20170605,210054500,2657.0,672,85222,17885260.0,2657.0,1,2656.0,6
rb1805,20170606,20170605,210055000,2657.0,672,85222,17885260.0,2657.0,1,2656.0,6
rb1805,20170606,20170605,210055500,2657.0,674,85222,17938400.0,2658.0,21,2656.0,7
rb1805,20170606,20170605,210056000,2657.0,674,85222,17938400.0,2658.0,21,2656.0,7
rb1805,20170606,20170605,210056500,2657.0,674,85222,17938400.0,2658.0,21,2656.0,7
rb1805,20170606,20170605,210057000,2657.0,674,85222,17938400.0,2658.0,21,2656.0,8
rb1805,20170606,20170605,210057500,2657.0,674,85222,17938400.0,2658.0,21,2656.0,9
rb1805,20170606,20170605,210058500,2657.0,674,85222,17938400.0,2657.0,18,2656.0,10
rb1805,20170606,20170605,210059000,2657.0,686,85224,18257240.0,2657.0,12,2656.0,10
rb1805,20170606,20170605,210100000,2657.0,686,85224,18257240.0,2657.0,12,2656.0,10
rb1805,20170606,20170605,210100500,2657.0,688,85226,18310380.0,2657.0,11,2656.0,10
rb1805,20170606,20170605,210101000,2657.0,694,85230,18469800.0,2657.0,8,2656.0,15
rb1805,20170606,20170605,210101500,2656.0,728,85252,19372880.0,2656.0,15,2655.0,20
rb1805,20170606,20170605,210102000,2655.0,732,85256,19479080.0,2656.0,15,2655.0,18
rb1805,20170606,20170605,210102500,2656.0,746,85258,19850900.0,2656.0,9,2655.0,18
rb1805,20170606,20170605,210103000,2656.0,746,85258,19850900.0,2656.0,9,2655.0,17
rb1805,20170606,20170605,210103500,2656.0,746,85258,19850900.0,2656.0,9,2655.0,17
rb1805,20170606,20170605,210104500,2656.0,746,85258,19850900.0,2656.0,14,2655.0,17
rb1805,20170606,20170605,210105000,2656.0,746,85258,19850900.0,2656.0,14,2655.0,18
rb1805,20170606,20170605,210105500,2655.0,758,85270,20169520.0,2656.0,13,2655.0,13
rb1805,20170606,20170605,210106000,2656.0,772,85284,20541280.0,2656.0,5,2655.0,9
rb1805,20170606,20170605,210106500,2656.0,772,85284,20541280.0,2656.0,5,2655.0,9
rb1805,20170606,20170605,210107000,2655.0,822,85314,21869280.0,2655.0,16,2653.0,3
rb1805,20170606,20170605,210107500,2655.0,838,85322,22294080.0,2655.0,8,2654.0,1
rb1805,20170606,20170605,210108000,2655.0,842,85326,22400280.0,2655.0,6,2653.0,3
rb1805,20170606,20170605,210108500,2654.0,924,85388,24576760.0,2654.0,7,2653.0,3
rb1805,20170606,20170605,210109000,2654.0,924,85388,24576760.0,2654.0,7,2653.0,3
rb1805,20170606,20170605,210109500,2654.0,924,85388,24576760.0,2654.0,7,2653.0,3
rb1805,20170606,20170605,210110000,2654.0,938,85398,24948320.0,2658.0,1,2657.0,8
rb1805,20170606,20170605,210110500,2654.0,938,85398,24948320.0,2658.0,1,2657.0,8
rb1805,20170606,20170605,210111000,2657.0,950,85400,25267180.0,2661.0,2,2657.0,3
rb1805,20170606,20170605,210111500,2657.0,950,85400,25267180.0,2660.0,3,2657.0,3
rb1805,20170606,20170605,210112000,2657.0,950,85400,25267180.0,2660.0,3,2657.0,3
rb1805,20170606,20170605,210112500,2657.0,950,85400,25267180.0,2660.0,3,2657.0,3
rb1805,20170606,20170605,210113000,2657.0,950,85400,25267180.0,2660.0,3,2657.0,3
rb1805,20170606,20170605,210113500,2657.0,952,85398,25320320.0,2660.0,3,2657.0,2
rb1805,20170606,20170605,210114000,2657.0,952,85398,25320320.0,2660.0,3,2657.0,2
rb1805,20170606,20170605,210114500,2660.0,956,85398,25426720.0,2660.0,1,2657.0,2
rb1805,20170606,20170605,210115000,2660.0,956,85398,25426720.0,2660.0,1,2658.0,2
rb1805,20170606,20170605,210115500,2660.0,956,85398,25426720.0,2660.0,6,2658.0,2
rb1805,20170606,20170605,210116000,2660.0,956,85398,25426720.0,2660.0,7,2658.0,2
rb1805,20170606,20170605,210116500,2660.0,956,85398,25426720.0,2660.0,2,2658.0,2
rb1805,20170606,20170605,210117000,2660.0,956,85398,25426720.0,2660.0,2,2658.0,2
rb1805,20170606,20170605,210118000,2660.0,958,85398,25479920.0,2660.0,1,2658.0,2
rb1805,20170606,20170605,210118500,2660.0,958,85398,25479920.0,2660.0,1,2658.0,2
rb1805,20170606,20170605,210120000,2659.0,988,85368,26277620.0,2659.0,15,2658.0,2
rb1805,20170606,20170605,210120500,2659.0,990,85368,26330800.0,2659.0,14,2658.0,2
rb1805,20170606,20170605,210121000,2659.0,998,85368,26543520.0,2659.0,10,2658.0,2
rb1805,20170606,20170605,210121500,2658.0,1000,85368,26596680.0,2659.0,10,2658.0,1
rb1805,20170606,20170605,210122000,2659.0,1004,85368,26703040.0,2659.0,8,2658.0,7
rb1805,20170606,20170605,210122500,2659.0,1004,85368,26703040.0,2659.0,8,2658.0,7
rb1805,20170606,20170605,210123000,2659.0,1004,85368,26703040.0,2659.0,8,2658.0,7
rb1805,20170606,20170605,210124000,2659.0,1004,85368,26703040.0,2659.0,8,2658.0,7
rb1805,20170606,20170605,210124500,2659.0,1006,85368,26756220.0,2659.0,7,2658.0,8
rb1805,20170606,20170605,210125000,2659.0,1006,85368,26756220.0,2659.0,7,2658.0,8
rb1805,20170606,20170605,210125500,2659.0,1008,85368,26809400.0,2659.0,6,2658.0,8
rb1805,20170606,20170605,210126000,2659.0,1008,85368,26809400.0,2659.0,6,2658.0,26
rb1805,20170606,20170605,210126500,2659.0,1018,85368,27075300.0,2659.0,1,2658.0,26
rb1805,20170606,20170605,210127000,2658.0,1022,85368,27181620.0,2659.0,1,2658.0,24
rb1805,20170606,20170605,210127500,2659.0,1024,85366,27234800.0,2660.0,2,2659.0,2
rb1805,20170606,20170605,210128000,2659.0,1024,85366,27234800.0,2660.0,1,2659.0,3
rb1805,20170606,20170605,210129500,2659.0,1024,85366,27234800.0,2660.0,1,2659.0,3
rb1805,20170606,20170605,210131000,2659.0,1024,85366,27234800.0,2660.0,1,2659.0,3
rb1805,20170606,20170605,210131500,2659.0,1024,85366,27234800.0,2660.0,1,2659.0,3
rb1805,20170606,20170605,210132000,2659.0,1024,85366,27234800.0,2660.0,1,2659.0,3
rb1805,20170606,20170605,210132500,2659.0,1024,85366,27234800.0,2660.0,6,2659.0,3
rb1805,20170606,20170605,210133000,2659.0,1024,85366,27234800.0,2660.0,6,2659.0,3
rb1805,20170606,20170605,210133500,2659.0,1024,85366,27234800.0,2660.0,1,2659.0,4
rb1805,20170606,20170605,210134000,2660.0,1026,85366,27288000.0,2661.0,7,2660.0,1
rb1805,20170606,20170605,210134500,2661.0,1032,85364,27447640.0,2662.0,5,2660.0,1
rb1805,20170606,20170605,210135000,2661.0,1032,85364,27447640.0,2662.0,6,2660.0,31
rb1805,20170606,20170605,210135500,2661.0,1032,85364,27447640.0,2662.0,6,2660.0,31
rb1805,20170606,20170605,210136000,2661.0,1032,85364,27447640.0,2662.0,6,2660.0,31
rb1805,20170606,20170605,210136500,2661.0,1032,85364,27447640.0,2662.0,16,2660.0,34
rb1805,20170606,20170605,210137000,2661.0,1032,85364,27447640.0,2662.0,11,2660.0,34
rb1805,20170606,20170605,210137500,2661.0,1032,85364,27447640.0,2662.0,21,2660.0,34
rb1805,20170606,20170605,210138000,2662.0,1044,85362,27766880.0,2662.0,11,2660.0,29
rb1805,20170606,20170605,210138500,2662.0,1044,85362,27766880.0,2662.0,21,2660.0,29
rb1805,20170606,20170605,210139500,2662.0,1044,85362,27766880.0,2662.0,23,2660.0,29
rb1805,20170606,20170605,210140000,2662.0,1046,85362,27820120.0,2661.0,27,2660.0,29
rb1805,20170606,20170605,210140500,2662.0,1048,85360,27873360.0,2661.0,26,2660.0,29
rb1805,20170606,20170605,210141000,2660.0,1074,85376,28565040.0,2661.0,1,2660.0,17
rb1805,20170606,20170605,210141500,2660.0,1074,85376,28565040.0,2661.0,2,2660.0,17
rb1805,20170606,20170605,210142000,2660.0,1074,85376,28565040.0,2661.0,12,2660.0,17
rb1805,20170606,20170605,210142500,2660.0,1108,85382,29469440.0,2660.0,2,2659.0,8
rb1805,20170606,20170605,210143000,2660.0,1108,85382,29469440.0,2661.0,16,2659.0,8
rb1805,20170606,20170605,210143500,2659.0,1112,85380,29575800.0,2660.0,7,2659.0,6
rb1805,20170606,20170605,210144500,2660.0,1116,85382,29682180.0,2660.0,6,2659.0,5
rb1805,20170606,20170605,210145000,2660.0,1116,85382,29682180.0,2660.0,6,2659.0,5
rb1805,20170606,20170605,210145500,2660.0,1118,85382,29735380.0,2660.0,1,2659.0,20
rb1805,20170606,20170605,210146000,2660.0,1118,85382,29735380.0,2660.0,1,2659.0,20
rb1805,20170606,20170605,210146500,2660.0,1118,85382,29735380.0,2660.0,1,2659.0,30
rb1805,20170606,20170605,210147000,2660.0,1118,85382,29735380.0,2660.0,1,2659.0,30
rb1805,20170606,20170605,210147500,2660.0,1118,85382,29735380.0,2660.0,1,2659.0,30
rb1805,20170606,20170605,210148000,2660.0,1120,85382,29788580.0,2661.0,6,2659.0,30
rb1805,20170606,20170605,210148500,2660.0,1120,85382,29788580.0,2661.0,16,2659.0,30
rb1805,20170606,20170605,210149000,2660.0,1120,85382,29788580.0,2661.0,16,2659.0,30
rb1805,20170606,20170605,210149500,2660.0,1120,85382,29788580.0,2661.0,16,2659.0,30
rb1805,20170606,20170605,210150000,2660.0,1120,85382,29788580.0,2661.0,16,2659.0,30
rb1805,20170606,20170605,210150500,2660.0,1120,85382,29788580.0,2661.0,16,2659.0,31
rb1805,20170606,20170605,210151000,2661.0,1130,85384,30054680.0,2661.0,11,2660.0,1
rb1805,20170606,20170605,210151500,2661.0,1132,85384,30107900.0,2661.0,10,2660.0,2
rb1805,20170606,20170605,210152000,2661.0,1132,85384,30107900.0,2661.0,10,2660.0,2
rb1805,20170606,20170605,210152500,2661.0,1132,85384,30107900.0,2661.0,10,2660.0,2
rb1805,20170606,20170605,210153000,2661.0,1132,85384,30107900.0,2661.0,10,2660.0,2
rb1805,20170606,20170605,210153500,2661.0,1132,85384,30107900.0,2661.0,10,2660.0,2
rb1805,20170606,20170605,210154000,2660.0,1136,85384,30214300.0,2661.0,12,2659.0,41
rb1805,20170606,20170605,210154500,2660.0,1136,85384,30214300.0,2661.0,10,2659.0,41
rb1805,20170606,20170605,210155000,2660.0,1136,85384,30214300.0,2660.0,3,2659.0,41
rb1805,20170606,20170605,210155500,2660.0,1136,85384,30214300.0,2660.0,1,2659.0,41
rb1805,20170606,20170605,210156000,2660.0,1136,85384,30214300.0,2660.0,11,2659.0,41
rb1805,20170606,20170605,210156500,2660.0,1136,85384,30214300.0,2660.0,11,2659.0,41
rb1805,20170606,20170605,210157000,2660.0,1136,85384,30214300.0,2660.0,11,2659.0,46
rb1805,20170606,20170605,210158000,2660.0,1138,85384,30267500.0,2660.0,10,2659.0,46
rb1805,20170606,20170605,210158500,2660.0,1138,85384,30267500.0,2660.0,10,2659.0,46
rb1805,20170606,20170605,210159000,2660.0,1138,85384,30267500.0,2661.0,2,2659.0,46
rb1805,20170606,20170605,210159500,2660.0,1138,85384,30267500.0,2661.0,12,2659.0,46
rb1805,20170606,20170605,210200000,2660.0,1138,85384,30267500.0,2661.0,12,2660.0,3
rb1805,20170606,20170605,210201000,2660.0,1138,85384,30267500.0,2661.0,12,2660.0,3
rb1805,20170606,20170605,210202000,2660.0,1138,85384,30267500.0,2661.0,12,2660.0,13
rb1805,20170606,20170605,210202500,2660.0,1138,85384,30267500.0,2661.0,12,2660.0,13
rb1805,20170606,20170605,210203000,2660.0,1138,85384,30267500.0,2661.0,12,2660.0,13
rb1805,20170606,20170605,210203500,2660.0,1138,85384,30267500.0,2661.0,12,2660.0,13
rb1805,20170606,20170605,210204000,2660.0,1138,85384,30267500.0,2661.0,15,2660.0,13
rb1805,20170606,20170605,210204500,2660.0,1138,85384,30267500.0,2661.0,12,2660.0,13
rb1805,20170606,20170605,210205000,2660.0,1140,85382,30320700.0,2661.0,2,2660.0,12
rb1805,20170606,20170605,210205500,2660.0,1140,85382,30320700.0,2661.0,2,2660.0,19
rb1805,20170606,20170605,210206000,2661.0,1142,85382,30373920.0,2661.0,1,2660.0,18
rb1805,20170606,20170605,210206500,2661.0,1144,85382,30427140.0,2662.0,9,2661.0,2
rb1805,20170606,20170605,210207000,2661.0,1164,85362,30959340.0,2661.0,13,2660.0,20
rb1805,20170606,20170605,210207500,2661.0,1178,85360,31331880.0,2661.0,6,2660.0,19
rb1805,20170606,20170605,210208000,2661.0,1178,85360,31331880.0,2661.0,6,2660.0,14
rb1805,20170606,20170605,210208500,2661.0,1190,85348,31651200.0,2662.0,14,2661.0,4
rb1805,20170606,20170605,210209000,2661.0,1192,85348,31704420.0,2662.0,15,2661.0,3
rb1805,20170606,20170605,210209500,2662.0,1202,85354,31970620.0,2662.0,14,2661.0,13
rb1805,20170606,20170605,210210000,2661.0,1208,85352,32130280.0,2662.0,14,2661.0,10
rb1805,20170606,20170605,210210500,2661.0,1208,85352,32130280.0,2662.0,14,2661.0,11
rb1805,20170606,20170605,210211000,2661.0,1208,85352,32130280.0,2662.0,15,2661.0,11
rb1805,20170606,20170605,210211500,2661.0,1208,85352,32130280.0,2662.0,15,2661.0,11
rb1805,20170606,20170605,210212500,2661.0,1230,85352,32715700.0,2661.0,89,2660.0,16
rb1805,20170606,20170605,210213000,2661.0,1232,85352,32768920.0,2661.0,88,2660.0,16
rb1805,20170606,20170605,210213500,2661.0,1232,85352,32768920.0,2661.0,88,2660.0,17
rb1805,20170606,20170605,210214500,2661.0,1232,85352,32768920.0,2661.0,98,2660.0,17
rb1805,20170606,20170605,210215000,2661.0,1232,85352,32768920.0,2661.0,99,2660.0,17
rb1805,20170606,20170605,210217000,2661.0,1232,85352,32768920.0,2661.0,99,2660.0,17
rb1805,20170606,20170605,210217500,2661.0,1234,85352,32822140.0,2661.0,98,2660.0,17
rb1805,20170606,20170605,210218000,2661.0,1234,85352,32822140.0,2661.0,98,2660.0,20
rb1805,20170606,20170605,210218500,2661.0,1234,85352,32822140.0,2661.0,99,2660.0,25
rb1805,20170606,20170605,210219000,2661.0,1242,85350,33035020.0,2661.0,95,2660.0,25
rb1805,20170606,20170605,210219500,2661.0,1250,85350,33247900.0,2661.0,91,2660.0,25
rb1805,20170606,20170605,210220000,2660.0,1260,85352,33513980.0,2661.0,88,2660.0,40
rb1805,20170606,20170605,210220500,2661.0,1270,85350,33780080.0,2661.0,83,2660.0,40
rb1805,20170606,20170605,210221000,2661.0,1278,85346,33992960.0,2661.0,79,2660.0,40
rb1805,20170606,20170605,210221500,2661.0,1278,85346,33992960.0,2661.0,79,2660.0,40
rb1805,20170606,20170605,210222000,2661.0,1278,85346,33992960.0,2661.0,79,2660.0,39
rb1805,20170606,20170605,210222500,2661.0,1278,85346,33992960.0,2661.0,79,2660.0,39
rb1805,20170606,20170605,210223000,2660.0,1298,85366,34524960.0,2661.0,79,2660.0,29
rb1805,20170606,20170605,210224000,2660.0,1298,85366,34524960.0,2661.0,79,2660.0,29
rb1805,20170606,20170605,210225500,2660.0,1298,85366,34524960.0,2661.0,79,2660.0,30
rb1805,20170606,20170605,210226000,2660.0,1298,85366,34524960.0,2661.0,79,2660.0,25
rb1805,20170606,20170605,210226500,2660.0,1298,85366,34524960.0,2661.0,79,2660.0,25
rb1805,20170606,20170605,210227500,2660.0,1298,85366,34524960.0,2661.0,79,2660.0,26
rb1805,20170606,20170605,210228000,2660.0,1298,85366,34524960.0,2661.0,79,2660.0,26
rb1805,20170606,20170605,210228500,2660.0,1298,85366,34524960.0,2661.0,79,2660.0,26
rb1805,20170606,20170605,210229500,2661.0,1308,85366,34791060.0,2661.0,74,2660.0,29
rb1805,20170606,20170605,210230000,2661.0,1308,85366,34791060.0,2661.0,75,2660.0,29
rb1805,20170606,20170605,210230500,2661.0,1308,85366,34791060.0,2661.0,75,2660.0,29
rb1805,20170606,20170605,210231500,2661.0,1312,85366,34897500.0,2661.0,73,2660.0,29
rb1805,20170606,20170605,210232500,2661.0,1312,85366,34897500.0,2661.0,61,2660.0,29
rb1805,20170606,20170605,210233000,2661.0,1322,85366,35163600.0,2661.0,58,2660.0,29
rb1805,20170606,20170605,210233500,2661.0,1322,85366,35163600.0,2661.0,58,2660.0,29
rb1805,20170606,20170605,210234500,2661.0,1322,85366,35163600.0,2661.0,58,2660.0,30
rb1805,20170606,20170605,210236000,2661.0,1324,85366,35216820.0,2661.0,68,2660.0,30
rb1805,20170606,20170605,210236500,2661.0,1326,85366,35270040.0,2661.0,56,2660.0,30
rb1805,20170606,20170605,210237000,2661.0,1328,85366,35323260.0,2661.0,55,2660.0,30
rb1805,20170606,20170605,210238000,2661.0,1338,85366,35589360.0,2661.0,50,2660.0,30
rb1805,20170606,20170605,210239000,2661.0,1338,85366,35589360.0,2661.0,50,2660.0,30
rb1805,20170606,20170605,210239500,2660.0,1340,85368,35642560.0,2661.0,50,2660.0,29
rb1805,20170606,20170605,210240000,2660.0,1340,85368,35642560.0,2661.0,50,2660.0,29
rb1805,20170606,20170605,210240500,2661.0,1342,85368,35695780.0,2661.0,49,2660.0,34
rb1805,20170606,20170605,210241500,2661.0,1342,85368,35695780.0,2661.0,49,2660.0,34
rb1805,20170606,20170605,210243000,2661.0,1342,85368,35695780.0,2661.0,49,2660.0,34
rb1805,20170606,20170605,210243500,2661.0,1342,85368,35695780.0,2661.0,49,2660.0,39
rb1805,20170606,20170605,210244500,2661.0,1342,85368,35695780.0,2661.0,49,2660.0,39
rb1805,20170606,20170605,210245000,2661.0,1342,85368,35695780.0,2661.0,49,2660.0,34
rb1805,20170606,20170605,210245500,2661.0,1346,85368,35802220.0,2661.0,47,2660.0,34
rb1805,20170606,20170605,210246000,2661.0,1346,85368,35802220.0,2661.0,57,2660.0,34
rb1805,20170606,20170605,210246500,2661.0,1350,85368,35908660.0,2661.0,56,2660.0,34
rb1805,20170606,20170605,210247000,2660.0,1362,85368,36227860.0,2661.0,55,2660.0,28
rb1805,20170606,20170605,210247500,2661.0,1364,85368,36281080.0,2661.0,44,2660.0,28
rb1805,20170606,20170605,210249000,2661.0,1366,85368,36334300.0,2661.0,43,2660.0,33
rb1805,20170606,20170605,210249500,2661.0,1366,85368,36334300.0,2661.0,42,2660.0,33
rb1805,20170606,20170605,210250000,2661.0,1366,85368,36334300.0,2661.0,42,2660.0,28
rb1805,20170606,20170605,210250500,2661.0,1406,85328,37398700.0,2661.0,22,2660.0,28
rb1805,20170606,20170605,210251000,2661.0,1446,85288,38463100.0,2661.0,2,2660.0,29
rb1805,20170606,20170605,210251500,2661.0,1446,85288,38463100.0,2661.0,2,2660.0,29
rb1805,20170606,20170605,210252000,2661.0,1446,85288,38463100.0,2661.0,2,2660.0,29
rb1805,20170606,20170605,210252500,2661.0,1450,85292,38569540.0,2662.0,1,2661.0,3
rb1805,20170606,20170605,210253000,2661.0,1450,85292,38569540.0,2662.0,11,2661.0,3
rb1805,20170606,20170605,210253500,2661.0,1450,85292,38569540.0,2662.0,12,2661.0,3
rb1805,20170606,20170605,210254000,2661.0,1452,85294,38622760.0,2662.0,12,2661.0,2
rb1805,20170606,20170605,210254500,2661.0,1454,85296,38675980.0,2662.0,12,2661.0,1
rb1805,20170606,20170605,210255000,2661.0,1454,85296,38675980.0,2662.0,12,2661.0,1
rb1805,20170606,20170605,210255500,2661.0,1454,85296,38675980.0,2662.0,12,2661.0,1
rb1805,20170606,20170605,210256000,2661.0,1454,85296,38675980.0,2662.0,1,2661.0,3
rb1805,20170606,20170605,210256500,2661.0,1454,85296,38675980.0,2662.0,1,2661.0,3
rb1805,20170606,20170605,210257000,2662.0,1456,85298,38729220.0,2663.0,3,2662.0,3
rb1805,20170606,20170605,210257500,2662.0,1456,85298,38729220.0,2663.0,13,2662.0,3
rb1805,20170606,20170605,210258000,2662.0,1456,85298,38729220.0,2663.0,18,2662.0,13
rb1805,20170606,20170605,210259500,2662.0,1456,85298,38729220.0,2663.0,13,2662.0,13
rb1805,20170606,20170605,210300000,2662.0,1456,85298,38729220.0,2663.0,14,2662.0,13
rb1805,20170606,20170605,210300500,2662.0,1456,85298,38729220.0,2663.0,15,2662.0,13
rb1805,20170606,20170605,210301000,2662.0,1456,85298,38729220.0,2663.0,14,2662.0,13
rb1805,20170606,20170605,210301500,2663.0,1458,85298,38782480.0,2663.0,13,2662.0,12
rb1805,20170606,20170605,210302000,2663.0,1458,85298,38782480.0,2663.0,13,2662.0,12
rb1805,20170606,20170605,210302500,2663.0,1458,85298,38782480.0,2663.0,13,2662.0,12
rb1805,20170606,20170605,210303000,2663.0,1458,85298,38782480.0,2663.0,13,2662.0,17
rb1805,20170606,20170605,210303500,2663.0,1458,85298,38782480.0,2663.0,2,2662.0,17
rb1805,20170606,20170605,210304000,2663.0,1458,85298,38782480.0,2663.0,2,2662.0,17
rb1805,20170606,20170605,210304500,2663.0,1460,85298,38835740.0,2663.0,1,2662.0,17
rb1805,20170606,20170605,210305000,2663.0,1464,85298,38942260.0,2664.0,3,2662.0,17
rb1805,20170606,20170605,210305500,2663.0,1464,85298,38942260.0,2664.0,13,2662.0,17
rb1805,20170606,20170605,210306000,2663.0,1464,85298,38942260.0,2664.0,13,2662.0,17
rb1805,20170606,20170605,210306500,2663.0,1464,85298,38942260.0,2664.0,14,2662.0,17
rb1805,20170606,20170605,210307000,2663.0,1464,85298,38942260.0,2664.0,14,2662.0,18
rb1805,20170606,20170605,210307500,2663.0,1464,85298,38942260.0,2664.0,14,2662.0,18
rb1805,20170606,20170605,210308000,2663.0,1464,85298,38942260.0,2664.0,3,2662.0,18
rb1805,20170606,20170605,210308500,2663.0,1464,85298,38942260.0,2664.0,9,2662.0,13
rb1805,20170606,20170605,210309000,2663.0,1464,85298,38942260.0,2664.0,19,2662.0,13
rb1805,20170606,20170605,210309500,2664.0,1466,85298,38995540.0,2664.0,18,2662.0,13
rb1805,20170606,20170605,210310000,2664.0,1466,85298,38995540.0,2664.0,19,2662.0,13
rb1805,20170606,20170605,210310500,2664.0,1466,85298,38995540.0,2664.0,19,2662.0,13
rb1805,20170606,20170605,210311000,2664.0,1466,85298,38995540.0,2664.0,20,2662.0,13
rb1805,20170606,20170605,210311500,2664.0,1466,85298,38995540.0,2664.0,10,2662.0,13
rb1805,20170606,20170605,210312000,2664.0,1466,85298,38995540.0,2664.0,19,2662.0,13
rb1805,20170606,20170605,210312500,2664.0,1466,85298,38995540.0,2664.0,19,2662.0,14
rb1805,20170606,20170605,210314000,2664.0,1466,85298,38995540.0,2664.0,14,2663.0,1
rb1805,20170606,20170605,210314500,2664.0,1486,85314,39528340.0,2664.0,4,2663.0,1
rb1805,20170606,20170605,210315000,2664.0,1486,85314,39528340.0,2665.0,4,2663.0,1
rb1805,20170606,20170605,210315500,2664.0,1488,85316,39581620.0,2665.0,14,2664.0,4
rb1805,20170606,20170605,210316000,2664.0,1496,85316,39794740.0,2664.0,8,2663.0,1
rb1805,20170606,20170605,210316500,2664.0,1496,85316,39794740.0,2665.0,14,2663.0,1
rb1805,20170606,20170605,210317000,2664.0,1496,85316,39794740.0,2665.0,14,2663.0,1
rb1805,20170606,20170605,210317500,2664.0,1496,85316,39794740.0,2665.0,15,2663.0,6
rb1805,20170606,20170605,210318000,2664.0,1496,85316,39794740.0,2665.0,22,2663.0,6
rb1805,20170606,20170605,210318500,2664.0,1496,85316,39794740.0,2665.0,22,2663.0,16
rb1805,20170606,20170605,210319000,2664.0,1496,85316,39794740.0,2665.0,17,2663.0,16
rb1805,20170606,20170605,210319500,2664.0,1496,85316,39794740.0,2665.0,17,2663.0,16
rb1805,20170606,20170605,210320000,2665.0,1516,85328,40327740.0,2665.0,12,2664.0,1
rb1805,20170606,20170605,210320500,2664.0,1518,85330,40381020.0,2664.0,4,2663.0,11
rb1805,20170606,20170605,210321000,2664.0,1518,85330,40381020.0,2664.0,12,2663.0,11
rb1805,20170606,20170605,210322000,2664.0,1518,85330,40381020.0,2664.0,12,2663.0,11
rb1805,20170606,20170605,210322500,2664.0,1538,85350,40913820.0,2665.0,5,2663.0,11
rb1805,20170606,20170605,210323000,2664.0,1538,85350,40913820.0,2665.0,5,2663.0,11
rb1805,20170606,20170605,210323500,2664.0,1538,85350,40913820.0,2665.0,5,2663.0,11
rb1805,20170606,20170605,210324500,2663.0,1542,85354,41020340.0,2665.0,5,2663.0,9
rb1805,20170606,20170605,210325000,2663.0,1542,85354,41020340.0,2665.0,5,2663.0,9
rb1805,20170606,20170605,210325500,2665.0,1552,85362,41286840.0,2666.0,6,2665.0,5
rb1805,20170606,20170605,210326000,2665.0,1568,85378,41713240.0,2665.0,10,2663.0,9
rb1805,20170606,20170605,210326500,2665.0,1568,85378,41713240.0,2665.0,10,2663.0,14
rb1805,20170606,20170605,210327000,2665.0,1568,85378,41713240.0,2665.0,10,2663.0,14
rb1805,20170606,20170605,210327500,2665.0,1568,85378,41713240.0,2666.0,6,2663.0,14
rb1805,20170606,20170605,210328000,2665.0,1568,85378,41713240.0,2666.0,6,2664.0,2
rb1805,20170606,20170605,210328500,2665.0,1568,85378,41713240.0,2666.0,10,2664.0,2
rb1805,20170606,20170605,210329000,2664.0,1590,85378,42299720.0,2667.0,27,2664.0,1
rb1805,20170606,20170605,210329500,2664.0,1590,85378,42299720.0,2666.0,11,2664.0,35
rb1805,20170606,20170605,210330000,2664.0,1590,85378,42299720.0,2666.0,11,2664.0,35
rb1805,20170606,20170605,210330500,2664.0,1590,85378,42299720.0,2666.0,11,2665.0,1
rb1805,20170606,20170605,210331500,2664.0,1590,85378,42299720.0,2666.0,11,2665.0,1
rb1805,20170606,20170605,210332000,2664.0,1590,85378,42299720.0,2666.0,14,2665.0,1
rb1805,20170606,20170605,210332500,2664.0,1590,85378,42299720.0,2666.0,2,2665.0,1
rb1805,20170606,20170605,210333000,2664.0,1590,85378,42299720.0,2666.0,3,2665.0,1
rb1805,20170606,20170605,210333500,2666.0,1592,85380,42353040.0,2666.0,2,2665.0,1
rb1805,20170606,20170605,210334000,2665.0,1594,85380,42406340.0,2666.0,2,2664.0,35
rb1805,20170606,20170605,210334500,2665.0,1594,85380,42406340.0,2666.0,2,2665.0,2
rb1805,20170606,20170605,210336000,2665.0,1594,85380,42406340.0,2666.0,2,2665.0,2
rb1805,20170606,20170605,210337000,2665.0,1598,85376,42512940.0,2666.0,1,2664.0,35
rb1805,20170606,20170605,210337500,2665.0,1598,85376,42512940.0,2666.0,1,2664.0,35
rb1805,20170606,20170605,210338500,2665.0,1598,85376,42512940.0,2666.0,1,2664.0,35
rb1805,20170606,20170605,210339000,2665.0,1600,85376,42566240.0,2666.0,1,2665.0,9
rb1805,20170606,20170605,210339500,2666.0,1602,85376,42619560.0,2667.0,29,2666.0,9
rb1805,20170606,20170605,210340500,2666.0,1628,85376,43312800.0,2666.0,1,2665.0,9
rb1805,20170606,20170605,210341000,2666.0,1628,85376,43312800.0,2666.0,2,2665.0,9
rb1805,20170606,20170605,210341500,2666.0,1628,85376,43312800.0,2666.0,2,2665.0,9
rb1805,20170606,20170605,210342000,2666.0,1628,85376,43312800.0,2666.0,2,2665.0,9
rb1805,20170606,20170605,210342500,2665.0,1646,85376,43792500.0,2665.0,1,2664.0,35
rb1805,20170606,20170605,210343000,2665.0,1648,85376,43845800.0,2666.0,4,2665.0,49
rb1805,20170606,20170605,210344000,2666.0,1652,85376,43952440.0,2666.0,2,2665.0,49
rb1805,20170606,20170605,210345000,2666.0,1652,85376,43952440.0,2666.0,2,2665.0,49
rb1805,20170606,20170605,210345500,2666.0,1652,85376,43952440.0,2666.0,3,2665.0,49
rb1805,20170606,20170605,210346000,2666.0,1652,85376,43952440.0,2666.0,3,2665.0,49
rb1805,20170606,20170605,210347500,2666.0,1652,85376,43952440.0,2666.0,3,2665.0,49
rb1805,20170606,20170605,210348000,2665.0,1660,85378,44165700.0,2667.0,26,2666.0,4
rb1805,20170606,20170605,210348500,2666.0,1676,85362,44592260.0,2666.0,1,2665.0,48
rb1805,20170606,20170605,210349000,2666.0,1676,85362,44592260.0,2666.0,1,2665.0,48
rb1805,20170606,20170605,210349500,2666.0,1676,85362,44592260.0,2666.0,1,2665.0,48
rb1805,20170606,20170605,210350000,2666.0,1676,85362,44592260.0,2666.0,3,2665.0,48
rb1805,20170606,20170605,210350500,2666.0,1676,85362,44592260.0,2666.0,4,2665.0,48
rb1805,20170606,20170605,210351000,2666.0,1676,85362,44592260.0,2666.0,4,2665.0,48
rb1805,20170606,20170605,210351500,2666.0,1676,85362,44592260.0,2666.0,5,2665.0,48
rb1805,20170606,20170605,210353000,2666.0,1676,85362,44592260.0,2666.0,5,2665.0,48
rb1805,20170606,20170605,210353500,2666.0,1676,85362,44592260.0,2666.0,5,2665.0,48
rb1805,20170606,20170605,210354000,2666.0,1686,85354,44858860.0,2667.0,25,2666.0,5
rb1805,20170606,20170605,210354500,2666.0,1702,85358,45285420.0,2666.0,5,2665.0,52
rb1805,20170606,20170605,210355000,2666.0,1704,85356,45338740.0,2667.0,35,2666.0,9
rb1805,20170606,20170605,210355500,2666.0,1704,85356,45338740.0,2667.0,35,2666.0,11
rb1805,20170606,20170605,210356000,2666.0,1712,85356,45552020.0,2667.0,35,2666.0,9
rb1805,20170606,20170605,210357000,2666.0,1712,85356,45552020.0,2667.0,38,2666.0,9
rb1805,20170606,20170605,210357500,2666.0,1712,85356,45552020.0,2667.0,38,2666.0,11
rb1805,20170606,20170605,210358500,2667.0,1714,85358,45605360.0,2667.0,25,2666.0,11
rb1805,20170606,20170605,210359000,2667.0,1714,85358,45605360.0,2667.0,24,2666.0,11
rb1805,20170606,20170605,210359500,2667.0,1716,85356,45658700.0,2667.0,33,2666.0,11
rb1805,20170606,20170605,210400000,2667.0,1716,85356,45658700.0,2667.0,33,2666.0,11
rb1805,20170606,20170605,210400500,2666.0,1718,85354,45712020.0,2667.0,33,2666.0,12
rb1805,20170606,20170605,210401000,2666.0,1720,85354,45765340.0,2667.0,33,2666.0,11
rb1805,20170606,20170605,210401500,2666.0,1720,85354,45765340.0,2667.0,33,2666.0,13
rb1805,20170606,20170605,210402000,2666.0,1720,85354,45765340.0,2667.0,33,2666.0,13
rb1805,20170606,20170605,210402500,2667.0,1730,85354,46032040.0,2667.0,28,2666.0,15
rb1805,20170606,20170605,210403000,2667.0,1730,85354,46032040.0,2667.0,30,2666.0,15
rb1805,20170606,20170605,210403500,2667.0,1730,85354,46032040.0,2667.0,30,2666.0,15
rb1805,20170606,20170605,210404000,2666.0,1732,85354,46085360.0,2667.0,30,2666.0,14
rb1805,20170606,20170605,210404500,2666.0,1740,85358,46298640.0,2667.0,35,2666.0,10
rb1805,20170606,20170605,210405000,2666.0,1742,85360,46351960.0,2667.0,35,2666.0,9
rb1805,20170606,20170605,210405500,2666.0,1744,85360,46405280.0,2667.0,36,2666.0,8
rb1805,20170606,20170605,210406000,2666.0,1754,85370,46671880.0,2667.0,36,2666.0,3
rb1805,20170606,20170605,210406500,2666.0,1760,85376,46831840.0,2666.0,1,2665.0,48
rb1805,20170606,20170605,210407000,2666.0,1760,85376,46831840.0,2666.0,1,2665.0,48
rb1805,20170606,20170605,210407500,2665.0,1780,85396,47364840.0,2666.0,1,2665.0,38
rb1805,20170606,20170605,210408000,2665.0,1800,85416,47897840.0,2666.0,1,2665.0,28
rb1805,20170606,20170605,210408500,2665.0,1800,85416,47897840.0,2667.0,31,2665.0,28
rb1805,20170606,20170605,210409000,2665.0,1800,85416,47897840.0,2666.0,2,2665.0,28
rb1805,20170606,20170605,210409500,2665.0,1800,85416,47897840.0,2666.0,2,2665.0,29
rb1805,20170606,20170605,210410500,2665.0,1800,85416,47897840.0,2666.0,2,2665.0,29
rb1805,20170606,20170605,210412000,2665.0,1800,85416,47897840.0,2666.0,12,2665.0,29
rb1805,20170606,20170605,210412500,2665.0,1800,85416,47897840.0,2666.0,13,2665.0,31
rb1805,20170606,20170605,210413000,2665.0,1800,85416,47897840.0,2666.0,18,2665.0,31
rb1805,20170606,20170605,210413500,2665.0,1800,85416,47897840.0,2666.0,15,2665.0,31
rb1805,20170606,20170605,210414000,2666.0,1802,85418,47951160.0,2666.0,15,2665.0,31
rb1805,20170606,20170605,210415000,2666.0,1802,85418,47951160.0,2666.0,16,2665.0,32
rb1805,20170606,20170605,210415500,2666.0,1802,85418,47951160.0,2666.0,20,2665.0,32
rb1805,20170606,20170605,210416000,2666.0,1802,85418,47951160.0,2666.0,20,2665.0,32
rb1805,20170606,20170605,210416500,2665.0,1808,85420,48111080.0,2666.0,19,2665.0,30
rb1805,20170606,20170605,210417000,2665.0,1808,85420,48111080.0,2666.0,21,2665.0,30
rb1805,20170606,20170605,210418000,2665.0,1808,85420,48111080.0,2666.0,21,2665.0,30
rb1805,20170606,20170605,210418500,2666.0,1810,85422,48164400.0,2666.0,15,2665.0,30
rb1805,20170606,20170605,210419000,2666.0,1810,85422,48164400.0,2666.0,16,2665.0,30
rb1805,20170606,20170605,210419500,2665.0,1850,85462,49230400.0,2666.0,15,2665.0,10
rb1805,20170606,20170605,210420500,2666.0,1860,85472,49497000.0,2666.0,11,2665.0,10
rb1805,20170606,20170605,210421000,2665.0,1868,85480,49710200.0,2666.0,11,2665.0,6
rb1805,20170606,20170605,210422500,2665.0,1868,85480,49710200.0,2666.0,11,2665.0,6
rb1805,20170606,20170605,210423000,2665.0,1880,85492,50030000.0,2666.0,11,2665.0,5
rb1805,20170606,20170605,210423500,2665.0,1880,85492,50030000.0,2666.0,5,2665.0,5
rb1805,20170606,20170605,210424000,2665.0,1880,85492,50030000.0,2666.0,5,2665.0,6
rb1805,20170606,20170605,210424500,2665.0,1880,85492,50030000.0,2666.0,5,2665.0,6
rb1805,20170606,20170605,210425000,2666.0,1890,85484,50296600.0,2667.0,17,2666.0,5
rb1805,20170606,20170605,210425500,2666.0,1890,85484,50296600.0,2667.0,22,2666.0,5
rb1805,20170606,20170605,210426000,2666.0,1890,85484,50296600.0,2667.0,22,2666.0,5
rb1805,20170606,20170605,210427000,2666.0,1890,85484,50296600.0,2667.0,22,2666.0,5
rb1805,20170606,20170605,210427500,2666.0,1890,85484,50296600.0,2667.0,24,2666.0,6
rb1805,20170606,20170605,210428000,2666.0,1890,85484,50296600.0,2667.0,24,2666.0,6
rb1805,20170606,20170605,210428500,2666.0,1890,85484,50296600.0,2667.0,24,2666.0,6
rb1805,20170606,20170605,210429000,2666.0,1892,85482,50349920.0,2667.0,24,2666.0,5
rb1805,20170606,20170605,210430000,2667.0,1910,85482,50829980.0,2667.0,8,2666.0,5
rb1805,20170606,20170605,210430500,2667.0,1910,85482,50829980.0,2667.0,8,2666.0,5
rb1805,20170606,20170605,210431000,2667.0,1918,85482,51043340.0,2667.0,4,2666.0,5
rb1805,20170606,20170605,210431500,2667.0,1918,85482,51043340.0,2667.0,4,2666.0,6
rb1805,20170606,20170605,210432000,2666.0,1920,85480,51096660.0,2667.0,4,2666.0,5
rb1805,20170606,20170605,210432500,2667.0,1926,85476,51256680.0,2667.0,1,2666.0,10
rb1805,20170606,20170605,210433000,2667.0,1928,85478,51310020.0,2668.0,7,2667.0,2
rb1805,20170606,20170605,210433500,2667.0,1928,85478,51310020.0,2668.0,12,2666.0,11
rb1805,20170606,20170605,210434000,2667.0,1928,85478,51310020.0,2668.0,14,2666.0,10
rb1805,20170606,20170605,210435000,2667.0,1928,85478,51310020.0,2668.0,7,2666.0,10
rb1805,20170606,20170605,210435500,2667.0,1928,85478,51310020.0,2668.0,7,2667.0,2
rb1805,20170606,20170605,210436000,2667.0,1928,85478,51310020.0,2668.0,7,2667.0,2
rb1805,20170606,20170605,210437000,2667.0,1928,85478,51310020.0,2668.0,7,2667.0,2
rb1805,20170606,20170605,210439000,2667.0,1930,85476,51363360.0,2668.0,8,2667.0,1
rb1805,20170606,20170605,210440500,2667.0,1930,85476,51363360.0,2668.0,8,2667.0,1
rb1805,20170606,20170605,210442000,2667.0,1930,85476,51363360.0,2668.0,8,2667.0,1
rb1805,20170606,20170605,210442500,2668.0,1940,85476,51630160.0,2668.0,3,2667.0,1
rb1805,20170606,20170605,210443500,2668.0,1940,85476,51630160.0,2668.0,3,2667.0,1
rb1805,20170606,20170605,210444000,2668.0,1940,85476,51630160.0,2668.0,3,2667.0,2
rb1805,20170606,20170605,210444500,2667.0,1942,85474,51683500.0,2668.0,3,2667.0,1
rb1805,20170606,20170605,210445000,2668.0,1948,85478,51843580.0,2669.0,10,2668.0,2
rb1805,20170606,20170605,210445500,2668.0,1948,85478,51843580.0,2669.0,15,2668.0,2
rb1805,20170606,20170605,210446000,2668.0,1948,85478,51843580.0,2669.0,18,2668.0,2
rb1805,20170606,20170605,210446500,2668.0,1950,85478,51896940.0,2669.0,18,2668.0,2
rb1805,20170606,20170605,210447000,2668.0,1954,85480,52003660.0,2669.0,18,2668.0,1
rb1805,20170606,20170605,210447500,2668.0,1956,85482,52057020.0,2669.0,24,2666.0,10
rb1805,20170606,20170605,210448000,2669.0,1966,85486,52323880.0,2669.0,20,2666.0,10
rb1805,20170606,20170605,210448500,2669.0,1968,85486,52377260.0,2669.0,19,2666.0,10
rb1805,20170606,20170605,210449500,2669.0,1978,85486,52644160.0,2669.0,14,2666.0,10
rb1805,20170606,20170605,210450000,2669.0,1978,85486,52644160.0,2669.0,14,2666.0,10
rb1805,20170606,20170605,210450500,2669.0,1988,85496,52911060.0,2669.0,9,2666.0,5
rb1805,20170606,20170605,210451000,2669.0,1988,85496,52911060.0,2668.0,1,2666.0,5
rb1805,20170606,20170605,210451500,2669.0,1988,85496,52911060.0,2668.0,1,2667.0,1
rb1805,20170606,20170605,210452000,2669.0,1988,85496,52911060.0,2668.0,1,2667.0,1
rb1805,20170606,20170605,210452500,2667.0,1990,85498,52964400.0,2669.0,13,2668.0,5
rb1805,20170606,20170605,210453000,2668.0,2000,85508,53231200.0,2668.0,1,2666.0,11
rb1805,20170606,20170605,210453500,2668.0,2008,85510,53444600.0,2669.0,13,2668.0,2
rb1805,20170606,20170605,210454000,2668.0,2012,85514,53551320.0,2669.0,14,2666.0,10
rb1805,20170606,20170605,210454500,2669.0,2016,85518,53658080.0,2669.0,12,2666.0,10
rb1805,20170606,20170605,210455000,2669.0,2016,85518,53658080.0,2669.0,14,2666.0,10
rb1805,20170606,20170605,210456000,2669.0,2016,85518,53658080.0,2669.0,14,2667.0,1
rb1805,20170606,20170605,210456500,2669.0,2016,85518,53658080.0,2669.0,19,2667.0,1
rb1805,20170606,20170605,210457000,2668.0,2020,85522,53764780.0,2669.0,20,2666.0,5
rb1805,20170606,20170605,210457500,2668.0,2020,85522,53764780.0,2669.0,18,2667.0,2
rb1805,20170606,20170605,210458000,2668.0,2020,85522,53764780.0,2669.0,18,2667.0,2
rb1805,20170606,20170605,210458500,2668.0,2020,85522,53764780.0,2668.0,1,2667.0,2
rb1805,20170606,20170605,210500000,2667.0,2022,85522,53818120.0,2668.0,1,2667.0,1
rb1805,20170606,20170605,210500500,2667.0,2024,85522,53871460.0,2667.0,1,2666.0,10
rb1805,20170606,20170605,210501000,2667.0,2026,85520,53924800.0,2668.0,1,2667.0,1
rb1805,20170606,20170605,210501500,2667.0,2028,85522,53978140.0,2668.0,11,2666.0,10
rb1805,20170606,20170605,210502000,2668.0,2030,85522,54031500.0,2669.0,6,2666.0,20
rb1805,20170606,20170605,210502500,2668.0,2030,85522,54031500.0,2669.0,16,2666.0,20
rb1805,20170606,20170605,210503000,2668.0,2030,85522,54031500.0,2669.0,16,2666.0,20
rb1805,20170606,20170605,210504500,2668.0,2030,85522,54031500.0,2669.0,16,2666.0,20
rb1805,20170606,20170605,210505500,2668.0,2030,85522,54031500.0,2668.0,1,2666.0,20
rb1805,20170606,20170605,210506000,2668.0,2030,85522,54031500.0,2668.0,6,2666.0,20
rb1805,20170606,20170605,210506500,2666.0,2034,85522,54138140.0,2668.0,6,2667.0,1
rb1805,20170606,20170605,210508000,2666.0,2034,85522,54138140.0,2668.0,6,2667.0,1
rb1805,20170606,20170605,210508500,2667.0,2036,85524,54191480.0,2667.0,1,2666.0,18
rb1805,20170606,20170605,210509000,2667.0,2036,85524,54191480.0,2668.0,16,2666.0,13
rb1805,20170606,20170605,210509500,2668.0,2038,85524,54244840.0,2668.0,15,2666.0,13
rb1805,20170606,20170605,210510000,2668.0,2038,85524,54244840.0,2668.0,16,2667.0,2
rb1805,20170606,20170605,210510500,2667.0,2042,85528,54351520.0,2667.0,1,2666.0,13
rb1805,20170606,20170605,210511000,2667.0,2042,85528,54351520.0,2668.0,16,2666.0,13
rb1805,20170606,20170605,210512000,2667.0,2042,85528,54351520.0,2668.0,16,2666.0,13
rb1805,20170606,20170605,210512500,2667.0,2042,85528,54351520.0,2668.0,16,2666.0,13
rb1805,20170606,20170605,210513000,2667.0,2042,85528,54351520.0,2668.0,16,2666.0,13
rb1805,20170606,20170605,210513500,2668.0,2044,85530,54404880.0,2668.0,17,2666.0,13
rb1805,20170606,20170605,210514500,2668.0,2044,85530,54404880.0,2668.0,17,2666.0,13
rb1805,20170606,20170605,210515000,2668.0,2044,85530,54404880.0,2668.0,17,2666.0,14
rb1805,20170606,20170605,210516000,2668.0,2044,85530,54404880.0,2668.0,17,2666.0,14
rb1805,20170606,20170605,210516500,2668.0,2078,85558,55312000.0,2669.0,6,2668.0,23
rb1805,20170606,20170605,210517000,2668.0,2124,85604,56539280.0,2669.0,7,2666.0,19
rb1805,20170606,20170605,210517500,2668.0,2124,85604,56539280.0,2669.0,6,2666.0,19
rb1805,20170606,20170605,210518000,2668.0,2124,85604,56539280.0,2669.0,6,2666.0,20
rb1805,20170606,20170605,210518500,2668.0,2124,85604,56539280.0,2669.0,6,2666.0,20
rb1805,20170606,20170605,210519000,2668.0,2124,85604,56539280.0,2669.0,6,2666.0,19
rb1805,20170606,20170605,210519500,2668.0,2124,85604,56539280.0,2669.0,16,2666.0,19
rb1805,20170606,20170605,210520000,2668.0,2124,85604,56539280.0,2668.0,2,2666.0,19
rb1805,20170606,20170605,210521000,2668.0,2124,85604,56539280.0,2668.0,2,2666.0,19
rb1805,20170606,20170605,210521500,2668.0,2124,85604,56539280.0,2668.0,2,2666.0,19
rb1805,20170606,20170605,210522500,2668.0,2124,85604,56539280.0,2668.0,2,2666.0,19
rb1805,20170606,20170605,210523500,2668.0,2124,85604,56539280.0,2668.0,2,2667.0,51
rb1805,20170606,20170605,210524000,2668.0,2124,85604,56539280.0,2668.0,2,2667.0,51
rb1805,20170606,20170605,210525000,2668.0,2124,85604,56539280.0,2668.0,2,2667.0,51
rb1805,20170606,20170605,210525500,2668.0,2124,85604,56539280.0,2668.0,2,2667.0,51
rb1805,20170606,20170605,210529000,2668.0,2124,85604,56539280.0,2668.0,2,2667.0,51
rb1805,20170606,20170605,210529500,2668.0,2124,85604,56539280.0,2668.0,2,2667.0,51
rb1805,20170606,20170605,210530500,2668.0,2124,85604,56539280.0,2668.0,2,2667.0,51
rb1805,20170606,20170605,210531500,2668.0,2124,85604,56539280.0,2668.0,2,2667.0,51
rb1805,20170606,20170605,210532000,2667.0,2144,85604,57072680.0,2668.0,2,2667.0,41
rb1805,20170606,20170605,210532500,2667.0,2146,85604,57126020.0,2668.0,2,2667.0,40
rb1805,20170606,20170605,210533000,2667.0,2146,85604,57126020.0,2668.0,2,2667.0,40
rb1805,20170606,20170605,210534000,2667.0,2146,85604,57126020.0,2668.0,12,2667.0,40
rb1805,20170606,20170605,210534500,2668.0,2172,85602,57819600.0,2668.0,4,2667.0,35
rb1805,20170606,20170605,210535000,2668.0,2172,85602,57819600.0,2668.0,5,2667.0,35
rb1805,20170606,20170605,210535500,2668.0,2172,85602,57819600.0,2668.0,4,2667.0,35
rb1805,20170606,20170605,210536000,2667.0,2178,85596,57979620.0,2668.0,4,2667.0,33
rb1805,20170606,20170605,210536500,2667.0,2178,85596,57979620.0,2668.0,5,2667.0,33
rb1805,20170606,20170605,210537000,2667.0,2178,85596,57979620.0,2668.0,6,2667.0,33
rb1805,20170606,20170605,210537500,2667.0,2178,85596,57979620.0,2668.0,6,2667.0,33
rb1805,20170606,20170605,210538000,2667.0,2180,85594,58032960.0,2668.0,6,2667.0,32
rb1805,20170606,20170605,210539000,2667.0,2180,85594,58032960.0,2668.0,6,2667.0,32
rb1805,20170606,20170605,210539500,2668.0,2194,85588,58406480.0,2669.0,7,2668.0,4
rb1805,20170606,20170605,210540000,2668.0,2194,85588,58406480.0,2669.0,8,2668.0,4
rb1805,20170606,20170605,210541000,2668.0,2194,85588,58406480.0,2669.0,8,2668.0,4
rb1805,20170606,20170605,210541500,2668.0,2202,85590,58619920.0,2668.0,6,2667.0,37
rb1805,20170606,20170605,210542000,2669.0,2230,85590,59367100.0,2670.0,4,2669.0,3
rb1805,20170606,20170605,210542500,2669.0,2236,85590,59527240.0,2668.0,1,2667.0,37
rb1805,20170606,20170605,210543000,2669.0,2240,85590,59634000.0,2670.0,5,2669.0,8
rb1805,20170606,20170605,210543500,2669.0,2256,85590,60061040.0,2668.0,1,2667.0,32
rb1805,20170606,20170605,210544000,2669.0,2256,85590,60061040.0,2670.0,6,2667.0,32
rb1805,20170606,20170605,210544500,2669.0,2256,85590,60061040.0,2670.0,12,2667.0,37
rb1805,20170606,20170605,210545500,2669.0,2256,85590,60061040.0,2670.0,12,2669.0,10
rb1805,20170606,20170605,210546000,2669.0,2278,85590,60648220.0,2670.0,7,2669.0,9
rb1805,20170606,20170605,210546500,2670.0,2282,85590,60755020.0,2670.0,4,2669.0,19
rb1805,20170606,20170605,210547000,2669.0,2302,85590,61288820.0,2670.0,4,2669.0,9
rb1805,20170606,20170605,210547500,2669.0,2302,85590,61288820.0,2670.0,2,2669.0,19
rb1805,20170606,20170605,210548000,2669.0,2322,85590,61822620.0,2670.0,2,2669.0,9
rb1805,20170606,20170605,210548500,2669.0,2324,85588,61876000.0,2670.0,2,2669.0,8
rb1805,20170606,20170605,210549000,2669.0,2324,85588,61876000.0,2670.0,2,2669.0,8
rb1805,20170606,20170605,210550000,2669.0,2324,85588,61876000.0,2670.0,2,2669.0,8
rb1805,20170606,20170605,210551000,2669.0,2324,85588,61876000.0,2670.0,4,2669.0,8
rb1805,20170606,20170605,210552500,2669.0,2330,85588,62036140.0,2670.0,4,2669.0,5
rb1805,20170606,20170605,210553500,2669.0,2330,85588,62036140.0,2670.0,4,2669.0,6
rb1805,20170606,20170605,210554000,2669.0,2332,85586,62089520.0,2670.0,5,2669.0,5
rb1805,20170606,20170605,210554500,2669.0,2332,85586,62089520.0,2670.0,5,2669.0,5
rb1805,20170606,20170605,210555000,2669.0,2332,85586,62089520.0,2670.0,5,2669.0,5
rb1805,20170606,20170605,210555500,2669.0,2332,85586,62089520.0,2670.0,7,2669.0,5
rb1805,20170606,20170605,210556000,2669.0,2342,85588,62356420.0,2669.0,5,2667.0,38
rb1805,20170606,20170605,210556500,2669.0,2342,85588,62356420.0,2669.0,5,2667.0,38
rb1805,20170606,20170605,210558500,2669.0,2348,85588,62516560.0,2669.0,2,2667.0,38
rb1805,20170606,20170605,210559000,2669.0,2348,85588,62516560.0,2669.0,4,2667.0,38
rb1805,20170606,20170605,210600000,2669.0,2348,85588,62516560.0,2669.0,4,2667.0,38
rb1805,20170606,20170605,210600500,2667.0,2354,85588,62676580.0,2669.0,4,2667.0,35
rb1805,20170606,20170605,210601000,2667.0,2354,85588,62676580.0,2668.0,1,2667.0,35
rb1805,20170606,20170605,210601500,2667.0,2354,85588,62676580.0,2668.0,1,2667.0,35
rb1805,20170606,20170605,210602000,2668.0,2356,85586,62729940.0,2669.0,4,2668.0,4
rb1805,20170606,20170605,210602500,2668.0,2356,85586,62729940.0,2669.0,4,2668.0,2
rb1805,20170606,20170605,210603000,2668.0,2356,85586,62729940.0,2669.0,4,2667.0,36
rb1805,20170606,20170605,210603500,2668.0,2356,85586,62729940.0,2669.0,4,2668.0,5
rb1805,20170606,20170605,210605000,2668.0,2362,85592,62890020.0,2669.0,4,2668.0,2
rb1805,20170606,20170605,210605500,2668.0,2362,85592,62890020.0,2669.0,4,2667.0,35
rb1805,20170606,20170605,210606500,2668.0,2362,85592,62890020.0,2669.0,4,2667.0,34
rb1805,20170606,20170605,210607000,2668.0,2362,85592,62890020.0,2669.0,4,2667.0,34
rb1805,20170606,20170605,210609000,2668.0,2362,85592,62890020.0,2668.0,1,2667.0,29
rb1805,20170606,20170605,210609500,2668.0,2362,85592,62890020.0,2668.0,1,2667.0,29
rb1805,20170606,20170605,210610500,2668.0,2364,85592,62943380.0,2669.0,9,2668.0,29
rb1805,20170606,20170605,210612000,2668.0,2364,85592,62943380.0,2669.0,4,2668.0,29
rb1805,20170606,20170605,210612500,2668.0,2364,85592,62943380.0,2669.0,2,2668.0,30
rb1805,20170606,20170605,210613000,2668.0,2374,85592,63210180.0,2669.0,3,2668.0,25
rb1805,20170606,20170605,210613500,2668.0,2376,85590,63263540.0,2669.0,3,2668.0,24
rb1805,20170606,20170605,210614000,2668.0,2376,85590,63263540.0,2669.0,3,2668.0,24
rb1805,20170606,20170605,210614500,2670.0,2394,85596,63744080.0,2671.0,12,2670.0,29
rb1805,20170606,20170605,210615000,2670.0,2452,85654,65292680.0,2669.0,3,2668.0,24
rb1805,20170606,20170605,210615500,2668.0,2462,85654,65559480.0,2670.0,1,2668.0,19
rb1805,20170606,20170605,210616000,2668.0,2462,85654,65559480.0,2670.0,1,2668.0,19
rb1805,20170606,20170605,210616500,2668.0,2462,85654,65559480.0,2670.0,2,2668.0,19
rb1805,20170606,20170605,210617000,2668.0,2462,85654,65559480.0,2670.0,2,2668.0,20
rb1805,20170606,20170605,210618500,2668.0,2462,85654,65559480.0,2669.0,1,2668.0,20
rb1805,20170606,20170605,210619000,2668.0,2462,85654,65559480.0,2669.0,2,2668.0,20
rb1805,20170606,20170605,210619500,2668.0,2468,85654,65719560.0,2669.0,2,2668.0,17
rb1805,20170606,20170605,210620000,2668.0,2468,85654,65719560.0,2669.0,2,2668.0,17
rb1805,20170606,20170605,210620500,2668.0,2468,85654,65719560.0,2670.0,1,2668.0,17
rb1805,20170606,20170605,210621000,2668.0,2468,85654,65719560.0,2669.0,1,2668.0,17
rb1805,20170606,20170605,210621500,2668.0,2468,85654,65719560.0,2669.0,2,2668.0,17
rb1805,20170606,20170605,210622000,2668.0,2468,85654,65719560.0,2669.0,2,2668.0,17
rb1805,20170606,20170605,210623000,2668.0,2468,85654,65719560.0,2669.0,2,2668.0,17
rb1805,20170606,20170605,210624000,2668.0,2468,85654,65719560.0,2669.0,4,2668.0,17
rb1805,20170606,20170605,210624500,2668.0,2468,85654,65719560.0,2669.0,2,2668.0,17
rb1805,20170606,20170605,210625000,2669.0,2472,85654,65826320.0,2670.0,5,2668.0,17
rb1805,20170606,20170605,210625500,2669.0,2472,85654,65826320.0,2670.0,6,2668.0,17
rb1805,20170606,20170605,210626000,2668.0,2476,85654,65933040.0,2670.0,5,2668.0,15
rb1805,20170606,20170605,210626500,2668.0,2476,85654,65933040.0,2670.0,5,2668.0,15
rb1805,20170606,20170605,210627000,2668.0,2476,85654,65933040.0,2670.0,5,2668.0,15
rb1805,20170606,20170605,210628000,2668.0,2476,85654,65933040.0,2670.0,5,2668.0,15
rb1805,20170606,20170605,210628500,2668.0,2476,85654,65933040.0,2670.0,10,2668.0,15
rb1805,20170606,20170605,210629500,2668.0,2476,85654,65933040.0,2670.0,12,2668.0,15
rb1805,20170606,20170605,210630500,2668.0,2476,85654,65933040.0,2670.0,12,2668.0,15
rb1805,20170606,20170605,210631000,2668.0,2476,85654,65933040.0,2670.0,12,2668.0,15
rb1805,20170606,20170605,210631500,2668.0,2476,85654,65933040.0,2670.0,12,2668.0,17
rb1805,20170606,20170605,210632000,2668.0,2476,85654,65933040.0,2670.0,10,2668.0,17
rb1805,20170606,20170605,210632500,2668.0,2476,85654,65933040.0,2670.0,5,2668.0,17
rb1805,20170606,20170605,210633000,2668.0,2476,85654,65933040.0,2670.0,5,2668.0,17
rb1805,20170606,20170605,210634500,2668.0,2476,85654,65933040.0,2670.0,6,2668.0,17
rb1805,20170606,20170605,210635000,2668.0,2476,85654,65933040.0,2670.0,9,2668.0,17
rb1805,20170606,20170605,210635500,2668.0,2476,85654,65933040.0,2670.0,9,2668.0,27
rb1805,20170606,20170605,210636000,2668.0,2476,85654,65933040.0,2670.0,14,2668.0,25
rb1805,20170606,20170605,210637000,2668.0,2476,85654,65933040.0,2670.0,19,2668.0,25
rb1805,20170606,20170605,210637500,2668.0,2476,85654,65933040.0,2670.0,19,2669.0,10
rb1805,20170606,20170605,210638500,2670.0,2482,85648,66093240.0,2670.0,11,2669.0,10
rb1805,20170606,20170605,210639500,2669.0,2488,85648,66253380.0,2670.0,11,2669.0,7
rb1805,20170606,20170605,210640000,2669.0,2488,85648,66253380.0,2670.0,9,2669.0,7
rb1805,20170606,20170605,210641000,2669.0,2488,85648,66253380.0,2670.0,9,2669.0,7
rb1805,20170606,20170605,210641500,2669.0,2502,85648,66627040.0,2669.0,13,2668.0,40
rb1805,20170606,20170605,210642000,2669.0,2502,85648,66627040.0,2669.0,13,2668.0,40
rb1805,20170606,20170605,210642500,2669.0,2502,85648,66627040.0,2669.0,13,2668.0,40
rb1805,20170606,20170605,210643500,2670.0,2532,85674,67427780.0,2670.0,8,2668.0,40
rb1805,20170606,20170605,210644000,2670.0,2532,85674,67427780.0,2670.0,3,2668.0,40
rb1805,20170606,20170605,210645000,2670.0,2532,85674,67427780.0,2670.0,5,2668.0,40
rb1805,20170606,20170605,210645500,2670.0,2532,85674,67427780.0,2670.0,5,2668.0,41
rb1805,20170606,20170605,210647000,2670.0,2532,85674,67427780.0,2669.0,1,2668.0,43
rb1805,20170606,20170605,210647500,2670.0,2532,85674,67427780.0,2669.0,1,2668.0,43
rb1805,20170606,20170605,210648000,2670.0,2534,85674,67481180.0,2670.0,3,2668.0,43
rb1805,20170606,20170605,210648500,2670.0,2534,85674,67481180.0,2670.0,6,2668.0,43
rb1805,20170606,20170605,210649000,2670.0,2534,85674,67481180.0,2670.0,4,2668.0,43
rb1805,20170606,20170605,210650000,2670.0,2534,85674,67481180.0,2670.0,5,2668.0,43
rb1805,20170606,20170605,210650500,2670.0,2534,85674,67481180.0,2670.0,10,2668.0,43
rb1805,20170606,20170605,210651500,2670.0,2534,85674,67481180.0,2670.0,10,2668.0,43
rb1805,20170606,20170605,210652000,2670.0,2534,85674,67481180.0,2670.0,10,2668.0,43
rb1805,20170606,20170605,210652500,2670.0,2534,85674,67481180.0,2670.0,11,2668.0,43
rb1805,20170606,20170605,210654500,2670.0,2556,85678,68068580.0,2671.0,13,2670.0,9
rb1805,20170606,20170605,210655000,2670.0,2574,85696,68549180.0,2670.0,10,2668.0,43
rb1805,20170606,20170605,210655500,2670.0,2574,85696,68549180.0,2670.0,9,2668.0,43
rb1805,20170606,20170605,210656000,2670.0,2574,85696,68549180.0,2670.0,10,2668.0,43
rb1805,20170606,20170605,210656500,2668.0,2576,85696,68602540.0,2670.0,11,2668.0,42
rb1805,20170606,20170605,210657000,2668.0,2576,85696,68602540.0,2670.0,11,2668.0,42
rb1805,20170606,20170605,210658000,2668.0,2576,85696,68602540.0,2670.0,12,2668.0,42
rb1805,20170606,20170605,210658500,2668.0,2576,85696,68602540.0,2670.0,11,2669.0,2
rb1805,20170606,20170605,210700500,2668.0,2576,85696,68602540.0,2670.0,11,2669.0,2
rb1805,20170606,20170605,210701000,2668.0,2576,85696,68602540.0,2670.0,12,2669.0,2
rb1805,20170606,20170605,210701500,2668.0,2576,85696,68602540.0,2670.0,12,2669.0,2
rb1805,20170606,20170605,210702000,2668.0,2576,85696,68602540.0,2670.0,12,2669.0,2
rb1805,20170606,20170605,210702500,2669.0,2580,85692,68709300.0,2669.0,11,2668.0,42
rb1805,20170606,20170605,210703000,2669.0,2580,85692,68709300.0,2669.0,11,2668.0,40
rb1805,20170606,20170605,210703500,2669.0,2580,85692,68709300.0,2669.0,11,2668.0,40
rb1805,20170606,20170605,210704000,2669.0,2588,85692,68922820.0,2669.0,7,2668.0,40
rb1805,20170606,20170605,210704500,2669.0,2588,85692,68922820.0,2669.0,27,2668.0,41
rb1805,20170606,20170605,210705500,2669.0,2588,85692,68922820.0,2669.0,27,2668.0,41
rb1805,20170606,20170605,210706000,2669.0,2588,85692,68922820.0,2669.0,27,2668.0,40
rb1805,20170606,20170605,210706500,2669.0,2588,85692,68922820.0,2669.0,27,2668.0,40
rb1805,20170606,20170605,210708000,2669.0,2590,85694,68976200.0,2669.0,26,2668.0,40
rb1805,20170606,20170605,210709000,2669.0,2590,85694,68976200.0,2669.0,26,2668.0,40
rb1805,20170606,20170605,210709500,2669.0,2590,85694,68976200.0,2669.0,26,2668.0,41
rb1805,20170606,20170605,210711000,2668.0,2600,85694,69243000.0,2669.0,26,2668.0,36
rb1805,20170606,20170605,210712500,2668.0,2600,85694,69243000.0,2669.0,26,2668.0,36
rb1805,20170606,20170605,210714000,2669.0,2602,85696,69296380.0,2669.0,25,2668.0,36
rb1805,20170606,20170605,210714500,2669.0,2602,85696,69296380.0,2669.0,26,2668.0,37
rb1805,20170606,20170605,210715500,2669.0,2602,85696,69296380.0,2669.0,25,2668.0,38
rb1805,20170606,20170605,210716000,2669.0,2602,85696,69296380.0,2669.0,25,2668.0,40
rb1805,20170606,20170605,210716500,2669.0,2602,85696,69296380.0,2669.0,25,2668.0,40
rb1805,20170606,20170605,210717000,2669.0,2602,85696,69296380.0,2669.0,20,2668.0,40
rb1805,20170606,20170605,210718500,2669.0,2644,85704,70416960.0,2669.0,19,2668.0,20
rb1805,20170606,20170605,210719000,2669.0,2646,85706,70470340.0,2669.0,18,2668.0,20
rb1805,20170606,20170605,210719500,2669.0,2646,85706,70470340.0,2669.0,18,2668.0,20
rb1805,20170606,20170605,210720000,2668.0,2668,85728,71057300.0,2669.0,18,2668.0,9
rb1805,20170606,20170605,210720500,2668.0,2668,85728,71057300.0,2669.0,18,2668.0,9
rb1805,20170606,20170605,210722500,2669.0,2684,85744,71484340.0,2669.0,10,2668.0,9
rb1805,20170606,20170605,210723000,2669.0,2684,85744,71484340.0,2669.0,13,2668.0,9
rb1805,20170606,20170605,210723500,2668.0,2696,85750,71804500.0,2669.0,13,2668.0,3
rb1805,20170606,20170605,210724000,2668.0,2696,85750,71804500.0,2669.0,10,2668.0,3
rb1805,20170606,20170605,210724500,2668.0,2696,85750,71804500.0,2669.0,10,2668.0,3
rb1805,20170606,20170605,210725000,2668.0,2696,85750,71804500.0,2669.0,11,2668.0,3
rb1805,20170606,20170605,210727000,2668.0,2696,85750,71804500.0,2669.0,11,2668.0,3
rb1805,20170606,20170605,210728500,2669.0,2706,85760,72071400.0,2669.0,6,2668.0,3
rb1805,20170606,20170605,210729000,2668.0,2708,85760,72124760.0,2669.0,6,2668.0,2
rb1805,20170606,20170605,210729500,2668.0,2708,85760,72124760.0,2669.0,6,2668.0,2
rb1805,20170606,20170605,210730000,2668.0,2708,85760,72124760.0,2669.0,9,2668.0,2
rb1805,20170606,20170605,210730500,2668.0,2712,85762,72231480.0,2668.0,4,2667.0,28
rb1805,20170606,20170605,210731000,2668.0,2714,85764,72284840.0,2668.0,6,2667.0,28
rb1805,20170606,20170605,210731500,2667.0,2762,85764,73565000.0,2668.0,18,2667.0,4
rb1805,20170606,20170605,210732000,2667.0,2770,85766,73778360.0,2667.0,2,2666.0,28
rb1805,20170606,20170605,210732500,2667.0,2770,85766,73778360.0,2667.0,3,2666.0,23
rb1805,20170606,20170605,210733000,2667.0,2776,85764,73938380.0,2668.0,15,2667.0,7
rb1805,20170606,20170605,210733500,2667.0,2790,85764,74311760.0,2668.0,15,2666.0,23
rb1805,20170606,20170605,210736000,2667.0,2790,85764,74311760.0,2668.0,15,2666.0,23
rb1805,20170606,20170605,210738500,2666.0,2806,85780,74738320.0,2667.0,1,2666.0,15
rb1805,20170606,20170605,210739000,2666.0,2810,85780,74844960.0,2667.0,1,2666.0,13
rb1805,20170606,20170605,210740000,2666.0,2826,85796,75271520.0,2667.0,1,2666.0,5
rb1805,20170606,20170605,210741500,2666.0,2826,85796,75271520.0,2667.0,1,2666.0,5
rb1805,20170606,20170605,210742000,2666.0,2830,85800,75378160.0,2667.0,1,2666.0,3
rb1805,20170606,20170605,210742500,2667.0,2834,85804,75484840.0,2668.0,19,2667.0,3
rb1805,20170606,20170605,210743000,2667.0,2838,85808,75591520.0,2668.0,25,2667.0,1
rb1805,20170606,20170605,210743500,2667.0,2838,85808,75591520.0,2668.0,25,2667.0,2
rb1805,20170606,20170605,210744000,2667.0,2838,85808,75591520.0,2668.0,20,2667.0,2
rb1805,20170606,20170605,210744500,2666.0,2846,85816,75804840.0,2667.0,22,2666.0,21
rb1805,20170606,20170605,210745000,2667.0,2860,85830,76178180.0,2667.0,12,2666.0,19
rb1805,20170606,20170605,210746500,2667.0,2860,85830,76178180.0,2667.0,12,2666.0,19
rb1805,20170606,20170605,210748000,2667.0,2860,85830,76178180.0,2667.0,15,2666.0,19
rb1805,20170606,20170605,210748500,2667.0,2860,85830,76178180.0,2667.0,16,2666.0,19
rb1805,20170606,20170605,210749000,2667.0,2860,85830,76178180.0,2667.0,4,2666.0,19
rb1805,20170606,20170605,210750000,2667.0,2860,85830,76178180.0,2667.0,7,2666.0,19
rb1805,20170606,20170605,210750500,2666.0,2882,85852,76764700.0,2667.0,7,2666.0,8
rb1805,20170606,20170605,210751000,2667.0,2884,85854,76818040.0,2667.0,6,2666.0,8
rb1805,20170606,20170605,210751500,2666.0,2900,85870,77244600.0,2666.0,2,2665.0,5
rb1805,20170606,20170605,210752000,2666.0,2900,85870,77244600.0,2666.0,2,2665.0,5
rb1805,20170606,20170605,210753500,2666.0,2902,85872,77297920.0,2666.0,1,2665.0,5
rb1805,20170606,20170605,210755500,2666.0,2902,85872,77297920.0,2666.0,1,2665.0,5
rb1805,20170606,20170605,210756000,2666.0,2902,85872,77297920.0,2666.0,1,2665.0,5
rb1805,20170606,20170605,210757500,2666.0,2904,85874,77351240.0,2667.0,7,2666.0,4
rb1805,20170606,20170605,210759000,2666.0,2904,85874,77351240.0,2667.0,7,2666.0,4
rb1805,20170606,20170605,210759500,2666.0,2904,85874,77351240.0,2667.0,4,2666.0,4
rb1805,20170606,20170605,210801000,2666.0,2904,85874,77351240.0,2667.0,4,2666.0,4
rb1805,20170606,20170605,210802000,2665.0,2920,85886,77777720.0,2666.0,6,2664.0,2
rb1805,20170606,20170605,210802500,2665.0,2920,85886,77777720.0,2666.0,4,2665.0,1
rb1805,20170606,20170605,210803000,2665.0,2922,85888,77831020.0,2666.0,2,2664.0,7
rb1805,20170606,20170605,210803500,2665.0,2922,85888,77831020.0,2666.0,2,2664.0,7
rb1805,20170606,20170605,210804500,2665.0,2922,85888,77831020.0,2666.0,2,2664.0,7
rb1805,20170606,20170605,210806000,2665.0,2922,85888,77831020.0,2666.0,11,2664.0,2
rb1805,20170606,20170605,210806500,2665.0,2922,85888,77831020.0,2666.0,12,2664.0,2
rb1805,20170606,20170605,210807000,2665.0,2922,85888,77831020.0,2666.0,12,2664.0,2
rb1805,20170606,20170605,210807500,2666.0,2932,85896,78097620.0,2666.0,7,2664.0,2
rb1805,20170606,20170605,210809500,2664.0,2936,85894,78204180.0,2664.0,18,2662.0,30
rb1805,20170606,20170605,210810000,2664.0,2972,85860,79163220.0,2666.0,2,2663.0,2
rb1805,20170606,20170605,210810500,2664.0,2972,85860,79163220.0,2666.0,7,2663.0,7
rb1805,20170606,20170605,210811000,2664.0,2972,85860,79163220.0,2666.0,7,2663.0,7
rb1805,20170606,20170605,210812500,2664.0,2972,85860,79163220.0,2666.0,7,2663.0,7
rb1805,20170606,20170605,210813000,2664.0,2972,85860,79163220.0,2666.0,7,2663.0,7
rb1805,20170606,20170605,210814000,2664.0,2972,85860,79163220.0,2665.0,1,2663.0,7
rb1805,20170606,20170605,210814500,2664.0,2972,85860,79163220.0,2665.0,1,2663.0,7
rb1805,20170606,20170605,210815000,2664.0,2972,85860,79163220.0,2665.0,1,2663.0,8
rb1805,20170606,20170605,210815500,2664.0,2972,85860,79163220.0,2665.0,1,2664.0,1
rb1805,20170606,20170605,210816500,2664.0,2972,85860,79163220.0,2665.0,1,2664.0,5
rb1805,20170606,20170605,210817000,2664.0,2972,85860,79163220.0,2665.0,1,2664.0,6
rb1805,20170606,20170605,210818000,2665.0,2974,85860,79216520.0,2666.0,1,2664.0,6
rb1805,20170606,20170605,210818500,2665.0,2974,85860,79216520.0,2666.0,1,2664.0,11
rb1805,20170606,20170605,210819000,2665.0,2974,85860,79216520.0,2666.0,1,2664.0,11
rb1805,20170606,20170605,210821500,2665.0,2974,85860,79216520.0,2666.0,1,2664.0,6
rb1805,20170606,20170605,210822000,2664.0,2976,85858,79269800.0,2666.0,1,2664.0,5
rb1805,20170606,20170605,210823000,2664.0,2976,85858,79269800.0,2665.0,20,2664.0,5
rb1805,20170606,20170605,210823500,2665.0,3004,85858,80016000.0,2665.0,6,2664.0,5
rb1805,20170606,20170605,210824000,2665.0,3004,85858,80016000.0,2665.0,6,2664.0,5
rb1805,20170606,20170605,210824500,2665.0,3004,85858,80016000.0,2665.0,6,2664.0,5
rb1805,20170606,20170605,210825000,2665.0,3004,85858,80016000.0,2665.0,8,2664.0,5
rb1805,20170606,20170605,210826500,2664.0,3006,85858,80069280.0,2665.0,8,2664.0,4
rb1805,20170606,20170605,210827000,2664.0,3008,85858,80122560.0,2665.0,8,2664.0,3
rb1805,20170606,20170605,210830000,2664.0,3008,85858,80122560.0,2665.0,8,2664.0,3
rb1805,20170606,20170605,210830500,2664.0,3010,85856,80175840.0,2665.0,8,2664.0,2
rb1805,20170606,20170605,210831000,2664.0,3010,85856,80175840.0,2665.0,9,2664.0,2
rb1805,20170606,20170605,210832500,2665.0,3020,85866,80442340.0,2665.0,4,2664.0,3
rb1805,20170606,20170605,210833000,2665.0,3020,85866,80442340.0,2665.0,3,2664.0,3
rb1805,20170606,20170605,210833500,2664.0,3024,85868,80548900.0,2665.0,3,2664.0,1
rb1805,20170606,20170605,210834000,2664.0,3026,85870,80602180.0,2665.0,3,2663.0,8
rb1805,20170606,20170605,210834500,2664.0,3026,85870,80602180.0,2665.0,3,2664.0,50
rb1805,20170606,20170605,210835000,2664.0,3048,85868,81188260.0,2665.0,9,2664.0,39
rb1805,20170606,20170605,210835500,2662.0,3148,85886,83851880.0,2665.0,8,2662.0,21
rb1805,20170606,20170605,210836000,2662.0,3148,85886,83851880.0,2665.0,2,2663.0,2
rb1805,20170606,20170605,210836500,2665.0,3158,85896,84118380.0,2665.0,2,2663.0,2
rb1805,20170606,20170605,210837000,2665.0,3158,85896,84118380.0,2665.0,2,2663.0,2
rb1805,20170606,20170605,210837500,2665.0,3158,85896,84118380.0,2665.0,2,2663.0,2
rb1805,20170606,20170605,210838000,2665.0,3158,85896,84118380.0,2665.0,2,2663.0,2
rb1805,20170606,20170605,210838500,2665.0,3158,85896,84118380.0,2665.0,2,2663.0,2
rb1805,20170606,20170605,210839000,2665.0,3162,85900,84224980.0,2666.0,1,2665.0,5
rb1805,20170606,20170605,210839500,2663.0,3176,85910,84598000.0,2663.0,3,2662.0,26
rb1805,20170606,20170605,210840000,2663.0,3182,85916,84757780.0,2665.0,1,2663.0,6
rb1805,20170606,20170605,210840500,2663.0,3182,85916,84757780.0,2663.0,5,2662.0,21
rb1805,20170606,20170605,210841000,2663.0,3192,85924,85024080.0,2665.0,1,2663.0,5
rb1805,20170606,20170605,210841500,2663.0,3192,85924,85024080.0,2665.0,1,2662.0,21
rb1805,20170606,20170605,210842000,2662.0,3202,85934,85290280.0,2664.0,1,2662.0,16
rb1805,20170606,20170605,210842500,2662.0,3202,85934,85290280.0,2664.0,1,2662.0,16
rb1805,20170606,20170605,210843000,2662.0,3202,85934,85290280.0,2664.0,1,2663.0,4
rb1805,20170606,20170605,210843500,2662.0,3202,85934,85290280.0,2665.0,2,2663.0,14
rb1805,20170606,20170605,210844000,2665.0,3208,85938,85450180.0,2666.0,1,2665.0,2
rb1805,20170606,20170605,210844500,2663.0,3216,85940,85663300.0,2665.0,3,2663.0,12
rb1805,20170606,20170605,210845000,2663.0,3216,85940,85663300.0,2664.0,2,2663.0,12
rb1805,20170606,20170605,210845500,2663.0,3220,85940,85769820.0,2664.0,1,2663.0,10
rb1805,20170606,20170605,210846000,2663.0,3220,85940,85769820.0,2666.0,1,2663.0,10
rb1805,20170606,20170605,210846500,2663.0,3220,85940,85769820.0,2665.0,2,2663.0,15
rb1805,20170606,20170605,210847500,2663.0,3222,85940,85823080.0,2665.0,2,2663.0,14
rb1805,20170606,20170605,210848000,2663.0,3222,85940,85823080.0,2665.0,3,2663.0,14
rb1805,20170606,20170605,210848500,2663.0,3222,85940,85823080.0,2665.0,3,2664.0,50
rb1805,20170606,20170605,210849500,2663.0,3222,85940,85823080.0,2665.0,3,2664.0,55
rb1805,20170606,20170605,210850000,2663.0,3222,85940,85823080.0,2665.0,3,2664.0,56
rb1805,20170606,20170605,210850500,2665.0,3228,85944,85982980.0,2666.0,1,2665.0,5
rb1805,20170606,20170605,210851000,2664.0,3238,85944,86249380.0,2666.0,1,2664.0,51
rb1805,20170606,20170605,210851500,2665.0,3240,85946,86302680.0,2665.0,19,2664.0,51
rb1805,20170606,20170605,210852000,2665.0,3240,85946,86302680.0,2665.0,19,2664.0,46
rb1805,20170606,20170605,210853000,2665.0,3240,85946,86302680.0,2665.0,19,2664.0,46
rb1805,20170606,20170605,210853500,2665.0,3242,85948,86355980.0,2665.0,18,2664.0,46
rb1805,20170606,20170605,210855000,2665.0,3244,85950,86409280.0,2665.0,17,2664.0,46
rb1805,20170606,20170605,210856000,2664.0,3246,85948,86462560.0,2665.0,17,2664.0,45
rb1805,20170606,20170605,210857000,2664.0,3246,85948,86462560.0,2665.0,17,2664.0,45
rb1805,20170606,20170605,210858000,2664.0,3246,85948,86462560.0,2665.0,17,2664.0,45
rb1805,20170606,20170605,210858500,2665.0,3248,85950,86515860.0,2665.0,16,2664.0,45
rb1805,20170606,20170605,210900500,2665.0,3252,85950,86622460.0,2665.0,14,2664.0,45
rb1805,20170606,20170605,210901000,2665.0,3254,85952,86675760.0,2665.0,13,2664.0,45
rb1805,20170606,20170605,210902500,2665.0,3254,85952,86675760.0,2665.0,13,2664.0,45
rb1805,20170606,20170605,210904000,2665.0,3254,85952,86675760.0,2665.0,13,2664.0,45
rb1805,20170606,20170605,210904500,2665.0,3274,85952,87208760.0,2665.0,3,2664.0,45
rb1805,20170606,20170605,210905000,2665.0,3274,85952,87208760.0,2665.0,3,2664.0,45
rb1805,20170606,20170605,210907000,2665.0,3274,85952,87208760.0,2665.0,3,2664.0,45
rb1805,20170606,20170605,210908000,2665.0,3280,85952,87368660.0,2666.0,1,2664.0,45
rb1805,20170606,20170605,210908500,2665.0,3280,85952,87368660.0,2666.0,1,2664.0,46
rb1805,20170606,20170605,210909000,2665.0,3280,85952,87368660.0,2666.0,2,2664.0,46
rb1805,20170606,20170605,210910000,2665.0,3280,85952,87368660.0,2666.0,2,2664.0,46
rb1805,20170606,20170605,210910500,2665.0,3280,85952,87368660.0,2666.0,2,2664.0,46
rb1805,20170606,20170605,210911000,2665.0,3280,85952,87368660.0,2666.0,2,2664.0,46
rb1805,20170606,20170605,210911500,2665.0,3280,85952,87368660.0,2666.0,2,2665.0,1
rb1805,20170606,20170605,210912000,2665.0,3282,85954,87421960.0,2665.0,1,2664.0,46
rb1805,20170606,20170605,210912500,2665.0,3284,85954,87475260.0,2666.0,1,2664.0,46
rb1805,20170606,20170605,210913000,2665.0,3284,85954,87475260.0,2666.0,1,2664.0,46
rb1805,20170606,20170605,210914500,2666.0,3286,85954,87528580.0,2667.0,3,2664.0,46
rb1805,20170606,20170605,210915000,2666.0,3286,85954,87528580.0,2667.0,3,2665.0,2
rb1805,20170606,20170605,210915500,2665.0,3288,85954,87581880.0,2667.0,3,2665.0,1
rb1805,20170606,20170605,210916000,2665.0,3288,85954,87581880.0,2667.0,4,2665.0,1
rb1805,20170606,20170605,210917000,2665.0,3290,85952,87635180.0,2667.0,4,2664.0,51
rb1805,20170606,20170605,210917500,2665.0,3290,85952,87635180.0,2666.0,1,2664.0,51
rb1805,20170606,20170605,210919000,2665.0,3290,85952,87635180.0,2666.0,1,2664.0,51
rb1805,20170606,20170605,210919500,2665.0,3290,85952,87635180.0,2666.0,1,2665.0,59
rb1805,20170606,20170605,210921500,2665.0,3290,85952,87635180.0,2666.0,2,2665.0,61
rb1805,20170606,20170605,210923000,2665.0,3290,85952,87635180.0,2666.0,2,2665.0,61
rb1805,20170606,20170605,210923500,2665.0,3290,85952,87635180.0,2666.0,2,2665.0,61
rb1805,20170606,20170605,210924500,2665.0,3292,85950,87688480.0,2666.0,2,2665.0,60
rb1805,20170606,20170605,210925000,2665.0,3292,85950,87688480.0,2666.0,3,2665.0,60
rb1805,20170606,20170605,210925500,2665.0,3292,85950,87688480.0,2666.0,4,2665.0,60
rb1805,20170606,20170605,210926000,2665.0,3292,85950,87688480.0,2666.0,3,2665.0,60
rb1805,20170606,20170605,210927000,2665.0,3292,85950,87688480.0,2666.0,3,2665.0,60
rb1805,20170606,20170605,210929500,2665.0,3292,85950,87688480.0,2666.0,2,2665.0,62
rb1805,20170606,20170605,210930000,2665.0,3302,85950,87954980.0,2666.0,2,2665.0,57
rb1805,20170606,20170605,210931000,2666.0,3304,85952,88008300.0,2666.0,1,2665.0,57
rb1805,20170606,20170605,210932000,2666.0,3304,85952,88008300.0,2666.0,1,2665.0,57
rb1805,20170606,20170605,210932500,2666.0,3304,85952,88008300.0,2666.0,2,2665.0,57
rb1805,20170606,20170605,210934500,2666.0,3304,85952,88008300.0,2666.0,2,2665.0,62
rb1805,20170606,20170605,210935000,2666.0,3308,85952,88114940.0,2667.0,3,2665.0,62
rb1805,20170606,20170605,210935500,2666.0,3308,85952,88114940.0,2667.0,1,2665.0,62
rb1805,20170606,20170605,210937000,2666.0,3308,85952,88114940.0,2667.0,1,2665.0,62
rb1805,20170606,20170605,210938000,2666.0,3308,85952,88114940.0,2667.0,1,2665.0,102
rb1805,20170606,20170605,210939500,2666.0,3308,85952,88114940.0,2667.0,1,2666.0,9
rb1805,20170606,20170605,210943000,2666.0,3308,85952,88114940.0,2667.0,2,2666.0,9
rb1805,20170606,20170605,210943500,2666.0,3308,85952,88114940.0,2667.0,3,2666.0,9
rb1805,20170606,20170605,210946000,2666.0,3308,85952,88114940.0,2667.0,3,2666.0,9
rb1805,20170606,20170605,210947500,2666.0,3308,85952,88114940.0,2667.0,3,2666.0,9
rb1805,20170606,20170605,210948000,2666.0,3308,85952,88114940.0,2667.0,3,2666.0,10
rb1805,20170606,20170605,210949000,2666.0,3308,85952,88114940.0,2667.0,3,2666.0,10
rb1805,20170606,20170605,210949500,2666.0,3312,85952,88221580.0,2667.0,3,2666.0,8
rb1805,20170606,20170605,210951000,2666.0,3312,85952,88221580.0,2667.0,3,2666.0,8
rb1805,20170606,20170605,210952000,2667.0,3314,85952,88274920.0,2667.0,2,2666.0,8
rb1805,20170606,20170605,210954000,2667.0,3314,85952,88274920.0,2667.0,3,2666.0,8
rb1805,20170606,20170605,210954500,2666.0,3336,85960,88861440.0,2667.0,3,2666.0,2
rb1805,20170606,20170605,210955000,2666.0,3338,85962,88914760.0,2667.0,3,2666.0,1
rb1805,20170606,20170605,210955500,2666.0,3344,85964,89074720.0,2667.0,3,2666.0,1
rb1805,20170606,20170605,210956000,2666.0,3344,85964,89074720.0,2667.0,3,2666.0,1
rb1805,20170606,20170605,210957000,2667.0,3350,85964,89234740.0,2668.0,6,2666.0,1
rb1805,20170606,20170605,210957500,2668.0,3356,85960,89394820.0,2669.0,3,2666.0,1
rb1805,20170606,20170605,210958000,2668.0,3356,85960,89394820.0,2668.0,2,2666.0,1
rb1805,20170606,20170605,210958500,2668.0,3356,85960,89394820.0,2668.0,2,2666.0,1
rb1805,20170606,20170605,210959000,2668.0,3356,85960,89394820.0,2668.0,2,2666.0,1
rb1805,20170606,20170605,210959500,2668.0,3356,85960,89394820.0,2668.0,2,2666.0,1
rb1805,20170606,20170605,211001000,2668.0,3356,85960,89394820.0,2668.0,2,2667.0,1
rb1805,20170606,20170605,211001500,2667.0,3358,85962,89448160.0,2668.0,2,2666.0,1
rb1805,20170606,20170605,211002500,2667.0,3360,85962,89501500.0,2668.0,2,2667.0,1
rb1805,20170606,20170605,211003000,2668.0,3364,85962,89608220.0,2669.0,3,2668.0,4
rb1805,20170606,20170605,211003500,2668.0,3368,85962,89714940.0,2669.0,3,2667.0,1
rb1805,20170606,20170605,211004000,2668.0,3368,85962,89714940.0,2669.0,8,2666.0,1
rb1805,20170606,20170605,211004500,2666.0,3370,85962,89768260.0,2666.0,3,2665.0,93
rb1805,20170606,20170605,211005000,2666.0,3376,85962,89928220.0,2669.0,8,2668.0,3
rb1805,20170606,20170605,211005500,2668.0,3388,85956,90248380.0,2666.0,3,2665.0,88
rb1805,20170606,20170605,211006000,2666.0,3392,85956,90355020.0,2666.0,4,2665.0,88
rb1805,20170606,20170605,211006500,2668.0,3402,85956,90621660.0,2669.0,8,2668.0,2
rb1805,20170606,20170605,211007000,2670.0,3414,85948,90941920.0,2670.0,7,2665.0,88
rb1805,20170606,20170605,211007500,2670.0,3418,85948,91048720.0,2669.0,2,2665.0,88
rb1805,20170606,20170605,211008000,2670.0,3418,85948,91048720.0,2669.0,5,2665.0,89
rb1805,20170606,20170605,211008500,2670.0,3418,85948,91048720.0,2666.0,4,2665.0,89
rb1805,20170606,20170605,211009000,2666.0,3426,85952,91262000.0,2669.0,5,2668.0,4
rb1805,20170606,20170605,211009500,2669.0,3434,85952,91475480.0,2670.0,12,2668.0,2
rb1805,20170606,20170605,211010000,2668.0,3438,85952,91582200.0,2669.0,2,2666.0,1
rb1805,20170606,20170605,211010500,2666.0,3440,85954,91635520.0,2666.0,1,2665.0,89
rb1805,20170606,20170605,211011000,2666.0,3454,85954,92008760.0,2669.0,7,2666.0,54
rb1805,20170606,20170605,211011500,2666.0,3454,85954,92008760.0,2668.0,4,2666.0,56
rb1805,20170606,20170605,211013000,2666.0,3454,85954,92008760.0,2668.0,4,2666.0,56
rb1805,20170606,20170605,211014000,2666.0,3456,85954,92062080.0,2669.0,7,2666.0,55
rb1805,20170606,20170605,211015000,2666.0,3456,85954,92062080.0,2669.0,9,2666.0,55
rb1805,20170606,20170605,211015500,2666.0,3456,85954,92062080.0,2669.0,7,2666.0,55
rb1805,20170606,20170605,211016000,2666.0,3456,85954,92062080.0,2669.0,8,2666.0,55
rb1805,20170606,20170605,211016500,2666.0,3456,85954,92062080.0,2669.0,8,2666.0,55
rb1805,20170606,20170605,211017000,2666.0,3456,85954,92062080.0,2669.0,10,2666.0,55
rb1805,20170606,20170605,211019500,2666.0,3456,85954,92062080.0,2669.0,11,2666.0,55
rb1805,20170606,20170605,211020000,2666.0,3458,85954,92115400.0,2669.0,11,2666.0,54
rb1805,20170606,20170605,211020500,2666.0,3458,85954,92115400.0,2668.0,4,2666.0,54
rb1805,20170606,20170605,211022000,2666.0,3460,85954,92168720.0,2668.0,4,2666.0,53
rb1805,20170606,20170605,211023500,2666.0,3460,85954,92168720.0,2668.0,6,2666.0,53
rb1805,20170606,20170605,211025000,2666.0,3464,85950,92275360.0,2668.0,6,2666.0,51
rb1805,20170606,20170605,211025500,2666.0,3466,85950,92328680.0,2668.0,6,2666.0,50
rb1805,20170606,20170605,211026500,2666.0,3472,85950,92488640.0,2668.0,6,2666.0,47
rb1805,20170606,20170605,211027000,2666.0,3472,85950,92488640.0,2668.0,6,2666.0,47
rb1805,20170606,20170605,211028500,2666.0,3472,85950,92488640.0,2668.0,6,2666.0,47
rb1805,20170606,20170605,211029000,2666.0,3472,85950,92488640.0,2668.0,11,2666.0,47
rb1805,20170606,20170605,211029500,2666.0,3472,85950,92488640.0,2668.0,12,2666.0,47
rb1805,20170606,20170605,211031500,2668.0,3492,85958,93022240.0,2668.0,2,2666.0,47
rb1805,20170606,20170605,211032000,2668.0,3492,85958,93022240.0,2668.0,2,2666.0,48
rb1805,20170606,20170605,211032500,2668.0,3492,85958,93022240.0,2668.0,3,2666.0,48
rb1805,20170606,20170605,211033500,2666.0,3494,85958,93075560.0,2668.0,2,2666.0,47
rb1805,20170606,20170605,211036500,2666.0,3494,85958,93075560.0,2668.0,2,2666.0,47
rb1805,20170606,20170605,211037500,2666.0,3494,85958,93075560.0,2668.0,3,2666.0,47
rb1805,20170606,20170605,211038500,2666.0,3532,85958,94088640.0,2668.0,4,2666.0,28
rb1805,20170606,20170605,211039000,2666.0,3532,85958,94088640.0,2668.0,4,2666.0,28
rb1805,20170606,20170605,211039500,2666.0,3536,85958,94195280.0,2668.0,5,2666.0,26
rb1805,20170606,20170605,211040000,2666.0,3536,85958,94195280.0,2668.0,4,2666.0,26
rb1805,20170606,20170605,211041000,2666.0,3556,85958,94728480.0,2668.0,5,2666.0,16
rb1805,20170606,20170605,211041500,2666.0,3556,85958,94728480.0,2668.0,5,2666.0,14
rb1805,20170606,20170605,211042000,2666.0,3570,85958,95101720.0,2668.0,5,2666.0,7
rb1805,20170606,20170605,211043000,2666.0,3570,85958,95101720.0,2667.0,2,2666.0,7
rb1805,20170606,20170605,211043500,2666.0,3570,85958,95101720.0,2667.0,2,2666.0,7
rb1805,20170606,20170605,211044000,2666.0,3574,85954,95208360.0,2667.0,2,2666.0,5
rb1805,20170606,20170605,211046000,2666.0,3574,85954,95208360.0,2667.0,2,2666.0,5
rb1805,20170606,20170605,211046500,2666.0,3574,85954,95208360.0,2667.0,2,2666.0,5
rb1805,20170606,20170605,211047000,2666.0,3574,85954,95208360.0,2667.0,2,2666.0,5
rb1805,20170606,20170605,211048000,2666.0,3574,85954,95208360.0,2667.0,3,2666.0,5
rb1805,20170606,20170605,211048500,2666.0,3574,85954,95208360.0,2667.0,3,2666.0,5
rb1805,20170606,20170605,211049000,2666.0,3574,85954,95208360.0,2667.0,3,2666.0,5
rb1805,20170606,20170605,211050000,2666.0,3574,85954,95208360.0,2667.0,4,2666.0,5
rb1805,20170606,20170605,211050500,2666.0,3574,85954,95208360.0,2667.0,8,2666.0,5
rb1805,20170606,20170605,211051500,2666.0,3578,85954,95315000.0,2667.0,10,2666.0,3
rb1805,20170606,20170605,211052000,2666.0,3584,85954,95474960.0,2666.0,6,2665.0,87
rb1805,20170606,20170605,211052500,2666.0,3584,85954,95474960.0,2666.0,2,2665.0,85
rb1805,20170606,20170605,211053000,2665.0,3586,85954,95528260.0,2667.0,10,2665.0,84
rb1805,20170606,20170605,211053500,2665.0,3586,85954,95528260.0,2667.0,9,2665.0,84
rb1805,20170606,20170605,211054000,2667.0,3592,85960,95688260.0,2667.0,7,2665.0,84
rb1805,20170606,20170605,211054500,2667.0,3592,85960,95688260.0,2667.0,8,2665.0,84
rb1805,20170606,20170605,211055000,2667.0,3592,85960,95688260.0,2667.0,8,2665.0,84
rb1805,20170606,20170605,211056000,2667.0,3592,85960,95688260.0,2667.0,8,2665.0,84
rb1805,20170606,20170605,211056500,2667.0,3592,85960,95688260.0,2667.0,9,2665.0,84
rb1805,20170606,20170605,211057000,2667.0,3592,85960,95688260.0,2667.0,10,2665.0,84
rb1805,20170606,20170605,211058500,2667.0,3598,85966,95848280.0,2667.0,3,2666.0,1
rb1805,20170606,20170605,211059000,2667.0,3598,85966,95848280.0,2667.0,2,2666.0,1
rb1805,20170606,20170605,211059500,2667.0,3598,85966,95848280.0,2667.0,2,2666.0,1
rb1805,20170606,20170605,211100500,2667.0,3598,85966,95848280.0,2667.0,2,2666.0,3
rb1805,20170606,20170605,211101000,2667.0,3598,85966,95848280.0,2667.0,2,2666.0,4
rb1805,20170606,20170605,211101500,2667.0,3604,85970,96008300.0,2668.0,2,2667.0,7
rb1805,20170606,20170605,211102000,2667.0,3604,85970,96008300.0,2668.0,3,2667.0,8
rb1805,20170606,20170605,211102500,2667.0,3604,85970,96008300.0,2668.0,2,2667.0,9
rb1805,20170606,20170605,211103000,2667.0,3604,85970,96008300.0,2668.0,2,2667.0,10
rb1805,20170606,20170605,211103500,2667.0,3604,85970,96008300.0,2668.0,2,2667.0,11
rb1805,20170606,20170605,211104000,2667.0,3612,85978,96221660.0,2668.0,2,2667.0,7
rb1805,20170606,20170605,211104500,2667.0,3616,85982,96328340.0,2668.0,2,2667.0,5
rb1805,20170606,20170605,211105500,2667.0,3616,85982,96328340.0,2668.0,2,2667.0,5
rb1805,20170606,20170605,211106500,2667.0,3616,85982,96328340.0,2668.0,2,2667.0,5
rb1805,20170606,20170605,211107000,2667.0,3624,85986,96541760.0,2669.0,8,2667.0,4
rb1805,20170606,20170605,211107500,2667.0,3624,85986,96541760.0,2669.0,9,2667.0,4
rb1805,20170606,20170605,211108000,2670.0,3654,86000,97342580.0,2670.0,3,2667.0,9
rb1805,20170606,20170605,211108500,2670.0,3656,86000,97395980.0,2669.0,1,2667.0,9
rb1805,20170606,20170605,211109000,2670.0,3656,86000,97395980.0,2668.0,1,2667.0,9
rb1805,20170606,20170605,211109500,2669.0,3660,86004,97502740.0,2670.0,9,2669.0,2
rb1805,20170606,20170605,211110000,2669.0,3664,86008,97609500.0,2668.0,1,2667.0,10
rb1805,20170606,20170605,211110500,2668.0,3670,86010,97769580.0,2668.0,1,2667.0,10
rb1805,20170606,20170605,211111000,2668.0,3672,86010,97822940.0,2670.0,9,2667.0,11
rb1805,20170606,20170605,211111500,2668.0,3672,86010,97822940.0,2670.0,9,2667.0,6
rb1805,20170606,20170605,211112000,2668.0,3672,86010,97822940.0,2670.0,9,2667.0,6
rb1805,20170606,20170605,211112500,2668.0,3672,86010,97822940.0,2670.0,9,2667.0,6
rb1805,20170606,20170605,211113000,2668.0,3672,86010,97822940.0,2670.0,19,2667.0,7
rb1805,20170606,20170605,211113500,2667.0,3686,86024,98196320.0,2669.0,11,2666.0,4
rb1805,20170606,20170605,211114000,2667.0,3686,86024,98196320.0,2669.0,11,2666.0,9
rb1805,20170606,20170605,211114500,2667.0,3686,86024,98196320.0,2669.0,16,2666.0,9
rb1805,20170606,20170605,211115000,2669.0,3692,86030,98356460.0,2669.0,13,2666.0,9
rb1805,20170606,20170605,211116000,2669.0,3692,86030,98356460.0,2669.0,13,2666.0,9
rb1805,20170606,20170605,211116500,2669.0,3692,86030,98356460.0,2669.0,5,2667.0,3
rb1805,20170606,20170605,211117000,2669.0,3692,86030,98356460.0,2669.0,5,2667.0,3
rb1805,20170606,20170605,211117500,2669.0,3692,86030,98356460.0,2668.0,2,2667.0,3
rb1805,20170606,20170605,211118000,2668.0,3704,86022,98676540.0,2669.0,7,2666.0,4
rb1805,20170606,20170605,211118500,2668.0,3708,86022,98783260.0,2669.0,7,2666.0,5
rb1805,20170606,20170605,211120000,2668.0,3708,86022,98783260.0,2669.0,7,2666.0,6
rb1805,20170606,20170605,211120500,2668.0,3708,86022,98783260.0,2669.0,7,2666.0,6
rb1805,20170606,20170605,211121000,2668.0,3708,86022,98783260.0,2669.0,7,2666.0,11
rb1805,20170606,20170605,211121500,2668.0,3708,86022,98783260.0,2669.0,7,2667.0,2
rb1805,20170606,20170605,211122000,2668.0,3708,86022,98783260.0,2669.0,8,2667.0,7
rb1805,20170606,20170605,211123500,2668.0,3708,86022,98783260.0,2669.0,8,2667.0,7
rb1805,20170606,20170605,211124000,2668.0,3708,86022,98783260.0,2669.0,8,2667.0,7
rb1805,20170606,20170605,211125500,2668.0,3708,86022,98783260.0,2669.0,8,2667.0,7
rb1805,20170606,20170605,211126000,2668.0,3708,86022,98783260.0,2669.0,8,2667.0,7
rb1805,20170606,20170605,211127500,2667.0,3712,86018,98889940.0,2669.0,8,2667.0,5
rb1805,20170606,20170605,211128000,2667.0,3712,86018,98889940.0,2669.0,8,2667.0,5
rb1805,20170606,20170605,211129000,2667.0,3714,86020,98943280.0,2669.0,8,2667.0,4
rb1805,20170606,20170605,211129500,2667.0,3722,86028,99156640.0,2669.0,8,2667.0,5
rb1805,20170606,20170605,211130500,2667.0,3722,86028,99156640.0,2669.0,8,2667.0,5
rb1805,20170606,20170605,211131000,2667.0,3722,86028,99156640.0,2669.0,8,2667.0,5
rb1805,20170606,20170605,211131500,2667.0,3732,86038,99423340.0,2667.0,4,2666.0,11
rb1805,20170606,20170605,211132000,2668.0,3744,86036,99743420.0,2669.0,8,2666.0,11
rb1805,20170606,20170605,211132500,2669.0,3752,86036,99956900.0,2669.0,11,2666.0,11
rb1805,20170606,20170605,211133000,2669.0,3752,86036,99956900.0,2669.0,11,2667.0,2
rb1805,20170606,20170605,211134000,2667.0,3756,86036,100063580.0,2668.0,1,2667.0,1
rb1805,20170606,20170605,211134500,2668.0,3758,86036,100116940.0,2669.0,11,2666.0,11
rb1805,20170606,20170605,211135000,2669.0,3760,86036,100170320.0,2669.0,10,2666.0,11
rb1805,20170606,20170605,211135500,2669.0,3760,86036,100170320.0,2667.0,1,2666.0,11
rb1805,20170606,20170605,211136000,2668.0,3764,86038,100277020.0,2668.0,1,2667.0,4
rb1805,20170606,20170605,211136500,2669.0,3768,86038,100383760.0,2669.0,9,2667.0,3
rb1805,20170606,20170605,211137000,2667.0,3774,86034,100543820.0,2669.0,8,2667.0,1
rb1805,20170606,20170605,211137500,2667.0,3774,86034,100543820.0,2669.0,8,2666.0,6
rb1805,20170606,20170605,211138000,2667.0,3774,86034,100543820.0,2668.0,1,2666.0,6
rb1805,20170606,20170605,211138500,2668.0,3776,86034,100597180.0,2668.0,10,2666.0,6
rb1805,20170606,20170605,211139000,2669.0,3798,86032,101184160.0,2669.0,7,2666.0,6
rb1805,20170606,20170605,211139500,2670.0,3818,86018,101718020.0,2669.0,4,2666.0,6
rb1805,20170606,20170605,211140000,2670.0,3818,86018,101718020.0,2669.0,4,2667.0,2
rb1805,20170606,20170605,211140500,2670.0,3818,86018,101718020.0,2668.0,1,2667.0,2
rb1805,20170606,20170605,211141000,2670.0,3818,86018,101718020.0,2668.0,1,2667.0,2
rb1805,20170606,20170605,211142000,2670.0,3818,86018,101718020.0,2668.0,1,2667.0,3
rb1805,20170606,20170605,211142500,2670.0,3818,86018,101718020.0,2668.0,1,2667.0,4
rb1805,20170606,20170605,211143500,2670.0,3818,86018,101718020.0,2668.0,1,2667.0,9
rb1805,20170606,20170605,211144000,2670.0,3818,86018,101718020.0,2668.0,1,2667.0,9
rb1805,20170606,20170605,211145000,2670.0,3818,86018,101718020.0,2668.0,1,2667.0,9
rb1805,20170606,20170605,211145500,2668.0,3820,86016,101771380.0,2669.0,4,2667.0,9
rb1805,20170606,20170605,211146000,2668.0,3820,86016,101771380.0,2669.0,1,2668.0,2
rb1805,20170606,20170605,211146500,2668.0,3820,86016,101771380.0,2669.0,1,2667.0,9
rb1805,20170606,20170605,211147000,2667.0,3824,86012,101878060.0,2669.0,1,2667.0,7
rb1805,20170606,20170605,211148000,2667.0,3824,86012,101878060.0,2669.0,1,2667.0,7
rb1805,20170606,20170605,211148500,2667.0,3824,86012,101878060.0,2669.0,1,2667.0,6
rb1805,20170606,20170605,211149000,2667.0,3824,86012,101878060.0,2669.0,1,2668.0,1
rb1805,20170606,20170605,211150000,2667.0,3824,86012,101878060.0,2669.0,1,2668.0,1
rb1805,20170606,20170605,211150500,2667.0,3824,86012,101878060.0,2669.0,1,2668.0,2
rb1805,20170606,20170605,211151500,2669.0,3826,86010,101931440.0,2670.0,9,2669.0,1
rb1805,20170606,20170605,211152000,2669.0,3828,86008,101984820.0,2670.0,9,2668.0,2
rb1805,20170606,20170605,211152500,2669.0,3828,86008,101984820.0,2670.0,10,2668.0,2
rb1805,20170606,20170605,211153000,2667.0,3838,86000,102251560.0,2670.0,11,2667.0,3
rb1805,20170606,20170605,211153500,2667.0,3838,86000,102251560.0,2669.0,2,2667.0,3
rb1805,20170606,20170605,211154500,2667.0,3838,86000,102251560.0,2669.0,2,2667.0,3
rb1805,20170606,20170605,211157000,2667.0,3844,85994,102411580.0,2667.0,2,2666.0,7
rb1805,20170606,20170605,211157500,2667.0,3848,85994,102518260.0,2669.0,2,2667.0,2
rb1805,20170606,20170605,211158000,2667.0,3848,85994,102518260.0,2669.0,2,2666.0,8
rb1805,20170606,20170605,211158500,2667.0,3848,85994,102518260.0,2669.0,7,2666.0,8
rb1805,20170606,20170605,211159500,2669.0,3852,85994,102625020.0,2669.0,5,2666.0,8
rb1805,20170606,20170605,211200000,2669.0,3852,85994,102625020.0,2669.0,5,2667.0,2
rb1805,20170606,20170605,211201000,2669.0,3852,85994,102625020.0,2669.0,5,2667.0,89
rb1805,20170606,20170605,211201500,2667.0,3862,85984,102891720.0,2669.0,5,2667.0,85
rb1805,20170606,20170605,211204500,2667.0,3862,85984,102891720.0,2669.0,5,2668.0,1
rb1805,20170606,20170605,211205000,2667.0,3872,85976,103158420.0,2670.0,16,2667.0,83
rb1805,20170606,20170605,211206000,2667.0,3872,85976,103158420.0,2670.0,16,2668.0,1
rb1805,20170606,20170605,211206500,2667.0,3872,85976,103158420.0,2670.0,16,2668.0,1
rb1805,20170606,20170605,211207500,2668.0,3874,85976,103211780.0,2670.0,16,2668.0,5
rb1805,20170606,20170605,211208000,2668.0,3874,85976,103211780.0,2670.0,16,2668.0,10
rb1805,20170606,20170605,211209000,2668.0,3874,85976,103211780.0,2670.0,11,2668.0,11
rb1805,20170606,20170605,211210000,2668.0,3876,85974,103265140.0,2670.0,11,2668.0,11
rb1805,20170606,20170605,211210500,2668.0,3876,85974,103265140.0,2670.0,11,2669.0,2
rb1805,20170606,20170605,211211000,2668.0,3876,85974,103265140.0,2670.0,11,2669.0,2
rb1805,20170606,20170605,211211500,2670.0,3898,85986,103852540.0,2671.0,25,2670.0,1
rb1805,20170606,20170605,211212000,2670.0,3898,85986,103852540.0,2671.0,25,2670.0,3
rb1805,20170606,20170605,211212500,2670.0,3898,85986,103852540.0,2671.0,25,2670.0,1
rb1805,20170606,20170605,211213000,2670.0,3898,85986,103852540.0,2671.0,26,2670.0,1
rb1805,20170606,20170605,211214000,2670.0,3898,85986,103852540.0,2671.0,26,2670.0,2
rb1805,20170606,20170605,211215000,2671.0,3900,85986,103905960.0,2671.0,25,2670.0,3
rb1805,20170606,20170605,211215500,2671.0,3900,85986,103905960.0,2671.0,25,2670.0,4
rb1805,20170606,20170605,211216000,2671.0,3900,85986,103905960.0,2671.0,25,2670.0,6
rb1805,20170606,20170605,211216500,2671.0,3900,85986,103905960.0,2671.0,25,2670.0,7
rb1805,20170606,20170605,211217000,2671.0,3900,85986,103905960.0,2671.0,25,2670.0,8
rb1805,20170606,20170605,211217500,2671.0,3900,85986,103905960.0,2671.0,25,2670.0,9
rb1805,20170606,20170605,211218000,2671.0,3902,85986,103959380.0,2671.0,24,2670.0,11
rb1805,20170606,20170605,211218500,2671.0,3942,85970,105027780.0,2671.0,4,2670.0,11
rb1805,20170606,20170605,211219000,2671.0,3942,85970,105027780.0,2671.0,4,2670.0,13
rb1805,20170606,20170605,211219500,2671.0,3946,85974,105134620.0,2671.0,2,2670.0,13
rb1805,20170606,20170605,211220000,2671.0,3948,85976,105188040.0,2671.0,1,2670.0,13
rb1805,20170606,20170605,211221000,2671.0,3948,85976,105188040.0,2671.0,1,2670.0,13
rb1805,20170606,20170605,211222000,2671.0,3948,85976,105188040.0,2671.0,1,2670.0,15
rb1805,20170606,20170605,211222500,2671.0,3950,85974,105241460.0,2671.0,1,2670.0,17
rb1805,20170606,20170605,211223000,2671.0,3950,85974,105241460.0,2671.0,1,2670.0,17
rb1805,20170606,20170605,211223500,2671.0,3950,85974,105241460.0,2671.0,1,2670.0,16
rb1805,20170606,20170605,211224000,2671.0,3950,85974,105241460.0,2671.0,1,2670.0,17
rb1805,20170606,20170605,211224500,2671.0,3950,85974,105241460.0,2671.0,1,2670.0,16
rb1805,20170606,20170605,211225000,2671.0,3950,85974,105241460.0,2671.0,1,2670.0,16
rb1805,20170606,20170605,211225500,2671.0,3952,85974,105294880.0,2672.0,6,2670.0,16
rb1805,20170606,20170605,211226000,2671.0,3952,85974,105294880.0,2672.0,6,2670.0,16
rb1805,20170606,20170605,211226500,2671.0,3952,85974,105294880.0,2672.0,6,2670.0,16
rb1805,20170606,20170605,211227500,2671.0,3952,85974,105294880.0,2672.0,6,2671.0,1
rb1805,20170606,20170605,211228000,2671.0,3954,85974,105348300.0,2671.0,2,2670.0,16
rb1805,20170606,20170605,211228500,2671.0,3954,85974,105348300.0,2672.0,6,2670.0,16
rb1805,20170606,20170605,211229000,2671.0,3954,85974,105348300.0,2672.0,6,2670.0,17
rb1805,20170606,20170605,211229500,2671.0,3954,85974,105348300.0,2672.0,6,2670.0,17
rb1805,20170606,20170605,211230000,2671.0,3954,85974,105348300.0,2672.0,6,2670.0,17
rb1805,20170606,20170605,211230500,2671.0,3954,85974,105348300.0,2672.0,6,2670.0,17
rb1805,20170606,20170605,211231000,2671.0,3954,85974,105348300.0,2672.0,6,2670.0,17
rb1805,20170606,20170605,211231500,2672.0,3960,85974,105508620.0,2672.0,3,2670.0,17
rb1805,20170606,20170605,211232000,2672.0,3960,85974,105508620.0,2672.0,3,2670.0,16
rb1805,20170606,20170605,211232500,2672.0,3960,85974,105508620.0,2672.0,3,2670.0,17
rb1805,20170606,20170605,211233000,2672.0,3966,85974,105668940.0,2673.0,7,2672.0,2
rb1805,20170606,20170605,211233500,2672.0,3970,85976,105775820.0,2672.0,8,2670.0,18
rb1805,20170606,20170605,211234000,2672.0,3980,85986,106043020.0,2673.0,7,2671.0,80
rb1805,20170606,20170605,211234500,2671.0,3982,85984,106096440.0,2673.0,7,2671.0,80
rb1805,20170606,20170605,211235500,2673.0,3990,85980,106310160.0,2673.0,6,2671.0,77
rb1805,20170606,20170605,211236000,2673.0,3990,85980,106310160.0,2672.0,2,2671.0,77
rb1805,20170606,20170605,211237000,2673.0,3992,85982,106363620.0,2672.0,1,2671.0,77
rb1805,20170606,20170605,211237500,2673.0,3992,85982,106363620.0,2673.0,6,2671.0,77
rb1805,20170606,20170605,211238000,2671.0,3994,85980,106417040.0,2673.0,5,2671.0,76
rb1805,20170606,20170605,211238500,2671.0,3994,85980,106417040.0,2673.0,5,2671.0,76
rb1805,20170606,20170605,211239000,2671.0,3994,85980,106417040.0,2673.0,5,2672.0,1
rb1805,20170606,20170605,211239500,2671.0,3994,85980,106417040.0,2673.0,5,2672.0,1
rb1805,20170606,20170605,211240000,2671.0,3994,85980,106417040.0,2673.0,5,2672.0,1
rb1805,20170606,20170605,211240500,2672.0,3996,85980,106470480.0,2672.0,1,2671.0,76
rb1805,20170606,20170605,211241000,2672.0,3998,85982,106523920.0,2672.0,4,2671.0,76
rb1805,20170606,20170605,211241500,2672.0,3998,85982,106523920.0,2673.0,10,2671.0,76
rb1805,20170606,20170605,211242000,2671.0,4004,85976,106684180.0,2672.0,2,2671.0,73
rb1805,20170606,20170605,211242500,2672.0,4028,85976,107325360.0,2673.0,10,2672.0,13
rb1805,20170606,20170605,211243000,2672.0,4028,85976,107325360.0,2673.0,10,2672.0,13
rb1805,20170606,20170605,211243500,2672.0,4028,85976,107325360.0,2673.0,10,2672.0,14
rb1805,20170606,20170605,211244000,2672.0,4028,85976,107325360.0,2673.0,10,2672.0,14
rb1805,20170606,20170605,211244500,2672.0,4028,85976,107325360.0,2673.0,5,2672.0,14
rb1805,20170606,20170605,211245000,2673.0,4032,85974,107432260.0,2673.0,4,2672.0,13
rb1805,20170606,20170605,211245500,2673.0,4034,85972,107485720.0,2673.0,3,2672.0,13
rb1805,20170606,20170605,211246500,2673.0,4038,85970,107592620.0,2673.0,2,2672.0,12
rb1805,20170606,20170605,211247000,2673.0,4040,85970,107646080.0,2673.0,1,2672.0,12
rb1805,20170606,20170605,211247500,2673.0,4040,85970,107646080.0,2673.0,2,2672.0,12
rb1805,20170606,20170605,211248000,2673.0,4040,85970,107646080.0,2673.0,2,2672.0,12
rb1805,20170606,20170605,211249000,2673.0,4040,85970,107646080.0,2673.0,3,2672.0,12
rb1805,20170606,20170605,211249500,2673.0,4042,85970,107699540.0,2673.0,7,2672.0,12
rb1805,20170606,20170605,211250000,2673.0,4048,85968,107859900.0,2673.0,5,2672.0,11
rb1805,20170606,20170605,211250500,2672.0,4070,85970,108447740.0,2673.0,6,2672.0,1
rb1805,20170606,20170605,211251000,2672.0,4072,85972,108501180.0,2672.0,2,2671.0,68
rb1805,20170606,20170605,211251500,2673.0,4078,85978,108661540.0,2673.0,5,2672.0,1
rb1805,20170606,20170605,211252000,2671.0,4082,85980,108768400.0,2673.0,7,2671.0,67
rb1805,20170606,20170605,211252500,2671.0,4082,85980,108768400.0,2673.0,11,2671.0,67
rb1805,20170606,20170605,211253000,2671.0,4082,85980,108768400.0,2673.0,11,2671.0,66
rb1805,20170606,20170605,211254000,2671.0,4082,85980,108768400.0,2673.0,12,2671.0,66
rb1805,20170606,20170605,211254500,2673.0,4084,85982,108821860.0,2673.0,11,2671.0,67
rb1805,20170606,20170605,211255000,2673.0,4084,85982,108821860.0,2673.0,10,2671.0,67
rb1805,20170606,20170605,211255500,2673.0,4084,85982,108821860.0,2673.0,10,2671.0,68
rb1805,20170606,20170605,211256000,2673.0,4088,85980,108928740.0,2673.0,9,2671.0,67
rb1805,20170606,20170605,211256500,2673.0,4088,85980,108928740.0,2673.0,9,2671.0,68
rb1805,20170606,20170605,211257000,2673.0,4088,85980,108928740.0,2673.0,10,2671.0,68
rb1805,20170606,20170605,211257500,2673.0,4088,85980,108928740.0,2673.0,10,2671.0,69
rb1805,20170606,20170605,211258000,2673.0,4088,85980,108928740.0,2673.0,10,2671.0,75
rb1805,20170606,20170605,211258500,2672.0,4090,85978,108982180.0,2673.0,10,2672.0,1
rb1805,20170606,20170605,211259000,2672.0,4092,85978,109035620.0,2673.0,10,2671.0,77
rb1805,20170606,20170605,211259500,2673.0,4134,86014,110158280.0,2674.0,9,2673.0,30
rb1805,20170606,20170605,211300000,2673.0,4138,86018,110265200.0,2674.0,9,2673.0,28
rb1805,20170606,20170605,211301000,2673.0,4138,86018,110265200.0,2674.0,9,2673.0,28
rb1805,20170606,20170605,211301500,2674.0,4140,86018,110318680.0,2674.0,8,2673.0,48
rb1805,20170606,20170605,211302000,2674.0,4140,86018,110318680.0,2674.0,8,2673.0,49
rb1805,20170606,20170605,211302500,2674.0,4150,86020,110586080.0,2674.0,3,2673.0,49
rb1805,20170606,20170605,211303000,2673.0,4154,86022,110693020.0,2674.0,2,2673.0,48
rb1805,20170606,20170605,211303500,2673.0,4154,86022,110693020.0,2674.0,2,2673.0,48
rb1805,20170606,20170605,211304000,2674.0,4156,86024,110746500.0,2674.0,1,2673.0,48
rb1805,20170606,20170605,211305000,2674.0,4156,86024,110746500.0,2674.0,2,2673.0,49
rb1805,20170606,20170605,211305500,2673.0,4180,86046,111388040.0,2674.0,1,2673.0,38
rb1805,20170606,20170605,211306000,2673.0,4180,86046,111388040.0,2674.0,1,2673.0,38
rb1805,20170606,20170605,211307000,2673.0,4180,86046,111388040.0,2674.0,1,2673.0,38
rb1805,20170606,20170605,211307500,2673.0,4180,86046,111388040.0,2674.0,1,2673.0,38
rb1805,20170606,20170605,211308000,2674.0,4182,86046,111441520.0,2675.0,22,2673.0,38
rb1805,20170606,20170605,211308500,2674.0,4182,86046,111441520.0,2675.0,24,2673.0,38
rb1805,20170606,20170605,211309000,2673.0,4186,86050,111548440.0,2675.0,24,2673.0,36
rb1805,20170606,20170605,211309500,2673.0,4196,86060,111815740.0,2675.0,25,2673.0,31
rb1805,20170606,20170605,211310000,2673.0,4198,86062,111869200.0,2675.0,25,2673.0,30
rb1805,20170606,20170605,211310500,2673.0,4198,86062,111869200.0,2675.0,23,2673.0,30
rb1805,20170606,20170605,211311000,2673.0,4198,86062,111869200.0,2674.0,10,2673.0,30
rb1805,20170606,20170605,211311500,2673.0,4198,86062,111869200.0,2674.0,10,2673.0,30
rb1805,20170606,20170605,211312000,2673.0,4198,86062,111869200.0,2674.0,11,2673.0,30
rb1805,20170606,20170605,211312500,2673.0,4198,86062,111869200.0,2674.0,11,2673.0,30
rb1805,20170606,20170605,211313000,2673.0,4200,86062,111922660.0,2674.0,11,2673.0,29
rb1805,20170606,20170605,211314000,2673.0,4260,86116,113526460.0,2673.0,4,2671.0,13
rb1805,20170606,20170605,211314500,2673.0,4260,86116,113526460.0,2673.0,4,2671.0,8
rb1805,20170606,20170605,211315500,2673.0,4260,86116,113526460.0,2673.0,5,2671.0,8
