instrument,tradingday,calendarday,time,lastp,volume,openinterest,turnover,ask1,asksz1,bid1,bidsz1
rb1805,20170615,20170614,190607500,2796.0,0,81672,0.0,0.0,0,0.0,0
rb1805,20170615,20170614,205900500,2796.0,36,81682,1006560.0,2796.0,5,2785.0,3
rb1805,20170615,20170614,210000500,2796.0,40,81686,1118400.0,2796.0,15,2788.0,2
rb1805,20170615,20170614,210001000,2796.0,46,81686,1286160.0,2796.0,12,2788.0,2
rb1805,20170615,20170614,210001500,2785.0,64,81682,1787640.0,2794.0,1,2785.0,9
rb1805,20170615,20170614,210002000,2796.0,70,81684,1955360.0,2794.0,5,2787.0,2
rb1805,20170615,20170614,210002500,2796.0,70,81684,1955360.0,2794.0,6,2788.0,1
rb1805,20170615,20170614,210003000,2796.0,70,81684,1955360.0,2794.0,6,2788.0,1
rb1805,20170615,20170614,210003500,2796.0,70,81684,1955360.0,2794.0,6,2789.0,1
rb1805,20170615,20170614,210004000,2794.0,80,81674,2234760.0,2794.0,1,2789.0,4
rb1805,20170615,20170614,210004500,2794.0,80,81674,2234760.0,2794.0,1,2789.0,1
rb1805,20170615,20170614,210005000,2794.0,82,81672,2290640.0,2796.0,10,2789.0,2
rb1805,20170615,20170614,210005500,2794.0,82,81672,2290640.0,2795.0,1,2789.0,2
rb1805,20170615,20170614,210006000,2794.0,82,81672,2290640.0,2795.0,1,2789.0,2
rb1805,20170615,20170614,210006500,2795.0,86,81676,2402440.0,2796.0,10,2790.0,6
rb1805,20170615,20170614,210007000,2795.0,86,81676,2402440.0,2796.0,10,2794.0,1
rb1805,20170615,20170614,210007500,2796.0,106,81656,2961640.0,2797.0,3,2794.0,1
rb1805,20170615,20170614,210008000,2795.0,108,81656,3017540.0,2797.0,3,2795.0,1
rb1805,20170615,20170614,210008500,2795.0,108,81656,3017540.0,2797.0,3,2796.0,1
rb1805,20170615,20170614,210009000,2796.0,112,81658,3129380.0,2796.0,1,2795.0,1
rb1805,20170615,20170614,210009500,2797.0,122,81654,3409000.0,2795.0,5,2793.0,1
rb1805,20170615,20170614,210010000,2795.0,124,81652,3464900.0,2795.0,4,2793.0,1
rb1805,20170615,20170614,210010500,2795.0,132,81644,3688500.0,2798.0,6,2793.0,1
rb1805,20170615,20170614,210011000,2795.0,132,81644,3688500.0,2797.0,1,2793.0,1
rb1805,20170615,20170614,210011500,2797.0,134,81646,3744440.0,2798.0,6,2793.0,1
rb1805,20170615,20170614,210012000,2797.0,134,81646,3744440.0,2798.0,6,2793.0,1
rb1805,20170615,20170614,210012500,2797.0,134,81646,3744440.0,2798.0,6,2793.0,1
rb1805,20170615,20170614,210013500,2793.0,138,81646,3856160.0,2796.0,5,2790.0,1
rb1805,20170615,20170614,210014000,2793.0,138,81646,3856160.0,2795.0,1,2790.0,1
rb1805,20170615,20170614,210014500,2793.0,138,81646,3856160.0,2795.0,1,2790.0,1
rb1805,20170615,20170614,210015000,2795.0,140,81646,3912060.0,2795.0,1,2790.0,1
rb1805,20170615,20170614,210015500,2795.0,140,81646,3912060.0,2796.0,5,2791.0,1
rb1805,20170615,20170614,210016000,2795.0,140,81646,3912060.0,2795.0,1,2790.0,1
rb1805,20170615,20170614,210016500,2795.0,140,81646,3912060.0,2795.0,1,2790.0,2
rb1805,20170615,20170614,210017000,2795.0,140,81646,3912060.0,2795.0,1,2790.0,2
rb1805,20170615,20170614,210017500,2795.0,140,81646,3912060.0,2795.0,1,2793.0,10
rb1805,20170615,20170614,210018000,2795.0,142,81648,3967960.0,2796.0,5,2793.0,10
rb1805,20170615,20170614,210018500,2795.0,142,81648,3967960.0,2796.0,20,2793.0,10
rb1805,20170615,20170614,210019000,2795.0,142,81648,3967960.0,2796.0,20,2793.0,10
rb1805,20170615,20170614,210019500,2795.0,142,81648,3967960.0,2796.0,5,2793.0,10
rb1805,20170615,20170614,210020000,2795.0,142,81648,3967960.0,2795.0,15,2793.0,10
rb1805,20170615,20170614,210020500,2793.0,162,81648,4526560.0,2793.0,10,2791.0,5
rb1805,20170615,20170614,210021000,2792.0,166,81646,4638260.0,2793.0,9,2792.0,1
rb1805,20170615,20170614,210021500,2793.0,168,81646,4694120.0,2793.0,8,2792.0,1
rb1805,20170615,20170614,210022500,2793.0,168,81646,4694120.0,2793.0,8,2792.0,1
rb1805,20170615,20170614,210023000,2793.0,168,81646,4694120.0,2793.0,8,2792.0,1
rb1805,20170615,20170614,210023500,2793.0,168,81646,4694120.0,2793.0,9,2792.0,1
rb1805,20170615,20170614,210024000,2793.0,168,81646,4694120.0,2793.0,9,2792.0,1
rb1805,20170615,20170614,210025000,2793.0,168,81646,4694120.0,2793.0,9,2792.0,1
rb1805,20170615,20170614,210026000,2793.0,168,81646,4694120.0,2793.0,9,2792.0,1
rb1805,20170615,20170614,210026500,2792.0,170,81646,4749960.0,2793.0,10,2791.0,5
rb1805,20170615,20170614,210027000,2792.0,170,81646,4749960.0,2793.0,10,2791.0,5
rb1805,20170615,20170614,210027500,2792.0,170,81646,4749960.0,2793.0,10,2791.0,5
rb1805,20170615,20170614,210028000,2792.0,170,81646,4749960.0,2793.0,10,2791.0,5
rb1805,20170615,20170614,210028500,2791.0,180,81646,5029060.0,2791.0,29,2790.0,1
rb1805,20170615,20170614,210029000,2791.0,206,81620,5754720.0,2791.0,16,2790.0,1
rb1805,20170615,20170614,210029500,2791.0,208,81618,5810540.0,2791.0,15,2790.0,1
rb1805,20170615,20170614,210030000,2791.0,210,81618,5866360.0,2791.0,14,2790.0,1
rb1805,20170615,20170614,210030500,2791.0,212,81618,5922180.0,2791.0,13,2790.0,1
rb1805,20170615,20170614,210032500,2791.0,212,81618,5922180.0,2791.0,15,2790.0,1
rb1805,20170615,20170614,210033000,2791.0,214,81616,5978000.0,2791.0,14,2790.0,2
rb1805,20170615,20170614,210033500,2791.0,214,81616,5978000.0,2791.0,14,2790.0,3
rb1805,20170615,20170614,210034000,2790.0,222,81610,6201220.0,2790.0,8,2787.0,16
rb1805,20170615,20170614,210034500,2790.0,222,81610,6201220.0,2790.0,8,2788.0,1
rb1805,20170615,20170614,210035000,2790.0,224,81610,6257020.0,2790.0,9,2787.0,16
rb1805,20170615,20170614,210035500,2790.0,228,81610,6368620.0,2790.0,7,2787.0,18
rb1805,20170615,20170614,210036500,2790.0,228,81610,6368620.0,2790.0,7,2787.0,18
rb1805,20170615,20170614,210037000,2790.0,228,81610,6368620.0,2789.0,2,2787.0,18
rb1805,20170615,20170614,210037500,2790.0,228,81610,6368620.0,2789.0,2,2787.0,17
rb1805,20170615,20170614,210038000,2789.0,232,81606,6480180.0,2790.0,7,2789.0,2
rb1805,20170615,20170614,210038500,2789.0,232,81606,6480180.0,2790.0,8,2787.0,17
rb1805,20170615,20170614,210039000,2789.0,232,81606,6480180.0,2790.0,8,2787.0,18
rb1805,20170615,20170614,210040000,2787.0,242,81606,6758880.0,2790.0,3,2787.0,13
rb1805,20170615,20170614,210041000,2787.0,242,81606,6758880.0,2790.0,3,2787.0,14
rb1805,20170615,20170614,210042000,2787.0,242,81606,6758880.0,2790.0,3,2787.0,14
rb1805,20170615,20170614,210042500,2787.0,242,81606,6758880.0,2790.0,3,2787.0,14
rb1805,20170615,20170614,210044500,2787.0,242,81606,6758880.0,2790.0,3,2787.0,14
rb1805,20170615,20170614,210045000,2787.0,242,81606,6758880.0,2790.0,3,2787.0,14
rb1805,20170615,20170614,210045500,2787.0,242,81606,6758880.0,2789.0,2,2787.0,14
rb1805,20170615,20170614,210046000,2787.0,272,81604,7594980.0,2787.0,3,2786.0,2
rb1805,20170615,20170614,210046500,2787.0,278,81600,7762200.0,2789.0,2,2788.0,1
rb1805,20170615,20170614,210047000,2789.0,280,81598,7817980.0,2789.0,1,2788.0,1
rb1805,20170615,20170614,210047500,2788.0,282,81598,7873740.0,2789.0,1,2786.0,2
rb1805,20170615,20170614,210049000,2788.0,282,81598,7873740.0,2789.0,1,2786.0,2
rb1805,20170615,20170614,210049500,2788.0,282,81598,7873740.0,2790.0,3,2787.0,1
rb1805,20170615,20170614,210050000,2788.0,282,81598,7873740.0,2787.0,1,2786.0,2
rb1805,20170615,20170614,210050500,2787.0,284,81596,7929480.0,2789.0,1,2786.0,2
rb1805,20170615,20170614,210051000,2789.0,286,81596,7985260.0,2790.0,4,2786.0,2
rb1805,20170615,20170614,210051500,2789.0,286,81596,7985260.0,2790.0,4,2786.0,2
rb1805,20170615,20170614,210052000,2789.0,286,81596,7985260.0,2790.0,4,2786.0,2
rb1805,20170615,20170614,210052500,2789.0,286,81596,7985260.0,2790.0,4,2786.0,2
rb1805,20170615,20170614,210053500,2790.0,288,81598,8041060.0,2790.0,3,2786.0,2
rb1805,20170615,20170614,210054000,2790.0,288,81598,8041060.0,2790.0,3,2786.0,2
rb1805,20170615,20170614,210054500,2790.0,288,81598,8041060.0,2790.0,3,2788.0,1
rb1805,20170615,20170614,210055500,2788.0,290,81600,8096820.0,2790.0,3,2786.0,2
rb1805,20170615,20170614,210056000,2788.0,290,81600,8096820.0,2790.0,3,2786.0,2
rb1805,20170615,20170614,210056500,2788.0,290,81600,8096820.0,2790.0,4,2789.0,1
rb1805,20170615,20170614,210057000,2789.0,292,81602,8152600.0,2789.0,4,2786.0,2
rb1805,20170615,20170614,210057500,2789.0,292,81602,8152600.0,2788.0,1,2786.0,2
rb1805,20170615,20170614,210058500,2789.0,292,81602,8152600.0,2788.0,1,2786.0,2
rb1805,20170615,20170614,210059000,2789.0,292,81602,8152600.0,2788.0,1,2786.0,2
rb1805,20170615,20170614,210059500,2789.0,292,81602,8152600.0,2788.0,1,2786.0,2
rb1805,20170615,20170614,210100000,2789.0,292,81602,8152600.0,2789.0,2,2786.0,2
rb1805,20170615,20170614,210100500,2789.0,292,81602,8152600.0,2789.0,3,2786.0,2
rb1805,20170615,20170614,210101000,2789.0,292,81602,8152600.0,2789.0,3,2786.0,2
rb1805,20170615,20170614,210101500,2789.0,292,81602,8152600.0,2789.0,8,2786.0,7
rb1805,20170615,20170614,210102000,2789.0,292,81602,8152600.0,2789.0,8,2786.0,7
rb1805,20170615,20170614,210103000,2789.0,292,81602,8152600.0,2789.0,8,2787.0,1
rb1805,20170615,20170614,210103500,2789.0,292,81602,8152600.0,2789.0,8,2787.0,1
rb1805,20170615,20170614,210104000,2789.0,292,81602,8152600.0,2789.0,8,2787.0,1
rb1805,20170615,20170614,210104500,2789.0,292,81602,8152600.0,2789.0,8,2787.0,1
rb1805,20170615,20170614,210105000,2789.0,292,81602,8152600.0,2789.0,8,2787.0,1
rb1805,20170615,20170614,210105500,2789.0,292,81602,8152600.0,2789.0,8,2787.0,1
rb1805,20170615,20170614,210106000,2789.0,292,81602,8152600.0,2789.0,8,2787.0,1
rb1805,20170615,20170614,210108500,2789.0,292,81602,8152600.0,2789.0,8,2787.0,1
rb1805,20170615,20170614,210109000,2787.0,294,81602,8208340.0,2789.0,8,2786.0,8
rb1805,20170615,20170614,210109500,2787.0,294,81602,8208340.0,2789.0,8,2786.0,3
rb1805,20170615,20170614,210110000,2787.0,294,81602,8208340.0,2788.0,13,2786.0,3
rb1805,20170615,20170614,210110500,2786.0,296,81602,8264060.0,2788.0,5,2786.0,2
rb1805,20170615,20170614,210111000,2787.0,298,81604,8319800.0,2787.0,8,2786.0,2
rb1805,20170615,20170614,210111500,2787.0,298,81604,8319800.0,2788.0,5,2786.0,2
rb1805,20170615,20170614,210112000,2786.0,302,81608,8431240.0,2786.0,1,2785.0,14
rb1805,20170615,20170614,210112500,2786.0,304,81608,8486960.0,2788.0,5,2786.0,1
rb1805,20170615,20170614,210113000,2788.0,308,81608,8598460.0,2788.0,5,2785.0,13
rb1805,20170615,20170614,210113500,2788.0,308,81608,8598460.0,2788.0,17,2786.0,1
rb1805,20170615,20170614,210114000,2788.0,308,81608,8598460.0,2788.0,17,2786.0,1
rb1805,20170615,20170614,210114500,2788.0,308,81608,8598460.0,2788.0,4,2786.0,1
rb1805,20170615,20170614,210115000,2788.0,308,81608,8598460.0,2788.0,17,2786.0,1
rb1805,20170615,20170614,210115500,2785.0,318,81608,8876980.0,2788.0,17,2785.0,9
rb1805,20170615,20170614,210116000,2785.0,318,81608,8876980.0,2788.0,17,2785.0,14
rb1805,20170615,20170614,210116500,2785.0,318,81608,8876980.0,2788.0,17,2786.0,3
rb1805,20170615,20170614,210117000,2785.0,318,81608,8876980.0,2788.0,17,2786.0,3
rb1805,20170615,20170614,210121000,2785.0,318,81608,8876980.0,2788.0,6,2786.0,3
rb1805,20170615,20170614,210121500,2786.0,320,81610,8932700.0,2788.0,11,2786.0,2
rb1805,20170615,20170614,210122500,2786.0,320,81610,8932700.0,2788.0,11,2786.0,7
rb1805,20170615,20170614,210123500,2786.0,320,81610,8932700.0,2788.0,7,2786.0,8
rb1805,20170615,20170614,210124500,2786.0,320,81610,8932700.0,2788.0,1,2786.0,9
rb1805,20170615,20170614,210125500,2786.0,320,81610,8932700.0,2788.0,1,2786.0,9
rb1805,20170615,20170614,210126000,2786.0,320,81610,8932700.0,2787.0,2,2786.0,10
rb1805,20170615,20170614,210126500,2787.0,324,81610,9044180.0,2788.0,1,2787.0,7
rb1805,20170615,20170614,210127000,2787.0,328,81606,9155680.0,2788.0,10,2786.0,10
rb1805,20170615,20170614,210128000,2787.0,328,81606,9155680.0,2788.0,14,2786.0,10
rb1805,20170615,20170614,210128500,2787.0,328,81606,9155680.0,2788.0,14,2786.0,10
rb1805,20170615,20170614,210129000,2787.0,328,81606,9155680.0,2788.0,14,2786.0,11
rb1805,20170615,20170614,210129500,2787.0,328,81606,9155680.0,2788.0,14,2786.0,10
rb1805,20170615,20170614,210130000,2787.0,328,81606,9155680.0,2788.0,14,2786.0,10
rb1805,20170615,20170614,210130500,2787.0,328,81606,9155680.0,2788.0,14,2786.0,20
rb1805,20170615,20170614,210131500,2787.0,328,81606,9155680.0,2788.0,14,2787.0,1
rb1805,20170615,20170614,210132000,2788.0,332,81602,9267200.0,2788.0,12,2787.0,1
rb1805,20170615,20170614,210132500,2788.0,332,81602,9267200.0,2788.0,12,2786.0,20
rb1805,20170615,20170614,210133000,2788.0,332,81602,9267200.0,2788.0,12,2787.0,2
rb1805,20170615,20170614,210133500,2786.0,344,81602,9601560.0,2788.0,12,2786.0,17
rb1805,20170615,20170614,210134000,2786.0,344,81602,9601560.0,2788.0,8,2787.0,1
rb1805,20170615,20170614,210134500,2786.0,344,81602,9601560.0,2788.0,13,2787.0,1
rb1805,20170615,20170614,210135000,2786.0,344,81602,9601560.0,2788.0,8,2787.0,1
rb1805,20170615,20170614,210136500,2786.0,344,81602,9601560.0,2788.0,8,2787.0,1
rb1805,20170615,20170614,210137000,2787.0,346,81600,9657300.0,2788.0,8,2786.0,15
rb1805,20170615,20170614,210139000,2787.0,346,81600,9657300.0,2788.0,8,2786.0,15
rb1805,20170615,20170614,210141000,2787.0,346,81600,9657300.0,2788.0,8,2787.0,3
rb1805,20170615,20170614,210142000,2788.0,348,81600,9713060.0,2788.0,7,2787.0,1
rb1805,20170615,20170614,210142500,2788.0,348,81600,9713060.0,2788.0,7,2787.0,1
rb1805,20170615,20170614,210143000,2787.0,350,81600,9768800.0,2788.0,7,2786.0,15
rb1805,20170615,20170614,210143500,2787.0,350,81600,9768800.0,2788.0,7,2786.0,15
rb1805,20170615,20170614,210144000,2787.0,350,81600,9768800.0,2788.0,8,2787.0,11
rb1805,20170615,20170614,210144500,2787.0,350,81600,9768800.0,2788.0,8,2787.0,11
rb1805,20170615,20170614,210145000,2787.0,350,81600,9768800.0,2788.0,8,2787.0,11
rb1805,20170615,20170614,210145500,2787.0,350,81600,9768800.0,2788.0,8,2787.0,11
rb1805,20170615,20170614,210146000,2787.0,350,81600,9768800.0,2788.0,8,2787.0,11
rb1805,20170615,20170614,210146500,2788.0,352,81598,9824560.0,2788.0,7,2787.0,12
rb1805,20170615,20170614,210147000,2788.0,352,81598,9824560.0,2788.0,12,2787.0,12
rb1805,20170615,20170614,210147500,2788.0,352,81598,9824560.0,2788.0,12,2787.0,13
rb1805,20170615,20170614,210148500,2788.0,352,81598,9824560.0,2788.0,7,2787.0,13
rb1805,20170615,20170614,210150500,2788.0,352,81598,9824560.0,2788.0,7,2787.0,14
rb1805,20170615,20170614,210151000,2788.0,352,81598,9824560.0,2788.0,7,2787.0,18
rb1805,20170615,20170614,210151500,2788.0,370,81598,10326400.0,2789.0,7,2788.0,3
rb1805,20170615,20170614,210152000,2788.0,370,81598,10326400.0,2789.0,2,2787.0,18
rb1805,20170615,20170614,210152500,2788.0,370,81598,10326400.0,2789.0,2,2787.0,19
rb1805,20170615,20170614,210153000,2788.0,370,81598,10326400.0,2789.0,2,2787.0,18
rb1805,20170615,20170614,210155000,2787.0,372,81598,10382140.0,2789.0,2,2787.0,17
rb1805,20170615,20170614,210156500,2787.0,372,81598,10382140.0,2789.0,2,2787.0,17
rb1805,20170615,20170614,210158000,2787.0,372,81598,10382140.0,2789.0,4,2787.0,17
rb1805,20170615,20170614,210158500,2787.0,372,81598,10382140.0,2789.0,9,2787.0,13
rb1805,20170615,20170614,210159000,2787.0,374,81598,10437880.0,2789.0,9,2787.0,12
rb1805,20170615,20170614,210159500,2787.0,376,81598,10493620.0,2789.0,9,2788.0,1
rb1805,20170615,20170614,210200000,2787.0,376,81598,10493620.0,2789.0,4,2788.0,1
rb1805,20170615,20170614,210202500,2787.0,376,81598,10493620.0,2789.0,4,2788.0,1
rb1805,20170615,20170614,210203500,2787.0,376,81598,10493620.0,2789.0,4,2788.0,2
rb1805,20170615,20170614,210204000,2787.0,376,81598,10493620.0,2789.0,4,2788.0,2
rb1805,20170615,20170614,210204500,2787.0,376,81598,10493620.0,2789.0,4,2788.0,2
rb1805,20170615,20170614,210205500,2788.0,378,81598,10549380.0,2789.0,2,2788.0,1
rb1805,20170615,20170614,210206000,2788.0,382,81598,10660900.0,2788.0,1,2787.0,11
rb1805,20170615,20170614,210206500,2788.0,382,81598,10660900.0,2789.0,7,2787.0,11
rb1805,20170615,20170614,210207000,2788.0,382,81598,10660900.0,2788.0,2,2787.0,11
rb1805,20170615,20170614,210208000,2788.0,382,81598,10660900.0,2788.0,2,2787.0,11
rb1805,20170615,20170614,210208500,2788.0,382,81598,10660900.0,2788.0,2,2787.0,11
rb1805,20170615,20170614,210209000,2787.0,386,81602,10772380.0,2788.0,2,2787.0,9
rb1805,20170615,20170614,210210000,2787.0,386,81602,10772380.0,2788.0,2,2787.0,14
rb1805,20170615,20170614,210211000,2787.0,386,81602,10772380.0,2788.0,2,2787.0,14
rb1805,20170615,20170614,210212500,2787.0,386,81602,10772380.0,2788.0,2,2787.0,14
rb1805,20170615,20170614,210213000,2787.0,386,81602,10772380.0,2788.0,22,2787.0,14
rb1805,20170615,20170614,210214000,2787.0,386,81602,10772380.0,2788.0,22,2787.0,14
rb1805,20170615,20170614,210216500,2787.0,386,81602,10772380.0,2788.0,22,2787.0,14
rb1805,20170615,20170614,210217500,2788.0,390,81602,10883880.0,2788.0,21,2787.0,13
rb1805,20170615,20170614,210219500,2788.0,390,81602,10883880.0,2788.0,22,2787.0,13
rb1805,20170615,20170614,210221500,2788.0,390,81602,10883880.0,2788.0,22,2787.0,13
rb1805,20170615,20170614,210222000,2788.0,392,81602,10939640.0,2788.0,21,2787.0,8
rb1805,20170615,20170614,210223000,2788.0,398,81602,11106920.0,2788.0,18,2787.0,8
rb1805,20170615,20170614,210224000,2788.0,400,81602,11162680.0,2788.0,17,2787.0,8
rb1805,20170615,20170614,210225000,2787.0,402,81602,11218420.0,2788.0,17,2787.0,7
rb1805,20170615,20170614,210225500,2787.0,402,81602,11218420.0,2788.0,17,2787.0,7
rb1805,20170615,20170614,210226000,2788.0,404,81602,11274180.0,2788.0,16,2787.0,7
rb1805,20170615,20170614,210226500,2788.0,404,81602,11274180.0,2788.0,16,2787.0,7
rb1805,20170615,20170614,210229500,2788.0,404,81602,11274180.0,2788.0,16,2787.0,7
rb1805,20170615,20170614,210230000,2788.0,404,81602,11274180.0,2788.0,16,2787.0,8
rb1805,20170615,20170614,210230500,2787.0,406,81604,11329920.0,2788.0,16,2787.0,7
rb1805,20170615,20170614,210231000,2787.0,406,81604,11329920.0,2788.0,16,2787.0,7
rb1805,20170615,20170614,210233000,2787.0,406,81604,11329920.0,2788.0,16,2787.0,7
rb1805,20170615,20170614,210233500,2787.0,406,81604,11329920.0,2788.0,16,2787.0,7
rb1805,20170615,20170614,210234000,2787.0,406,81604,11329920.0,2788.0,16,2787.0,7
rb1805,20170615,20170614,210235000,2787.0,406,81604,11329920.0,2788.0,21,2787.0,7
rb1805,20170615,20170614,210235500,2787.0,408,81604,11385660.0,2788.0,21,2787.0,6
rb1805,20170615,20170614,210236000,2787.0,420,81604,11720100.0,2787.0,9,2786.0,10
rb1805,20170615,20170614,210236500,2787.0,420,81604,11720100.0,2787.0,12,2786.0,7
rb1805,20170615,20170614,210237500,2788.0,486,81624,13559940.0,2789.0,7,2788.0,17
rb1805,20170615,20170614,210238000,2788.0,520,81658,14507860.0,2788.0,13,2786.0,7
rb1805,20170615,20170614,210238500,2788.0,520,81658,14507860.0,2787.0,3,2786.0,7
rb1805,20170615,20170614,210239500,2788.0,520,81658,14507860.0,2788.0,3,2786.0,7
rb1805,20170615,20170614,210240000,2788.0,520,81658,14507860.0,2788.0,3,2786.0,7
rb1805,20170615,20170614,210240500,2788.0,520,81658,14507860.0,2788.0,3,2787.0,1
rb1805,20170615,20170614,210242500,2788.0,520,81658,14507860.0,2788.0,3,2787.0,1
rb1805,20170615,20170614,210243000,2788.0,520,81658,14507860.0,2788.0,3,2787.0,3
rb1805,20170615,20170614,210243500,2788.0,520,81658,14507860.0,2788.0,3,2787.0,3
rb1805,20170615,20170614,210244500,2787.0,522,81658,14563600.0,2788.0,3,2787.0,2
rb1805,20170615,20170614,210245500,2787.0,522,81658,14563600.0,2788.0,3,2787.0,2
rb1805,20170615,20170614,210248000,2787.0,526,81662,14675080.0,2787.0,1,2786.0,12
rb1805,20170615,20170614,210248500,2787.0,526,81662,14675080.0,2787.0,1,2786.0,7
rb1805,20170615,20170614,210249000,2787.0,526,81662,14675080.0,2787.0,1,2786.0,7
rb1805,20170615,20170614,210250000,2787.0,526,81662,14675080.0,2788.0,3,2786.0,7
rb1805,20170615,20170614,210251500,2787.0,526,81662,14675080.0,2788.0,3,2786.0,12
rb1805,20170615,20170614,210252000,2787.0,526,81662,14675080.0,2789.0,7,2787.0,2
rb1805,20170615,20170614,210253500,2787.0,526,81662,14675080.0,2789.0,7,2787.0,2
rb1805,20170615,20170614,210254000,2787.0,528,81664,14730820.0,2788.0,1,2787.0,1
rb1805,20170615,20170614,210254500,2787.0,528,81664,14730820.0,2788.0,1,2787.0,1
rb1805,20170615,20170614,210256000,2787.0,528,81664,14730820.0,2788.0,1,2787.0,1
rb1805,20170615,20170614,210257000,2787.0,528,81664,14730820.0,2789.0,12,2787.0,1
rb1805,20170615,20170614,210258500,2787.0,530,81664,14786560.0,2789.0,13,2786.0,12
rb1805,20170615,20170614,210259000,2787.0,530,81664,14786560.0,2789.0,13,2786.0,13
rb1805,20170615,20170614,210259500,2787.0,530,81664,14786560.0,2789.0,18,2786.0,13
rb1805,20170615,20170614,210300000,2786.0,532,81664,14842280.0,2789.0,18,2786.0,12
rb1805,20170615,20170614,210301000,2786.0,534,81666,14898000.0,2789.0,18,2786.0,10
rb1805,20170615,20170614,210303500,2786.0,534,81666,14898000.0,2789.0,18,2786.0,11
rb1805,20170615,20170614,210304000,2786.0,534,81666,14898000.0,2789.0,18,2786.0,11
rb1805,20170615,20170614,210304500,2786.0,534,81666,14898000.0,2789.0,27,2786.0,11
rb1805,20170615,20170614,210306000,2786.0,534,81666,14898000.0,2789.0,27,2786.0,12
rb1805,20170615,20170614,210307500,2786.0,534,81666,14898000.0,2789.0,27,2786.0,12
rb1805,20170615,20170614,210308500,2786.0,534,81666,14898000.0,2789.0,27,2786.0,12
rb1805,20170615,20170614,210310000,2786.0,534,81666,14898000.0,2788.0,1,2786.0,12
rb1805,20170615,20170614,210310500,2786.0,536,81666,14953720.0,2788.0,1,2786.0,6
rb1805,20170615,20170614,210311000,2786.0,536,81666,14953720.0,2788.0,1,2786.0,6
rb1805,20170615,20170614,210313500,2788.0,542,81668,15121000.0,2789.0,18,2788.0,47
rb1805,20170615,20170614,210314000,2788.0,546,81672,15232520.0,2789.0,18,2788.0,45
rb1805,20170615,20170614,210314500,2788.0,546,81672,15232520.0,2789.0,18,2788.0,45
rb1805,20170615,20170614,210315000,2788.0,546,81672,15232520.0,2789.0,18,2788.0,45
rb1805,20170615,20170614,210315500,2788.0,566,81688,15790120.0,2789.0,18,2788.0,35
rb1805,20170615,20170614,210316000,2788.0,574,81696,16013160.0,2789.0,18,2788.0,31
rb1805,20170615,20170614,210316500,2789.0,594,81678,16570960.0,2789.0,8,2788.0,31
rb1805,20170615,20170614,210317000,2788.0,634,81678,17686160.0,2789.0,9,2788.0,11
rb1805,20170615,20170614,210317500,2788.0,634,81678,17686160.0,2789.0,8,2788.0,11
rb1805,20170615,20170614,210319000,2788.0,634,81678,17686160.0,2789.0,8,2788.0,11
rb1805,20170615,20170614,210320000,2788.0,634,81678,17686160.0,2789.0,8,2788.0,13
rb1805,20170615,20170614,210320500,2789.0,644,81682,17965060.0,2789.0,3,2788.0,13
rb1805,20170615,20170614,210321000,2789.0,644,81682,17965060.0,2789.0,3,2788.0,13
rb1805,20170615,20170614,210322000,2789.0,644,81682,17965060.0,2789.0,3,2788.0,13
rb1805,20170615,20170614,210324000,2789.0,644,81682,17965060.0,2789.0,6,2788.0,13
rb1805,20170615,20170614,210326000,2789.0,644,81682,17965060.0,2789.0,6,2788.0,13
rb1805,20170615,20170614,210327000,2789.0,644,81682,17965060.0,2789.0,6,2788.0,13
rb1805,20170615,20170614,210327500,2788.0,670,81682,18689940.0,2788.0,88,2786.0,7
rb1805,20170615,20170614,210329500,2788.0,670,81682,18689940.0,2788.0,88,2786.0,12
rb1805,20170615,20170614,210330000,2788.0,670,81682,18689940.0,2788.0,89,2786.0,12
rb1805,20170615,20170614,210331000,2788.0,670,81682,18689940.0,2788.0,89,2786.0,12
rb1805,20170615,20170614,210332000,2788.0,670,81682,18689940.0,2788.0,89,2787.0,1
rb1805,20170615,20170614,210334500,2787.0,672,81684,18745680.0,2788.0,90,2786.0,12
rb1805,20170615,20170614,210335000,2787.0,672,81684,18745680.0,2787.0,2,2786.0,8
rb1805,20170615,20170614,210336000,2787.0,672,81684,18745680.0,2787.0,2,2786.0,8
rb1805,20170615,20170614,210336500,2786.0,688,81684,19191440.0,2786.0,187,2785.0,19
rb1805,20170615,20170614,210337000,2786.0,688,81684,19191440.0,2786.0,187,2785.0,14
rb1805,20170615,20170614,210340500,2786.0,688,81684,19191440.0,2786.0,187,2785.0,14
rb1805,20170615,20170614,210341000,2786.0,688,81684,19191440.0,2786.0,187,2785.0,15
rb1805,20170615,20170614,210342000,2785.0,696,81684,19414240.0,2786.0,187,2785.0,11
rb1805,20170615,20170614,210344000,2785.0,698,81684,19469940.0,2786.0,187,2785.0,10
rb1805,20170615,20170614,210344500,2785.0,698,81684,19469940.0,2786.0,187,2785.0,13
rb1805,20170615,20170614,210345500,2786.0,706,81676,19692820.0,2786.0,183,2785.0,11
rb1805,20170615,20170614,210346000,2786.0,706,81676,19692820.0,2786.0,183,2785.0,13
rb1805,20170615,20170614,210347500,2786.0,706,81676,19692820.0,2786.0,183,2785.0,18
rb1805,20170615,20170614,210349500,2786.0,706,81676,19692820.0,2786.0,183,2785.0,18
rb1805,20170615,20170614,210350000,2786.0,706,81676,19692820.0,2786.0,185,2785.0,18
rb1805,20170615,20170614,210350500,2786.0,706,81676,19692820.0,2786.0,185,2785.0,20
rb1805,20170615,20170614,210351000,2786.0,706,81676,19692820.0,2786.0,185,2785.0,20
rb1805,20170615,20170614,210351500,2786.0,706,81676,19692820.0,2786.0,185,2785.0,21
rb1805,20170615,20170614,210353000,2786.0,708,81676,19748540.0,2786.0,184,2785.0,21
rb1805,20170615,20170614,210353500,2785.0,750,81654,20918240.0,2785.0,19,2784.0,4
rb1805,20170615,20170614,210354000,2784.0,774,81632,21586620.0,2785.0,11,2784.0,3
rb1805,20170615,20170614,210354500,2785.0,776,81632,21642320.0,2785.0,10,2784.0,3
rb1805,20170615,20170614,210355000,2785.0,776,81632,21642320.0,2785.0,10,2784.0,3
rb1805,20170615,20170614,210355500,2785.0,776,81632,21642320.0,2785.0,10,2784.0,3
rb1805,20170615,20170614,210356500,2785.0,776,81632,21642320.0,2785.0,10,2784.0,3
rb1805,20170615,20170614,210357000,2785.0,776,81632,21642320.0,2785.0,11,2784.0,4
rb1805,20170615,20170614,210358000,2785.0,778,81632,21698020.0,2785.0,11,2784.0,4
rb1805,20170615,20170614,210358500,2785.0,778,81632,21698020.0,2785.0,11,2784.0,5
rb1805,20170615,20170614,210359000,2785.0,778,81632,21698020.0,2785.0,12,2784.0,5
rb1805,20170615,20170614,210359500,2785.0,778,81632,21698020.0,2785.0,12,2784.0,5
rb1805,20170615,20170614,210400000,2785.0,782,81628,21809420.0,2785.0,10,2784.0,5
rb1805,20170615,20170614,210401000,2784.0,786,81626,21920780.0,2785.0,10,2784.0,3
rb1805,20170615,20170614,210401500,2785.0,788,81626,21976480.0,2785.0,9,2784.0,3
rb1805,20170615,20170614,210402500,2785.0,806,81626,22477780.0,2786.0,185,2784.0,9
rb1805,20170615,20170614,210403000,2785.0,806,81626,22477780.0,2786.0,185,2784.0,10
rb1805,20170615,20170614,210403500,2785.0,806,81626,22477780.0,2786.0,185,2784.0,10
rb1805,20170615,20170614,210404000,2785.0,812,81626,22644880.0,2786.0,185,2784.0,10
rb1805,20170615,20170614,210404500,2785.0,816,81626,22756300.0,2786.0,184,2785.0,2
rb1805,20170615,20170614,210406000,2786.0,826,81616,23034900.0,2786.0,179,2785.0,2
rb1805,20170615,20170614,210406500,2786.0,826,81616,23034900.0,2786.0,179,2785.0,2
rb1805,20170615,20170614,210407000,2786.0,912,81530,25430860.0,2786.0,136,2784.0,12
rb1805,20170615,20170614,210407500,2786.0,912,81530,25430860.0,2786.0,136,2785.0,1
rb1805,20170615,20170614,210408000,2786.0,914,81528,25486580.0,2786.0,135,2784.0,11
rb1805,20170615,20170614,210408500,2786.0,914,81528,25486580.0,2786.0,135,2784.0,10
rb1805,20170615,20170614,210410000,2786.0,914,81528,25486580.0,2786.0,135,2785.0,1
rb1805,20170615,20170614,210411000,2785.0,916,81530,25542280.0,2786.0,135,2784.0,10
rb1805,20170615,20170614,210411500,2785.0,916,81530,25542280.0,2786.0,135,2784.0,10
rb1805,20170615,20170614,210412500,2785.0,916,81530,25542280.0,2786.0,135,2784.0,10
rb1805,20170615,20170614,210413000,2785.0,916,81530,25542280.0,2786.0,135,2784.0,10
rb1805,20170615,20170614,210414500,2785.0,916,81530,25542280.0,2786.0,135,2784.0,10
rb1805,20170615,20170614,210415000,2785.0,916,81530,25542280.0,2786.0,135,2784.0,10
rb1805,20170615,20170614,210415500,2785.0,916,81530,25542280.0,2786.0,135,2785.0,2
rb1805,20170615,20170614,210416000,2785.0,916,81530,25542280.0,2786.0,135,2785.0,2
rb1805,20170615,20170614,210417000,2785.0,916,81530,25542280.0,2786.0,135,2785.0,2
rb1805,20170615,20170614,210417500,2785.0,916,81530,25542280.0,2786.0,135,2785.0,2
rb1805,20170615,20170614,210418000,2785.0,916,81530,25542280.0,2786.0,135,2785.0,3
rb1805,20170615,20170614,210419500,2785.0,916,81530,25542280.0,2786.0,135,2785.0,4
rb1805,20170615,20170614,210420000,2785.0,916,81530,25542280.0,2786.0,135,2785.0,4
rb1805,20170615,20170614,210421000,2785.0,916,81530,25542280.0,2786.0,135,2785.0,5
rb1805,20170615,20170614,210422000,2785.0,918,81530,25597980.0,2786.0,135,2785.0,4
rb1805,20170615,20170614,210422500,2785.0,918,81530,25597980.0,2786.0,135,2785.0,5
rb1805,20170615,20170614,210423000,2786.0,934,81514,26043740.0,2786.0,127,2785.0,5
rb1805,20170615,20170614,210423500,2786.0,934,81514,26043740.0,2786.0,127,2785.0,12
rb1805,20170615,20170614,210424000,2785.0,936,81516,26099440.0,2786.0,127,2785.0,12
rb1805,20170615,20170614,210425000,2785.0,936,81516,26099440.0,2786.0,127,2785.0,22
rb1805,20170615,20170614,210426000,2785.0,936,81516,26099440.0,2786.0,127,2785.0,22
rb1805,20170615,20170614,210426500,2785.0,936,81516,26099440.0,2786.0,127,2785.0,23
rb1805,20170615,20170614,210427000,2785.0,936,81516,26099440.0,2786.0,127,2785.0,24
rb1805,20170615,20170614,210427500,2786.0,938,81516,26155160.0,2786.0,126,2785.0,35
rb1805,20170615,20170614,210428000,2786.0,938,81516,26155160.0,2786.0,126,2785.0,39
rb1805,20170615,20170614,210428500,2786.0,938,81516,26155160.0,2786.0,126,2785.0,40
rb1805,20170615,20170614,210429000,2786.0,938,81516,26155160.0,2786.0,126,2785.0,39
rb1805,20170615,20170614,210429500,2786.0,940,81514,26210880.0,2786.0,125,2785.0,35
rb1805,20170615,20170614,210430000,2786.0,940,81514,26210880.0,2786.0,125,2785.0,35
rb1805,20170615,20170614,210430500,2786.0,942,81512,26266600.0,2786.0,124,2785.0,35
rb1805,20170615,20170614,210431000,2786.0,946,81512,26378040.0,2786.0,122,2785.0,35
rb1805,20170615,20170614,210431500,2786.0,946,81512,26378040.0,2786.0,122,2785.0,35
rb1805,20170615,20170614,210432000,2786.0,946,81512,26378040.0,2786.0,122,2785.0,36
rb1805,20170615,20170614,210434000,2786.0,946,81512,26378040.0,2786.0,122,2785.0,37
rb1805,20170615,20170614,210434500,2786.0,946,81512,26378040.0,2786.0,122,2785.0,39
rb1805,20170615,20170614,210435000,2786.0,950,81512,26489480.0,2786.0,120,2785.0,39
rb1805,20170615,20170614,210435500,2786.0,950,81512,26489480.0,2786.0,120,2785.0,39
rb1805,20170615,20170614,210436000,2786.0,950,81512,26489480.0,2786.0,120,2785.0,40
rb1805,20170615,20170614,210436500,2786.0,952,81512,26545200.0,2786.0,119,2785.0,40
rb1805,20170615,20170614,210437000,2786.0,952,81512,26545200.0,2786.0,119,2785.0,40
rb1805,20170615,20170614,210438500,2786.0,956,81512,26656640.0,2786.0,117,2785.0,40
rb1805,20170615,20170614,210439000,2786.0,956,81512,26656640.0,2786.0,117,2785.0,39
rb1805,20170615,20170614,210441000,2786.0,956,81512,26656640.0,2786.0,117,2785.0,39
rb1805,20170615,20170614,210441500,2786.0,956,81512,26656640.0,2786.0,117,2785.0,44
rb1805,20170615,20170614,210442000,2786.0,956,81512,26656640.0,2786.0,117,2785.0,48
rb1805,20170615,20170614,210443000,2786.0,956,81512,26656640.0,2786.0,117,2785.0,49
rb1805,20170615,20170614,210443500,2786.0,956,81512,26656640.0,2786.0,117,2785.0,50
rb1805,20170615,20170614,210444000,2786.0,956,81512,26656640.0,2786.0,117,2785.0,50
rb1805,20170615,20170614,210444500,2786.0,996,81512,27771040.0,2786.0,97,2785.0,45
rb1805,20170615,20170614,210445000,2786.0,998,81512,27826760.0,2786.0,96,2785.0,44
rb1805,20170615,20170614,210445500,2785.0,1000,81512,27882460.0,2786.0,96,2785.0,43
rb1805,20170615,20170614,210446000,2786.0,1002,81510,27938180.0,2786.0,95,2785.0,43
rb1805,20170615,20170614,210447500,2786.0,1004,81510,27993900.0,2786.0,94,2785.0,43
rb1805,20170615,20170614,210448000,2786.0,1004,81510,27993900.0,2786.0,94,2785.0,44
rb1805,20170615,20170614,210448500,2786.0,1006,81510,28049620.0,2786.0,93,2785.0,44
rb1805,20170615,20170614,210451000,2786.0,1006,81510,28049620.0,2786.0,93,2785.0,44
rb1805,20170615,20170614,210452000,2786.0,1006,81510,28049620.0,2786.0,93,2785.0,44
rb1805,20170615,20170614,210453000,2786.0,1006,81510,28049620.0,2786.0,93,2785.0,44
rb1805,20170615,20170614,210454000,2786.0,1006,81510,28049620.0,2786.0,93,2785.0,44
rb1805,20170615,20170614,210454500,2786.0,1006,81510,28049620.0,2786.0,93,2785.0,44
rb1805,20170615,20170614,210455000,2786.0,1008,81508,28105340.0,2786.0,92,2785.0,44
rb1805,20170615,20170614,210457000,2786.0,1008,81508,28105340.0,2786.0,92,2785.0,43
rb1805,20170615,20170614,210457500,2786.0,1032,81484,28773980.0,2786.0,80,2785.0,49
rb1805,20170615,20170614,210458000,2786.0,1034,81484,28829700.0,2786.0,79,2785.0,49
rb1805,20170615,20170614,210458500,2786.0,1034,81484,28829700.0,2786.0,79,2785.0,49
rb1805,20170615,20170614,210459000,2785.0,1036,81484,28885400.0,2786.0,79,2785.0,48
rb1805,20170615,20170614,210459500,2786.0,1038,81484,28941120.0,2786.0,78,2785.0,43
rb1805,20170615,20170614,210500500,2786.0,1136,81388,31671400.0,2786.0,29,2785.0,44
rb1805,20170615,20170614,210501000,2786.0,1136,81388,31671400.0,2786.0,29,2785.0,44
rb1805,20170615,20170614,210501500,2786.0,1140,81384,31782840.0,2786.0,27,2785.0,44
rb1805,20170615,20170614,210502000,2786.0,1160,81384,32340040.0,2786.0,17,2785.0,44
rb1805,20170615,20170614,210502500,2786.0,1172,81372,32674360.0,2786.0,11,2785.0,34
rb1805,20170615,20170614,210503000,2786.0,1172,81372,32674360.0,2786.0,11,2785.0,35
rb1805,20170615,20170614,210503500,2786.0,1194,81352,33287280.0,2788.0,92,2786.0,5
rb1805,20170615,20170614,210504000,2786.0,1194,81352,33287280.0,2788.0,92,2786.0,5
rb1805,20170615,20170614,210504500,2786.0,1196,81350,33343000.0,2788.0,92,2786.0,11
rb1805,20170615,20170614,210505000,2786.0,1196,81350,33343000.0,2788.0,92,2786.0,11
rb1805,20170615,20170614,210505500,2786.0,1196,81350,33343000.0,2788.0,92,2786.0,14
rb1805,20170615,20170614,210506500,2786.0,1196,81350,33343000.0,2788.0,4,2786.0,14
rb1805,20170615,20170614,210507000,2786.0,1196,81350,33343000.0,2788.0,4,2786.0,15
rb1805,20170615,20170614,210508000,2786.0,1196,81350,33343000.0,2788.0,4,2786.0,17
rb1805,20170615,20170614,210508500,2786.0,1196,81350,33343000.0,2788.0,4,2786.0,17
rb1805,20170615,20170614,210509000,2786.0,1196,81350,33343000.0,2788.0,4,2786.0,13
rb1805,20170615,20170614,210509500,2786.0,1196,81350,33343000.0,2788.0,4,2786.0,12
rb1805,20170615,20170614,210510000,2786.0,1196,81350,33343000.0,2788.0,4,2786.0,12
rb1805,20170615,20170614,210510500,2786.0,1196,81350,33343000.0,2788.0,4,2786.0,12
rb1805,20170615,20170614,210511000,2786.0,1196,81350,33343000.0,2788.0,4,2786.0,12
rb1805,20170615,20170614,210511500,2786.0,1196,81350,33343000.0,2788.0,4,2786.0,13
rb1805,20170615,20170614,210512000,2786.0,1198,81350,33398720.0,2788.0,4,2786.0,12
rb1805,20170615,20170614,210512500,2786.0,1198,81350,33398720.0,2788.0,4,2786.0,11
rb1805,20170615,20170614,210513000,2786.0,1198,81350,33398720.0,2788.0,4,2786.0,12
rb1805,20170615,20170614,210513500,2786.0,1198,81350,33398720.0,2788.0,4,2786.0,11
rb1805,20170615,20170614,210515000,2786.0,1198,81350,33398720.0,2788.0,4,2786.0,12
rb1805,20170615,20170614,210515500,2786.0,1198,81350,33398720.0,2788.0,4,2786.0,17
rb1805,20170615,20170614,210517500,2786.0,1198,81350,33398720.0,2788.0,4,2787.0,2
rb1805,20170615,20170614,210518000,2788.0,1202,81350,33510200.0,2788.0,3,2787.0,1
rb1805,20170615,20170614,210518500,2788.0,1202,81350,33510200.0,2788.0,3,2787.0,1
rb1805,20170615,20170614,210519000,2788.0,1202,81350,33510200.0,2788.0,3,2787.0,1
rb1805,20170615,20170614,210519500,2788.0,1202,81350,33510200.0,2788.0,5,2786.0,16
rb1805,20170615,20170614,210520000,2788.0,1202,81350,33510200.0,2788.0,5,2787.0,1
rb1805,20170615,20170614,210520500,2788.0,1202,81350,33510200.0,2788.0,5,2787.0,1
rb1805,20170615,20170614,210521500,2788.0,1202,81350,33510200.0,2788.0,5,2787.0,1
rb1805,20170615,20170614,210522000,2788.0,1202,81350,33510200.0,2788.0,5,2787.0,1
rb1805,20170615,20170614,210522500,2788.0,1208,81346,33677480.0,2788.0,2,2787.0,2
rb1805,20170615,20170614,210523000,2788.0,1208,81346,33677480.0,2788.0,2,2787.0,4
rb1805,20170615,20170614,210525000,2787.0,1216,81340,33900440.0,2787.0,6,2786.0,14
rb1805,20170615,20170614,210525500,2787.0,1226,81340,34179140.0,2787.0,1,2786.0,9
rb1805,20170615,20170614,210526000,2787.0,1226,81340,34179140.0,2787.0,1,2786.0,11
rb1805,20170615,20170614,210526500,2787.0,1226,81340,34179140.0,2787.0,1,2786.0,12
rb1805,20170615,20170614,210527000,2788.0,1232,81334,34346400.0,2789.0,8,2786.0,14
rb1805,20170615,20170614,210527500,2788.0,1232,81334,34346400.0,2788.0,2,2786.0,19
rb1805,20170615,20170614,210528000,2788.0,1232,81334,34346400.0,2788.0,2,2786.0,19
rb1805,20170615,20170614,210530500,2788.0,1232,81334,34346400.0,2788.0,2,2786.0,20
rb1805,20170615,20170614,210532000,2788.0,1232,81334,34346400.0,2787.0,1,2786.0,20
rb1805,20170615,20170614,210533500,2788.0,1238,81330,34513680.0,2789.0,8,2786.0,20
rb1805,20170615,20170614,210535000,2788.0,1238,81330,34513680.0,2789.0,8,2786.0,20
rb1805,20170615,20170614,210536000,2788.0,1238,81330,34513680.0,2789.0,8,2786.0,20
rb1805,20170615,20170614,210536500,2788.0,1238,81330,34513680.0,2789.0,8,2786.0,20
rb1805,20170615,20170614,210537000,2788.0,1238,81330,34513680.0,2789.0,8,2786.0,20
rb1805,20170615,20170614,210538000,2788.0,1238,81330,34513680.0,2789.0,8,2786.0,20
rb1805,20170615,20170614,210540000,2788.0,1238,81330,34513680.0,2789.0,8,2787.0,1
rb1805,20170615,20170614,210540500,2788.0,1238,81330,34513680.0,2788.0,3,2787.0,1
rb1805,20170615,20170614,210541000,2788.0,1238,81330,34513680.0,2788.0,3,2787.0,1
rb1805,20170615,20170614,210541500,2788.0,1238,81330,34513680.0,2788.0,3,2787.0,1
rb1805,20170615,20170614,210542000,2788.0,1238,81330,34513680.0,2788.0,3,2787.0,1
rb1805,20170615,20170614,210542500,2788.0,1238,81330,34513680.0,2788.0,3,2787.0,1
rb1805,20170615,20170614,210543000,2788.0,1238,81330,34513680.0,2788.0,3,2787.0,1
rb1805,20170615,20170614,210544000,2787.0,1240,81330,34569420.0,2787.0,9,2786.0,17
rb1805,20170615,20170614,210544500,2787.0,1242,81328,34625160.0,2787.0,8,2786.0,12
rb1805,20170615,20170614,210545000,2787.0,1258,81312,35071080.0,2788.0,3,2787.0,11
rb1805,20170615,20170614,210545500,2787.0,1258,81312,35071080.0,2788.0,3,2787.0,11
rb1805,20170615,20170614,210546000,2787.0,1258,81312,35071080.0,2788.0,3,2787.0,10
rb1805,20170615,20170614,210547500,2787.0,1258,81312,35071080.0,2788.0,3,2787.0,10
rb1805,20170615,20170614,210548000,2787.0,1258,81312,35071080.0,2789.0,8,2787.0,10
rb1805,20170615,20170614,210548500,2787.0,1260,81312,35126820.0,2789.0,9,2787.0,9
rb1805,20170615,20170614,210551000,2787.0,1280,81302,35684220.0,2788.0,5,2786.0,12
rb1805,20170615,20170614,210551500,2787.0,1280,81302,35684220.0,2788.0,5,2786.0,13
rb1805,20170615,20170614,210552500,2787.0,1280,81302,35684220.0,2788.0,5,2786.0,18
rb1805,20170615,20170614,210553000,2787.0,1280,81302,35684220.0,2788.0,5,2786.0,18
rb1805,20170615,20170614,210553500,2787.0,1280,81302,35684220.0,2788.0,5,2786.0,17
rb1805,20170615,20170614,210554000,2787.0,1280,81302,35684220.0,2788.0,5,2786.0,18
rb1805,20170615,20170614,210555500,2787.0,1280,81302,35684220.0,2788.0,6,2786.0,18
rb1805,20170615,20170614,210556000,2787.0,1280,81302,35684220.0,2788.0,6,2786.0,18
rb1805,20170615,20170614,210557000,2787.0,1280,81302,35684220.0,2788.0,6,2786.0,18
rb1805,20170615,20170614,210557500,2787.0,1280,81302,35684220.0,2788.0,6,2787.0,1
rb1805,20170615,20170614,210558000,2787.0,1280,81302,35684220.0,2788.0,6,2787.0,1
rb1805,20170615,20170614,210559000,2787.0,1280,81302,35684220.0,2788.0,6,2787.0,1
rb1805,20170615,20170614,210600000,2789.0,1294,81292,36074560.0,2789.0,28,2788.0,7
rb1805,20170615,20170614,210600500,2788.0,1296,81290,36130320.0,2789.0,28,2787.0,1
rb1805,20170615,20170614,210601000,2788.0,1296,81290,36130320.0,2789.0,28,2787.0,1
rb1805,20170615,20170614,210601500,2788.0,1296,81290,36130320.0,2789.0,28,2787.0,1
rb1805,20170615,20170614,210603000,2788.0,1296,81290,36130320.0,2789.0,28,2787.0,6
rb1805,20170615,20170614,210604500,2788.0,1296,81290,36130320.0,2789.0,28,2788.0,1
rb1805,20170615,20170614,210605000,2788.0,1296,81290,36130320.0,2789.0,28,2788.0,1
rb1805,20170615,20170614,210605500,2788.0,1296,81290,36130320.0,2789.0,28,2788.0,1
rb1805,20170615,20170614,210606000,2787.0,1316,81280,36687740.0,2789.0,28,2786.0,18
rb1805,20170615,20170614,210606500,2787.0,1316,81280,36687740.0,2789.0,31,2788.0,5
rb1805,20170615,20170614,210607000,2789.0,1376,81264,38361140.0,2789.0,1,2788.0,5
rb1805,20170615,20170614,210607500,2788.0,1386,81254,38639940.0,2788.0,3,2787.0,16
rb1805,20170615,20170614,210608000,2788.0,1392,81248,38807220.0,2789.0,1,2788.0,7
rb1805,20170615,20170614,210608500,2788.0,1402,81246,39086020.0,2789.0,1,2788.0,1
rb1805,20170615,20170614,210609000,2788.0,1404,81248,39141780.0,2788.0,5,2787.0,17
rb1805,20170615,20170614,210609500,2788.0,1412,81248,39364820.0,2789.0,1,2788.0,3
rb1805,20170615,20170614,210610000,2789.0,1414,81246,39420600.0,2790.0,13,2788.0,3
rb1805,20170615,20170614,210610500,2789.0,1414,81246,39420600.0,2790.0,13,2787.0,17
rb1805,20170615,20170614,210611000,2789.0,1414,81246,39420600.0,2789.0,2,2787.0,22
rb1805,20170615,20170614,210612000,2787.0,1454,81262,40535400.0,2789.0,2,2787.0,2
rb1805,20170615,20170614,210612500,2787.0,1466,81274,40869840.0,2787.0,14,2786.0,24
rb1805,20170615,20170614,210613000,2787.0,1494,81276,41650200.0,2789.0,2,2787.0,3
rb1805,20170615,20170614,210613500,2787.0,1494,81276,41650200.0,2789.0,2,2787.0,9
rb1805,20170615,20170614,210614000,2787.0,1494,81276,41650200.0,2789.0,2,2787.0,6
rb1805,20170615,20170614,210614500,2789.0,1496,81276,41705980.0,2789.0,1,2787.0,8
rb1805,20170615,20170614,210615000,2789.0,1496,81276,41705980.0,2789.0,1,2787.0,8
rb1805,20170615,20170614,210615500,2789.0,1496,81276,41705980.0,2789.0,3,2787.0,8
rb1805,20170615,20170614,210616000,2789.0,1496,81276,41705980.0,2789.0,3,2787.0,10
rb1805,20170615,20170614,210616500,2789.0,1498,81278,41761760.0,2789.0,2,2787.0,11
rb1805,20170615,20170614,210617000,2789.0,1498,81278,41761760.0,2789.0,2,2787.0,13
rb1805,20170615,20170614,210617500,2789.0,1498,81278,41761760.0,2789.0,2,2787.0,13
rb1805,20170615,20170614,210618000,2789.0,1498,81278,41761760.0,2789.0,7,2787.0,7
rb1805,20170615,20170614,210620500,2789.0,1498,81278,41761760.0,2789.0,7,2787.0,7
rb1805,20170615,20170614,210621000,2789.0,1500,81280,41817540.0,2789.0,6,2787.0,7
rb1805,20170615,20170614,210622000,2789.0,1500,81280,41817540.0,2789.0,7,2788.0,6
rb1805,20170615,20170614,210622500,2789.0,1500,81280,41817540.0,2789.0,7,2788.0,1
rb1805,20170615,20170614,210623000,2788.0,1506,81278,41984820.0,2789.0,7,2787.0,9
rb1805,20170615,20170614,210623500,2788.0,1506,81278,41984820.0,2789.0,2,2788.0,2
rb1805,20170615,20170614,210624500,2788.0,1506,81278,41984820.0,2789.0,2,2788.0,6
rb1805,20170615,20170614,210625000,2788.0,1512,81276,42152120.0,2789.0,1,2788.0,5
rb1805,20170615,20170614,210625500,2788.0,1512,81276,42152120.0,2789.0,1,2787.0,5
rb1805,20170615,20170614,210626000,2788.0,1512,81276,42152120.0,2789.0,1,2787.0,5
rb1805,20170615,20170614,210626500,2788.0,1512,81276,42152120.0,2789.0,1,2788.0,6
rb1805,20170615,20170614,210627000,2788.0,1512,81276,42152120.0,2789.0,1,2787.0,9
rb1805,20170615,20170614,210628000,2788.0,1512,81276,42152120.0,2789.0,1,2787.0,14
rb1805,20170615,20170614,210629500,2788.0,1512,81276,42152120.0,2789.0,1,2787.0,14
rb1805,20170615,20170614,210630500,2788.0,1512,81276,42152120.0,2789.0,1,2787.0,14
rb1805,20170615,20170614,210631500,2788.0,1512,81276,42152120.0,2789.0,1,2788.0,1
rb1805,20170615,20170614,210632000,2788.0,1512,81276,42152120.0,2789.0,1,2788.0,1
rb1805,20170615,20170614,210634000,2788.0,1514,81278,42207880.0,2788.0,2,2787.0,9
rb1805,20170615,20170614,210634500,2788.0,1514,81278,42207880.0,2788.0,10,2787.0,14
rb1805,20170615,20170614,210635500,2790.0,1552,81258,43267560.0,2788.0,2,2787.0,14
rb1805,20170615,20170614,210636500,2790.0,1552,81258,43267560.0,2788.0,2,2787.0,14
rb1805,20170615,20170614,210638000,2788.0,1554,81258,43323320.0,2788.0,1,2787.0,14
rb1805,20170615,20170614,210638500,2788.0,1556,81258,43379080.0,2789.0,1,2787.0,14
rb1805,20170615,20170614,210639000,2788.0,1556,81258,43379080.0,2789.0,1,2788.0,2
rb1805,20170615,20170614,210639500,2788.0,1556,81258,43379080.0,2789.0,1,2788.0,3
rb1805,20170615,20170614,210640000,2789.0,1558,81258,43434860.0,2790.0,10,2789.0,4
rb1805,20170615,20170614,210640500,2789.0,1562,81262,43546420.0,2790.0,10,2789.0,2
rb1805,20170615,20170614,210641500,2789.0,1564,81262,43602200.0,2790.0,10,2789.0,1
rb1805,20170615,20170614,210642000,2789.0,1566,81264,43657980.0,2789.0,3,2788.0,4
rb1805,20170615,20170614,210642500,2789.0,1566,81264,43657980.0,2790.0,10,2788.0,4
rb1805,20170615,20170614,210643000,2789.0,1566,81264,43657980.0,2789.0,2,2788.0,4
rb1805,20170615,20170614,210644500,2788.0,1578,81260,43992540.0,2788.0,14,2787.0,9
rb1805,20170615,20170614,210645000,2788.0,1578,81260,43992540.0,2788.0,14,2787.0,9
rb1805,20170615,20170614,210645500,2788.0,1578,81260,43992540.0,2788.0,15,2787.0,14
rb1805,20170615,20170614,210646000,2788.0,1578,81260,43992540.0,2788.0,15,2787.0,9
rb1805,20170615,20170614,210646500,2788.0,1578,81260,43992540.0,2788.0,18,2787.0,9
rb1805,20170615,20170614,210647000,2788.0,1578,81260,43992540.0,2788.0,18,2787.0,8
rb1805,20170615,20170614,210648500,2788.0,1578,81260,43992540.0,2788.0,18,2787.0,8
rb1805,20170615,20170614,210650000,2788.0,1578,81260,43992540.0,2788.0,18,2787.0,8
rb1805,20170615,20170614,210652000,2788.0,1578,81260,43992540.0,2788.0,18,2787.0,8
rb1805,20170615,20170614,210653000,2787.0,1580,81260,44048280.0,2788.0,18,2787.0,7
rb1805,20170615,20170614,210653500,2787.0,1580,81260,44048280.0,2788.0,18,2787.0,7
rb1805,20170615,20170614,210654500,2787.0,1580,81260,44048280.0,2788.0,19,2787.0,7
rb1805,20170615,20170614,210655000,2787.0,1580,81260,44048280.0,2788.0,19,2787.0,7
rb1805,20170615,20170614,210655500,2787.0,1580,81260,44048280.0,2788.0,20,2787.0,8
rb1805,20170615,20170614,210658500,2787.0,1596,81248,44494200.0,2787.0,12,2786.0,10
rb1805,20170615,20170614,210659000,2786.0,1598,81246,44549920.0,2787.0,14,2786.0,9
rb1805,20170615,20170614,210700500,2786.0,1598,81246,44549920.0,2787.0,14,2786.0,9
rb1805,20170615,20170614,210702000,2786.0,1598,81246,44549920.0,2787.0,14,2786.0,19
rb1805,20170615,20170614,210702500,2786.0,1598,81246,44549920.0,2787.0,14,2786.0,19
rb1805,20170615,20170614,210703000,2786.0,1598,81246,44549920.0,2787.0,14,2786.0,24
rb1805,20170615,20170614,210704000,2786.0,1606,81246,44772860.0,2787.0,11,2786.0,23
rb1805,20170615,20170614,210705000,2786.0,1608,81244,44828580.0,2787.0,11,2786.0,22
rb1805,20170615,20170614,210706500,2786.0,1610,81246,44884300.0,2787.0,11,2786.0,21
rb1805,20170615,20170614,210707500,2787.0,1614,81242,44995780.0,2787.0,9,2786.0,21
rb1805,20170615,20170614,210708500,2787.0,1614,81242,44995780.0,2787.0,9,2786.0,21
rb1805,20170615,20170614,210709500,2786.0,1626,81244,45330200.0,2787.0,4,2786.0,20
rb1805,20170615,20170614,210710000,2787.0,1628,81242,45385940.0,2787.0,3,2786.0,20
rb1805,20170615,20170614,210711500,2786.0,1668,81242,46500340.0,2786.0,30,2785.0,34
rb1805,20170615,20170614,210712000,2786.0,1668,81242,46500340.0,2786.0,30,2785.0,34
rb1805,20170615,20170614,210713000,2786.0,1668,81242,46500340.0,2786.0,30,2785.0,39
rb1805,20170615,20170614,210713500,2786.0,1670,81240,46556060.0,2786.0,49,2785.0,39
rb1805,20170615,20170614,210714000,2785.0,1672,81242,46611760.0,2786.0,49,2785.0,38
rb1805,20170615,20170614,210714500,2786.0,1684,81230,46946080.0,2786.0,43,2785.0,43
rb1805,20170615,20170614,210715500,2786.0,1742,81190,48561960.0,2786.0,14,2785.0,43
rb1805,20170615,20170614,210716000,2786.0,1746,81190,48673400.0,2786.0,12,2785.0,44
rb1805,20170615,20170614,210717500,2785.0,1748,81190,48729100.0,2786.0,12,2785.0,43
rb1805,20170615,20170614,210719500,2785.0,1748,81190,48729100.0,2786.0,12,2785.0,43
rb1805,20170615,20170614,210720500,2785.0,1748,81190,48729100.0,2786.0,12,2785.0,42
rb1805,20170615,20170614,210721500,2785.0,1748,81190,48729100.0,2786.0,12,2785.0,43
rb1805,20170615,20170614,210722500,2785.0,1764,81196,49174760.0,2786.0,9,2785.0,38
rb1805,20170615,20170614,210723000,2785.0,1764,81196,49174760.0,2786.0,9,2785.0,37
rb1805,20170615,20170614,210723500,2785.0,1764,81196,49174760.0,2786.0,9,2785.0,37
rb1805,20170615,20170614,210724000,2785.0,1764,81196,49174760.0,2786.0,9,2785.0,37
rb1805,20170615,20170614,210724500,2786.0,1768,81200,49286200.0,2786.0,7,2785.0,37
rb1805,20170615,20170614,210725000,2785.0,1770,81200,49341900.0,2786.0,7,2785.0,36
rb1805,20170615,20170614,210725500,2785.0,1770,81200,49341900.0,2786.0,7,2785.0,35
rb1805,20170615,20170614,210726500,2786.0,1784,81214,49731940.0,2787.0,1,2785.0,35
rb1805,20170615,20170614,210728000,2785.0,1786,81214,49787640.0,2787.0,1,2785.0,34
rb1805,20170615,20170614,210728500,2785.0,1786,81214,49787640.0,2787.0,1,2785.0,34
rb1805,20170615,20170614,210729000,2785.0,1786,81214,49787640.0,2787.0,1,2786.0,1
rb1805,20170615,20170614,210730000,2785.0,1788,81214,49843340.0,2787.0,1,2785.0,34
rb1805,20170615,20170614,210730500,2785.0,1788,81214,49843340.0,2787.0,1,2785.0,34
rb1805,20170615,20170614,210732500,2785.0,1788,81214,49843340.0,2786.0,2,2785.0,39
rb1805,20170615,20170614,210733500,2785.0,1788,81214,49843340.0,2786.0,2,2785.0,39
rb1805,20170615,20170614,210734000,2787.0,1794,81208,50010520.0,2788.0,19,2785.0,39
rb1805,20170615,20170614,210734500,2785.0,1882,81184,52461320.0,2785.0,114,2784.0,12
rb1805,20170615,20170614,210735000,2785.0,1896,81178,52851220.0,2785.0,107,2784.0,8
rb1805,20170615,20170614,210735500,2785.0,1912,81176,53296820.0,2785.0,99,2784.0,7
rb1805,20170615,20170614,210736000,2785.0,1912,81176,53296820.0,2785.0,99,2784.0,7
rb1805,20170615,20170614,210737000,2785.0,1912,81176,53296820.0,2785.0,100,2784.0,7
rb1805,20170615,20170614,210737500,2785.0,1912,81176,53296820.0,2785.0,100,2784.0,8
rb1805,20170615,20170614,210739000,2784.0,1916,81174,53408200.0,2785.0,99,2784.0,7
rb1805,20170615,20170614,210740500,2784.0,1916,81174,53408200.0,2785.0,99,2784.0,7
rb1805,20170615,20170614,210741000,2785.0,1926,81164,53686700.0,2785.0,94,2784.0,7
rb1805,20170615,20170614,210741500,2785.0,1926,81164,53686700.0,2785.0,94,2784.0,8
rb1805,20170615,20170614,210742000,2785.0,1928,81162,53742400.0,2785.0,94,2784.0,8
rb1805,20170615,20170614,210742500,2785.0,1928,81162,53742400.0,2785.0,94,2784.0,9
rb1805,20170615,20170614,210743000,2785.0,1934,81160,53909500.0,2785.0,91,2784.0,9
rb1805,20170615,20170614,210743500,2785.0,1962,81148,54689300.0,2785.0,77,2784.0,15
rb1805,20170615,20170614,210744000,2785.0,1978,81148,55134900.0,2785.0,69,2784.0,18
rb1805,20170615,20170614,210744500,2785.0,1980,81148,55190600.0,2785.0,72,2784.0,19
rb1805,20170615,20170614,210745000,2785.0,1980,81148,55190600.0,2785.0,72,2784.0,18
rb1805,20170615,20170614,210745500,2785.0,2092,81086,58309800.0,2785.0,16,2784.0,17
rb1805,20170615,20170614,210747000,2785.0,2092,81086,58309800.0,2785.0,16,2784.0,14
rb1805,20170615,20170614,210747500,2785.0,2102,81086,58588300.0,2785.0,11,2784.0,14
rb1805,20170615,20170614,210748000,2785.0,2102,81086,58588300.0,2785.0,11,2784.0,13
rb1805,20170615,20170614,210749000,2785.0,2102,81086,58588300.0,2785.0,11,2784.0,13
rb1805,20170615,20170614,210749500,2785.0,2102,81086,58588300.0,2785.0,11,2784.0,14
rb1805,20170615,20170614,210750000,2785.0,2124,81080,59200800.0,2785.0,10,2784.0,4
rb1805,20170615,20170614,210751000,2785.0,2124,81080,59200800.0,2785.0,10,2784.0,14
rb1805,20170615,20170614,210752500,2784.0,2132,81080,59423540.0,2785.0,9,2784.0,12
rb1805,20170615,20170614,210754000,2784.0,2132,81080,59423540.0,2785.0,9,2784.0,2
rb1805,20170615,20170614,210754500,2784.0,2132,81080,59423540.0,2785.0,9,2784.0,4
rb1805,20170615,20170614,210755000,2785.0,2134,81080,59479240.0,2785.0,8,2784.0,5
rb1805,20170615,20170614,210755500,2785.0,2136,81080,59534940.0,2785.0,7,2784.0,5
rb1805,20170615,20170614,210756000,2785.0,2150,81066,59924840.0,2786.0,2,2785.0,4
rb1805,20170615,20170614,210756500,2785.0,2150,81066,59924840.0,2786.0,2,2785.0,4
rb1805,20170615,20170614,210758000,2785.0,2154,81064,60036240.0,2786.0,2,2785.0,2
rb1805,20170615,20170614,210758500,2785.0,2154,81064,60036240.0,2786.0,2,2785.0,2
rb1805,20170615,20170614,210759000,2785.0,2154,81064,60036240.0,2786.0,2,2785.0,2
rb1805,20170615,20170614,210759500,2786.0,2158,81062,60147660.0,2786.0,1,2785.0,1
rb1805,20170615,20170614,210800000,2786.0,2158,81062,60147660.0,2786.0,1,2785.0,1
rb1805,20170615,20170614,210800500,2786.0,2158,81062,60147660.0,2786.0,1,2785.0,1
rb1805,20170615,20170614,210801000,2786.0,2158,81062,60147660.0,2786.0,1,2785.0,11
rb1805,20170615,20170614,210801500,2785.0,2178,81060,60704660.0,2786.0,1,2785.0,1
rb1805,20170615,20170614,210802000,2785.0,2178,81060,60704660.0,2786.0,1,2785.0,1
rb1805,20170615,20170614,210802500,2785.0,2178,81060,60704660.0,2786.0,1,2785.0,1
rb1805,20170615,20170614,210804000,2785.0,2178,81060,60704660.0,2786.0,6,2785.0,1
rb1805,20170615,20170614,210804500,2785.0,2180,81060,60760360.0,2786.0,8,2784.0,7
rb1805,20170615,20170614,210805000,2785.0,2180,81060,60760360.0,2786.0,7,2784.0,7
rb1805,20170615,20170614,210806500,2785.0,2180,81060,60760360.0,2786.0,7,2784.0,7
rb1805,20170615,20170614,210807000,2785.0,2180,81060,60760360.0,2786.0,7,2784.0,7
rb1805,20170615,20170614,210808000,2784.0,2182,81058,60816040.0,2786.0,7,2784.0,6
rb1805,20170615,20170614,210808500,2784.0,2182,81058,60816040.0,2786.0,7,2784.0,6
rb1805,20170615,20170614,210809500,2784.0,2182,81058,60816040.0,2786.0,7,2784.0,6
rb1805,20170615,20170614,210810500,2784.0,2182,81058,60816040.0,2786.0,7,2784.0,6
rb1805,20170615,20170614,210811000,2786.0,2188,81056,60983160.0,2786.0,5,2784.0,7
rb1805,20170615,20170614,210811500,2786.0,2188,81056,60983160.0,2786.0,5,2784.0,7
rb1805,20170615,20170614,210812000,2786.0,2188,81056,60983160.0,2786.0,1,2784.0,8
rb1805,20170615,20170614,210813000,2784.0,2206,81052,61484280.0,2784.0,1,2783.0,6
rb1805,20170615,20170614,210813500,2786.0,2210,81050,61595680.0,2787.0,1,2784.0,2
rb1805,20170615,20170614,210814000,2786.0,2212,81048,61651400.0,2786.0,1,2784.0,1
rb1805,20170615,20170614,210815000,2786.0,2212,81048,61651400.0,2786.0,6,2784.0,1
rb1805,20170615,20170614,210815500,2786.0,2212,81048,61651400.0,2786.0,6,2784.0,1
rb1805,20170615,20170614,210816000,2786.0,2212,81048,61651400.0,2786.0,1,2784.0,1
rb1805,20170615,20170614,210816500,2786.0,2212,81048,61651400.0,2786.0,1,2784.0,1
rb1805,20170615,20170614,210817500,2786.0,2212,81048,61651400.0,2786.0,1,2785.0,1
rb1805,20170615,20170614,210818500,2786.0,2212,81048,61651400.0,2786.0,1,2785.0,1
rb1805,20170615,20170614,210819000,2786.0,2212,81048,61651400.0,2786.0,1,2785.0,1
rb1805,20170615,20170614,210819500,2786.0,2212,81048,61651400.0,2786.0,1,2785.0,1
rb1805,20170615,20170614,210820000,2786.0,2212,81048,61651400.0,2786.0,1,2785.0,1
rb1805,20170615,20170614,210821000,2786.0,2212,81048,61651400.0,2786.0,1,2785.0,1
rb1805,20170615,20170614,210821500,2786.0,2212,81048,61651400.0,2786.0,1,2785.0,1
rb1805,20170615,20170614,210822500,2785.0,2214,81048,61707100.0,2785.0,9,2784.0,5
rb1805,20170615,20170614,210823000,2785.0,2216,81048,61762800.0,2785.0,8,2784.0,5
rb1805,20170615,20170614,210824500,2785.0,2216,81048,61762800.0,2785.0,8,2784.0,5
rb1805,20170615,20170614,210826000,2785.0,2216,81048,61762800.0,2785.0,8,2784.0,4
rb1805,20170615,20170614,210827000,2785.0,2232,81032,62208400.0,2786.0,1,2784.0,4
rb1805,20170615,20170614,210827500,2785.0,2232,81032,62208400.0,2786.0,1,2784.0,4
rb1805,20170615,20170614,210828000,2785.0,2232,81032,62208400.0,2786.0,1,2785.0,2
rb1805,20170615,20170614,210828500,2785.0,2232,81032,62208400.0,2786.0,1,2785.0,2
rb1805,20170615,20170614,210829000,2785.0,2232,81032,62208400.0,2786.0,2,2785.0,2
rb1805,20170615,20170614,210829500,2785.0,2232,81032,62208400.0,2786.0,2,2785.0,2
rb1805,20170615,20170614,210830000,2785.0,2232,81032,62208400.0,2786.0,2,2785.0,2
rb1805,20170615,20170614,210831000,2786.0,2238,81028,62375560.0,2787.0,7,2786.0,1
rb1805,20170615,20170614,210831500,2786.0,2238,81028,62375560.0,2787.0,7,2785.0,2
rb1805,20170615,20170614,210832500,2786.0,2238,81028,62375560.0,2787.0,2,2785.0,2
rb1805,20170615,20170614,210833000,2786.0,2238,81028,62375560.0,2787.0,2,2786.0,2
rb1805,20170615,20170614,210833500,2787.0,2240,81028,62431300.0,2787.0,1,2786.0,2
rb1805,20170615,20170614,210834000,2787.0,2240,81028,62431300.0,2787.0,1,2786.0,2
rb1805,20170615,20170614,210835500,2787.0,2240,81028,62431300.0,2787.0,1,2786.0,2
rb1805,20170615,20170614,210837000,2787.0,2240,81028,62431300.0,2787.0,1,2786.0,2
rb1805,20170615,20170614,210837500,2787.0,2240,81028,62431300.0,2787.0,2,2786.0,2
rb1805,20170615,20170614,210838500,2787.0,2240,81028,62431300.0,2787.0,2,2786.0,2
rb1805,20170615,20170614,210839500,2787.0,2240,81028,62431300.0,2787.0,2,2786.0,2
rb1805,20170615,20170614,210840000,2786.0,2244,81028,62542740.0,2786.0,8,2785.0,3
rb1805,20170615,20170614,210840500,2786.0,2260,81014,62988500.0,2787.0,2,2786.0,2
rb1805,20170615,20170614,210841500,2786.0,2260,81014,62988500.0,2787.0,2,2786.0,2
rb1805,20170615,20170614,210842500,2786.0,2260,81014,62988500.0,2787.0,2,2786.0,2
rb1805,20170615,20170614,210843500,2787.0,2264,81012,63099980.0,2788.0,31,2786.0,2
rb1805,20170615,20170614,210844000,2787.0,2264,81012,63099980.0,2787.0,3,2786.0,2
rb1805,20170615,20170614,210844500,2787.0,2270,81006,63267200.0,2788.0,31,2785.0,3
rb1805,20170615,20170614,210845000,2787.0,2270,81006,63267200.0,2788.0,31,2786.0,2
rb1805,20170615,20170614,210847000,2787.0,2270,81006,63267200.0,2788.0,31,2786.0,2
rb1805,20170615,20170614,210847500,2786.0,2274,81006,63378640.0,2786.0,4,2785.0,3
rb1805,20170615,20170614,210848000,2786.0,2282,80998,63601520.0,2788.0,31,2786.0,2
rb1805,20170615,20170614,210850000,2786.0,2282,80998,63601520.0,2788.0,31,2786.0,2
rb1805,20170615,20170614,210850500,2786.0,2282,80998,63601520.0,2788.0,31,2785.0,4
rb1805,20170615,20170614,210851000,2786.0,2282,80998,63601520.0,2787.0,1,2785.0,14
rb1805,20170615,20170614,210851500,2787.0,2284,80996,63657260.0,2788.0,31,2785.0,14
rb1805,20170615,20170614,210852500,2787.0,2284,80996,63657260.0,2787.0,3,2785.0,14
rb1805,20170615,20170614,210853000,2787.0,2290,80996,63824480.0,2788.0,31,2785.0,14
rb1805,20170615,20170614,210853500,2787.0,2290,80996,63824480.0,2788.0,31,2785.0,14
rb1805,20170615,20170614,210855000,2787.0,2290,80996,63824480.0,2788.0,31,2785.0,14
rb1805,20170615,20170614,210855500,2788.0,2352,80938,65553040.0,2789.0,2,2785.0,21
rb1805,20170615,20170614,210856000,2788.0,2352,80938,65553040.0,2789.0,7,2785.0,21
rb1805,20170615,20170614,210856500,2785.0,2392,80942,66667040.0,2789.0,7,2788.0,1
rb1805,20170615,20170614,210857000,2785.0,2396,80944,66778500.0,2785.0,19,2784.0,9
rb1805,20170615,20170614,210857500,2790.0,2444,80974,68115760.0,2790.0,34,2786.0,4
rb1805,20170615,20170614,210858000,2790.0,2448,80974,68227360.0,2790.0,38,2786.0,4
rb1805,20170615,20170614,210858500,2790.0,2456,80974,68450560.0,2790.0,34,2786.0,4
rb1805,20170615,20170614,210859000,2790.0,2456,80974,68450560.0,2790.0,34,2785.0,2
rb1805,20170615,20170614,210901500,2790.0,2456,80974,68450560.0,2790.0,34,2785.0,3
rb1805,20170615,20170614,210902000,2790.0,2456,80974,68450560.0,2790.0,34,2785.0,4
rb1805,20170615,20170614,210902500,2790.0,2456,80974,68450560.0,2789.0,1,2785.0,4
rb1805,20170615,20170614,210903000,2790.0,2456,80974,68450560.0,2789.0,6,2785.0,5
rb1805,20170615,20170614,210904500,2790.0,2456,80974,68450560.0,2789.0,6,2785.0,10
rb1805,20170615,20170614,210905500,2790.0,2456,80974,68450560.0,2789.0,7,2785.0,10
rb1805,20170615,20170614,210906000,2790.0,2456,80974,68450560.0,2788.0,3,2785.0,10
rb1805,20170615,20170614,210906500,2790.0,2456,80974,68450560.0,2788.0,7,2786.0,1
rb1805,20170615,20170614,210907000,2790.0,2456,80974,68450560.0,2788.0,9,2786.0,1
rb1805,20170615,20170614,210908000,2790.0,2456,80974,68450560.0,2788.0,7,2786.0,1
rb1805,20170615,20170614,210908500,2790.0,2456,80974,68450560.0,2788.0,8,2786.0,2
rb1805,20170615,20170614,210909500,2790.0,2456,80974,68450560.0,2788.0,7,2786.0,5
rb1805,20170615,20170614,210910000,2786.0,2460,80974,68562000.0,2788.0,2,2786.0,6
rb1805,20170615,20170614,210910500,2786.0,2460,80974,68562000.0,2788.0,2,2786.0,6
rb1805,20170615,20170614,210911000,2788.0,2464,80970,68673520.0,2789.0,7,2786.0,6
rb1805,20170615,20170614,210911500,2789.0,2466,80970,68729300.0,2789.0,5,2788.0,1
rb1805,20170615,20170614,210912000,2788.0,2468,80970,68785060.0,2788.0,19,2786.0,6
rb1805,20170615,20170614,210913000,2788.0,2468,80970,68785060.0,2788.0,24,2786.0,6
rb1805,20170615,20170614,210913500,2788.0,2468,80970,68785060.0,2788.0,24,2786.0,16
rb1805,20170615,20170614,210914500,2788.0,2468,80970,68785060.0,2788.0,24,2786.0,16
rb1805,20170615,20170614,210915000,2788.0,2468,80970,68785060.0,2788.0,24,2786.0,16
rb1805,20170615,20170614,210915500,2788.0,2484,80954,69231140.0,2788.0,16,2786.0,16
rb1805,20170615,20170614,210916000,2788.0,2516,80932,70123300.0,2789.0,5,2786.0,16
rb1805,20170615,20170614,210916500,2788.0,2516,80932,70123300.0,2789.0,5,2786.0,21
rb1805,20170615,20170614,210917000,2788.0,2516,80932,70123300.0,2789.0,6,2787.0,2
rb1805,20170615,20170614,210917500,2786.0,2556,80962,71237740.0,2789.0,6,2786.0,3
rb1805,20170615,20170614,210918000,2786.0,2556,80962,71237740.0,2789.0,5,2786.0,3
rb1805,20170615,20170614,210918500,2786.0,2556,80962,71237740.0,2789.0,5,2786.0,3
rb1805,20170615,20170614,210919500,2786.0,2556,80962,71237740.0,2789.0,5,2786.0,3
rb1805,20170615,20170614,210920000,2786.0,2556,80962,71237740.0,2789.0,5,2787.0,1
rb1805,20170615,20170614,210920500,2786.0,2556,80962,71237740.0,2789.0,5,2787.0,1
rb1805,20170615,20170614,210921000,2786.0,2556,80962,71237740.0,2789.0,5,2787.0,1
rb1805,20170615,20170614,210923500,2786.0,2556,80962,71237740.0,2789.0,6,2787.0,1
rb1805,20170615,20170614,210924000,2786.0,2556,80962,71237740.0,2789.0,6,2788.0,1
rb1805,20170615,20170614,210924500,2789.0,2568,80952,71572320.0,2790.0,35,2787.0,1
rb1805,20170615,20170614,210925000,2789.0,2568,80952,71572320.0,2789.0,3,2787.0,4
rb1805,20170615,20170614,210925500,2789.0,2568,80952,71572320.0,2789.0,2,2787.0,4
rb1805,20170615,20170614,210926000,2789.0,2568,80952,71572320.0,2789.0,2,2787.0,4
rb1805,20170615,20170614,210927000,2789.0,2568,80952,71572320.0,2789.0,2,2787.0,4
rb1805,20170615,20170614,210928500,2789.0,2568,80952,71572320.0,2789.0,2,2787.0,4
rb1805,20170615,20170614,210929000,2789.0,2572,80948,71683880.0,2790.0,35,2787.0,5
rb1805,20170615,20170614,210930000,2789.0,2572,80948,71683880.0,2790.0,35,2787.0,4
rb1805,20170615,20170614,210932500,2789.0,2572,80948,71683880.0,2790.0,35,2788.0,1
rb1805,20170615,20170614,210933000,2788.0,2574,80946,71739640.0,2788.0,2,2787.0,3
rb1805,20170615,20170614,210933500,2788.0,2574,80946,71739640.0,2789.0,3,2788.0,1
rb1805,20170615,20170614,210934000,2788.0,2580,80942,71906920.0,2789.0,3,2786.0,11
rb1805,20170615,20170614,210934500,2788.0,2580,80942,71906920.0,2789.0,8,2787.0,2
rb1805,20170615,20170614,210935000,2788.0,2580,80942,71906920.0,2789.0,3,2787.0,5
rb1805,20170615,20170614,210935500,2788.0,2580,80942,71906920.0,2789.0,3,2787.0,5
rb1805,20170615,20170614,210936500,2789.0,2586,80936,72074260.0,2790.0,35,2787.0,5
rb1805,20170615,20170614,210937000,2789.0,2590,80932,72185840.0,2790.0,34,2787.0,5
rb1805,20170615,20170614,210937500,2789.0,2594,80928,72297400.0,2790.0,34,2787.0,5
rb1805,20170615,20170614,210938000,2789.0,2596,80926,72353180.0,2790.0,34,2787.0,5
rb1805,20170615,20170614,210938500,2789.0,2596,80926,72353180.0,2790.0,34,2788.0,1
rb1805,20170615,20170614,210940000,2789.0,2596,80926,72353180.0,2790.0,36,2788.0,1
rb1805,20170615,20170614,210940500,2789.0,2596,80926,72353180.0,2790.0,37,2788.0,1
rb1805,20170615,20170614,210941500,2789.0,2596,80926,72353180.0,2790.0,37,2788.0,1
rb1805,20170615,20170614,210942500,2790.0,2670,80852,74417780.0,2791.0,4,2788.0,1
rb1805,20170615,20170614,210943000,2790.0,2670,80852,74417780.0,2791.0,6,2788.0,6
rb1805,20170615,20170614,210943500,2790.0,2670,80852,74417780.0,2791.0,6,2789.0,2
rb1805,20170615,20170614,210944000,2790.0,2670,80852,74417780.0,2790.0,3,2789.0,2
rb1805,20170615,20170614,210944500,2790.0,2676,80852,74585180.0,2791.0,6,2789.0,7
rb1805,20170615,20170614,210945000,2790.0,2676,80852,74585180.0,2791.0,6,2789.0,7
rb1805,20170615,20170614,210946000,2791.0,2688,80844,74920100.0,2792.0,2,2789.0,7
rb1805,20170615,20170614,210946500,2792.0,2692,80844,75031780.0,2793.0,25,2789.0,7
rb1805,20170615,20170614,210947000,2789.0,2696,80844,75143340.0,2793.0,25,2789.0,6
rb1805,20170615,20170614,210947500,2789.0,2696,80844,75143340.0,2793.0,25,2792.0,2
rb1805,20170615,20170614,210948000,2792.0,2700,80848,75255020.0,2791.0,6,2789.0,5
rb1805,20170615,20170614,210948500,2791.0,2708,80848,75478300.0,2792.0,2,2788.0,12
rb1805,20170615,20170614,210949000,2791.0,2708,80848,75478300.0,2792.0,2,2788.0,13
rb1805,20170615,20170614,210950000,2791.0,2708,80848,75478300.0,2792.0,2,2788.0,14
rb1805,20170615,20170614,210951000,2791.0,2708,80848,75478300.0,2792.0,2,2788.0,14
rb1805,20170615,20170614,210951500,2792.0,2712,80844,75589980.0,2793.0,25,2788.0,14
rb1805,20170615,20170614,210952500,2792.0,2712,80844,75589980.0,2793.0,25,2792.0,1
rb1805,20170615,20170614,210953000,2792.0,2714,80844,75645820.0,2791.0,2,2788.0,14
rb1805,20170615,20170614,210953500,2791.0,2718,80844,75757460.0,2793.0,26,2789.0,2
rb1805,20170615,20170614,210954000,2791.0,2718,80844,75757460.0,2793.0,25,2789.0,7
rb1805,20170615,20170614,210954500,2791.0,2718,80844,75757460.0,2793.0,25,2789.0,7
rb1805,20170615,20170614,210957000,2791.0,2718,80844,75757460.0,2792.0,2,2789.0,7
rb1805,20170615,20170614,210958000,2791.0,2718,80844,75757460.0,2792.0,2,2789.0,7
rb1805,20170615,20170614,210958500,2791.0,2718,80844,75757460.0,2792.0,2,2789.0,7
rb1805,20170615,20170614,211001000,2791.0,2718,80844,75757460.0,2792.0,2,2789.0,8
rb1805,20170615,20170614,211003000,2791.0,2718,80844,75757460.0,2792.0,2,2789.0,8
rb1805,20170615,20170614,211004000,2791.0,2718,80844,75757460.0,2792.0,2,2790.0,3
rb1805,20170615,20170614,211006000,2791.0,2718,80844,75757460.0,2792.0,4,2790.0,3
rb1805,20170615,20170614,211006500,2791.0,2718,80844,75757460.0,2792.0,4,2790.0,3
rb1805,20170615,20170614,211007000,2791.0,2718,80844,75757460.0,2792.0,4,2790.0,3
rb1805,20170615,20170614,211007500,2791.0,2718,80844,75757460.0,2792.0,4,2790.0,4
rb1805,20170615,20170614,211008500,2791.0,2718,80844,75757460.0,2792.0,4,2790.0,4
rb1805,20170615,20170614,211009000,2791.0,2718,80844,75757460.0,2792.0,4,2790.0,4
rb1805,20170615,20170614,211010000,2791.0,2718,80844,75757460.0,2792.0,4,2790.0,5
rb1805,20170615,20170614,211010500,2791.0,2718,80844,75757460.0,2792.0,5,2790.0,5
rb1805,20170615,20170614,211011000,2791.0,2718,80844,75757460.0,2792.0,5,2791.0,1
rb1805,20170615,20170614,211011500,2791.0,2720,80844,75813280.0,2791.0,1,2790.0,5
rb1805,20170615,20170614,211012000,2792.0,2730,80838,76092480.0,2793.0,26,2790.0,5
rb1805,20170615,20170614,211012500,2793.0,2732,80836,76148340.0,2793.0,26,2790.0,6
rb1805,20170615,20170614,211014500,2793.0,2732,80836,76148340.0,2793.0,26,2790.0,12
rb1805,20170615,20170614,211015000,2793.0,2732,80836,76148340.0,2793.0,26,2790.0,17
rb1805,20170615,20170614,211015500,2793.0,2732,80836,76148340.0,2793.0,26,2790.0,17
rb1805,20170615,20170614,211017500,2793.0,2732,80836,76148340.0,2792.0,2,2790.0,17
rb1805,20170615,20170614,211018000,2792.0,2736,80836,76260020.0,2793.0,26,2790.0,17
rb1805,20170615,20170614,211018500,2792.0,2736,80836,76260020.0,2793.0,26,2790.0,17
rb1805,20170615,20170614,211019000,2792.0,2736,80836,76260020.0,2793.0,26,2790.0,18
rb1805,20170615,20170614,211019500,2793.0,2738,80836,76315880.0,2793.0,25,2790.0,19
rb1805,20170615,20170614,211020500,2793.0,2738,80836,76315880.0,2793.0,25,2791.0,1
rb1805,20170615,20170614,211021000,2791.0,2740,80836,76371700.0,2791.0,1,2790.0,20
rb1805,20170615,20170614,211021500,2791.0,2740,80836,76371700.0,2793.0,25,2790.0,15
rb1805,20170615,20170614,211023000,2791.0,2740,80836,76371700.0,2793.0,26,2790.0,15
rb1805,20170615,20170614,211024000,2791.0,2740,80836,76371700.0,2793.0,26,2790.0,20
rb1805,20170615,20170614,211025500,2791.0,2740,80836,76371700.0,2793.0,26,2790.0,20
rb1805,20170615,20170614,211026000,2791.0,2740,80836,76371700.0,2792.0,1,2790.0,20
rb1805,20170615,20170614,211026500,2792.0,2742,80834,76427540.0,2793.0,26,2790.0,15
rb1805,20170615,20170614,211027000,2792.0,2742,80834,76427540.0,2793.0,27,2790.0,15
rb1805,20170615,20170614,211027500,2792.0,2742,80834,76427540.0,2793.0,26,2790.0,20
rb1805,20170615,20170614,211028000,2792.0,2742,80834,76427540.0,2793.0,26,2790.0,20
rb1805,20170615,20170614,211028500,2792.0,2742,80834,76427540.0,2793.0,26,2790.0,20
rb1805,20170615,20170614,211029000,2793.0,2770,80806,77209580.0,2793.0,12,2790.0,21
rb1805,20170615,20170614,211029500,2793.0,2770,80806,77209580.0,2793.0,12,2791.0,2
rb1805,20170615,20170614,211030000,2793.0,2772,80806,77265440.0,2793.0,11,2791.0,2
rb1805,20170615,20170614,211031000,2793.0,2772,80806,77265440.0,2793.0,11,2791.0,2
rb1805,20170615,20170614,211032000,2793.0,2772,80806,77265440.0,2793.0,11,2791.0,2
rb1805,20170615,20170614,211033000,2793.0,2772,80806,77265440.0,2793.0,11,2791.0,2
rb1805,20170615,20170614,211033500,2793.0,2772,80806,77265440.0,2793.0,11,2791.0,2
rb1805,20170615,20170614,211034000,2793.0,2772,80806,77265440.0,2793.0,11,2791.0,2
rb1805,20170615,20170614,211035000,2791.0,2776,80806,77377080.0,2793.0,11,2790.0,20
rb1805,20170615,20170614,211035500,2791.0,2776,80806,77377080.0,2791.0,1,2790.0,20
rb1805,20170615,20170614,211036000,2791.0,2778,80804,77432900.0,2793.0,27,2790.0,15
rb1805,20170615,20170614,211036500,2791.0,2778,80804,77432900.0,2792.0,3,2790.0,20
rb1805,20170615,20170614,211037000,2792.0,2784,80798,77600420.0,2793.0,27,2790.0,20
rb1805,20170615,20170614,211038000,2792.0,2784,80798,77600420.0,2793.0,27,2791.0,21
rb1805,20170615,20170614,211038500,2793.0,2804,80778,78159020.0,2793.0,17,2791.0,21
rb1805,20170615,20170614,211041000,2793.0,2804,80778,78159020.0,2793.0,17,2791.0,21
rb1805,20170615,20170614,211042000,2793.0,2804,80778,78159020.0,2793.0,17,2791.0,21
rb1805,20170615,20170614,211044000,2791.0,2808,80782,78270660.0,2793.0,18,2791.0,19
rb1805,20170615,20170614,211044500,2793.0,2812,80782,78382380.0,2793.0,16,2791.0,19
rb1805,20170615,20170614,211045500,2793.0,2812,80782,78382380.0,2793.0,17,2791.0,19
rb1805,20170615,20170614,211046500,2793.0,2812,80782,78382380.0,2793.0,17,2791.0,19
rb1805,20170615,20170614,211048500,2793.0,2812,80782,78382380.0,2793.0,16,2791.0,24
rb1805,20170615,20170614,211050500,2793.0,2812,80782,78382380.0,2793.0,16,2791.0,24
rb1805,20170615,20170614,211051000,2793.0,2812,80782,78382380.0,2793.0,16,2791.0,24
rb1805,20170615,20170614,211051500,2793.0,2812,80782,78382380.0,2792.0,3,2791.0,24
rb1805,20170615,20170614,211052000,2792.0,2818,80776,78549900.0,2793.0,16,2791.0,19
rb1805,20170615,20170614,211053500,2792.0,2818,80776,78549900.0,2793.0,16,2791.0,19
rb1805,20170615,20170614,211054000,2792.0,2818,80776,78549900.0,2793.0,16,2791.0,20
rb1805,20170615,20170614,211054500,2792.0,2818,80776,78549900.0,2793.0,16,2792.0,2
rb1805,20170615,20170614,211055000,2792.0,2822,80776,78661580.0,2793.0,16,2791.0,20
rb1805,20170615,20170614,211055500,2792.0,2822,80776,78661580.0,2793.0,17,2791.0,20
rb1805,20170615,20170614,211056000,2792.0,2822,80776,78661580.0,2793.0,17,2791.0,20
rb1805,20170615,20170614,211056500,2792.0,2822,80776,78661580.0,2793.0,17,2791.0,20
rb1805,20170615,20170614,211057500,2792.0,2822,80776,78661580.0,2793.0,17,2791.0,20
rb1805,20170615,20170614,211058000,2792.0,2822,80776,78661580.0,2792.0,2,2791.0,20
rb1805,20170615,20170614,211058500,2792.0,2826,80776,78773260.0,2793.0,17,2791.0,20
rb1805,20170615,20170614,211059000,2792.0,2826,80776,78773260.0,2793.0,16,2791.0,20
rb1805,20170615,20170614,211100000,2792.0,2826,80776,78773260.0,2792.0,2,2791.0,20
rb1805,20170615,20170614,211100500,2791.0,2852,80776,79498960.0,2793.0,16,2791.0,9
rb1805,20170615,20170614,211101000,2791.0,2852,80776,79498960.0,2792.0,20,2791.0,9
rb1805,20170615,20170614,211101500,2792.0,2892,80736,80615760.0,2793.0,18,2791.0,9
rb1805,20170615,20170614,211103000,2792.0,2892,80736,80615760.0,2792.0,2,2791.0,9
rb1805,20170615,20170614,211103500,2792.0,2896,80736,80727440.0,2793.0,18,2791.0,9
rb1805,20170615,20170614,211104000,2792.0,2896,80736,80727440.0,2793.0,18,2791.0,9
rb1805,20170615,20170614,211104500,2792.0,2896,80736,80727440.0,2793.0,18,2791.0,11
rb1805,20170615,20170614,211105000,2792.0,2896,80736,80727440.0,2793.0,18,2791.0,12
rb1805,20170615,20170614,211105500,2792.0,2896,80736,80727440.0,2793.0,18,2791.0,12
rb1805,20170615,20170614,211106000,2792.0,2896,80736,80727440.0,2793.0,18,2792.0,30
rb1805,20170615,20170614,211107000,2792.0,2896,80736,80727440.0,2793.0,19,2792.0,30
rb1805,20170615,20170614,211108500,2792.0,2896,80736,80727440.0,2793.0,19,2792.0,30
rb1805,20170615,20170614,211110000,2792.0,2898,80736,80783280.0,2793.0,19,2792.0,29
rb1805,20170615,20170614,211110500,2793.0,2908,80736,81062580.0,2793.0,14,2792.0,29
rb1805,20170615,20170614,211112000,2793.0,2914,80734,81230160.0,2793.0,11,2792.0,29
rb1805,20170615,20170614,211112500,2793.0,2914,80734,81230160.0,2793.0,11,2792.0,29
rb1805,20170615,20170614,211113000,2793.0,2916,80734,81286020.0,2793.0,10,2792.0,29
rb1805,20170615,20170614,211115000,2793.0,2916,80734,81286020.0,2793.0,10,2792.0,30
rb1805,20170615,20170614,211116000,2792.0,2918,80736,81341860.0,2793.0,10,2792.0,29
rb1805,20170615,20170614,211116500,2792.0,2918,80736,81341860.0,2793.0,10,2792.0,30
rb1805,20170615,20170614,211117500,2792.0,2918,80736,81341860.0,2793.0,10,2792.0,30
rb1805,20170615,20170614,211119500,2792.0,2918,80736,81341860.0,2793.0,10,2792.0,31
rb1805,20170615,20170614,211122000,2792.0,2918,80736,81341860.0,2793.0,10,2792.0,32
rb1805,20170615,20170614,211123000,2792.0,2922,80740,81453540.0,2793.0,10,2792.0,29
rb1805,20170615,20170614,211125500,2792.0,2922,80740,81453540.0,2793.0,10,2792.0,29
rb1805,20170615,20170614,211126000,2792.0,2922,80740,81453540.0,2793.0,10,2792.0,29
rb1805,20170615,20170614,211128000,2792.0,2922,80740,81453540.0,2793.0,10,2792.0,29
rb1805,20170615,20170614,211130000,2792.0,2922,80740,81453540.0,2793.0,10,2792.0,29
rb1805,20170615,20170614,211131000,2793.0,2924,80740,81509400.0,2793.0,9,2792.0,29
rb1805,20170615,20170614,211131500,2793.0,2924,80740,81509400.0,2793.0,9,2792.0,29
rb1805,20170615,20170614,211132500,2792.0,2928,80742,81621080.0,2793.0,10,2792.0,27
rb1805,20170615,20170614,211133000,2793.0,2930,80742,81676940.0,2793.0,9,2792.0,27
rb1805,20170615,20170614,211135500,2793.0,2932,80742,81732800.0,2793.0,8,2792.0,27
rb1805,20170615,20170614,211136000,2792.0,2934,80742,81788640.0,2793.0,8,2792.0,26
rb1805,20170615,20170614,211137500,2793.0,2936,80740,81844500.0,2793.0,7,2792.0,26
rb1805,20170615,20170614,211142000,2793.0,2936,80740,81844500.0,2793.0,7,2792.0,26
rb1805,20170615,20170614,211142500,2793.0,2936,80740,81844500.0,2793.0,8,2792.0,26
rb1805,20170615,20170614,211143000,2793.0,2936,80740,81844500.0,2793.0,7,2792.0,31
rb1805,20170615,20170614,211143500,2793.0,2940,80736,81956220.0,2793.0,5,2792.0,31
rb1805,20170615,20170614,211144000,2792.0,2990,80736,83352220.0,2793.0,5,2792.0,6
rb1805,20170615,20170614,211144500,2793.0,2994,80734,83463940.0,2793.0,3,2792.0,7
rb1805,20170615,20170614,211145500,2793.0,3000,80728,83631520.0,2794.0,1,2792.0,7
rb1805,20170615,20170614,211146500,2793.0,3000,80728,83631520.0,2794.0,1,2793.0,1
rb1805,20170615,20170614,211147500,2793.0,3000,80728,83631520.0,2794.0,1,2793.0,1
rb1805,20170615,20170614,211148500,2793.0,3000,80728,83631520.0,2794.0,1,2793.0,1
rb1805,20170615,20170614,211149000,2793.0,3002,80728,83687380.0,2793.0,1,2792.0,7
rb1805,20170615,20170614,211149500,2793.0,3002,80728,83687380.0,2793.0,1,2792.0,2
rb1805,20170615,20170614,211150000,2793.0,3004,80726,83743240.0,2794.0,2,2792.0,2
rb1805,20170615,20170614,211150500,2793.0,3004,80726,83743240.0,2793.0,1,2792.0,2
rb1805,20170615,20170614,211151000,2793.0,3004,80726,83743240.0,2793.0,4,2792.0,2
rb1805,20170615,20170614,211152000,2793.0,3010,80720,83910820.0,2793.0,1,2792.0,2
rb1805,20170615,20170614,211153000,2793.0,3010,80720,83910820.0,2793.0,1,2792.0,3
rb1805,20170615,20170614,211153500,2793.0,3012,80720,83966680.0,2794.0,2,2792.0,3
rb1805,20170615,20170614,211154000,2792.0,3018,80724,84134200.0,2794.0,2,2791.0,10
rb1805,20170615,20170614,211154500,2792.0,3018,80724,84134200.0,2794.0,2,2791.0,10
rb1805,20170615,20170614,211155000,2792.0,3018,80724,84134200.0,2794.0,2,2791.0,15
rb1805,20170615,20170614,211156000,2794.0,3024,80726,84301840.0,2794.0,1,2791.0,15
rb1805,20170615,20170614,211157000,2794.0,3024,80726,84301840.0,2794.0,1,2791.0,10
rb1805,20170615,20170614,211157500,2794.0,3024,80726,84301840.0,2793.0,1,2791.0,10
rb1805,20170615,20170614,211158000,2794.0,3024,80726,84301840.0,2793.0,1,2792.0,2
rb1805,20170615,20170614,211158500,2793.0,3026,80728,84357700.0,2794.0,1,2792.0,2
rb1805,20170615,20170614,211159000,2793.0,3026,80728,84357700.0,2794.0,2,2792.0,2
rb1805,20170615,20170614,211200500,2793.0,3026,80728,84357700.0,2794.0,2,2792.0,2
rb1805,20170615,20170614,211201500,2793.0,3026,80728,84357700.0,2794.0,2,2792.0,2
rb1805,20170615,20170614,211202000,2793.0,3026,80728,84357700.0,2794.0,2,2792.0,2
rb1805,20170615,20170614,211202500,2793.0,3026,80728,84357700.0,2794.0,3,2792.0,2
rb1805,20170615,20170614,211204000,2793.0,3026,80728,84357700.0,2794.0,3,2792.0,2
rb1805,20170615,20170614,211204500,2793.0,3026,80728,84357700.0,2794.0,3,2792.0,2
rb1805,20170615,20170614,211205000,2793.0,3026,80728,84357700.0,2794.0,3,2792.0,2
rb1805,20170615,20170614,211207000,2793.0,3026,80728,84357700.0,2794.0,3,2792.0,2
rb1805,20170615,20170614,211207500,2794.0,3028,80730,84413580.0,2793.0,1,2792.0,2
rb1805,20170615,20170614,211208000,2794.0,3028,80730,84413580.0,2793.0,3,2792.0,2
rb1805,20170615,20170614,211209000,2794.0,3028,80730,84413580.0,2793.0,3,2792.0,2
rb1805,20170615,20170614,211210000,2794.0,3028,80730,84413580.0,2793.0,3,2792.0,2
rb1805,20170615,20170614,211210500,2792.0,3032,80734,84525260.0,2793.0,3,2791.0,17
rb1805,20170615,20170614,211211000,2792.0,3032,80734,84525260.0,2793.0,3,2791.0,17
rb1805,20170615,20170614,211211500,2792.0,3032,80734,84525260.0,2792.0,1,2791.0,17
rb1805,20170615,20170614,211212000,2792.0,3034,80732,84581100.0,2793.0,3,2791.0,12
rb1805,20170615,20170614,211213000,2792.0,3034,80732,84581100.0,2793.0,3,2791.0,12
rb1805,20170615,20170614,211213500,2792.0,3034,80732,84581100.0,2792.0,2,2791.0,12
rb1805,20170615,20170614,211214000,2792.0,3038,80732,84692780.0,2793.0,3,2791.0,12
rb1805,20170615,20170614,211215500,2792.0,3038,80732,84692780.0,2792.0,2,2791.0,12
rb1805,20170615,20170614,211216000,2792.0,3042,80732,84804460.0,2793.0,4,2791.0,12
rb1805,20170615,20170614,211216500,2792.0,3042,80732,84804460.0,2793.0,4,2791.0,12
rb1805,20170615,20170614,211217000,2792.0,3042,80732,84804460.0,2793.0,4,2791.0,12
rb1805,20170615,20170614,211219500,2791.0,3082,80732,85920860.0,2792.0,2,2791.0,2
rb1805,20170615,20170614,211220000,2792.0,3086,80732,86032540.0,2793.0,5,2791.0,2
rb1805,20170615,20170614,211220500,2792.0,3086,80732,86032540.0,2791.0,1,2790.0,32
rb1805,20170615,20170614,211221000,2791.0,3088,80730,86088360.0,2793.0,5,2790.0,27
rb1805,20170615,20170614,211221500,2791.0,3088,80730,86088360.0,2793.0,10,2790.0,29
rb1805,20170615,20170614,211222500,2791.0,3088,80730,86088360.0,2793.0,10,2790.0,27
rb1805,20170615,20170614,211223000,2791.0,3088,80730,86088360.0,2792.0,2,2790.0,27
rb1805,20170615,20170614,211223500,2792.0,3092,80726,86200040.0,2791.0,2,2790.0,27
rb1805,20170615,20170614,211224000,2791.0,3096,80726,86311680.0,2793.0,10,2790.0,27
rb1805,20170615,20170614,211224500,2791.0,3096,80726,86311680.0,2793.0,10,2790.0,29
rb1805,20170615,20170614,211227500,2791.0,3096,80726,86311680.0,2793.0,10,2790.0,29
rb1805,20170615,20170614,211228000,2791.0,3096,80726,86311680.0,2792.0,2,2790.0,29
rb1805,20170615,20170614,211228500,2792.0,3098,80728,86367520.0,2792.0,2,2790.0,29
rb1805,20170615,20170614,211229000,2792.0,3098,80728,86367520.0,2792.0,7,2790.0,27
rb1805,20170615,20170614,211230000,2792.0,3098,80728,86367520.0,2792.0,7,2790.0,7
rb1805,20170615,20170614,211230500,2792.0,3098,80728,86367520.0,2792.0,8,2790.0,7
rb1805,20170615,20170614,211234000,2792.0,3098,80728,86367520.0,2792.0,8,2790.0,7
rb1805,20170615,20170614,211234500,2792.0,3098,80728,86367520.0,2792.0,9,2790.0,7
rb1805,20170615,20170614,211235000,2792.0,3098,80728,86367520.0,2792.0,9,2790.0,7
rb1805,20170615,20170614,211235500,2792.0,3098,80728,86367520.0,2791.0,1,2790.0,7
rb1805,20170615,20170614,211236000,2791.0,3100,80726,86423340.0,2792.0,9,2790.0,8
rb1805,20170615,20170614,211236500,2791.0,3100,80726,86423340.0,2792.0,9,2790.0,8
rb1805,20170615,20170614,211237500,2790.0,3116,80724,86869740.0,2790.0,12,2789.0,7
rb1805,20170615,20170614,211238000,2790.0,3140,80700,87539340.0,2792.0,9,2789.0,2
rb1805,20170615,20170614,211238500,2790.0,3140,80700,87539340.0,2792.0,9,2789.0,4
rb1805,20170615,20170614,211239000,2790.0,3140,80700,87539340.0,2790.0,1,2789.0,4
rb1805,20170615,20170614,211239500,2790.0,3142,80698,87595140.0,2792.0,9,2790.0,1
rb1805,20170615,20170614,211240000,2790.0,3144,80698,87650940.0,2792.0,9,2789.0,2
rb1805,20170615,20170614,211240500,2790.0,3144,80698,87650940.0,2792.0,10,2789.0,2
rb1805,20170615,20170614,211241000,2790.0,3144,80698,87650940.0,2792.0,10,2789.0,4
rb1805,20170615,20170614,211241500,2790.0,3144,80698,87650940.0,2790.0,1,2789.0,4
rb1805,20170615,20170614,211242000,2790.0,3146,80696,87706740.0,2792.0,10,2789.0,2
rb1805,20170615,20170614,211242500,2790.0,3146,80696,87706740.0,2792.0,10,2789.0,4
rb1805,20170615,20170614,211243000,2790.0,3146,80696,87706740.0,2792.0,10,2789.0,4
rb1805,20170615,20170614,211245000,2790.0,3146,80696,87706740.0,2792.0,10,2789.0,4
rb1805,20170615,20170614,211246000,2790.0,3146,80696,87706740.0,2792.0,10,2790.0,2
rb1805,20170615,20170614,211247000,2790.0,3148,80696,87762540.0,2792.0,10,2790.0,1
rb1805,20170615,20170614,211248500,2790.0,3148,80696,87762540.0,2791.0,2,2790.0,1
rb1805,20170615,20170614,211249000,2790.0,3148,80696,87762540.0,2791.0,3,2790.0,1
rb1805,20170615,20170614,211251500,2790.0,3148,80696,87762540.0,2791.0,3,2790.0,1
rb1805,20170615,20170614,211253000,2790.0,3148,80696,87762540.0,2791.0,3,2790.0,1
rb1805,20170615,20170614,211253500,2790.0,3148,80696,87762540.0,2791.0,3,2790.0,1
rb1805,20170615,20170614,211254000,2790.0,3156,80694,87985800.0,2792.0,11,2789.0,5
rb1805,20170615,20170614,211254500,2790.0,3156,80694,87985800.0,2792.0,11,2789.0,5
rb1805,20170615,20170614,211255500,2790.0,3156,80694,87985800.0,2792.0,10,2789.0,5
rb1805,20170615,20170614,211256500,2790.0,3156,80694,87985800.0,2792.0,9,2789.0,5
rb1805,20170615,20170614,211257000,2790.0,3156,80694,87985800.0,2790.0,5,2789.0,5
rb1805,20170615,20170614,211257500,2790.0,3166,80684,88264800.0,2792.0,9,2789.0,3
rb1805,20170615,20170614,211258000,2790.0,3166,80684,88264800.0,2792.0,9,2789.0,5
rb1805,20170615,20170614,211258500,2790.0,3166,80684,88264800.0,2792.0,9,2789.0,7
rb1805,20170615,20170614,211300000,2790.0,3166,80684,88264800.0,2792.0,9,2789.0,7
rb1805,20170615,20170614,211300500,2790.0,3166,80684,88264800.0,2792.0,9,2789.0,8
rb1805,20170615,20170614,211301500,2790.0,3166,80684,88264800.0,2792.0,9,2789.0,8
rb1805,20170615,20170614,211303500,2790.0,3166,80684,88264800.0,2792.0,10,2789.0,8
rb1805,20170615,20170614,211304000,2790.0,3166,80684,88264800.0,2792.0,10,2789.0,8
rb1805,20170615,20170614,211304500,2790.0,3166,80684,88264800.0,2792.0,10,2789.0,8
rb1805,20170615,20170614,211308000,2790.0,3166,80684,88264800.0,2791.0,1,2789.0,8
rb1805,20170615,20170614,211308500,2790.0,3166,80684,88264800.0,2792.0,19,2790.0,2
rb1805,20170615,20170614,211309000,2790.0,3166,80684,88264800.0,2792.0,20,2790.0,2
rb1805,20170615,20170614,211309500,2790.0,3166,80684,88264800.0,2792.0,19,2790.0,2
rb1805,20170615,20170614,211310000,2790.0,3166,80684,88264800.0,2792.0,14,2790.0,4
rb1805,20170615,20170614,211311000,2790.0,3166,80684,88264800.0,2792.0,14,2790.0,4
rb1805,20170615,20170614,211311500,2790.0,3168,80686,88320600.0,2792.0,14,2790.0,5
rb1805,20170615,20170614,211313000,2790.0,3168,80686,88320600.0,2791.0,1,2790.0,5
rb1805,20170615,20170614,211314000,2790.0,3168,80686,88320600.0,2791.0,1,2790.0,5
rb1805,20170615,20170614,211315500,2790.0,3168,80686,88320600.0,2791.0,1,2790.0,5
rb1805,20170615,20170614,211316000,2790.0,3170,80686,88376400.0,2791.0,1,2790.0,2
rb1805,20170615,20170614,211318000,2790.0,3170,80686,88376400.0,2791.0,11,2790.0,2
rb1805,20170615,20170614,211318500,2790.0,3170,80686,88376400.0,2791.0,11,2790.0,2
rb1805,20170615,20170614,211322000,2791.0,3192,80664,88990420.0,2792.0,5,2790.0,3
rb1805,20170615,20170614,211322500,2791.0,3192,80664,88990420.0,2792.0,6,2790.0,3
rb1805,20170615,20170614,211323500,2790.0,3194,80664,89046220.0,2792.0,6,2790.0,2
rb1805,20170615,20170614,211324000,2790.0,3194,80664,89046220.0,2792.0,6,2791.0,1
rb1805,20170615,20170614,211324500,2791.0,3196,80666,89102040.0,2791.0,1,2790.0,2
rb1805,20170615,20170614,211325000,2791.0,3196,80666,89102040.0,2792.0,6,2790.0,2
rb1805,20170615,20170614,211326000,2791.0,3196,80666,89102040.0,2792.0,6,2790.0,2
rb1805,20170615,20170614,211326500,2791.0,3196,80666,89102040.0,2792.0,6,2790.0,2
rb1805,20170615,20170614,211328500,2791.0,3196,80666,89102040.0,2792.0,5,2791.0,1
rb1805,20170615,20170614,211334500,2791.0,3196,80666,89102040.0,2792.0,5,2791.0,2
rb1805,20170615,20170614,211335500,2792.0,3198,80664,89157880.0,2792.0,4,2791.0,2
rb1805,20170615,20170614,211336500,2792.0,3198,80664,89157880.0,2792.0,5,2791.0,2
rb1805,20170615,20170614,211338000,2792.0,3198,80664,89157880.0,2792.0,5,2791.0,2
rb1805,20170615,20170614,211338500,2792.0,3198,80664,89157880.0,2792.0,5,2791.0,2
rb1805,20170615,20170614,211342500,2791.0,3200,80666,89213700.0,2792.0,5,2791.0,1
rb1805,20170615,20170614,211343000,2791.0,3200,80666,89213700.0,2792.0,5,2791.0,1
rb1805,20170615,20170614,211346000,2791.0,3202,80666,89269520.0,2791.0,10,2790.0,3
rb1805,20170615,20170614,211346500,2791.0,3222,80646,89827720.0,2792.0,5,2790.0,3
rb1805,20170615,20170614,211348000,2791.0,3222,80646,89827720.0,2792.0,10,2790.0,3
rb1805,20170615,20170614,211348500,2789.0,3238,80636,90274020.0,2789.0,12,2788.0,1
rb1805,20170615,20170614,211349000,2789.0,3262,80612,90943380.0,2792.0,10,2789.0,4
rb1805,20170615,20170614,211349500,2789.0,3262,80612,90943380.0,2791.0,2,2789.0,5
rb1805,20170615,20170614,211350000,2791.0,3278,80608,91389940.0,2791.0,4,2789.0,5
rb1805,20170615,20170614,211350500,2791.0,3278,80608,91389940.0,2791.0,5,2789.0,3
rb1805,20170615,20170614,211353500,2791.0,3278,80608,91389940.0,2791.0,6,2789.0,3
rb1805,20170615,20170614,211355000,2789.0,3280,80606,91445720.0,2790.0,15,2789.0,2
rb1805,20170615,20170614,211355500,2791.0,3314,80610,92394360.0,2791.0,9,2789.0,3
rb1805,20170615,20170614,211356000,2791.0,3314,80610,92394360.0,2791.0,9,2789.0,3
rb1805,20170615,20170614,211359500,2791.0,3314,80610,92394360.0,2790.0,1,2789.0,3
rb1805,20170615,20170614,211400000,2790.0,3316,80608,92450160.0,2791.0,9,2789.0,3
rb1805,20170615,20170614,211400500,2790.0,3316,80608,92450160.0,2791.0,29,2789.0,3
rb1805,20170615,20170614,211402000,2790.0,3316,80608,92450160.0,2791.0,29,2790.0,20
rb1805,20170615,20170614,211404000,2790.0,3318,80608,92505960.0,2791.0,29,2790.0,19
rb1805,20170615,20170614,211404500,2790.0,3318,80608,92505960.0,2791.0,27,2790.0,19
rb1805,20170615,20170614,211405500,2790.0,3348,80638,93342960.0,2791.0,27,2790.0,4
rb1805,20170615,20170614,211406000,2790.0,3348,80638,93342960.0,2791.0,27,2790.0,4
rb1805,20170615,20170614,211408500,2790.0,3356,80638,93566160.0,2790.0,16,2789.0,3
rb1805,20170615,20170614,211409000,2790.0,3388,80606,94458960.0,2791.0,27,2789.0,3
rb1805,20170615,20170614,211411500,2790.0,3388,80606,94458960.0,2791.0,27,2789.0,9
rb1805,20170615,20170614,211412000,2790.0,3388,80606,94458960.0,2791.0,27,2789.0,14
rb1805,20170615,20170614,211413000,2790.0,3388,80606,94458960.0,2791.0,27,2790.0,2
rb1805,20170615,20170614,211413500,2790.0,3388,80606,94458960.0,2791.0,27,2790.0,4
rb1805,20170615,20170614,211414000,2790.0,3388,80606,94458960.0,2791.0,27,2790.0,4
rb1805,20170615,20170614,211414500,2790.0,3396,80604,94682160.0,2790.0,14,2789.0,19
rb1805,20170615,20170614,211415000,2790.0,3424,80604,95463360.0,2791.0,7,2790.0,4
rb1805,20170615,20170614,211415500,2790.0,3426,80602,95519160.0,2791.0,7,2790.0,4
rb1805,20170615,20170614,211416500,2791.0,3428,80602,95574980.0,2791.0,6,2790.0,4
rb1805,20170615,20170614,211417000,2791.0,3428,80602,95574980.0,2791.0,6,2790.0,4
rb1805,20170615,20170614,211418500,2790.0,3430,80600,95630780.0,2790.0,19,2789.0,14
rb1805,20170615,20170614,211419000,2790.0,3468,80562,96690980.0,2791.0,6,2790.0,2
rb1805,20170615,20170614,211419500,2790.0,3468,80562,96690980.0,2791.0,6,2789.0,14
rb1805,20170615,20170614,211420500,2790.0,3468,80562,96690980.0,2791.0,6,2789.0,14
rb1805,20170615,20170614,211421000,2790.0,3468,80562,96690980.0,2791.0,6,2789.0,14
rb1805,20170615,20170614,211422000,2790.0,3468,80562,96690980.0,2791.0,6,2789.0,15
rb1805,20170615,20170614,211423000,2790.0,3468,80562,96690980.0,2791.0,6,2789.0,15
rb1805,20170615,20170614,211423500,2790.0,3468,80562,96690980.0,2791.0,6,2790.0,3
rb1805,20170615,20170614,211424000,2789.0,3480,80564,97025720.0,2790.0,12,2789.0,12
rb1805,20170615,20170614,211424500,2790.0,3504,80564,97695320.0,2791.0,6,2790.0,2
rb1805,20170615,20170614,211425000,2790.0,3504,80564,97695320.0,2791.0,6,2789.0,12
rb1805,20170615,20170614,211426000,2790.0,3504,80564,97695320.0,2791.0,6,2789.0,12
rb1805,20170615,20170614,211428000,2790.0,3504,80564,97695320.0,2791.0,6,2789.0,17
rb1805,20170615,20170614,211429000,2790.0,3504,80564,97695320.0,2791.0,6,2789.0,17
rb1805,20170615,20170614,211430500,2790.0,3504,80564,97695320.0,2791.0,6,2789.0,18
rb1805,20170615,20170614,211431000,2790.0,3504,80564,97695320.0,2790.0,1,2789.0,18
rb1805,20170615,20170614,211431500,2790.0,3506,80562,97751120.0,2791.0,6,2790.0,2
rb1805,20170615,20170614,211432000,2789.0,3508,80560,97806900.0,2791.0,6,2789.0,12
rb1805,20170615,20170614,211432500,2789.0,3508,80560,97806900.0,2791.0,8,2789.0,12
rb1805,20170615,20170614,211433000,2789.0,3508,80560,97806900.0,2790.0,32,2789.0,12
rb1805,20170615,20170614,211433500,2790.0,3526,80556,98309100.0,2790.0,23,2789.0,12
rb1805,20170615,20170614,211434500,2790.0,3540,80556,98699700.0,2790.0,16,2789.0,12
rb1805,20170615,20170614,211435000,2790.0,3540,80556,98699700.0,2790.0,16,2789.0,12
rb1805,20170615,20170614,211435500,2790.0,3568,80556,99480900.0,2790.0,2,2789.0,12
rb1805,20170615,20170614,211436000,2790.0,3568,80556,99480900.0,2790.0,3,2789.0,12
rb1805,20170615,20170614,211436500,2790.0,3568,80556,99480900.0,2790.0,3,2789.0,7
rb1805,20170615,20170614,211437500,2790.0,3568,80556,99480900.0,2790.0,3,2789.0,7
rb1805,20170615,20170614,211440000,2789.0,3582,80544,99871360.0,2789.0,3,2788.0,1
rb1805,20170615,20170614,211440500,2789.0,3588,80538,100038700.0,2790.0,3,2789.0,2
rb1805,20170615,20170614,211441000,2789.0,3588,80538,100038700.0,2790.0,3,2788.0,1
rb1805,20170615,20170614,211441500,2789.0,3588,80538,100038700.0,2790.0,33,2788.0,1
rb1805,20170615,20170614,211443500,2789.0,3588,80538,100038700.0,2790.0,33,2788.0,1
rb1805,20170615,20170614,211444000,2790.0,3592,80542,100150300.0,2790.0,31,2788.0,6
rb1805,20170615,20170614,211445500,2790.0,3592,80542,100150300.0,2790.0,33,2788.0,1
rb1805,20170615,20170614,211446000,2790.0,3592,80542,100150300.0,2790.0,33,2788.0,1
rb1805,20170615,20170614,211449000,2790.0,3592,80542,100150300.0,2789.0,1,2788.0,1
rb1805,20170615,20170614,211449500,2789.0,3594,80540,100206080.0,2790.0,33,2788.0,1
rb1805,20170615,20170614,211450000,2789.0,3594,80540,100206080.0,2790.0,33,2789.0,2
rb1805,20170615,20170614,211450500,2789.0,3594,80540,100206080.0,2790.0,31,2789.0,2
rb1805,20170615,20170614,211451000,2789.0,3596,80542,100261860.0,2790.0,31,2789.0,1
rb1805,20170615,20170614,211452500,2789.0,3596,80542,100261860.0,2790.0,31,2788.0,1
rb1805,20170615,20170614,211453500,2789.0,3596,80542,100261860.0,2790.0,31,2788.0,1
rb1805,20170615,20170614,211454000,2790.0,3598,80542,100317660.0,2790.0,30,2788.0,1
rb1805,20170615,20170614,211455000,2790.0,3598,80542,100317660.0,2790.0,30,2788.0,2
rb1805,20170615,20170614,211456500,2790.0,3598,80542,100317660.0,2790.0,30,2788.0,2
rb1805,20170615,20170614,211457500,2790.0,3598,80542,100317660.0,2790.0,30,2788.0,2
rb1805,20170615,20170614,211459000,2790.0,3598,80542,100317660.0,2789.0,1,2788.0,2
rb1805,20170615,20170614,211459500,2789.0,3600,80542,100373440.0,2790.0,30,2788.0,2
rb1805,20170615,20170614,211501500,2788.0,3604,80542,100484960.0,2788.0,2,2787.0,3
rb1805,20170615,20170614,211502000,2788.0,3608,80540,100596480.0,2790.0,30,2787.0,3
rb1805,20170615,20170614,211502500,2788.0,3608,80540,100596480.0,2790.0,32,2789.0,1
rb1805,20170615,20170614,211504500,2788.0,3608,80540,100596480.0,2790.0,32,2789.0,1
rb1805,20170615,20170614,211505000,2788.0,3608,80540,100596480.0,2790.0,32,2789.0,1
rb1805,20170615,20170614,211505500,2788.0,3608,80540,100596480.0,2790.0,32,2789.0,1
rb1805,20170615,20170614,211507500,2788.0,3608,80540,100596480.0,2790.0,31,2789.0,1
rb1805,20170615,20170614,211509000,2790.0,3670,80538,102326280.0,2791.0,16,2789.0,1
rb1805,20170615,20170614,211509500,2790.0,3670,80538,102326280.0,2791.0,16,2789.0,1
rb1805,20170615,20170614,211510000,2790.0,3670,80538,102326280.0,2791.0,16,2789.0,1
rb1805,20170615,20170614,211511500,2790.0,3670,80538,102326280.0,2791.0,16,2789.0,1
rb1805,20170615,20170614,211512000,2790.0,3670,80538,102326280.0,2791.0,16,2789.0,1
rb1805,20170615,20170614,211513000,2790.0,3670,80538,102326280.0,2791.0,9,2789.0,1
rb1805,20170615,20170614,211513500,2790.0,3670,80538,102326280.0,2791.0,9,2790.0,1
rb1805,20170615,20170614,211515500,2790.0,3672,80538,102382080.0,2791.0,9,2789.0,1
rb1805,20170615,20170614,211516000,2790.0,3672,80538,102382080.0,2791.0,7,2789.0,1
rb1805,20170615,20170614,211518500,2790.0,3672,80538,102382080.0,2791.0,8,2789.0,1
rb1805,20170615,20170614,211519000,2790.0,3672,80538,102382080.0,2791.0,8,2789.0,1
rb1805,20170615,20170614,211519500,2789.0,3674,80536,102437860.0,2789.0,2,2788.0,9
rb1805,20170615,20170614,211520000,2791.0,3680,80530,102605240.0,2791.0,7,2789.0,2
rb1805,20170615,20170614,211521000,2791.0,3680,80530,102605240.0,2791.0,7,2789.0,2
rb1805,20170615,20170614,211521500,2791.0,3680,80530,102605240.0,2791.0,7,2789.0,2
rb1805,20170615,20170614,211522500,2791.0,3680,80530,102605240.0,2791.0,7,2789.0,2
rb1805,20170615,20170614,211523000,2791.0,3680,80530,102605240.0,2791.0,7,2789.0,2
rb1805,20170615,20170614,211523500,2791.0,3694,80516,102995980.0,2792.0,10,2789.0,2
rb1805,20170615,20170614,211524000,2791.0,3694,80516,102995980.0,2792.0,10,2789.0,7
rb1805,20170615,20170614,211524500,2789.0,3696,80518,103051760.0,2792.0,10,2789.0,6
rb1805,20170615,20170614,211526000,2789.0,3696,80518,103051760.0,2792.0,10,2789.0,12
rb1805,20170615,20170614,211528000,2789.0,3696,80518,103051760.0,2792.0,10,2789.0,12
rb1805,20170615,20170614,211528500,2789.0,3696,80518,103051760.0,2792.0,10,2790.0,2
rb1805,20170615,20170614,211529000,2789.0,3696,80518,103051760.0,2792.0,10,2790.0,2
rb1805,20170615,20170614,211530000,2789.0,3696,80518,103051760.0,2792.0,10,2790.0,4
rb1805,20170615,20170614,211531500,2790.0,3704,80518,103274960.0,2790.0,1,2789.0,12
rb1805,20170615,20170614,211532000,2790.0,3706,80516,103330760.0,2792.0,10,2789.0,12
rb1805,20170615,20170614,211534000,2790.0,3706,80516,103330760.0,2792.0,12,2789.0,12
rb1805,20170615,20170614,211535500,2790.0,3706,80516,103330760.0,2792.0,12,2789.0,12
rb1805,20170615,20170614,211536000,2790.0,3706,80516,103330760.0,2792.0,12,2789.0,12
rb1805,20170615,20170614,211536500,2792.0,3730,80506,104000840.0,2793.0,23,2789.0,14
rb1805,20170615,20170614,211537000,2792.0,3730,80506,104000840.0,2793.0,23,2789.0,12
rb1805,20170615,20170614,211538500,2792.0,3730,80506,104000840.0,2793.0,23,2790.0,10
rb1805,20170615,20170614,211539000,2792.0,3730,80506,104000840.0,2792.0,2,2790.0,15
rb1805,20170615,20170614,211541000,2792.0,3732,80506,104056680.0,2792.0,1,2790.0,15
rb1805,20170615,20170614,211541500,2792.0,3734,80504,104112520.0,2793.0,23,2790.0,15
rb1805,20170615,20170614,211542000,2792.0,3734,80504,104112520.0,2793.0,23,2790.0,16
rb1805,20170615,20170614,211542500,2792.0,3734,80504,104112520.0,2792.0,7,2790.0,16
rb1805,20170615,20170614,211543000,2792.0,3734,80504,104112520.0,2792.0,7,2790.0,11
rb1805,20170615,20170614,211544000,2792.0,3746,80492,104447560.0,2792.0,1,2790.0,11
rb1805,20170615,20170614,211546500,2792.0,3746,80492,104447560.0,2792.0,1,2790.0,11
rb1805,20170615,20170614,211547000,2792.0,3748,80492,104503400.0,2793.0,23,2790.0,11
rb1805,20170615,20170614,211547500,2792.0,3748,80492,104503400.0,2793.0,23,2790.0,16
rb1805,20170615,20170614,211550000,2792.0,3748,80492,104503400.0,2793.0,23,2790.0,16
rb1805,20170615,20170614,211551500,2792.0,3748,80492,104503400.0,2793.0,23,2790.0,16
rb1805,20170615,20170614,211556500,2792.0,3748,80492,104503400.0,2793.0,24,2790.0,16
rb1805,20170615,20170614,211558500,2792.0,3748,80492,104503400.0,2793.0,24,2790.0,17
rb1805,20170615,20170614,211600000,2790.0,3768,80472,105061400.0,2793.0,24,2790.0,7
rb1805,20170615,20170614,211600500,2790.0,3768,80472,105061400.0,2793.0,27,2791.0,1
rb1805,20170615,20170614,211601000,2790.0,3768,80472,105061400.0,2793.0,27,2791.0,1
rb1805,20170615,20170614,211603000,2790.0,3768,80472,105061400.0,2793.0,27,2791.0,6
rb1805,20170615,20170614,211604000,2791.0,3770,80470,105117220.0,2793.0,27,2791.0,5
rb1805,20170615,20170614,211604500,2791.0,3770,80470,105117220.0,2793.0,27,2791.0,7
rb1805,20170615,20170614,211607000,2791.0,3770,80470,105117220.0,2793.0,27,2791.0,7
rb1805,20170615,20170614,211610500,2791.0,3770,80470,105117220.0,2793.0,26,2791.0,7
rb1805,20170615,20170614,211612000,2791.0,3770,80470,105117220.0,2793.0,26,2791.0,7
rb1805,20170615,20170614,211614500,2791.0,3770,80470,105117220.0,2792.0,2,2791.0,7
rb1805,20170615,20170614,211616500,2791.0,3770,80470,105117220.0,2792.0,2,2791.0,2
rb1805,20170615,20170614,211617500,2791.0,3774,80466,105228860.0,2791.0,8,2790.0,6
rb1805,20170615,20170614,211618000,2791.0,3790,80450,105675420.0,2792.0,2,2790.0,6
rb1805,20170615,20170614,211618500,2791.0,3790,80450,105675420.0,2792.0,2,2790.0,8
rb1805,20170615,20170614,211622000,2792.0,3794,80450,105787100.0,2793.0,26,2790.0,8
rb1805,20170615,20170614,211625000,2792.0,3794,80450,105787100.0,2792.0,2,2790.0,8
rb1805,20170615,20170614,211625500,2792.0,3794,80450,105787100.0,2792.0,3,2790.0,8
rb1805,20170615,20170614,211627000,2792.0,3794,80450,105787100.0,2792.0,4,2791.0,1
rb1805,20170615,20170614,211627500,2792.0,3794,80450,105787100.0,2792.0,4,2791.0,1
rb1805,20170615,20170614,211628000,2792.0,3794,80450,105787100.0,2792.0,4,2791.0,2
rb1805,20170615,20170614,211628500,2792.0,3802,80442,106010460.0,2793.0,29,2791.0,2
rb1805,20170615,20170614,211629000,2792.0,3802,80442,106010460.0,2793.0,29,2791.0,2
rb1805,20170615,20170614,211630000,2792.0,3802,80442,106010460.0,2793.0,29,2792.0,20
rb1805,20170615,20170614,211630500,2792.0,3802,80442,106010460.0,2793.0,29,2792.0,20
rb1805,20170615,20170614,211632000,2792.0,3802,80442,106010460.0,2793.0,29,2792.0,20
rb1805,20170615,20170614,211632500,2792.0,3802,80442,106010460.0,2793.0,29,2792.0,20
rb1805,20170615,20170614,211635500,2792.0,3802,80442,106010460.0,2793.0,28,2792.0,20
rb1805,20170615,20170614,211636000,2792.0,3806,80442,106122140.0,2793.0,28,2792.0,23
rb1805,20170615,20170614,211636500,2792.0,3806,80442,106122140.0,2793.0,29,2792.0,23
rb1805,20170615,20170614,211637000,2792.0,3806,80442,106122140.0,2793.0,29,2792.0,23
rb1805,20170615,20170614,211637500,2792.0,3806,80442,106122140.0,2793.0,29,2792.0,23
rb1805,20170615,20170614,211638500,2792.0,3806,80442,106122140.0,2793.0,29,2792.0,23
rb1805,20170615,20170614,211642000,2793.0,3808,80442,106178000.0,2793.0,28,2792.0,23
rb1805,20170615,20170614,211642500,2793.0,3808,80442,106178000.0,2793.0,26,2792.0,23
rb1805,20170615,20170614,211644000,2793.0,3808,80442,106178000.0,2793.0,27,2792.0,23
rb1805,20170615,20170614,211645000,2793.0,3808,80442,106178000.0,2793.0,27,2792.0,23
rb1805,20170615,20170614,211645500,2792.0,3812,80442,106289680.0,2793.0,27,2792.0,21
rb1805,20170615,20170614,211647000,2792.0,3812,80442,106289680.0,2793.0,27,2792.0,16
rb1805,20170615,20170614,211648500,2793.0,3866,80390,107797900.0,2795.0,22,2792.0,17
rb1805,20170615,20170614,211649000,2793.0,3866,80390,107797900.0,2795.0,23,2792.0,21
rb1805,20170615,20170614,211649500,2793.0,3866,80390,107797900.0,2795.0,23,2792.0,21
rb1805,20170615,20170614,211650000,2793.0,3866,80390,107797900.0,2795.0,23,2792.0,21
rb1805,20170615,20170614,211650500,2793.0,3866,80390,107797900.0,2795.0,23,2792.0,21
