instrument,tradingday,calendarday,time,lastp,volume,openinterest,turnover,ask1,asksz1,bid1,bidsz1
rb1805,20171016,20171013,183132500,3625.0,0,606332,0.0,0.0,0,0.0,0
rb1805,20171016,20171013,205900500,3625.0,728,606614,26390000.0,3625.0,109,3623.0,1
rb1805,20171016,20171013,210000500,3623.0,1056,606612,38277680.0,3623.0,200,3622.0,4
rb1805,20171016,20171013,210001000,3623.0,1410,606596,51101540.0,3623.0,100,3622.0,3
rb1805,20171016,20171013,210001500,3623.0,1700,606536,61606740.0,3622.0,1,3620.0,72
rb1805,20171016,20171013,210002000,3622.0,2044,606432,74059660.0,3622.0,74,3616.0,8
rb1805,20171016,20171013,210002500,3617.0,2198,606368,79631620.0,3620.0,19,3617.0,13
rb1805,20171016,20171013,210003000,3620.0,2618,606334,94824960.0,3621.0,12,3620.0,40
rb1805,20171016,20171013,210003500,3619.0,2810,606254,101777200.0,3619.0,1,3618.0,23
rb1805,20171016,20171013,210004000,3619.0,2864,606276,103731840.0,3620.0,1,3619.0,10
rb1805,20171016,20171013,210004500,3620.0,2936,606274,106337780.0,3620.0,9,3619.0,1
rb1805,20171016,20171013,210005000,3619.0,3058,606324,110753980.0,3619.0,5,3618.0,18
rb1805,20171016,20171013,210005500,3619.0,3164,606314,114590200.0,3619.0,7,3618.0,2
rb1805,20171016,20171013,210006000,3619.0,3234,606354,117123420.0,3621.0,6,3619.0,10
rb1805,20171016,20171013,210006500,3620.0,3286,606352,119005260.0,3620.0,1,3618.0,3
rb1805,20171016,20171013,210007000,3620.0,3344,606318,121104220.0,3620.0,5,3618.0,8
rb1805,20171016,20171013,210007500,3619.0,3362,606316,121755620.0,3620.0,6,3618.0,16
rb1805,20171016,20171013,210008000,3618.0,3374,606324,122189900.0,3620.0,17,3618.0,1
rb1805,20171016,20171013,210008500,3618.0,3386,606316,122624060.0,3619.0,2,3618.0,12
rb1805,20171016,20171013,210009000,3618.0,3430,606320,124216020.0,3620.0,18,3618.0,2
rb1805,20171016,20171013,210009500,3619.0,3462,606330,125374320.0,3619.0,3,3618.0,4
rb1805,20171016,20171013,210010000,3618.0,3498,606352,126676880.0,3618.0,110,3617.0,25
rb1805,20171016,20171013,210010500,3618.0,3628,606336,131379400.0,3618.0,90,3617.0,3
rb1805,20171016,20171013,210011000,3617.0,3678,606368,133188280.0,3618.0,98,3617.0,1
rb1805,20171016,20171013,210011500,3617.0,3762,606384,136226700.0,3618.0,108,3617.0,23
rb1805,20171016,20171013,210012000,3617.0,3942,606472,142737300.0,3617.0,38,3616.0,2
rb1805,20171016,20171013,210012500,3617.0,4072,606406,147437840.0,3617.0,23,3616.0,1
rb1805,20171016,20171013,210013000,3616.0,4118,606372,149101280.0,3616.0,236,3614.0,6
rb1805,20171016,20171013,210013500,3611.0,4242,606310,153580780.0,3616.0,232,3611.0,95
rb1805,20171016,20171013,210014000,3612.0,4352,606314,157555660.0,3615.0,20,3612.0,27
rb1805,20171016,20171013,210014500,3614.0,4368,606312,158133660.0,3614.0,1,3613.0,37
rb1805,20171016,20171013,210015000,3615.0,4404,606308,159434800.0,3615.0,60,3614.0,7
rb1805,20171016,20171013,210015500,3614.0,4466,606318,161675300.0,3614.0,5,3613.0,4
rb1805,20171016,20171013,210016000,3614.0,4520,606324,163626960.0,3615.0,56,3614.0,7
rb1805,20171016,20171013,210016500,3614.0,4548,606326,164639020.0,3614.0,1,3613.0,9
rb1805,20171016,20171013,210017000,3613.0,4720,606406,170855700.0,3613.0,43,3612.0,35
rb1805,20171016,20171013,210017500,3614.0,4896,606504,177215420.0,3616.0,257,3614.0,1
rb1805,20171016,20171013,210018000,3616.0,5026,606504,181913600.0,3616.0,257,3615.0,4
rb1805,20171016,20171013,210018500,3615.0,5054,606486,182925820.0,3615.0,223,3614.0,1
rb1805,20171016,20171013,210019000,3614.0,5076,606488,183721080.0,3615.0,215,3613.0,20
rb1805,20171016,20171013,210019500,3614.0,5088,606488,184154780.0,3615.0,217,3614.0,1
rb1805,20171016,20171013,210020000,3615.0,5100,606482,184588520.0,3615.0,214,3614.0,6
rb1805,20171016,20171013,210020500,3614.0,5114,606480,185094480.0,3615.0,258,3614.0,33
rb1805,20171016,20171013,210021000,3615.0,5308,606344,192107140.0,3615.0,193,3614.0,13
rb1805,20171016,20171013,210021500,3615.0,5328,606354,192830000.0,3615.0,195,3614.0,55
rb1805,20171016,20171013,210022000,3615.0,5376,606330,194564840.0,3615.0,196,3614.0,87
rb1805,20171016,20171013,210022500,3614.0,5564,606286,201359160.0,3615.0,201,3614.0,5
rb1805,20171016,20171013,210023000,3614.0,5602,606288,202732540.0,3615.0,207,3614.0,1
rb1805,20171016,20171013,210023500,3614.0,5710,606302,206636280.0,3615.0,179,3614.0,7
rb1805,20171016,20171013,210024000,3614.0,5744,606298,207865080.0,3614.0,51,3613.0,55
rb1805,20171016,20171013,210024500,3613.0,5878,606256,212706900.0,3613.0,32,3612.0,47
rb1805,20171016,20171013,210025000,3614.0,5952,606220,215380540.0,3614.0,40,3612.0,48
rb1805,20171016,20171013,210025500,3614.0,5978,606210,216320120.0,3614.0,33,3613.0,23
rb1805,20171016,20171013,210026000,3613.0,6016,606200,217693380.0,3614.0,29,3613.0,20
rb1805,20171016,20171013,210026500,3612.0,6170,606132,223256200.0,3612.0,22,3611.0,107
rb1805,20171016,20171013,210027000,3614.0,6226,606118,225279060.0,3614.0,64,3613.0,47
rb1805,20171016,20171013,210027500,3612.0,6328,606030,228964320.0,3612.0,18,3611.0,108
rb1805,20171016,20171013,210028000,3613.0,6386,605996,231059420.0,3613.0,96,3612.0,45
rb1805,20171016,20171013,210028500,3613.0,6414,606008,232070920.0,3613.0,101,3612.0,54
rb1805,20171016,20171013,210029000,3614.0,6656,605902,240814200.0,3614.0,77,3612.0,43
rb1805,20171016,20171013,210029500,3612.0,6674,605918,241464360.0,3612.0,5,3611.0,107
rb1805,20171016,20171013,210030000,3612.0,6706,605904,242620260.0,3614.0,70,3613.0,1
rb1805,20171016,20171013,210030500,3612.0,6762,605868,244643400.0,3613.0,60,3612.0,26
rb1805,20171016,20171013,210031000,3612.0,7034,605726,254469880.0,3612.0,38,3611.0,103
rb1805,20171016,20171013,210031500,3614.0,7140,605696,258298900.0,3614.0,64,3612.0,3
rb1805,20171016,20171013,210032000,3612.0,7152,605700,258732480.0,3613.0,22,3612.0,2
rb1805,20171016,20171013,210032500,3612.0,7172,605706,259454880.0,3612.0,13,3611.0,121
rb1805,20171016,20171013,210033000,3612.0,7210,605720,260827400.0,3612.0,23,3611.0,121
rb1805,20171016,20171013,210033500,3612.0,7248,605754,262199960.0,3612.0,12,3611.0,123
rb1805,20171016,20171013,210034000,3612.0,7268,605760,262922360.0,3612.0,4,3611.0,123
rb1805,20171016,20171013,210034500,3612.0,7284,605752,263500220.0,3612.0,7,3611.0,122
rb1805,20171016,20171013,210035000,3612.0,7314,605736,264583660.0,3612.0,1,3611.0,113
rb1805,20171016,20171013,210035500,3612.0,7326,605736,265017120.0,3613.0,19,3612.0,5
rb1805,20171016,20171013,210036000,3612.0,7352,605746,265956200.0,3612.0,3,3611.0,115
rb1805,20171016,20171013,210036500,3612.0,7432,605674,268845820.0,3612.0,103,3611.0,122
rb1805,20171016,20171013,210037000,3612.0,7446,605668,269351500.0,3612.0,96,3611.0,123
rb1805,20171016,20171013,210037500,3613.0,7658,605576,277008800.0,3613.0,25,3612.0,2
rb1805,20171016,20171013,210038000,3611.0,7866,605514,284519740.0,3612.0,11,3611.0,20
rb1805,20171016,20171013,210038500,3613.0,7892,605536,285458880.0,3613.0,28,3612.0,22
rb1805,20171016,20171013,210039000,3612.0,7922,605550,286542520.0,3613.0,33,3612.0,49
rb1805,20171016,20171013,210039500,3613.0,7936,605552,287048240.0,3613.0,34,3612.0,71
rb1805,20171016,20171013,210040000,3613.0,7964,605556,288059820.0,3613.0,21,3612.0,74
rb1805,20171016,20171013,210040500,3612.0,8018,605568,290010360.0,3613.0,23,3612.0,50
rb1805,20171016,20171013,210041000,3612.0,8036,605576,290660660.0,3613.0,125,3612.0,54
rb1805,20171016,20171013,210041500,3612.0,8112,605608,293406280.0,3613.0,104,3612.0,54
rb1805,20171016,20171013,210042000,3612.0,8124,605618,293839740.0,3613.0,108,3612.0,68
rb1805,20171016,20171013,210042500,3613.0,8190,605668,296224220.0,3613.0,114,3612.0,64
rb1805,20171016,20171013,210043000,3613.0,8218,605694,297235620.0,3613.0,140,3612.0,64
rb1805,20171016,20171013,210043500,3612.0,8242,605694,298102720.0,3613.0,133,3612.0,86
rb1805,20171016,20171013,210044000,3613.0,8250,605702,298391760.0,3613.0,130,3612.0,118
rb1805,20171016,20171013,210044500,3612.0,8262,605710,298825260.0,3613.0,127,3612.0,118
rb1805,20171016,20171013,210045000,3613.0,8390,605688,303449880.0,3614.0,67,3612.0,117
rb1805,20171016,20171013,210045500,3612.0,8604,605712,311179860.0,3613.0,1,3612.0,29
rb1805,20171016,20171013,210046000,3613.0,8640,605714,312480280.0,3614.0,67,3613.0,56
rb1805,20171016,20171013,210046500,3614.0,8684,605736,314070040.0,3614.0,67,3613.0,39
rb1805,20171016,20171013,210047000,3613.0,8770,605814,317177200.0,3613.0,33,3612.0,17
rb1805,20171016,20171013,210047500,3613.0,8786,605804,317755160.0,3613.0,46,3612.0,13
rb1805,20171016,20171013,210048000,3613.0,8828,605804,319272620.0,3613.0,22,3612.0,13
rb1805,20171016,20171013,210048500,3612.0,8832,605808,319417100.0,3613.0,24,3612.0,11
rb1805,20171016,20171013,210049000,3613.0,8874,605808,320934380.0,3613.0,7,3612.0,6
rb1805,20171016,20171013,210049500,3614.0,8892,605802,321584760.0,3614.0,64,3613.0,3
rb1805,20171016,20171013,210050000,3613.0,9006,605746,325704580.0,3614.0,15,3613.0,4
rb1805,20171016,20171013,210050500,3612.0,9030,605754,326571620.0,3613.0,19,3612.0,20
rb1805,20171016,20171013,210051000,3613.0,9064,605748,327800000.0,3613.0,3,3612.0,20
rb1805,20171016,20171013,210051500,3613.0,9084,605756,328522600.0,3613.0,28,3612.0,30
rb1805,20171016,20171013,210052000,3612.0,9106,605756,329317440.0,3613.0,18,3612.0,32
rb1805,20171016,20171013,210052500,3613.0,9126,605750,330039900.0,3613.0,65,3612.0,28
rb1805,20171016,20171013,210053000,3612.0,9132,605746,330256660.0,3613.0,64,3612.0,33
rb1805,20171016,20171013,210053500,3613.0,9216,605798,333290840.0,3613.0,61,3612.0,10
rb1805,20171016,20171013,210054000,3613.0,9270,605792,335241780.0,3613.0,39,3612.0,7
rb1805,20171016,20171013,210054500,3612.0,9282,605798,335675220.0,3613.0,46,3612.0,1
rb1805,20171016,20171013,210055000,3612.0,9340,605848,337770680.0,3613.0,26,3612.0,9
rb1805,20171016,20171013,210055500,3612.0,9342,605848,337842920.0,3613.0,32,3612.0,58
rb1805,20171016,20171013,210056000,3613.0,9398,605838,339866200.0,3614.0,34,3613.0,5
rb1805,20171016,20171013,210056500,3613.0,9428,605830,340950100.0,3614.0,37,3612.0,70
rb1805,20171016,20171013,210057000,3613.0,9442,605830,341455940.0,3614.0,33,3613.0,30
rb1805,20171016,20171013,210057500,3613.0,9446,605832,341600460.0,3614.0,33,3613.0,38
rb1805,20171016,20171013,210058000,3613.0,9462,605834,342178540.0,3614.0,29,3613.0,38
rb1805,20171016,20171013,210058500,3613.0,9486,605834,343045740.0,3614.0,29,3613.0,30
rb1805,20171016,20171013,210059000,3614.0,9512,605814,343985360.0,3614.0,17,3613.0,29
rb1805,20171016,20171013,210059500,3614.0,9550,605818,345358680.0,3615.0,61,3614.0,21
rb1805,20171016,20171013,210100000,3615.0,9560,605818,345720100.0,3615.0,60,3614.0,18
rb1805,20171016,20171013,210100500,3614.0,9578,605820,346370640.0,3615.0,63,3614.0,12
rb1805,20171016,20171013,210101000,3614.0,9586,605816,346659780.0,3615.0,58,3614.0,9
rb1805,20171016,20171013,210101500,3614.0,9616,605816,347744220.0,3615.0,46,3614.0,7
rb1805,20171016,20171013,210102000,3615.0,9620,605818,347888800.0,3615.0,54,3614.0,48
rb1805,20171016,20171013,210102500,3614.0,9626,605818,348105640.0,3615.0,52,3614.0,54
rb1805,20171016,20171013,210103000,3615.0,9696,605788,350636120.0,3615.0,19,3614.0,55
rb1805,20171016,20171013,210103500,3615.0,9742,605788,352298880.0,3616.0,113,3614.0,58
rb1805,20171016,20171013,210104000,3615.0,9836,605816,355696520.0,3615.0,10,3614.0,43
rb1805,20171016,20171013,210104500,3614.0,9840,605812,355841080.0,3615.0,11,3614.0,46
rb1805,20171016,20171013,210105000,3615.0,9908,605778,358299240.0,3615.0,9,3614.0,35
rb1805,20171016,20171013,210105500,3615.0,9920,605772,358733020.0,3615.0,10,3614.0,23
rb1805,20171016,20171013,210106000,3615.0,9920,605772,358733020.0,3615.0,10,3614.0,24
rb1805,20171016,20171013,210106500,3615.0,9932,605760,359166820.0,3616.0,141,3615.0,4
rb1805,20171016,20171013,210107000,3615.0,9964,605764,360323620.0,3615.0,25,3614.0,25
rb1805,20171016,20171013,210107500,3615.0,10018,605796,362275720.0,3616.0,137,3615.0,17
rb1805,20171016,20171013,210108000,3615.0,10104,605778,365384540.0,3615.0,65,3614.0,18
rb1805,20171016,20171013,210108500,3615.0,10118,605776,365890560.0,3615.0,57,3614.0,14
rb1805,20171016,20171013,210109000,3615.0,10210,605806,369215960.0,3615.0,31,3614.0,1
rb1805,20171016,20171013,210109500,3614.0,10232,605802,370011240.0,3614.0,1,3613.0,105
rb1805,20171016,20171013,210110000,3615.0,10262,605826,371095460.0,3614.0,5,3613.0,102
rb1805,20171016,20171013,210110500,3613.0,10288,605832,372035100.0,3615.0,98,3613.0,104
rb1805,20171016,20171013,210111000,3614.0,10294,605838,372251940.0,3615.0,159,3613.0,111
rb1805,20171016,20171013,210111500,3614.0,10294,605838,372251940.0,3615.0,159,3613.0,99
rb1805,20171016,20171013,210112000,3614.0,10316,605834,373047000.0,3614.0,1,3613.0,93
rb1805,20171016,20171013,210112500,3614.0,10318,605836,373119280.0,3614.0,51,3613.0,93
rb1805,20171016,20171013,210113000,3613.0,10726,606060,387866540.0,3615.0,3,3613.0,93
rb1805,20171016,20171013,210113500,3614.0,10754,606058,388878240.0,3614.0,16,3613.0,83
rb1805,20171016,20171013,210114000,3613.0,10770,606070,389456340.0,3614.0,17,3613.0,76
rb1805,20171016,20171013,210114500,3614.0,10786,606078,390034580.0,3614.0,10,3613.0,79
rb1805,20171016,20171013,210115000,3613.0,10952,606028,396032160.0,3613.0,75,3612.0,41
rb1805,20171016,20171013,210115500,3613.0,10966,606020,396537980.0,3613.0,69,3612.0,49
rb1805,20171016,20171013,210116000,3613.0,10986,606020,397260580.0,3613.0,65,3612.0,51
rb1805,20171016,20171013,210116500,3613.0,11002,606018,397838660.0,3613.0,73,3612.0,49
rb1805,20171016,20171013,210117000,3613.0,11050,606024,399572820.0,3613.0,57,3612.0,50
rb1805,20171016,20171013,210117500,3612.0,11056,606030,399789540.0,3613.0,59,3612.0,51
rb1805,20171016,20171013,210118000,3612.0,11072,606034,400367560.0,3613.0,55,3612.0,48
rb1805,20171016,20171013,210118500,3613.0,11096,606032,401234620.0,3613.0,46,3612.0,42
rb1805,20171016,20171013,210119000,3612.0,11122,606010,402173760.0,3613.0,45,3612.0,39
rb1805,20171016,20171013,210119500,3613.0,11226,606042,405931320.0,3614.0,63,3613.0,1
rb1805,20171016,20171013,210120000,3612.0,11232,606044,406148060.0,3614.0,63,3613.0,3
rb1805,20171016,20171013,210120500,3612.0,11254,606040,406942840.0,3613.0,4,3612.0,32
rb1805,20171016,20171013,210121000,3614.0,11300,606030,408605140.0,3614.0,47,3613.0,2
rb1805,20171016,20171013,210121500,3614.0,11320,606046,409327920.0,3614.0,38,3613.0,8
rb1805,20171016,20171013,210122000,3613.0,11360,606030,410773220.0,3614.0,34,3613.0,67
rb1805,20171016,20171013,210122500,3613.0,11590,606084,419085620.0,3615.0,21,3613.0,91
rb1805,20171016,20171013,210123000,3613.0,11642,606044,420964440.0,3615.0,23,3613.0,69
rb1805,20171016,20171013,210123500,3615.0,11656,606040,421470440.0,3615.0,24,3614.0,31
rb1805,20171016,20171013,210124000,3614.0,11658,606038,421542720.0,3615.0,24,3614.0,45
rb1805,20171016,20171013,210124500,3614.0,11680,606044,422337860.0,3615.0,20,3614.0,77
rb1805,20171016,20171013,210125000,3615.0,11782,606046,426025160.0,3616.0,113,3615.0,72
rb1805,20171016,20171013,210125500,3615.0,11894,606054,430074020.0,3616.0,111,3615.0,24
rb1805,20171016,20171013,210126000,3615.0,11968,606112,432749120.0,3615.0,59,3614.0,80
rb1805,20171016,20171013,210126500,3614.0,12086,606062,437014300.0,3615.0,136,3614.0,63
rb1805,20171016,20171013,210127000,3614.0,12136,606082,438821360.0,3615.0,135,3614.0,39
rb1805,20171016,20171013,210127500,3614.0,12156,606084,439544300.0,3615.0,130,3614.0,42
rb1805,20171016,20171013,210128000,3614.0,12166,606084,439905720.0,3615.0,152,3614.0,46
rb1805,20171016,20171013,210128500,3615.0,12174,606090,440194900.0,3615.0,141,3614.0,57
rb1805,20171016,20171013,210129000,3614.0,12194,606104,440917860.0,3615.0,136,3614.0,61
rb1805,20171016,20171013,210129500,3614.0,12218,606086,441785280.0,3615.0,134,3614.0,60
rb1805,20171016,20171013,210130000,3615.0,12274,606042,443809580.0,3615.0,112,3614.0,59
rb1805,20171016,20171013,210130500,3615.0,12314,606002,445255580.0,3615.0,93,3614.0,62
rb1805,20171016,20171013,210131000,3615.0,12392,605994,448075280.0,3615.0,54,3614.0,70
rb1805,20171016,20171013,210131500,3615.0,12536,605908,453280880.0,3616.0,160,3615.0,71
rb1805,20171016,20171013,210132000,3615.0,12542,605912,453497780.0,3616.0,160,3615.0,92
rb1805,20171016,20171013,210132500,3615.0,12548,605914,453714680.0,3616.0,160,3615.0,115
rb1805,20171016,20171013,210133000,3615.0,12578,605906,454799380.0,3616.0,150,3615.0,112
rb1805,20171016,20171013,210133500,3616.0,12886,605696,465936640.0,3617.0,24,3616.0,7
rb1805,20171016,20171013,210134000,3618.0,13008,605648,470350120.0,3619.0,58,3618.0,4
rb1805,20171016,20171013,210134500,3619.0,13050,605652,471870000.0,3620.0,56,3619.0,2
rb1805,20171016,20171013,210135000,3618.0,13094,605646,473462240.0,3619.0,2,3618.0,59
rb1805,20171016,20171013,210135500,3618.0,13118,605652,474330820.0,3620.0,48,3619.0,6
rb1805,20171016,20171013,210136000,3620.0,13154,605654,475633880.0,3620.0,41,3619.0,2
rb1805,20171016,20171013,210136500,3619.0,13168,605662,476140660.0,3620.0,41,3619.0,4
rb1805,20171016,20171013,210137000,3619.0,13206,605662,477516100.0,3620.0,35,3619.0,19
rb1805,20171016,20171013,210137500,3619.0,13226,605664,478239940.0,3620.0,34,3619.0,26
rb1805,20171016,20171013,210138000,3619.0,13228,605664,478312320.0,3620.0,68,3619.0,25
rb1805,20171016,20171013,210138500,3618.0,13274,605658,479977040.0,3619.0,29,3618.0,52
rb1805,20171016,20171013,210139000,3620.0,13326,605652,481858900.0,3620.0,62,3618.0,41
rb1805,20171016,20171013,210139500,3620.0,13396,605664,484392900.0,3619.0,5,3618.0,41
rb1805,20171016,20171013,210140000,3617.0,13570,605696,490687500.0,3618.0,1,3617.0,21
rb1805,20171016,20171013,210140500,3619.0,13594,605682,491556040.0,3620.0,48,3619.0,1
rb1805,20171016,20171013,210141000,3620.0,13600,605680,491773220.0,3620.0,54,3618.0,75
rb1805,20171016,20171013,210141500,3619.0,13616,605674,492352320.0,3620.0,52,3619.0,6
rb1805,20171016,20171013,210142000,3618.0,13636,605686,493076100.0,3619.0,5,3618.0,46
rb1805,20171016,20171013,210142500,3618.0,13644,605680,493365540.0,3619.0,5,3618.0,57
rb1805,20171016,20171013,210143000,3618.0,13646,605680,493437900.0,3619.0,12,3618.0,56
rb1805,20171016,20171013,210143500,3619.0,13664,605680,494089280.0,3619.0,12,3618.0,55
rb1805,20171016,20171013,210144000,3619.0,13704,605708,495536860.0,3619.0,3,3618.0,54
rb1805,20171016,20171013,210144500,3621.0,13986,605804,505745780.0,3622.0,40,3621.0,16
rb1805,20171016,20171013,210145000,3622.0,14084,605802,509294360.0,3622.0,37,3620.0,41
rb1805,20171016,20171013,210145500,3622.0,14132,605774,511032880.0,3622.0,21,3620.0,40
rb1805,20171016,20171013,210146000,3622.0,14150,605768,511684720.0,3622.0,17,3620.0,37
rb1805,20171016,20171013,210146500,3622.0,14162,605770,512119240.0,3622.0,15,3620.0,38
rb1805,20171016,20171013,210147000,3622.0,14170,605766,512408980.0,3622.0,18,3621.0,3
rb1805,20171016,20171013,210147500,3622.0,14246,605714,515161760.0,3623.0,40,3622.0,4
rb1805,20171016,20171013,210148000,3622.0,14268,605704,515958560.0,3622.0,51,3621.0,7
rb1805,20171016,20171013,210148500,3622.0,14398,605786,520667020.0,3623.0,41,3622.0,14
rb1805,20171016,20171013,210149000,3621.0,14442,605790,522260680.0,3622.0,23,3621.0,2
rb1805,20171016,20171013,210149500,3621.0,14468,605772,523202140.0,3621.0,4,3620.0,10
rb1805,20171016,20171013,210150000,3621.0,14474,605768,523419400.0,3621.0,1,3620.0,17
rb1805,20171016,20171013,210150500,3619.0,14672,605944,530585800.0,3621.0,44,3619.0,49
rb1805,20171016,20171013,210151000,3621.0,14754,605884,533554900.0,3621.0,9,3619.0,54
rb1805,20171016,20171013,210151500,3619.0,14792,605904,534930200.0,3619.0,79,3618.0,66
rb1805,20171016,20171013,210152000,3619.0,14830,605936,536305340.0,3619.0,81,3618.0,39
rb1805,20171016,20171013,210152500,3620.0,15002,605974,542530120.0,3620.0,39,3619.0,29
rb1805,20171016,20171013,210153000,3620.0,15044,605948,544050360.0,3620.0,27,3619.0,90
rb1805,20171016,20171013,210153500,3621.0,15128,605970,547091340.0,3621.0,53,3620.0,3
rb1805,20171016,20171013,210154000,3620.0,15202,605980,549770780.0,3621.0,23,3620.0,20
rb1805,20171016,20171013,210154500,3620.0,15212,605982,550132800.0,3621.0,10,3620.0,24
rb1805,20171016,20171013,210155000,3620.0,15288,606020,552884260.0,3622.0,152,3620.0,14
rb1805,20171016,20171013,210155500,3621.0,15318,606040,553970400.0,3622.0,155,3621.0,3
rb1805,20171016,20171013,210156000,3621.0,15330,606048,554404960.0,3622.0,152,3621.0,5
rb1805,20171016,20171013,210156500,3622.0,15370,606062,555853620.0,3622.0,137,3621.0,50
rb1805,20171016,20171013,210157000,3622.0,15428,606114,557954220.0,3622.0,81,3621.0,44
rb1805,20171016,20171013,210157500,3622.0,15604,606180,564328920.0,3623.0,69,3622.0,14
rb1805,20171016,20171013,210158000,3622.0,15636,606168,565488100.0,3623.0,23,3622.0,14
rb1805,20171016,20171013,210158500,3623.0,15658,606170,566285060.0,3623.0,17,3622.0,18
rb1805,20171016,20171013,210159000,3623.0,15716,606180,568386420.0,3624.0,55,3623.0,53
rb1805,20171016,20171013,210159500,3624.0,15826,606214,572372820.0,3625.0,49,3624.0,70
rb1805,20171016,20171013,210200000,3625.0,15866,606200,573822740.0,3625.0,30,3624.0,72
rb1805,20171016,20171013,210200500,3625.0,15948,606200,576795100.0,3625.0,1,3624.0,68
rb1805,20171016,20171013,210201000,3626.0,16170,606102,584844280.0,3626.0,71,3625.0,100
rb1805,20171016,20171013,210201500,3627.0,16666,606362,602835940.0,3629.0,22,3627.0,51
rb1805,20171016,20171013,210202000,3628.0,16758,606390,606173360.0,3628.0,3,3627.0,37
rb1805,20171016,20171013,210202500,3628.0,16918,606430,611979140.0,3629.0,27,3627.0,34
rb1805,20171016,20171013,210203000,3628.0,16980,606410,614227940.0,3627.0,3,3626.0,174
rb1805,20171016,20171013,210203500,3627.0,17080,606440,617855680.0,3627.0,4,3626.0,253
rb1805,20171016,20171013,210204000,3628.0,17148,606448,620322080.0,3628.0,64,3627.0,1
rb1805,20171016,20171013,210204500,3627.0,17214,606434,622715540.0,3627.0,34,3626.0,210
rb1805,20171016,20171013,210205000,3627.0,17274,606410,624891520.0,3627.0,26,3626.0,199
rb1805,20171016,20171013,210205500,3627.0,17300,606414,625834400.0,3627.0,52,3626.0,89
rb1805,20171016,20171013,210206000,3627.0,17432,606376,630621400.0,3627.0,26,3626.0,48
rb1805,20171016,20171013,210206500,3625.0,17636,606300,638018720.0,3626.0,29,3625.0,119
rb1805,20171016,20171013,210207000,3626.0,17738,606366,641716460.0,3626.0,73,3625.0,80
rb1805,20171016,20171013,210207500,3626.0,17760,606368,642514020.0,3626.0,80,3625.0,59
rb1805,20171016,20171013,210208000,3625.0,17916,606490,648169020.0,3625.0,61,3624.0,63
rb1805,20171016,20171013,210208500,3625.0,17922,606490,648386520.0,3625.0,145,3624.0,23
rb1805,20171016,20171013,210209000,3624.0,18010,606484,651575660.0,3624.0,45,3623.0,50
rb1805,20171016,20171013,210209500,3624.0,18056,606450,653242420.0,3624.0,30,3622.0,58
rb1805,20171016,20171013,210210000,3623.0,18072,606446,653822180.0,3623.0,15,3622.0,53
rb1805,20171016,20171013,210210500,3622.0,18238,606522,659835820.0,3623.0,59,3622.0,87
rb1805,20171016,20171013,210211000,3623.0,18240,606522,659908280.0,3623.0,73,3622.0,84
rb1805,20171016,20171013,210211500,3622.0,18340,606556,663530340.0,3623.0,57,3622.0,1
rb1805,20171016,20171013,210212000,3623.0,18378,606594,664907060.0,3623.0,42,3621.0,80
rb1805,20171016,20171013,210212500,3622.0,18412,606586,666138540.0,3623.0,70,3622.0,11
rb1805,20171016,20171013,210213000,3623.0,18444,606586,667297680.0,3622.0,1,3621.0,76
rb1805,20171016,20171013,210213500,3621.0,18474,606612,668384420.0,3622.0,1,3621.0,77
rb1805,20171016,20171013,210214000,3622.0,18528,606642,670340300.0,3622.0,4,3621.0,86
rb1805,20171016,20171013,210214500,3622.0,18534,606642,670557580.0,3622.0,3,3621.0,75
rb1805,20171016,20171013,210215000,3622.0,18554,606656,671282020.0,3623.0,51,3622.0,2
rb1805,20171016,20171013,210215500,3621.0,18574,606664,672006280.0,3622.0,149,3621.0,68
rb1805,20171016,20171013,210216000,3622.0,18696,606708,676424340.0,3622.0,134,3621.0,30
rb1805,20171016,20171013,210216500,3621.0,18768,606710,679031460.0,3621.0,6,3620.0,7
rb1805,20171016,20171013,210217000,3620.0,18788,606708,679755500.0,3620.0,20,3619.0,71
rb1805,20171016,20171013,210217500,3620.0,18798,606716,680117440.0,3620.0,38,3619.0,21
rb1805,20171016,20171013,210218000,3618.0,18846,606750,681854520.0,3619.0,6,3618.0,44
rb1805,20171016,20171013,210218500,3619.0,18874,606752,682867760.0,3619.0,45,3618.0,40
rb1805,20171016,20171013,210219000,3620.0,19172,606834,693652600.0,3621.0,71,3620.0,1
rb1805,20171016,20171013,210219500,3618.0,19178,606838,693869720.0,3619.0,1,3618.0,10
rb1805,20171016,20171013,210220000,3618.0,19190,606836,694303880.0,3618.0,5,3617.0,28
rb1805,20171016,20171013,210220500,3618.0,19208,606844,694955160.0,3618.0,20,3617.0,30
rb1805,20171016,20171013,210221000,3618.0,19242,606846,696185120.0,3618.0,34,3617.0,74
rb1805,20171016,20171013,210221500,3618.0,19418,606886,702551300.0,3617.0,1,3616.0,41
rb1805,20171016,20171013,210222000,3617.0,19644,607098,710727860.0,3618.0,61,3616.0,49
rb1805,20171016,20171013,210222500,3618.0,19654,607106,711089580.0,3618.0,61,3617.0,3
rb1805,20171016,20171013,210223000,3616.0,19686,607122,712247100.0,3618.0,61,3616.0,45
rb1805,20171016,20171013,210223500,3616.0,19700,607118,712753360.0,3617.0,6,3616.0,34
rb1805,20171016,20171013,210224000,3617.0,19716,607108,713332080.0,3618.0,81,3617.0,5
rb1805,20171016,20171013,210224500,3616.0,19764,607106,715067900.0,3617.0,53,3616.0,19
rb1805,20171016,20171013,210225000,3616.0,19764,607106,715067900.0,3617.0,57,3616.0,23
rb1805,20171016,20171013,210225500,3616.0,19774,607108,715429560.0,3617.0,54,3616.0,27
rb1805,20171016,20171013,210226000,3617.0,19984,607020,723021800.0,3617.0,53,3616.0,2
rb1805,20171016,20171013,210226500,3617.0,20016,607004,724179120.0,3617.0,97,3616.0,5
rb1805,20171016,20171013,210227000,3617.0,20020,607002,724323800.0,3617.0,69,3616.0,18
rb1805,20171016,20171013,210227500,3617.0,20112,607020,727650780.0,3617.0,59,3616.0,16
rb1805,20171016,20171013,210228000,3617.0,20156,607056,729241940.0,3617.0,54,3616.0,18
rb1805,20171016,20171013,210228500,3617.0,20226,607038,731773220.0,3617.0,66,3616.0,11
rb1805,20171016,20171013,210229000,3616.0,20232,607036,731990200.0,3617.0,89,3616.0,25
rb1805,20171016,20171013,210229500,3616.0,20286,607018,733942840.0,3616.0,3,3615.0,61
rb1805,20171016,20171013,210230000,3616.0,20326,607056,735389340.0,3617.0,100,3616.0,5
rb1805,20171016,20171013,210230500,3615.0,20474,606948,740739780.0,3615.0,187,3614.0,67
rb1805,20171016,20171013,210231000,3615.0,20524,606942,742547280.0,3615.0,163,3614.0,65
rb1805,20171016,20171013,210231500,3614.0,20600,606926,745294080.0,3614.0,4,3613.0,56
rb1805,20171016,20171013,210232000,3614.0,20624,606914,746161440.0,3615.0,155,3614.0,9
rb1805,20171016,20171013,210232500,3614.0,20660,606902,747462480.0,3614.0,34,3613.0,60
rb1805,20171016,20171013,210233000,3614.0,20740,606866,750353680.0,3615.0,161,3614.0,17
rb1805,20171016,20171013,210233500,3614.0,20766,606878,751293340.0,3615.0,160,3614.0,4
rb1805,20171016,20171013,210234000,3615.0,20802,606886,752594400.0,3614.0,2,3613.0,56
rb1805,20171016,20171013,210234500,3614.0,20820,606890,753244920.0,3615.0,155,3614.0,17
rb1805,20171016,20171013,210235000,3614.0,20844,606902,754112240.0,3615.0,158,3614.0,12
rb1805,20171016,20171013,210235500,3614.0,20846,606900,754184520.0,3615.0,153,3614.0,11
rb1805,20171016,20171013,210236000,3614.0,20878,606898,755341000.0,3615.0,161,3614.0,2
rb1805,20171016,20171013,210236500,3614.0,20956,606906,758159260.0,3614.0,2,3613.0,20
rb1805,20171016,20171013,210237000,3615.0,20984,606896,759171320.0,3615.0,154,3614.0,4
rb1805,20171016,20171013,210237500,3615.0,20996,606894,759605060.0,3615.0,154,3614.0,8
rb1805,20171016,20171013,210238000,3614.0,21172,606830,765963300.0,3615.0,154,3614.0,1
rb1805,20171016,20171013,210238500,3614.0,21186,606832,766469280.0,3614.0,45,3613.0,1
rb1805,20171016,20171013,210239000,3614.0,21368,606910,773046880.0,3615.0,150,3614.0,15
rb1805,20171016,20171013,210239500,3615.0,21384,606920,773625160.0,3615.0,145,3614.0,11
rb1805,20171016,20171013,210240000,3614.0,21408,606924,774492520.0,3614.0,9,3613.0,6
rb1805,20171016,20171013,210240500,3614.0,21408,606924,774492520.0,3614.0,18,3613.0,11
rb1805,20171016,20171013,210241000,3613.0,21454,606940,776154940.0,3614.0,11,3613.0,10
rb1805,20171016,20171013,210241500,3613.0,21478,606954,777022220.0,3614.0,12,3613.0,36
rb1805,20171016,20171013,210242000,3614.0,21526,606994,778756940.0,3615.0,146,3614.0,6
rb1805,20171016,20171013,210242500,3615.0,21614,606994,781936860.0,3615.0,147,3614.0,1
rb1805,20171016,20171013,210243000,3614.0,21632,606992,782587380.0,3615.0,155,3614.0,2
rb1805,20171016,20171013,210243500,3614.0,21672,606972,784032980.0,3614.0,15,3613.0,20
rb1805,20171016,20171013,210244000,3613.0,21712,606990,785478480.0,3614.0,2,3613.0,22
rb1805,20171016,20171013,210244500,3613.0,21716,606994,785623000.0,3614.0,1,3613.0,23
rb1805,20171016,20171013,210245000,3613.0,21738,607014,786418040.0,3614.0,52,3613.0,23
rb1805,20171016,20171013,210245500,3613.0,21812,606996,789091660.0,3613.0,18,3612.0,5
rb1805,20171016,20171013,210246000,3612.0,21830,607006,789741960.0,3612.0,27,3611.0,139
rb1805,20171016,20171013,210246500,3612.0,21878,607034,791475680.0,3612.0,5,3611.0,137
rb1805,20171016,20171013,210247000,3611.0,21940,607040,793715040.0,3612.0,14,3611.0,128
rb1805,20171016,20171013,210247500,3612.0,22010,607092,796243560.0,3613.0,37,3612.0,2
rb1805,20171016,20171013,210248000,3612.0,22034,607100,797110380.0,3612.0,24,3611.0,128
rb1805,20171016,20171013,210248500,3611.0,22296,607074,806571380.0,3612.0,17,3611.0,9
rb1805,20171016,20171013,210249000,3612.0,22302,607070,806788080.0,3612.0,33,3611.0,12
rb1805,20171016,20171013,210249500,3611.0,22330,607048,807799160.0,3611.0,38,3610.0,235
rb1805,20171016,20171013,210250000,3610.0,22352,607044,808593520.0,3611.0,24,3610.0,233
rb1805,20171016,20171013,210250500,3611.0,22612,607020,817980320.0,3612.0,85,3610.0,142
rb1805,20171016,20171013,210251000,3612.0,22632,607020,818702560.0,3612.0,96,3610.0,147
rb1805,20171016,20171013,210251500,3610.0,22894,607018,828160920.0,3611.0,1,3610.0,21
rb1805,20171016,20171013,210252000,3610.0,22954,607024,830326960.0,3611.0,4,3609.0,275
rb1805,20171016,20171013,210252500,3611.0,22960,607024,830543620.0,3610.0,2,3609.0,277
rb1805,20171016,20171013,210253000,3609.0,23178,607082,838411480.0,3610.0,8,3609.0,177
rb1805,20171016,20171013,210253500,3609.0,23378,607160,845629500.0,3610.0,2,3609.0,108
rb1805,20171016,20171013,210254000,3610.0,23434,607166,847650600.0,3610.0,4,3609.0,85
rb1805,20171016,20171013,210254500,3610.0,23522,607170,850826600.0,3610.0,26,3609.0,45
rb1805,20171016,20171013,210255000,3608.0,23652,607148,855517960.0,3609.0,39,3608.0,188
rb1805,20171016,20171013,210255500,3608.0,23776,607150,859993120.0,3609.0,2,3608.0,180
rb1805,20171016,20171013,210256000,3610.0,23950,607264,866272800.0,3610.0,29,3609.0,50
rb1805,20171016,20171013,210256500,3610.0,24132,607380,872841460.0,3609.0,2,3608.0,170
rb1805,20171016,20171013,210257000,3609.0,24148,607384,873418980.0,3610.0,18,3609.0,97
rb1805,20171016,20171013,210257500,3609.0,24204,607378,875440520.0,3611.0,17,3609.0,106
rb1805,20171016,20171013,210258000,3609.0,24216,607388,875873600.0,3610.0,3,3609.0,105
rb1805,20171016,20171013,210258500,3609.0,24278,607372,878111340.0,3611.0,16,3610.0,32
rb1805,20171016,20171013,210259000,3610.0,24366,607316,881288540.0,3611.0,2,3610.0,4
rb1805,20171016,20171013,210259500,3610.0,24384,607310,881938340.0,3612.0,81,3611.0,19
rb1805,20171016,20171013,210300000,3611.0,24482,607266,885476360.0,3611.0,26,3609.0,91
rb1805,20171016,20171013,210300500,3609.0,24746,607200,895004000.0,3611.0,35,3609.0,5
rb1805,20171016,20171013,210301000,3611.0,24908,607112,900852180.0,3610.0,1,3609.0,57
rb1805,20171016,20171013,210301500,3610.0,24984,607082,903595980.0,3611.0,112,3610.0,2
rb1805,20171016,20171013,210302000,3610.0,24994,607076,903957040.0,3611.0,117,3610.0,18
rb1805,20171016,20171013,210302500,3609.0,25122,606984,908577780.0,3611.0,117,3609.0,63
rb1805,20171016,20171013,210303000,3610.0,25144,606982,909372000.0,3611.0,116,3610.0,28
rb1805,20171016,20171013,210303500,3610.0,25148,606980,909516420.0,3611.0,115,3610.0,74
rb1805,20171016,20171013,210304000,3611.0,25238,606900,912766240.0,3611.0,74,3610.0,79
rb1805,20171016,20171013,210304500,3611.0,25394,606978,918399400.0,3612.0,53,3611.0,1
rb1805,20171016,20171013,210305000,3612.0,25420,606958,919338360.0,3612.0,47,3611.0,15
rb1805,20171016,20171013,210305500,3611.0,25424,606956,919482800.0,3612.0,47,3611.0,24
rb1805,20171016,20171013,210306000,3611.0,25472,606968,921216080.0,3612.0,50,3611.0,21
rb1805,20171016,20171013,210306500,3612.0,25504,606960,922371880.0,3612.0,35,3611.0,43
rb1805,20171016,20171013,210307000,3611.0,25518,606958,922877480.0,3612.0,35,3611.0,47
rb1805,20171016,20171013,210307500,3612.0,25548,606960,923961060.0,3612.0,21,3611.0,47
rb1805,20171016,20171013,210308000,3612.0,25554,606960,924177760.0,3612.0,38,3611.0,43
rb1805,20171016,20171013,210308500,3611.0,25560,606958,924394460.0,3612.0,18,3611.0,46
rb1805,20171016,20171013,210309000,3612.0,25566,606956,924611180.0,3612.0,15,3611.0,47
rb1805,20171016,20171013,210309500,3612.0,25582,606944,925189060.0,3612.0,9,3611.0,52
rb1805,20171016,20171013,210310000,3612.0,25676,606884,928584140.0,3612.0,27,3611.0,47
rb1805,20171016,20171013,210310500,3611.0,25712,606878,929884180.0,3612.0,23,3611.0,37
rb1805,20171016,20171013,210311000,3612.0,25730,606868,930534340.0,3613.0,129,3612.0,43
rb1805,20171016,20171013,210311500,3612.0,25842,606840,934579780.0,3612.0,8,3611.0,44
rb1805,20171016,20171013,210312000,3613.0,25948,606942,938409280.0,3613.0,92,3611.0,44
rb1805,20171016,20171013,210312500,3613.0,25984,606966,939709960.0,3613.0,80,3612.0,1
rb1805,20171016,20171013,210313000,3612.0,25986,606966,939782200.0,3612.0,1,3611.0,44
rb1805,20171016,20171013,210313500,3611.0,25992,606966,939998880.0,3612.0,29,3611.0,37
rb1805,20171016,20171013,210314000,3611.0,26000,606964,940287780.0,3612.0,98,3611.0,30
rb1805,20171016,20171013,210314500,3611.0,26066,606968,942671040.0,3611.0,2,3610.0,171
rb1805,20171016,20171013,210315000,3611.0,26080,606980,943176580.0,3611.0,45,3610.0,153
rb1805,20171016,20171013,210315500,3611.0,26106,607004,944115440.0,3611.0,75,3610.0,153
rb1805,20171016,20171013,210316000,3610.0,26112,607004,944332080.0,3611.0,87,3610.0,154
rb1805,20171016,20171013,210316500,3611.0,26168,607058,946354220.0,3611.0,63,3610.0,152
rb1805,20171016,20171013,210317000,3610.0,26188,607042,947076240.0,3611.0,59,3610.0,145
rb1805,20171016,20171013,210317500,3611.0,26194,607042,947292900.0,3611.0,49,3610.0,156
rb1805,20171016,20171013,210318000,3611.0,26194,607042,947292900.0,3611.0,49,3610.0,154
rb1805,20171016,20171013,210318500,3610.0,26274,607100,950181680.0,3611.0,23,3610.0,155
rb1805,20171016,20171013,210319000,3610.0,26282,607092,950470480.0,3611.0,41,3610.0,151
rb1805,20171016,20171013,210319500,3611.0,26340,607086,952564420.0,3611.0,34,3610.0,129
rb1805,20171016,20171013,210320000,3611.0,26356,607086,953142180.0,3611.0,21,3610.0,130
rb1805,20171016,20171013,210320500,3610.0,26376,607082,953864280.0,3611.0,16,3610.0,126
rb1805,20171016,20171013,210321000,3610.0,26388,607082,954297580.0,3611.0,9,3610.0,126
rb1805,20171016,20171013,210321500,3611.0,26410,607088,955091960.0,3611.0,2,3610.0,127
rb1805,20171016,20171013,210322000,3611.0,26434,607064,955958600.0,3612.0,113,3611.0,5
rb1805,20171016,20171013,210322500,3611.0,26448,607060,956464120.0,3611.0,2,3610.0,131
rb1805,20171016,20171013,210323000,3611.0,26456,607052,956753000.0,3612.0,114,3611.0,9
rb1805,20171016,20171013,210323500,3612.0,26460,607050,956897480.0,3612.0,51,3611.0,10
rb1805,20171016,20171013,210324000,3611.0,26486,607034,957836340.0,3611.0,20,3610.0,136
rb1805,20171016,20171013,210324500,3611.0,26526,607036,959280740.0,3612.0,37,3611.0,30
rb1805,20171016,20171013,210325000,3611.0,26536,607040,959641880.0,3612.0,35,3611.0,12
rb1805,20171016,20171013,210325500,3612.0,26540,607040,959786340.0,3612.0,34,3611.0,16
rb1805,20171016,20171013,210326000,3611.0,26544,607042,959930800.0,3612.0,46,3611.0,19
rb1805,20171016,20171013,210326500,3611.0,26564,607048,960653000.0,3612.0,48,3611.0,11
rb1805,20171016,20171013,210327000,3611.0,26588,607044,961519640.0,3611.0,4,3610.0,140
rb1805,20171016,20171013,210327500,3611.0,26612,607024,962386080.0,3611.0,8,3610.0,133
rb1805,20171016,20171013,210328000,3611.0,26614,607022,962458300.0,3611.0,8,3610.0,133
rb1805,20171016,20171013,210328500,3611.0,26622,607014,962747180.0,3611.0,12,3610.0,137
rb1805,20171016,20171013,210329000,3611.0,26646,607024,963613780.0,3611.0,42,3610.0,136
rb1805,20171016,20171013,210329500,3610.0,26768,607036,968017980.0,3611.0,39,3610.0,76
rb1805,20171016,20171013,210330000,3610.0,26918,607116,973433280.0,3611.0,15,3610.0,16
rb1805,20171016,20171013,210330500,3610.0,26958,607140,974877280.0,3610.0,18,3609.0,125
rb1805,20171016,20171013,210331000,3610.0,27062,607148,978632220.0,3611.0,2,3610.0,20
rb1805,20171016,20171013,210331500,3612.0,27122,607142,980798820.0,3611.0,15,3610.0,47
rb1805,20171016,20171013,210332000,3611.0,27132,607152,981159920.0,3611.0,78,3610.0,53
rb1805,20171016,20171013,210332500,3610.0,27154,607152,981954120.0,3611.0,79,3610.0,44
rb1805,20171016,20171013,210333000,3611.0,27172,607158,982604100.0,3611.0,70,3610.0,45
rb1805,20171016,20171013,210333500,3611.0,27326,607166,988164920.0,3612.0,35,3611.0,29
rb1805,20171016,20171013,210334000,3611.0,27326,607166,988164920.0,3612.0,43,3611.0,29
rb1805,20171016,20171013,210334500,3611.0,27368,607196,989681540.0,3612.0,42,3611.0,9
rb1805,20171016,20171013,210335000,3611.0,27406,607180,991053660.0,3611.0,49,3610.0,69
rb1805,20171016,20171013,210335500,3610.0,27420,607168,991559080.0,3611.0,60,3610.0,37
rb1805,20171016,20171013,210336000,3610.0,27420,607168,991559080.0,3611.0,67,3610.0,38
rb1805,20171016,20171013,210336500,3610.0,27604,607162,998200440.0,3610.0,40,3609.0,27
rb1805,20171016,20171013,210337000,3610.0,27666,607138,1000438060.0,3610.0,36,3609.0,1
rb1805,20171016,20171013,210337500,3609.0,27670,607136,1000582420.0,3609.0,4,3608.0,243
rb1805,20171016,20171013,210338000,3610.0,28334,607558,1024541420.0,3609.0,16,3607.0,81
rb1805,20171016,20171013,210338500,3608.0,28530,607698,1031611120.0,3607.0,3,3606.0,160
rb1805,20171016,20171013,210339000,3607.0,28800,607648,1041347720.0,3607.0,72,3606.0,45
rb1805,20171016,20171013,210339500,3606.0,28880,607690,1044233100.0,3607.0,43,3606.0,34
rb1805,20171016,20171013,210340000,3607.0,28916,607712,1045531520.0,3607.0,33,3606.0,34
rb1805,20171016,20171013,210340500,3607.0,29036,607782,1049860020.0,3608.0,31,3607.0,6
rb1805,20171016,20171013,210341000,3607.0,29042,607778,1050076460.0,3608.0,34,3607.0,67
rb1805,20171016,20171013,210341500,3607.0,29218,607746,1056424780.0,3607.0,89,3606.0,30
rb1805,20171016,20171013,210342000,3607.0,29242,607762,1057290380.0,3607.0,112,3606.0,30
rb1805,20171016,20171013,210342500,3606.0,29298,607806,1059310220.0,3607.0,57,3606.0,23
rb1805,20171016,20171013,210343000,3607.0,29478,607848,1065801820.0,3607.0,19,3606.0,1
rb1805,20171016,20171013,210343500,3606.0,29498,607842,1066523100.0,3607.0,32,3606.0,34
rb1805,20171016,20171013,210344000,3606.0,29598,607810,1070129120.0,3606.0,1,3605.0,145
rb1805,20171016,20171013,210344500,3607.0,29648,607792,1071932220.0,3607.0,15,3606.0,14
rb1805,20171016,20171013,210345000,3606.0,29714,607814,1074312640.0,3608.0,46,3606.0,12
rb1805,20171016,20171013,210345500,3606.0,29788,607814,1076981080.0,3606.0,41,3605.0,127
rb1805,20171016,20171013,210346000,3606.0,29808,607814,1077702240.0,3606.0,45,3605.0,124
rb1805,20171016,20171013,210346500,3606.0,29846,607810,1079072340.0,3606.0,37,3605.0,116
rb1805,20171016,20171013,210347000,3606.0,29856,607810,1079432920.0,3606.0,37,3605.0,121
rb1805,20171016,20171013,210347500,3605.0,30084,607780,1087652980.0,3606.0,22,3605.0,41
rb1805,20171016,20171013,210348000,3605.0,30184,607786,1091258160.0,3605.0,19,3604.0,150
rb1805,20171016,20171013,210348500,3605.0,30258,607758,1093925340.0,3605.0,16,3604.0,126
rb1805,20171016,20171013,210349000,3605.0,30340,607818,1096880720.0,3605.0,44,3604.0,90
rb1805,20171016,20171013,210349500,3605.0,30360,607816,1097601620.0,3605.0,63,3604.0,89
rb1805,20171016,20171013,210350000,3604.0,30544,607846,1104232980.0,3604.0,269,3603.0,117
rb1805,20171016,20171013,210350500,3603.0,30742,607884,1111367600.0,3604.0,245,3603.0,47
rb1805,20171016,20171013,210351000,3604.0,30856,607898,1115475200.0,3604.0,239,3603.0,4
rb1805,20171016,20171013,210351500,3603.0,30930,607892,1118141120.0,3603.0,8,3602.0,60
rb1805,20171016,20171013,210352000,3604.0,30974,607880,1119726480.0,3604.0,248,3602.0,73
rb1805,20171016,20171013,210352500,3604.0,31038,607838,1122032880.0,3603.0,1,3602.0,75
rb1805,20171016,20171013,210353000,3603.0,31052,607836,1122537340.0,3604.0,229,3603.0,41
rb1805,20171016,20171013,210353500,3604.0,31356,607538,1133493380.0,3604.0,88,3603.0,45
rb1805,20171016,20171013,210354000,3603.0,31588,607488,1141854000.0,3604.0,6,3603.0,108
rb1805,20171016,20171013,210354500,3605.0,31618,607486,1142935220.0,3605.0,23,3604.0,33
rb1805,20171016,20171013,210355000,3605.0,31662,607462,1144521000.0,3605.0,25,3604.0,65
rb1805,20171016,20171013,210355500,3604.0,31752,607434,1147765420.0,3606.0,52,3604.0,88
rb1805,20171016,20171013,210356000,3604.0,31812,607472,1149928220.0,3605.0,11,3604.0,79
rb1805,20171016,20171013,210356500,3604.0,31834,607490,1150721260.0,3606.0,59,3605.0,5
rb1805,20171016,20171013,210357000,3606.0,31894,607466,1152884240.0,3606.0,58,3605.0,1
rb1805,20171016,20171013,210357500,3606.0,31930,607440,1154182040.0,3606.0,59,3605.0,12
rb1805,20171016,20171013,210358000,3605.0,31996,607426,1156561520.0,3605.0,13,3604.0,32
rb1805,20171016,20171013,210358500,3605.0,32050,607430,1158507780.0,3605.0,13,3604.0,35
rb1805,20171016,20171013,210359000,3604.0,32058,607426,1158796160.0,3605.0,63,3604.0,40
rb1805,20171016,20171013,210359500,3605.0,32104,607400,1160454140.0,3605.0,57,3604.0,23
rb1805,20171016,20171013,210400000,3605.0,32142,607398,1161824040.0,3605.0,42,3604.0,25
rb1805,20171016,20171013,210400500,3605.0,32208,607408,1164202900.0,3605.0,32,3604.0,6
rb1805,20171016,20171013,210401000,3602.0,32388,607402,1170688480.0,3604.0,8,3602.0,89
rb1805,20171016,20171013,210401500,3603.0,32482,607414,1174076240.0,3605.0,92,3603.0,13
rb1805,20171016,20171013,210402000,3604.0,32502,607414,1174797000.0,3604.0,10,3603.0,12
rb1805,20171016,20171013,210402500,3604.0,32502,607414,1174797000.0,3604.0,29,3603.0,21
rb1805,20171016,20171013,210403000,3604.0,32564,607388,1177031020.0,3604.0,21,3603.0,5
rb1805,20171016,20171013,210403500,3603.0,32588,607402,1177895760.0,3604.0,23,3603.0,7
rb1805,20171016,20171013,210404000,3604.0,32646,607378,1179985820.0,3604.0,17,3603.0,18
rb1805,20171016,20171013,210404500,3604.0,32688,607362,1181499500.0,3605.0,352,3604.0,45
rb1805,20171016,20171013,210405000,3604.0,32696,607366,1181787820.0,3605.0,352,3604.0,37
rb1805,20171016,20171013,210405500,3605.0,32766,607366,1184311160.0,3605.0,325,3604.0,63
rb1805,20171016,20171013,210406000,3605.0,33452,607658,1209041320.0,3606.0,9,3605.0,48
rb1805,20171016,20171013,210406500,3605.0,33634,607626,1215603740.0,3607.0,173,3606.0,1
rb1805,20171016,20171013,210407000,3605.0,33636,607624,1215675840.0,3607.0,174,3606.0,66
rb1805,20171016,20171013,210407500,3607.0,33662,607650,1216613620.0,3607.0,216,3606.0,75
rb1805,20171016,20171013,210408000,3607.0,33668,607654,1216830020.0,3607.0,215,3606.0,74
rb1805,20171016,20171013,210408500,3607.0,33886,607614,1224693260.0,3607.0,114,3606.0,63
rb1805,20171016,20171013,210409000,3606.0,34084,607694,1231834900.0,3607.0,26,3606.0,54
rb1805,20171016,20171013,210409500,3606.0,34152,607656,1234287260.0,3607.0,12,3606.0,23
rb1805,20171016,20171013,210410000,3608.0,34258,607624,1238110420.0,3608.0,48,3607.0,144
rb1805,20171016,20171013,210410500,3608.0,34452,607650,1245108680.0,3608.0,21,3607.0,96
rb1805,20171016,20171013,210411000,3608.0,34460,607656,1245397320.0,3608.0,43,3607.0,97
rb1805,20171016,20171013,210411500,3608.0,34494,607668,1246623740.0,3608.0,48,3607.0,84
rb1805,20171016,20171013,210412000,3607.0,34500,607674,1246840200.0,3608.0,39,3607.0,86
rb1805,20171016,20171013,210412500,3607.0,34686,607674,1253549440.0,3608.0,41,3607.0,4
rb1805,20171016,20171013,210413000,3607.0,34718,607688,1254703680.0,3607.0,2,3606.0,46
rb1805,20171016,20171013,210413500,3607.0,34738,607690,1255425080.0,3607.0,18,3606.0,46
rb1805,20171016,20171013,210414000,3607.0,34746,607690,1255713640.0,3607.0,30,3606.0,47
rb1805,20171016,20171013,210414500,3607.0,34766,607690,1256435040.0,3607.0,16,3606.0,47
rb1805,20171016,20171013,210415000,3606.0,34780,607696,1256939880.0,3607.0,27,3606.0,4
rb1805,20171016,20171013,210415500,3607.0,34814,607698,1258166120.0,3607.0,17,3606.0,13
rb1805,20171016,20171013,210416000,3607.0,34858,607676,1259753080.0,3607.0,20,3606.0,8
rb1805,20171016,20171013,210416500,3607.0,34900,607690,1261268020.0,3608.0,68,3607.0,78
rb1805,20171016,20171013,210417000,3608.0,34920,607692,1261989600.0,3608.0,49,3607.0,77
rb1805,20171016,20171013,210417500,3607.0,34992,607750,1264586980.0,3608.0,33,3607.0,59
rb1805,20171016,20171013,210418000,3607.0,34998,607748,1264803420.0,3608.0,33,3607.0,64
rb1805,20171016,20171013,210418500,3608.0,35252,607810,1273967840.0,3609.0,52,3608.0,70
rb1805,20171016,20171013,210419000,3608.0,35314,607778,1276204800.0,3609.0,30,3608.0,31
rb1805,20171016,20171013,210419500,3607.0,35378,607834,1278513900.0,3609.0,48,3607.0,72
rb1805,20171016,20171013,210420000,3608.0,35418,607874,1279957100.0,3608.0,2,3607.0,73
rb1805,20171016,20171013,210420500,3607.0,35442,607880,1280822820.0,3608.0,2,3607.0,64
rb1805,20171016,20171013,210421000,3608.0,35454,607872,1281255800.0,3609.0,93,3607.0,66
rb1805,20171016,20171013,210421500,3608.0,35470,607860,1281833080.0,3609.0,92,3608.0,17
rb1805,20171016,20171013,210422000,3608.0,35484,607858,1282338220.0,3609.0,91,3608.0,12
rb1805,20171016,20171013,210422500,3609.0,35496,607862,1282771300.0,3609.0,85,3608.0,12
rb1805,20171016,20171013,210423000,3609.0,35560,607844,1285081060.0,3609.0,55,3608.0,53
rb1805,20171016,20171013,210423500,3608.0,35576,607838,1285658380.0,3609.0,53,3608.0,47
rb1805,20171016,20171013,210424000,3609.0,35658,607880,1288617560.0,3609.0,22,3608.0,37
rb1805,20171016,20171013,210424500,3608.0,35676,607894,1289267160.0,3609.0,80,3608.0,37
rb1805,20171016,20171013,210425000,3609.0,35702,607878,1290205460.0,3609.0,80,3608.0,35
rb1805,20171016,20171013,210425500,3608.0,35774,607824,1292803220.0,3608.0,1,3607.0,122
rb1805,20171016,20171013,210426000,3607.0,35864,607908,1296049900.0,3609.0,76,3607.0,92
rb1805,20171016,20171013,210426500,3607.0,35864,607908,1296049900.0,3609.0,79,3608.0,1
rb1805,20171016,20171013,210427000,3608.0,35870,607910,1296266380.0,3609.0,79,3607.0,93
rb1805,20171016,20171013,210427500,3609.0,35900,607896,1297349080.0,3609.0,64,3608.0,29
rb1805,20171016,20171013,210428000,3609.0,35922,607886,1298143060.0,3609.0,60,3608.0,30
rb1805,20171016,20171013,210428500,3609.0,35944,607896,1298936940.0,3609.0,56,3608.0,29
rb1805,20171016,20171013,210429000,3608.0,35990,607872,1300596680.0,3609.0,54,3608.0,10
rb1805,20171016,20171013,210429500,3609.0,35994,607870,1300741040.0,3609.0,52,3608.0,10
rb1805,20171016,20171013,210430000,3608.0,36016,607882,1301534800.0,3608.0,29,3607.0,103
rb1805,20171016,20171013,210430500,3608.0,36106,607914,1304781680.0,3609.0,53,3608.0,42
rb1805,20171016,20171013,210431000,3609.0,36124,607898,1305431280.0,3609.0,47,3608.0,43
rb1805,20171016,20171013,210431500,3609.0,36146,607894,1306225260.0,3609.0,61,3608.0,45
rb1805,20171016,20171013,210432000,3609.0,36174,607878,1307235700.0,3609.0,70,3608.0,42
rb1805,20171016,20171013,210432500,3608.0,36182,607874,1307524340.0,3609.0,87,3608.0,41
rb1805,20171016,20171013,210433000,3608.0,36186,607876,1307668680.0,3609.0,87,3608.0,41
rb1805,20171016,20171013,210433500,3609.0,36204,607876,1308318300.0,3609.0,79,3608.0,48
rb1805,20171016,20171013,210434000,3608.0,36236,607874,1309472920.0,3609.0,111,3608.0,36
rb1805,20171016,20171013,210434500,3609.0,36302,607910,1311854860.0,3609.0,90,3608.0,37
rb1805,20171016,20171013,210435000,3608.0,36314,607898,1312287820.0,3609.0,92,3608.0,35
rb1805,20171016,20171013,210435500,3609.0,36322,607900,1312576500.0,3609.0,91,3608.0,35
rb1805,20171016,20171013,210436000,3609.0,36330,607902,1312865200.0,3609.0,92,3608.0,30
rb1805,20171016,20171013,210436500,3609.0,36586,607882,1322104240.0,3610.0,94,3609.0,32
rb1805,20171016,20171013,210437000,3610.0,36678,607850,1325425420.0,3610.0,10,3609.0,34
rb1805,20171016,20171013,210437500,3609.0,36680,607848,1325497600.0,3610.0,10,3609.0,53
rb1805,20171016,20171013,210438000,3610.0,36698,607830,1326147240.0,3610.0,22,3609.0,49
rb1805,20171016,20171013,210438500,3609.0,36798,607824,1329756320.0,3610.0,26,3609.0,6
rb1805,20171016,20171013,210439000,3609.0,36842,607808,1331344280.0,3609.0,37,3608.0,54
rb1805,20171016,20171013,210439500,3609.0,36848,607802,1331560820.0,3609.0,26,3608.0,53
rb1805,20171016,20171013,210440000,3609.0,36874,607776,1332499160.0,3609.0,20,3608.0,55
rb1805,20171016,20171013,210440500,3609.0,36884,607776,1332860060.0,3609.0,12,3608.0,55
rb1805,20171016,20171013,210441000,3609.0,36898,607776,1333365320.0,3609.0,6,3608.0,55
rb1805,20171016,20171013,210441500,3609.0,36910,607784,1333798400.0,3609.0,2,3608.0,56
rb1805,20171016,20171013,210442000,3609.0,36912,607784,1333870580.0,3609.0,49,3608.0,57
rb1805,20171016,20171013,210442500,3609.0,36918,607780,1334087100.0,3609.0,49,3608.0,56
rb1805,20171016,20171013,210443000,3609.0,36924,607780,1334303620.0,3609.0,52,3608.0,79
rb1805,20171016,20171013,210443500,3608.0,36942,607784,1334953140.0,3609.0,46,3608.0,84
rb1805,20171016,20171013,210444000,3608.0,36944,607786,1335025300.0,3609.0,48,3608.0,84
rb1805,20171016,20171013,210444500,3610.0,37050,607790,1338850940.0,3610.0,76,3609.0,177
rb1805,20171016,20171013,210445000,3610.0,37118,607768,1341305740.0,3610.0,42,3609.0,111
rb1805,20171016,20171013,210445500,3609.0,37130,607770,1341738900.0,3610.0,38,3609.0,102
rb1805,20171016,20171013,210446000,3609.0,37132,607770,1341811080.0,3610.0,38,3609.0,101
rb1805,20171016,20171013,210446500,3609.0,37132,607770,1341811080.0,3610.0,45,3609.0,88
rb1805,20171016,20171013,210447000,3609.0,37134,607772,1341883260.0,3610.0,46,3609.0,88
rb1805,20171016,20171013,210447500,3609.0,37134,607772,1341883260.0,3610.0,46,3609.0,74
rb1805,20171016,20171013,210448000,3609.0,37136,607774,1341955440.0,3610.0,52,3609.0,76
rb1805,20171016,20171013,210448500,3610.0,37140,607774,1342099820.0,3610.0,76,3609.0,80
rb1805,20171016,20171013,210449000,3610.0,37144,607774,1342244220.0,3610.0,85,3609.0,81
rb1805,20171016,20171013,210449500,3609.0,37392,607848,1351194540.0,3610.0,89,3609.0,60
rb1805,20171016,20171013,210450000,3609.0,37424,607820,1352349440.0,3610.0,90,3609.0,48
rb1805,20171016,20171013,210450500,3610.0,37526,607778,1356031060.0,3610.0,69,3609.0,19
rb1805,20171016,20171013,210451000,3610.0,37532,607776,1356247640.0,3610.0,67,3609.0,18
rb1805,20171016,20171013,210451500,3610.0,37536,607772,1356392040.0,3610.0,65,3609.0,18
rb1805,20171016,20171013,210452000,3610.0,37544,607768,1356680800.0,3610.0,64,3609.0,17
rb1805,20171016,20171013,210452500,3610.0,37564,607774,1357402800.0,3610.0,50,3609.0,23
rb1805,20171016,20171013,210453000,3610.0,37564,607774,1357402800.0,3610.0,50,3609.0,23
rb1805,20171016,20171013,210453500,3610.0,37596,607802,1358558000.0,3610.0,23,3609.0,69
rb1805,20171016,20171013,210454000,3610.0,37646,607800,1360363000.0,3611.0,74,3610.0,60
rb1805,20171016,20171013,210454500,3611.0,37700,607776,1362312940.0,3611.0,40,3610.0,151
rb1805,20171016,20171013,210455000,3611.0,37976,607586,1372281460.0,3613.0,56,3611.0,47
rb1805,20171016,20171013,210455500,3612.0,37986,607584,1372642660.0,3612.0,3,3611.0,55
rb1805,20171016,20171013,210456000,3613.0,38048,607604,1374882500.0,3613.0,38,3612.0,27
rb1805,20171016,20171013,210456500,3612.0,38126,607570,1377700180.0,3613.0,26,3612.0,12
rb1805,20171016,20171013,210457000,3612.0,38158,607596,1378856020.0,3612.0,4,3611.0,62
rb1805,20171016,20171013,210457500,3611.0,38160,607594,1378928240.0,3612.0,59,3611.0,16
rb1805,20171016,20171013,210458000,3612.0,38210,607584,1380733920.0,3612.0,66,3611.0,1
rb1805,20171016,20171013,210458500,3611.0,38262,607618,1382611260.0,3611.0,31,3610.0,97
rb1805,20171016,20171013,210459000,3610.0,38266,607622,1382755660.0,3611.0,30,3610.0,90
rb1805,20171016,20171013,210459500,3611.0,38270,607620,1382900100.0,3611.0,28,3610.0,88
rb1805,20171016,20171013,210500000,3611.0,38326,607642,1384922260.0,3612.0,67,3611.0,9
rb1805,20171016,20171013,210500500,3611.0,38332,607646,1385138960.0,3612.0,50,3611.0,13
rb1805,20171016,20171013,210501000,3611.0,38334,607646,1385211180.0,3612.0,58,3611.0,24
rb1805,20171016,20171013,210501500,3612.0,38352,607650,1385861280.0,3612.0,53,3611.0,32
rb1805,20171016,20171013,210502000,3611.0,38358,607652,1386077980.0,3612.0,61,3611.0,37
rb1805,20171016,20171013,210502500,3611.0,38358,607652,1386077980.0,3612.0,62,3611.0,54
rb1805,20171016,20171013,210503000,3612.0,38368,607662,1386439100.0,3612.0,64,3611.0,53
rb1805,20171016,20171013,210503500,3612.0,38380,607664,1386872480.0,3612.0,72,3611.0,41
rb1805,20171016,20171013,210504000,3612.0,38686,607670,1397923540.0,3612.0,2,3611.0,3
rb1805,20171016,20171013,210504500,3612.0,38690,607672,1398068000.0,3612.0,4,3611.0,11
rb1805,20171016,20171013,210505000,3611.0,38714,607664,1398934640.0,3611.0,55,3610.0,65
rb1805,20171016,20171013,210505500,3611.0,39046,607774,1410923160.0,3611.0,25,3610.0,1
rb1805,20171016,20171013,210506000,3610.0,39052,607778,1411139780.0,3610.0,9,3609.0,29
rb1805,20171016,20171013,210506500,3610.0,39056,607782,1411284180.0,3610.0,9,3609.0,40
rb1805,20171016,20171013,210507000,3610.0,39080,607798,1412150600.0,3611.0,33,3610.0,8
rb1805,20171016,20171013,210507500,3610.0,39088,607800,1412439420.0,3611.0,34,3609.0,43
rb1805,20171016,20171013,210508000,3611.0,39090,607800,1412511640.0,3611.0,33,3610.0,1
rb1805,20171016,20171013,210508500,3609.0,39126,607798,1413811360.0,3611.0,32,3609.0,45
rb1805,20171016,20171013,210509000,3611.0,39128,607800,1413883580.0,3611.0,33,3609.0,46
rb1805,20171016,20171013,210509500,3611.0,39220,607854,1417205460.0,3612.0,17,3611.0,23
rb1805,20171016,20171013,210510000,3610.0,39308,607830,1420382360.0,3611.0,2,3609.0,28
rb1805,20171016,20171013,210510500,3612.0,39336,607840,1421393520.0,3612.0,41,3610.0,32
rb1805,20171016,20171013,210511000,3610.0,39348,607846,1421826920.0,3611.0,1,3610.0,35
rb1805,20171016,20171013,210511500,3611.0,39378,607872,1422910220.0,3612.0,31,3611.0,18
rb1805,20171016,20171013,210512000,3611.0,39390,607870,1423343540.0,3612.0,48,3611.0,19
rb1805,20171016,20171013,210512500,3611.0,39416,607894,1424282400.0,3612.0,49,3611.0,5
rb1805,20171016,20171013,210513000,3611.0,39422,607894,1424499060.0,3612.0,60,3611.0,14
rb1805,20171016,20171013,210513500,3611.0,39466,607902,1426088300.0,3612.0,40,3611.0,28
rb1805,20171016,20171013,210514000,3611.0,39490,607910,1426954940.0,3612.0,41,3611.0,3
rb1805,20171016,20171013,210514500,3611.0,39496,607910,1427171620.0,3612.0,44,3611.0,7
rb1805,20171016,20171013,210515000,3611.0,39500,607912,1427316060.0,3612.0,47,3611.0,14
rb1805,20171016,20171013,210515500,3611.0,39542,607950,1428832720.0,3611.0,13,3610.0,55
rb1805,20171016,20171013,210516000,3611.0,39618,607948,1431577240.0,3612.0,38,3611.0,24
rb1805,20171016,20171013,210516500,3611.0,39624,607946,1431793920.0,3612.0,38,3611.0,32
rb1805,20171016,20171013,210517000,3612.0,39626,607946,1431866160.0,3612.0,37,3611.0,36
rb1805,20171016,20171013,210517500,3612.0,39672,607938,1433527680.0,3612.0,15,3611.0,38
rb1805,20171016,20171013,210518000,3613.0,39900,607918,1441764940.0,3614.0,66,3613.0,67
rb1805,20171016,20171013,210518500,3613.0,40078,607824,1448195660.0,3614.0,75,3612.0,3
rb1805,20171016,20171013,210519000,3613.0,40112,607830,1449423760.0,3613.0,22,3612.0,13
rb1805,20171016,20171013,210519500,3612.0,40150,607808,1450796320.0,3613.0,41,3611.0,83
rb1805,20171016,20171013,210520000,3612.0,40210,607824,1452963280.0,3613.0,33,3612.0,2
rb1805,20171016,20171013,210520500,3612.0,40224,607820,1453468960.0,3613.0,88,3612.0,20
rb1805,20171016,20171013,210521000,3612.0,40274,607790,1455274960.0,3612.0,40,3611.0,86
rb1805,20171016,20171013,210521500,3612.0,40280,607784,1455491680.0,3612.0,22,3611.0,58
rb1805,20171016,20171013,210522000,3612.0,40282,607782,1455563920.0,3612.0,28,3611.0,58
rb1805,20171016,20171013,210522500,3612.0,40296,607780,1456069580.0,3612.0,22,3611.0,47
rb1805,20171016,20171013,210523000,3613.0,40366,607736,1458598260.0,3613.0,115,3612.0,17
rb1805,20171016,20171013,210523500,3612.0,40404,607736,1459970800.0,3612.0,27,3611.0,52
rb1805,20171016,20171013,210524000,3611.0,40456,607778,1461848740.0,3612.0,17,3611.0,39
rb1805,20171016,20171013,210524500,3611.0,40498,607784,1463365360.0,3612.0,18,3611.0,45
rb1805,20171016,20171013,210525000,3613.0,40554,607776,1465388240.0,3613.0,108,3612.0,13
rb1805,20171016,20171013,210525500,3612.0,40558,607780,1465532720.0,3613.0,110,3612.0,5
rb1805,20171016,20171013,210526000,3612.0,40564,607786,1465749440.0,3613.0,111,3612.0,13
rb1805,20171016,20171013,210526500,3612.0,40572,607792,1466038400.0,3613.0,111,3612.0,10
rb1805,20171016,20171013,210527000,3613.0,40578,607792,1466255160.0,3613.0,109,3612.0,13
rb1805,20171016,20171013,210527500,3613.0,40798,607700,1474203740.0,3614.0,80,3613.0,7
rb1805,20171016,20171013,210528000,3613.0,40822,607684,1475070860.0,3613.0,4,3612.0,14
rb1805,20171016,20171013,210528500,3613.0,40842,607674,1475793440.0,3614.0,34,3613.0,10
rb1805,20171016,20171013,210529000,3614.0,40860,607686,1476443960.0,3614.0,25,3613.0,23
rb1805,20171016,20171013,210529500,3615.0,40914,607704,1478395560.0,3615.0,256,3613.0,12
rb1805,20171016,20171013,210530000,3615.0,41006,607698,1481720620.0,3615.0,281,3613.0,7
rb1805,20171016,20171013,210530500,3614.0,41092,607734,1484828920.0,3614.0,20,3613.0,22
rb1805,20171016,20171013,210531000,3614.0,41112,607734,1485551720.0,3614.0,11,3613.0,38
rb1805,20171016,20171013,210531500,3613.0,41120,607742,1485840800.0,3614.0,47,3613.0,49
rb1805,20171016,20171013,210532000,3614.0,41144,607760,1486708160.0,3614.0,38,3613.0,46
rb1805,20171016,20171013,210532500,3613.0,41206,607700,1488948820.0,3614.0,42,3613.0,45
rb1805,20171016,20171013,210533000,3614.0,41212,607700,1489165640.0,3614.0,41,3613.0,44
rb1805,20171016,20171013,210533500,3614.0,41214,607700,1489237920.0,3614.0,47,3613.0,45
rb1805,20171016,20171013,210534000,3614.0,41252,607700,1490610960.0,3614.0,43,3613.0,31
rb1805,20171016,20171013,210534500,3613.0,41332,607758,1493501360.0,3613.0,10,3612.0,32
rb1805,20171016,20171013,210535000,3612.0,41406,607806,1496174340.0,3612.0,6,3611.0,43
rb1805,20171016,20171013,210535500,3612.0,41468,607814,1498413240.0,3612.0,7,3611.0,16
rb1805,20171016,20171013,210536000,3611.0,41516,607778,1500146520.0,3611.0,105,3610.0,52
rb1805,20171016,20171013,210536500,3610.0,41634,607768,1504406320.0,3610.0,81,3609.0,110
rb1805,20171016,20171013,210537000,3610.0,41662,607744,1505417120.0,3610.0,67,3609.0,103
rb1805,20171016,20171013,210537500,3610.0,41688,607720,1506355520.0,3610.0,122,3609.0,96
rb1805,20171016,20171013,210538000,3609.0,41888,607744,1513573520.0,3609.0,31,3608.0,102
rb1805,20171016,20171013,210538500,3609.0,41936,607788,1515305840.0,3609.0,7,3608.0,112
rb1805,20171016,20171013,210539000,3610.0,41996,607772,1517471540.0,3610.0,35,3609.0,92
rb1805,20171016,20171013,210539500,3610.0,42012,607766,1518049000.0,3610.0,34,3609.0,92
rb1805,20171016,20171013,210540000,3610.0,42014,607766,1518121200.0,3610.0,33,3609.0,105
rb1805,20171016,20171013,210540500,3610.0,42080,607700,1520503800.0,3611.0,39,3610.0,55
rb1805,20171016,20171013,210541000,3611.0,42156,607668,1523248160.0,3612.0,37,3611.0,40
rb1805,20171016,20171013,210541500,3611.0,42176,607668,1523970360.0,3612.0,21,3611.0,34
rb1805,20171016,20171013,210542000,3611.0,42176,607668,1523970360.0,3612.0,13,3611.0,35
rb1805,20171016,20171013,210542500,3611.0,42232,607650,1525992860.0,3612.0,12,3611.0,28
rb1805,20171016,20171013,210543000,3610.0,42294,607630,1528231660.0,3611.0,2,3610.0,22
rb1805,20171016,20171013,210543500,3611.0,42298,607628,1528376100.0,3612.0,26,3611.0,4
rb1805,20171016,20171013,210544000,3611.0,42306,607620,1528664980.0,3611.0,15,3610.0,26
rb1805,20171016,20171013,210544500,3611.0,42308,607618,1528737200.0,3611.0,26,3610.0,22
rb1805,20171016,20171013,210545000,3611.0,42308,607618,1528737200.0,3611.0,35,3610.0,21
rb1805,20171016,20171013,210545500,3611.0,42352,607652,1530325620.0,3611.0,135,3609.0,119
rb1805,20171016,20171013,210546000,3611.0,42380,607676,1531336700.0,3611.0,125,3609.0,121
rb1805,20171016,20171013,210546500,3611.0,42384,607676,1531481140.0,3611.0,129,3609.0,123
rb1805,20171016,20171013,210547000,3609.0,42416,607676,1532636020.0,3610.0,11,3609.0,107
rb1805,20171016,20171013,210547500,3611.0,42440,607668,1533502600.0,3610.0,10,3609.0,109
rb1805,20171016,20171013,210548000,3610.0,42464,607692,1534369000.0,3611.0,128,3609.0,112
rb1805,20171016,20171013,210548500,3610.0,42468,607690,1534513380.0,3610.0,12,3609.0,111
rb1805,20171016,20171013,210549000,3611.0,42510,607654,1536029400.0,3610.0,50,3609.0,103
rb1805,20171016,20171013,210549500,3609.0,42528,607650,1536679120.0,3610.0,47,3609.0,101
rb1805,20171016,20171013,210550000,3609.0,42528,607650,1536679120.0,3610.0,48,3609.0,104
rb1805,20171016,20171013,210550500,3610.0,42530,607650,1536751320.0,3610.0,48,3609.0,102
rb1805,20171016,20171013,210551000,3610.0,42536,607650,1536967880.0,3610.0,49,3609.0,102
rb1805,20171016,20171013,210551500,3611.0,42708,607500,1543177620.0,3611.0,95,3609.0,97
rb1805,20171016,20171013,210552000,3611.0,42708,607500,1543177620.0,3611.0,96,3609.0,97
rb1805,20171016,20171013,210552500,3611.0,42708,607500,1543177620.0,3610.0,2,3609.0,96
rb1805,20171016,20171013,210553000,3610.0,42716,607496,1543466380.0,3611.0,100,3610.0,1
rb1805,20171016,20171013,210553500,3610.0,42762,607482,1545127120.0,3611.0,91,3610.0,1
rb1805,20171016,20171013,210554000,3611.0,42784,607468,1545921340.0,3611.0,98,3609.0,93
rb1805,20171016,20171013,210554500,3609.0,42794,607468,1546282240.0,3611.0,98,3609.0,88
rb1805,20171016,20171013,210555000,3611.0,42802,607464,1546571060.0,3611.0,96,3609.0,88
rb1805,20171016,20171013,210555500,3609.0,42814,607462,1547004180.0,3610.0,1,3609.0,83
rb1805,20171016,20171013,210556000,3609.0,42816,607460,1547076360.0,3610.0,12,3609.0,82
rb1805,20171016,20171013,210556500,3610.0,42822,607464,1547292960.0,3610.0,16,3609.0,84
rb1805,20171016,20171013,210557000,3609.0,42826,607460,1547437320.0,3610.0,27,3609.0,83
rb1805,20171016,20171013,210557500,3609.0,42830,607460,1547581680.0,3610.0,27,3609.0,84
rb1805,20171016,20171013,210558000,3609.0,42836,607460,1547798220.0,3610.0,37,3609.0,72
rb1805,20171016,20171013,210558500,3610.0,42840,607460,1547942600.0,3610.0,30,3609.0,73
rb1805,20171016,20171013,210559000,3610.0,42840,607460,1547942600.0,3610.0,35,3609.0,75
rb1805,20171016,20171013,210559500,3609.0,42846,607460,1548159140.0,3610.0,32,3609.0,72
rb1805,20171016,20171013,210600000,3610.0,42916,607452,1550686140.0,3611.0,91,3610.0,6
rb1805,20171016,20171013,210600500,3609.0,42930,607450,1551191520.0,3611.0,91,3609.0,80
rb1805,20171016,20171013,210601000,3609.0,42942,607442,1551624700.0,3610.0,4,3609.0,85
rb1805,20171016,20171013,210601500,3609.0,42952,607442,1551985660.0,3610.0,1,3609.0,77
rb1805,20171016,20171013,210602000,3610.0,42960,607440,1552274400.0,3610.0,8,3609.0,76
rb1805,20171016,20171013,210602500,3609.0,43002,607454,1553790180.0,3610.0,25,3609.0,56
rb1805,20171016,20171013,210603000,3609.0,43004,607454,1553862360.0,3610.0,27,3609.0,58
rb1805,20171016,20171013,210603500,3609.0,43046,607430,1555378140.0,3610.0,37,3609.0,36
rb1805,20171016,20171013,210604000,3610.0,43084,607438,1556749700.0,3610.0,33,3609.0,27
rb1805,20171016,20171013,210604500,3610.0,43090,607440,1556966280.0,3610.0,38,3609.0,26
rb1805,20171016,20171013,210605000,3610.0,43092,607440,1557038480.0,3610.0,38,3609.0,27
rb1805,20171016,20171013,210605500,3609.0,43112,607448,1557760300.0,3610.0,38,3609.0,22
rb1805,20171016,20171013,210606000,3609.0,43122,607442,1558121200.0,3610.0,30,3609.0,16
rb1805,20171016,20171013,210606500,3609.0,43136,607452,1558626460.0,3610.0,42,3609.0,11
rb1805,20171016,20171013,210607000,3609.0,43138,607452,1558698640.0,3610.0,43,3609.0,30
rb1805,20171016,20171013,210607500,3610.0,43144,607454,1558915220.0,3610.0,42,3609.0,35
rb1805,20171016,20171013,210608000,3610.0,43170,607472,1559853800.0,3610.0,31,3609.0,41
rb1805,20171016,20171013,210608500,3609.0,43174,607472,1559998180.0,3610.0,46,3609.0,40
rb1805,20171016,20171013,210609000,3610.0,43182,607478,1560286960.0,3610.0,43,3609.0,36
rb1805,20171016,20171013,210609500,3609.0,43184,607476,1560359140.0,3610.0,44,3609.0,35
rb1805,20171016,20171013,210610000,3609.0,43194,607478,1560720120.0,3610.0,42,3609.0,34
rb1805,20171016,20171013,210610500,3610.0,43200,607482,1560936720.0,3610.0,41,3609.0,36
rb1805,20171016,20171013,210611000,3609.0,43208,607488,1561225500.0,3610.0,39,3609.0,37
rb1805,20171016,20171013,210611500,3609.0,43210,607490,1561297680.0,3610.0,40,3609.0,37
rb1805,20171016,20171013,210612000,3609.0,43210,607490,1561297680.0,3610.0,40,3609.0,38
rb1805,20171016,20171013,210612500,3609.0,43222,607494,1561730860.0,3610.0,38,3609.0,39
rb1805,20171016,20171013,210613000,3609.0,43224,607494,1561803040.0,3610.0,48,3609.0,38
rb1805,20171016,20171013,210613500,3610.0,43322,607484,1565340840.0,3611.0,123,3610.0,51
rb1805,20171016,20171013,210614000,3610.0,43396,607418,1568012260.0,3611.0,146,3610.0,15
rb1805,20171016,20171013,210614500,3610.0,43446,607418,1569817260.0,3610.0,3,3609.0,44
rb1805,20171016,20171013,210615000,3610.0,43448,607420,1569889460.0,3611.0,138,3609.0,46
rb1805,20171016,20171013,210615500,3611.0,43482,607418,1571116680.0,3610.0,1,3609.0,33
rb1805,20171016,20171013,210616000,3609.0,43484,607418,1571188860.0,3610.0,1,3609.0,37
rb1805,20171016,20171013,210616500,3610.0,43490,607420,1571405440.0,3610.0,11,3609.0,39
rb1805,20171016,20171013,210617000,3610.0,43512,607442,1572199640.0,3611.0,135,3610.0,4
rb1805,20171016,20171013,210617500,3610.0,43512,607442,1572199640.0,3611.0,142,3610.0,12
rb1805,20171016,20171013,210618000,3611.0,43530,607446,1572849460.0,3611.0,141,3610.0,6
rb1805,20171016,20171013,210618500,3610.0,43532,607446,1572921660.0,3611.0,141,3610.0,7
rb1805,20171016,20171013,210619000,3611.0,43534,607446,1572993880.0,3611.0,141,3610.0,14
rb1805,20171016,20171013,210619500,3610.0,43562,607456,1574004680.0,3611.0,141,3610.0,5
rb1805,20171016,20171013,210620000,3610.0,43574,607454,1574437900.0,3610.0,2,3609.0,78
rb1805,20171016,20171013,210620500,3610.0,43576,607456,1574510100.0,3610.0,2,3609.0,85
rb1805,20171016,20171013,210621000,3610.0,43590,607462,1575015460.0,3610.0,5,3609.0,85
rb1805,20171016,20171013,210621500,3610.0,43626,607460,1576315060.0,3610.0,1,3609.0,87
rb1805,20171016,20171013,210622000,3610.0,43628,607458,1576387260.0,3610.0,3,3609.0,87
rb1805,20171016,20171013,210622500,3610.0,43632,607462,1576531660.0,3610.0,2,3609.0,88
rb1805,20171016,20171013,210623000,3609.0,43812,607500,1583027860.0,3609.0,30,3608.0,147
rb1805,20171016,20171013,210623500,3610.0,43900,607520,1586203860.0,3610.0,1,3609.0,55
rb1805,20171016,20171013,210624000,3610.0,43900,607520,1586203860.0,3610.0,16,3609.0,40
rb1805,20171016,20171013,210624500,3610.0,43928,607516,1587214660.0,3610.0,63,3609.0,39
rb1805,20171016,20171013,210625000,3610.0,43928,607516,1587214660.0,3610.0,64,3609.0,37
rb1805,20171016,20171013,210625500,3610.0,43932,607516,1587359040.0,3610.0,9,3609.0,36
rb1805,20171016,20171013,210626000,3610.0,43932,607516,1587359040.0,3610.0,9,3609.0,32
rb1805,20171016,20171013,210626500,3609.0,43946,607516,1587864300.0,3610.0,9,3609.0,30
rb1805,20171016,20171013,210627000,3609.0,43948,607516,1587936480.0,3610.0,12,3609.0,32
rb1805,20171016,20171013,210627500,3610.0,43954,607518,1588153080.0,3610.0,14,3609.0,32
rb1805,20171016,20171013,210628000,3609.0,43958,607518,1588297440.0,3610.0,19,3609.0,37
rb1805,20171016,20171013,210628500,3610.0,43960,607518,1588369640.0,3610.0,19,3609.0,37
rb1805,20171016,20171013,210629000,3611.0,44012,607496,1590246860.0,3611.0,164,3610.0,36
rb1805,20171016,20171013,210629500,3610.0,44016,607496,1590391260.0,3611.0,164,3610.0,34
rb1805,20171016,20171013,210630000,3611.0,44046,607466,1591474560.0,3611.0,150,3610.0,35
rb1805,20171016,20171013,210630500,3611.0,44126,607392,1594363360.0,3611.0,110,3610.0,38
rb1805,20171016,20171013,210631000,3611.0,44126,607392,1594363360.0,3611.0,109,3610.0,38
rb1805,20171016,20171013,210631500,3610.0,44160,607412,1595590960.0,3611.0,102,3610.0,33
rb1805,20171016,20171013,210632000,3610.0,44162,607412,1595663160.0,3611.0,102,3610.0,32
rb1805,20171016,20171013,210632500,3610.0,44242,607404,1598551180.0,3610.0,171,3609.0,36
rb1805,20171016,20171013,210633000,3610.0,44254,607404,1598984380.0,3610.0,170,3609.0,46
rb1805,20171016,20171013,210633500,3610.0,44258,607408,1599128780.0,3610.0,171,3609.0,50
rb1805,20171016,20171013,210634000,3610.0,44266,607408,1599417580.0,3610.0,175,3609.0,50
rb1805,20171016,20171013,210634500,3610.0,44558,607526,1609958780.0,3610.0,30,3609.0,55
rb1805,20171016,20171013,210635000,3610.0,44628,607582,1612485780.0,3611.0,109,3610.0,17
rb1805,20171016,20171013,210635500,3610.0,44648,607584,1613207780.0,3611.0,120,3609.0,55
rb1805,20171016,20171013,210636000,3611.0,44662,607586,1613713160.0,3611.0,119,3610.0,5
rb1805,20171016,20171013,210636500,3610.0,44684,607582,1614507360.0,3611.0,119,3610.0,2
rb1805,20171016,20171013,210637000,3611.0,44710,607578,1615446220.0,3611.0,106,3610.0,35
rb1805,20171016,20171013,210637500,3610.0,44732,607574,1616240580.0,3611.0,105,3610.0,52
rb1805,20171016,20171013,210638000,3611.0,44826,607550,1619634860.0,3611.0,61,3610.0,54
rb1805,20171016,20171013,210638500,3611.0,44866,607580,1621079240.0,3611.0,42,3610.0,60
rb1805,20171016,20171013,210639000,3611.0,44878,607580,1621512560.0,3611.0,37,3610.0,110
rb1805,20171016,20171013,210639500,3611.0,44884,607580,1621729200.0,3611.0,35,3610.0,109
rb1805,20171016,20171013,210640000,3611.0,44928,607604,1623318040.0,3611.0,13,3610.0,79
rb1805,20171016,20171013,210640500,3611.0,44954,607616,1624256900.0,3612.0,35,3611.0,3
rb1805,20171016,20171013,210641000,3612.0,44964,607612,1624618040.0,3612.0,49,3611.0,1
rb1805,20171016,20171013,210641500,3612.0,44972,607616,1624907000.0,3612.0,46,3611.0,33
rb1805,20171016,20171013,210642000,3611.0,44978,607614,1625123680.0,3612.0,39,3611.0,33
rb1805,20171016,20171013,210642500,3612.0,44980,607616,1625195920.0,3612.0,38,3611.0,34
rb1805,20171016,20171013,210643000,3612.0,45000,607610,1625918320.0,3612.0,28,3611.0,34
rb1805,20171016,20171013,210643500,3612.0,45056,607594,1627941040.0,3613.0,58,3612.0,35
rb1805,20171016,20171013,210644000,3612.0,45132,607524,1630686160.0,3612.0,12,3611.0,45
rb1805,20171016,20171013,210644500,3612.0,45148,607520,1631264080.0,3613.0,53,3612.0,20
rb1805,20171016,20171013,210645000,3612.0,45282,607494,1636104160.0,3612.0,10,3611.0,49
rb1805,20171016,20171013,210645500,3611.0,45304,607490,1636898800.0,3612.0,2,3611.0,49
rb1805,20171016,20171013,210646000,3612.0,45378,607554,1639571020.0,3613.0,43,3612.0,2
rb1805,20171016,20171013,210646500,3613.0,45382,607552,1639715540.0,3613.0,43,3612.0,52
rb1805,20171016,20171013,210647000,3612.0,45388,607556,1639932280.0,3613.0,41,3612.0,55
rb1805,20171016,20171013,210647500,3612.0,45390,607556,1640004520.0,3613.0,42,3612.0,56
rb1805,20171016,20171013,210648000,3613.0,45440,607556,1641810540.0,3613.0,46,3612.0,36
rb1805,20171016,20171013,210648500,3613.0,45446,607556,1642027320.0,3613.0,46,3612.0,42
rb1805,20171016,20171013,210649000,3613.0,45450,607558,1642171820.0,3613.0,46,3612.0,46
rb1805,20171016,20171013,210649500,3612.0,45456,607558,1642388540.0,3613.0,46,3612.0,46
rb1805,20171016,20171013,210650000,3613.0,45458,607560,1642460800.0,3613.0,44,3612.0,47
rb1805,20171016,20171013,210650500,3613.0,45462,607562,1642605320.0,3613.0,43,3612.0,53
rb1805,20171016,20171013,210651000,3613.0,45552,607592,1645857020.0,3614.0,27,3613.0,4
rb1805,20171016,20171013,210651500,3613.0,45562,607590,1646218320.0,3613.0,1,3612.0,53
rb1805,20171016,20171013,210652000,3613.0,45564,607590,1646290580.0,3614.0,21,3613.0,4
rb1805,20171016,20171013,210652500,3613.0,45566,607588,1646362840.0,3614.0,21,3613.0,15
rb1805,20171016,20171013,210653000,3615.0,45644,607544,1649181780.0,3615.0,271,3614.0,10
rb1805,20171016,20171013,210653500,3615.0,45726,607494,1652145800.0,3615.0,240,3613.0,14
rb1805,20171016,20171013,210654000,3614.0,45730,607494,1652290380.0,3615.0,240,3614.0,4
rb1805,20171016,20171013,210654500,3614.0,45766,607488,1653591520.0,3614.0,7,3613.0,19
rb1805,20171016,20171013,210655000,3613.0,45834,607440,1656048760.0,3615.0,231,3613.0,1
rb1805,20171016,20171013,210655500,3614.0,45838,607440,1656193320.0,3614.0,1,3613.0,9
rb1805,20171016,20171013,210656000,3614.0,45842,607440,1656337880.0,3615.0,233,3613.0,33
rb1805,20171016,20171013,210656500,3615.0,45844,607440,1656410180.0,3614.0,1,3613.0,34
rb1805,20171016,20171013,210657000,3615.0,45870,607430,1657349740.0,3615.0,233,3614.0,14
rb1805,20171016,20171013,210657500,3615.0,45892,607436,1658144900.0,3615.0,230,3614.0,8
rb1805,20171016,20171013,210658000,3614.0,45914,607426,1658940180.0,3615.0,221,3614.0,38
rb1805,20171016,20171013,210658500,3614.0,45968,607426,1660891740.0,3615.0,223,3614.0,13
rb1805,20171016,20171013,210659000,3615.0,45974,607426,1661108640.0,3615.0,221,3614.0,16
rb1805,20171016,20171013,210659500,3615.0,45996,607420,1661903940.0,3615.0,211,3614.0,15
rb1805,20171016,20171013,210700000,3614.0,46008,607416,1662337700.0,3615.0,210,3614.0,17
rb1805,20171016,20171013,210700500,3615.0,46474,607276,1679184020.0,3616.0,43,3615.0,20
rb1805,20171016,20171013,210701000,3617.0,46794,607026,1690757560.0,3617.0,52,3616.0,1
rb1805,20171016,20171013,210701500,3616.0,46866,607032,1693360840.0,3616.0,11,3615.0,25
rb1805,20171016,20171013,210702000,3616.0,46906,607030,1694807120.0,3616.0,7,3615.0,53
rb1805,20171016,20171013,210702500,3615.0,46912,607036,1695024020.0,3616.0,24,3615.0,45
rb1805,20171016,20171013,210703000,3616.0,46916,607036,1695168640.0,3616.0,37,3615.0,47
rb1805,20171016,20171013,210703500,3615.0,47022,607126,1699000540.0,3615.0,5,3614.0,43
rb1805,20171016,20171013,210704000,3615.0,47056,607132,1700229760.0,3615.0,10,3614.0,53
rb1805,20171016,20171013,210704500,3615.0,47084,607142,1701241980.0,3615.0,24,3614.0,53
rb1805,20171016,20171013,210705000,3614.0,47120,607154,1702543280.0,3615.0,13,3614.0,59
rb1805,20171016,20171013,210705500,3616.0,47226,607224,1706375580.0,3615.0,5,3614.0,56
rb1805,20171016,20171013,210706000,3616.0,47226,607224,1706375580.0,3615.0,6,3614.0,57
rb1805,20171016,20171013,210706500,3615.0,47246,607222,1707098640.0,3616.0,14,3615.0,15
rb1805,20171016,20171013,210707000,3615.0,47290,607212,1708689180.0,3615.0,17,3614.0,62
rb1805,20171016,20171013,210707500,3615.0,47362,607260,1711291880.0,3615.0,10,3614.0,58
rb1805,20171016,20171013,210708000,3614.0,47372,607258,1711653340.0,3615.0,5,3614.0,57
rb1805,20171016,20171013,210708500,3614.0,47498,607302,1716207040.0,3614.0,4,3613.0,94
rb1805,20171016,20171013,210709000,3613.0,47500,607300,1716279300.0,3614.0,5,3613.0,89
rb1805,20171016,20171013,210709500,3614.0,47510,607302,1716640700.0,3615.0,22,3613.0,74
rb1805,20171016,20171013,210710000,3615.0,47518,607302,1716929860.0,3615.0,28,3613.0,35
rb1805,20171016,20171013,210710500,3615.0,47520,607302,1717002160.0,3614.0,10,3613.0,27
rb1805,20171016,20171013,210711000,3614.0,47530,607312,1717363560.0,3615.0,29,3614.0,6
rb1805,20171016,20171013,210711500,3614.0,47542,607324,1717797240.0,3615.0,30,3613.0,28
rb1805,20171016,20171013,210712000,3615.0,47544,607324,1717869540.0,3615.0,29,3613.0,28
rb1805,20171016,20171013,210712500,3615.0,47544,607324,1717869540.0,3615.0,26,3614.0,5
rb1805,20171016,20171013,210713000,3615.0,47558,607326,1718375540.0,3615.0,24,3614.0,3
rb1805,20171016,20171013,210713500,3615.0,47562,607326,1718520120.0,3615.0,72,3614.0,2
rb1805,20171016,20171013,210714000,3614.0,47564,607326,1718592400.0,3615.0,73,3614.0,1
rb1805,20171016,20171013,210714500,3614.0,47566,607328,1718664680.0,3614.0,26,3613.0,25
rb1805,20171016,20171013,210715000,3614.0,47570,607328,1718809240.0,3614.0,24,3613.0,29
rb1805,20171016,20171013,210715500,3614.0,47574,607332,1718953800.0,3614.0,88,3613.0,29
rb1805,20171016,20171013,210716000,3614.0,47578,607328,1719098360.0,3614.0,88,3613.0,25
rb1805,20171016,20171013,210716500,3613.0,47584,607328,1719315180.0,3614.0,87,3613.0,29
rb1805,20171016,20171013,210717000,3614.0,47630,607348,1720977620.0,3614.0,64,3613.0,36
rb1805,20171016,20171013,210717500,3613.0,47652,607366,1721772560.0,3614.0,62,3613.0,30
rb1805,20171016,20171013,210718000,3614.0,47658,607366,1721989400.0,3614.0,60,3613.0,43
rb1805,20171016,20171013,210718500,3614.0,47658,607366,1721989400.0,3614.0,61,3613.0,38
rb1805,20171016,20171013,210719000,3613.0,47726,607308,1724446240.0,3613.0,16,3612.0,38
rb1805,20171016,20171013,210719500,3612.0,47736,607300,1724807520.0,3613.0,12,3612.0,29
rb1805,20171016,20171013,210720000,3614.0,47770,607274,1726036000.0,3613.0,1,3612.0,35
rb1805,20171016,20171013,210720500,3613.0,47776,607278,1726252780.0,3614.0,57,3613.0,1
rb1805,20171016,20171013,210721000,3612.0,47784,607278,1726541760.0,3613.0,2,3612.0,38
rb1805,20171016,20171013,210721500,3613.0,47798,607282,1727047580.0,3614.0,60,3613.0,2
rb1805,20171016,20171013,210722000,3613.0,47802,607282,1727192100.0,3613.0,2,3612.0,38
rb1805,20171016,20171013,210722500,3613.0,47806,607282,1727336620.0,3614.0,58,3613.0,37
rb1805,20171016,20171013,210723000,3613.0,47824,607282,1727987020.0,3614.0,61,3613.0,31
rb1805,20171016,20171013,210723500,3613.0,47828,607282,1728131540.0,3614.0,61,3613.0,29
rb1805,20171016,20171013,210724000,3613.0,47828,607282,1728131540.0,3614.0,58,3613.0,34
rb1805,20171016,20171013,210724500,3614.0,47950,607272,1732540560.0,3615.0,83,3614.0,42
rb1805,20171016,20171013,210725000,3614.0,47952,607270,1732612840.0,3615.0,82,3614.0,41
rb1805,20171016,20171013,210725500,3614.0,47956,607270,1732757400.0,3615.0,81,3614.0,39
rb1805,20171016,20171013,210726000,3614.0,47956,607270,1732757400.0,3615.0,81,3614.0,44
rb1805,20171016,20171013,210726500,3614.0,47958,607268,1732829680.0,3615.0,122,3614.0,43
rb1805,20171016,20171013,210727000,3614.0,47988,607238,1733913880.0,3615.0,122,3614.0,28
rb1805,20171016,20171013,210727500,3614.0,47992,607234,1734058440.0,3615.0,126,3614.0,26
rb1805,20171016,20171013,210728000,3615.0,48020,607214,1735070440.0,3615.0,127,3614.0,18
rb1805,20171016,20171013,210728500,3615.0,48020,607214,1735070440.0,3615.0,130,3614.0,21
rb1805,20171016,20171013,210729000,3615.0,48034,607222,1735576500.0,3615.0,129,3614.0,19
rb1805,20171016,20171013,210729500,3614.0,48036,607220,1735648780.0,3615.0,131,3614.0,20
rb1805,20171016,20171013,210730000,3614.0,48242,607202,1743095620.0,3615.0,34,3614.0,71
rb1805,20171016,20171013,210730500,3614.0,48248,607202,1743312460.0,3615.0,45,3614.0,71
rb1805,20171016,20171013,210731000,3615.0,48252,607202,1743457060.0,3615.0,45,3614.0,73
rb1805,20171016,20171013,210731500,3614.0,48254,607202,1743529340.0,3615.0,53,3614.0,78
rb1805,20171016,20171013,210732000,3615.0,48332,607236,1746349040.0,3615.0,20,3614.0,78
rb1805,20171016,20171013,210732500,3615.0,48360,607258,1747361240.0,3615.0,7,3614.0,78
rb1805,20171016,20171013,210733000,3615.0,48378,607256,1748011940.0,3616.0,42,3615.0,28
rb1805,20171016,20171013,210733500,3615.0,48382,607256,1748156540.0,3616.0,26,3615.0,50
rb1805,20171016,20171013,210734000,3615.0,48382,607256,1748156540.0,3616.0,22,3615.0,51
rb1805,20171016,20171013,210734500,3615.0,48382,607256,1748156540.0,3616.0,22,3615.0,57
rb1805,20171016,20171013,210735000,3616.0,48386,607258,1748301180.0,3616.0,22,3615.0,57
rb1805,20171016,20171013,210735500,3615.0,48388,607258,1748373480.0,3616.0,22,3615.0,56
rb1805,20171016,20171013,210736000,3615.0,48388,607258,1748373480.0,3616.0,22,3615.0,56
rb1805,20171016,20171013,210736500,3616.0,48418,607230,1749458020.0,3616.0,23,3615.0,43
rb1805,20171016,20171013,210737000,3616.0,48478,607208,1751627560.0,3617.0,65,3616.0,1
rb1805,20171016,20171013,210737500,3616.0,48482,607208,1751772220.0,3616.0,4,3615.0,52
rb1805,20171016,20171013,210738000,3616.0,48490,607208,1752061500.0,3617.0,64,3616.0,2
rb1805,20171016,20171013,210738500,3617.0,48494,607204,1752206180.0,3617.0,63,3616.0,2
rb1805,20171016,20171013,210739000,3616.0,48498,607204,1752350820.0,3617.0,66,3616.0,2
rb1805,20171016,20171013,210739500,3615.0,48512,607208,1752857120.0,3616.0,2,3615.0,56
rb1805,20171016,20171013,210740000,3616.0,48520,607208,1753146400.0,3617.0,64,3616.0,1
rb1805,20171016,20171013,210740500,3616.0,48540,607206,1753869680.0,3617.0,62,3616.0,5
rb1805,20171016,20171013,210741000,3616.0,48570,607208,1754954500.0,3617.0,64,3616.0,3
rb1805,20171016,20171013,210741500,3617.0,48580,607200,1755316180.0,3617.0,62,3616.0,25
rb1805,20171016,20171013,210742000,3617.0,48582,607198,1755388520.0,3617.0,61,3616.0,88
rb1805,20171016,20171013,210742500,3617.0,48590,607194,1755677860.0,3617.0,59,3616.0,90
rb1805,20171016,20171013,210743000,3617.0,48602,607192,1756111900.0,3617.0,59,3616.0,90
rb1805,20171016,20171013,210743500,3617.0,48630,607188,1757124540.0,3617.0,53,3616.0,84
rb1805,20171016,20171013,210744000,3618.0,48746,607136,1761320260.0,3618.0,105,3617.0,9
rb1805,20171016,20171013,210744500,3617.0,48770,607124,1762188500.0,3618.0,57,3617.0,51
rb1805,20171016,20171013,210745000,3617.0,48800,607124,1763273880.0,3618.0,44,3617.0,60
rb1805,20171016,20171013,210745500,3617.0,48826,607132,1764214540.0,3618.0,33,3617.0,64
rb1805,20171016,20171013,210746000,3618.0,48838,607130,1764648700.0,3618.0,33,3617.0,66
rb1805,20171016,20171013,210746500,3618.0,48846,607128,1764938120.0,3618.0,27,3617.0,87
rb1805,20171016,20171013,210747000,3618.0,48900,607122,1766891840.0,3618.0,40,3617.0,87
rb1805,20171016,20171013,210747500,3618.0,48956,607166,1768917860.0,3618.0,44,3617.0,85
rb1805,20171016,20171013,210748000,3618.0,48986,607196,1770003260.0,3618.0,114,3617.0,95
rb1805,20171016,20171013,210748500,3617.0,48992,607200,1770220320.0,3618.0,135,3617.0,94
rb1805,20171016,20171013,210749000,3617.0,49022,607224,1771305680.0,3618.0,124,3617.0,91
rb1805,20171016,20171013,210749500,3618.0,49148,607214,1775863360.0,3618.0,111,3617.0,82
rb1805,20171016,20171013,210750000,3617.0,49154,607214,1776080400.0,3618.0,181,3617.0,81
rb1805,20171016,20171013,210750500,3617.0,49200,607170,1777744240.0,3618.0,184,3617.0,59
rb1805,20171016,20171013,210751000,3617.0,49416,607060,1785556960.0,3617.0,33,3616.0,108
rb1805,20171016,20171013,210751500,3617.0,49430,607060,1786063320.0,3617.0,30,3616.0,107
rb1805,20171016,20171013,210752000,3617.0,49448,607074,1786714380.0,3617.0,27,3616.0,112
rb1805,20171016,20171013,210752500,3617.0,49464,607088,1787293100.0,3617.0,35,3616.0,108
rb1805,20171016,20171013,210753000,3616.0,49476,607092,1787727080.0,3617.0,34,3616.0,105
rb1805,20171016,20171013,210753500,3617.0,49494,607094,1788377980.0,3617.0,136,3616.0,97
rb1805,20171016,20171013,210754000,3616.0,49660,607164,1794380560.0,3617.0,175,3616.0,16
rb1805,20171016,20171013,210754500,3616.0,49702,607162,1795899280.0,3616.0,28,3615.0,51
rb1805,20171016,20171013,210755000,3616.0,49756,607174,1797851920.0,3617.0,188,3616.0,13
rb1805,20171016,20171013,210755500,3616.0,49782,607200,1798792080.0,3616.0,31,3615.0,51
rb1805,20171016,20171013,210756000,3616.0,49844,607186,1801034000.0,3617.0,158,3616.0,16
rb1805,20171016,20171013,210756500,3616.0,49880,607188,1802335760.0,3616.0,100,3615.0,51
rb1805,20171016,20171013,210757000,3616.0,49932,607178,1804216080.0,3616.0,75,3615.0,52
rb1805,20171016,20171013,210757500,3616.0,49948,607170,1804794640.0,3616.0,67,3615.0,53
rb1805,20171016,20171013,210758000,3617.0,50086,607082,1809784760.0,3617.0,161,3616.0,20
rb1805,20171016,20171013,210758500,3616.0,50146,607124,1811954500.0,3616.0,82,3615.0,53
rb1805,20171016,20171013,210759000,3615.0,50164,607126,1812605300.0,3616.0,78,3615.0,49
rb1805,20171016,20171013,210759500,3616.0,50186,607142,1813400820.0,3616.0,67,3615.0,49
rb1805,20171016,20171013,210800000,3616.0,50206,607156,1814124020.0,3616.0,57,3615.0,50
rb1805,20171016,20171013,210800500,3616.0,50242,607160,1815425780.0,3616.0,41,3615.0,50
rb1805,20171016,20171013,210801000,3616.0,50292,607172,1817233660.0,3616.0,22,3615.0,44
rb1805,20171016,20171013,210801500,3616.0,50292,607172,1817233660.0,3616.0,47,3615.0,45
rb1805,20171016,20171013,210802000,3617.0,50508,607182,1825045340.0,3617.0,88,3615.0,51
rb1805,20171016,20171013,210802500,3617.0,50514,607178,1825262300.0,3617.0,91,3615.0,44
rb1805,20171016,20171013,210803000,3617.0,50520,607174,1825479240.0,3617.0,88,3615.0,45
rb1805,20171016,20171013,210803500,3616.0,50526,607180,1825696220.0,3617.0,88,3616.0,4
rb1805,20171016,20171013,210804000,3616.0,50528,607180,1825768540.0,3617.0,88,3616.0,6
rb1805,20171016,20171013,210804500,3617.0,50572,607204,1827359900.0,3617.0,70,3615.0,49
rb1805,20171016,20171013,210805000,3616.0,50576,607208,1827504540.0,3617.0,79,3615.0,49
rb1805,20171016,20171013,210805500,3617.0,50580,607208,1827649220.0,3617.0,81,3615.0,49
rb1805,20171016,20171013,210806000,3617.0,50622,607212,1829167560.0,3616.0,1,3615.0,29
rb1805,20171016,20171013,210806500,3617.0,50624,607214,1829239900.0,3616.0,5,3615.0,39
rb1805,20171016,20171013,210807000,3616.0,50638,607222,1829746120.0,3616.0,9,3615.0,40
rb1805,20171016,20171013,210807500,3616.0,50638,607222,1829746120.0,3616.0,9,3615.0,41
rb1805,20171016,20171013,210808000,3616.0,50672,607240,1830975460.0,3617.0,84,3616.0,4
rb1805,20171016,20171013,210808500,3616.0,50688,607248,1831554020.0,3616.0,13,3615.0,43
rb1805,20171016,20171013,210809000,3617.0,50704,607252,1832132620.0,3617.0,84,3615.0,49
rb1805,20171016,20171013,210809500,3617.0,50888,607368,1838787900.0,3618.0,206,3617.0,108
rb1805,20171016,20171013,210810000,3617.0,51104,607542,1846600620.0,3618.0,208,3616.0,1
rb1805,20171016,20171013,210810500,3616.0,51126,607558,1847396140.0,3617.0,27,3616.0,5
rb1805,20171016,20171013,210811000,3616.0,51132,607552,1847613100.0,3617.0,37,3616.0,101
rb1805,20171016,20171013,210811500,3616.0,51134,607552,1847685420.0,3617.0,24,3616.0,109
rb1805,20171016,20171013,210812000,3617.0,51144,607562,1848047120.0,3617.0,22,3616.0,124
rb1805,20171016,20171013,210812500,3618.0,51190,607562,1849710960.0,3618.0,209,3617.0,228
rb1805,20171016,20171013,210813000,3617.0,51196,607558,1849927980.0,3618.0,207,3617.0,226
rb1805,20171016,20171013,210813500,3618.0,51248,607584,1851809300.0,3618.0,183,3617.0,230
rb1805,20171016,20171013,210814000,3618.0,51516,607760,1861505460.0,3618.0,53,3617.0,226
rb1805,20171016,20171013,210814500,3618.0,51622,607762,1865340540.0,3619.0,103,3618.0,42
rb1805,20171016,20171013,210815000,3619.0,51634,607760,1865774740.0,3619.0,103,3618.0,86
rb1805,20171016,20171013,210815500,3618.0,51666,607750,1866932760.0,3619.0,90,3618.0,80
rb1805,20171016,20171013,210816000,3618.0,51692,607748,1867873440.0,3619.0,90,3618.0,72
rb1805,20171016,20171013,210816500,3619.0,51878,607618,1874604800.0,3620.0,157,3619.0,169
rb1805,20171016,20171013,210817000,3619.0,51898,607600,1875328600.0,3620.0,166,3619.0,160
rb1805,20171016,20171013,210817500,3620.0,52154,607470,1884593500.0,3620.0,154,3619.0,58
rb1805,20171016,20171013,210818000,3620.0,52342,607316,1891399100.0,3620.0,65,3619.0,100
rb1805,20171016,20171013,210818500,3619.0,52372,607308,1892485080.0,3620.0,50,3619.0,104
rb1805,20171016,20171013,210819000,3620.0,52482,607282,1896467160.0,3621.0,52,3620.0,7
rb1805,20171016,20171013,210819500,3620.0,52504,607288,1897263560.0,3621.0,49,3620.0,61
rb1805,20171016,20171013,210820000,3621.0,52514,607288,1897625640.0,3621.0,46,3620.0,74
rb1805,20171016,20171013,210820500,3620.0,52636,607256,1902042440.0,3621.0,36,3620.0,35
rb1805,20171016,20171013,210821000,3621.0,52790,607258,1907618440.0,3622.0,69,3621.0,32
rb1805,20171016,20171013,210821500,3622.0,52992,607276,1914934240.0,3623.0,390,3622.0,21
rb1805,20171016,20171013,210822000,3621.0,53146,607166,1920512140.0,3622.0,4,3621.0,4
rb1805,20171016,20171013,210822500,3622.0,53214,607138,1922974900.0,3622.0,96,3621.0,32
rb1805,20171016,20171013,210823000,3621.0,53252,607146,1924351100.0,3622.0,137,3621.0,26
rb1805,20171016,20171013,210823500,3622.0,53262,607142,1924713280.0,3622.0,166,3621.0,32
rb1805,20171016,20171013,210824000,3621.0,53308,607168,1926378940.0,3622.0,171,3621.0,9
rb1805,20171016,20171013,210824500,3622.0,53562,607024,1935578820.0,3622.0,45,3621.0,10
rb1805,20171016,20171013,210825000,3622.0,53670,607076,1939490580.0,3623.0,392,3622.0,11
rb1805,20171016,20171013,210825500,3623.0,53946,607152,1949488760.0,3623.0,319,3622.0,84
rb1805,20171016,20171013,210826000,3623.0,53978,607140,1950648080.0,3623.0,307,3622.0,128
rb1805,20171016,20171013,210826500,3623.0,53998,607138,1951372640.0,3623.0,300,3622.0,126
rb1805,20171016,20171013,210827000,3622.0,54330,607140,1963400340.0,3623.0,168,3622.0,99
rb1805,20171016,20171013,210827500,3623.0,54486,607132,1969052080.0,3623.0,99,3622.0,93
rb1805,20171016,20171013,210828000,3623.0,54514,607130,1970066500.0,3623.0,87,3622.0,93
rb1805,20171016,20171013,210828500,3623.0,54560,607108,1971733000.0,3623.0,72,3622.0,89
rb1805,20171016,20171013,210829000,3623.0,54582,607106,1972529940.0,3623.0,73,3622.0,72
rb1805,20171016,20171013,210829500,3622.0,54604,607106,1973326860.0,3623.0,79,3622.0,66
rb1805,20171016,20171013,210830000,3623.0,54724,607020,1977673280.0,3623.0,79,3622.0,10
rb1805,20171016,20171013,210830500,3622.0,54756,607040,1978832320.0,3622.0,29,3621.0,25
rb1805,20171016,20171013,210831000,3622.0,54764,607038,1979122080.0,3622.0,59,3621.0,18
rb1805,20171016,20171013,210831500,3621.0,54800,607074,1980425640.0,3621.0,62,3620.0,22
rb1805,20171016,20171013,210832000,3622.0,55048,607250,1989405320.0,3621.0,4,3620.0,1
rb1805,20171016,20171013,210832500,3620.0,55062,607258,1989912200.0,3621.0,13,3619.0,62
rb1805,20171016,20171013,210833000,3621.0,55066,607258,1990057040.0,3621.0,35,3620.0,6
rb1805,20171016,20171013,210833500,3620.0,55084,607260,1990708640.0,3620.0,51,3619.0,57
rb1805,20171016,20171013,210834000,3619.0,55160,607286,1993459700.0,3620.0,9,3619.0,50
rb1805,20171016,20171013,210834500,3620.0,55206,607248,1995124640.0,3621.0,63,3619.0,46
rb1805,20171016,20171013,210835000,3620.0,55286,607168,1998020640.0,3620.0,2,3619.0,49
rb1805,20171016,20171013,210835500,3620.0,55310,607184,1998889500.0,3621.0,51,3620.0,64
rb1805,20171016,20171013,210836000,3620.0,55384,607208,2001569020.0,3621.0,15,3620.0,283
rb1805,20171016,20171013,210836500,3621.0,55418,607230,2002800160.0,3622.0,42,3621.0,62
rb1805,20171016,20171013,210837000,3621.0,55556,607152,2007797140.0,3622.0,47,3621.0,11
rb1805,20171016,20171013,210837500,3621.0,55646,607162,2011055520.0,3622.0,51,3620.0,251
rb1805,20171016,20171013,210838000,3620.0,55652,607168,2011272720.0,3622.0,58,3620.0,253
rb1805,20171016,20171013,210838500,3620.0,55656,607168,2011417540.0,3621.0,22,3620.0,252
rb1805,20171016,20171013,210839000,3621.0,55710,607164,2013372920.0,3621.0,3,3620.0,247
rb1805,20171016,20171013,210839500,3621.0,55710,607164,2013372920.0,3621.0,3,3620.0,248
rb1805,20171016,20171013,210840000,3622.0,55730,607170,2014097180.0,3622.0,103,3621.0,25
rb1805,20171016,20171013,210840500,3621.0,55736,607176,2014314440.0,3622.0,100,3621.0,11
rb1805,20171016,20171013,210841000,3621.0,55736,607176,2014314440.0,3622.0,100,3621.0,19
rb1805,20171016,20171013,210841500,3621.0,55752,607182,2014893800.0,3622.0,97,3621.0,11
rb1805,20171016,20171013,210842000,3621.0,55754,607184,2014966220.0,3622.0,110,3621.0,14
rb1805,20171016,20171013,210842500,3621.0,55758,607188,2015111060.0,3622.0,111,3621.0,128
rb1805,20171016,20171013,210843000,3621.0,55760,607186,2015183480.0,3622.0,112,3621.0,129
rb1805,20171016,20171013,210843500,3621.0,55760,607186,2015183480.0,3622.0,112,3621.0,129
rb1805,20171016,20171013,210844000,3621.0,55760,607186,2015183480.0,3622.0,114,3621.0,130
rb1805,20171016,20171013,210844500,3621.0,55804,607204,2016777020.0,3622.0,100,3621.0,123
rb1805,20171016,20171013,210845000,3621.0,55814,607214,2017139120.0,3622.0,100,3621.0,119
rb1805,20171016,20171013,210845500,3621.0,55814,607214,2017139120.0,3622.0,109,3621.0,119
rb1805,20171016,20171013,210846000,3621.0,55820,607218,2017356380.0,3622.0,110,3621.0,116
rb1805,20171016,20171013,210846500,3622.0,56042,607318,2025397220.0,3623.0,91,3622.0,4
rb1805,20171016,20171013,210847000,3621.0,56062,607330,2026121560.0,3623.0,87,3621.0,120
rb1805,20171016,20171013,210847500,3621.0,56082,607318,2026846080.0,3622.0,10,3621.0,118
rb1805,20171016,20171013,210848000,3623.0,56116,607328,2028077600.0,3623.0,76,3622.0,25
rb1805,20171016,20171013,210848500,3622.0,56126,607330,2028439800.0,3623.0,86,3622.0,20
rb1805,20171016,20171013,210849000,3622.0,56126,607330,2028439800.0,3623.0,86,3622.0,33
rb1805,20171016,20171013,210849500,3622.0,56128,607332,2028512240.0,3623.0,97,3622.0,23
rb1805,20171016,20171013,210850000,3623.0,56134,607334,2028729580.0,3623.0,96,3622.0,22
rb1805,20171016,20171013,210850500,3622.0,56168,607334,2029961060.0,3623.0,97,3622.0,5
rb1805,20171016,20171013,210851000,3623.0,56174,607336,2030178400.0,3623.0,98,3622.0,8
rb1805,20171016,20171013,210851500,3622.0,56210,607330,2031482620.0,3623.0,79,3622.0,20
rb1805,20171016,20171013,210852000,3623.0,56454,607424,2040322740.0,3624.0,138,3623.0,1
rb1805,20171016,20171013,210852500,3624.0,56872,607472,2055472260.0,3624.0,4,3623.0,11
rb1805,20171016,20171013,210853000,3624.0,56904,607476,2056632100.0,3625.0,47,3624.0,1
rb1805,20171016,20171013,210853500,3624.0,56924,607474,2057357040.0,3625.0,50,3624.0,4
rb1805,20171016,20171013,210854000,3625.0,57176,607648,2066490620.0,3625.0,1,3624.0,3
rb1805,20171016,20171013,210854500,3625.0,57220,607624,2068085620.0,3626.0,71,3625.0,48
rb1805,20171016,20171013,210855000,3624.0,57370,607644,2073522700.0,3625.0,30,3624.0,4
rb1805,20171016,20171013,210855500,3624.0,57416,607644,2075189940.0,3624.0,1,3623.0,32
rb1805,20171016,20171013,210856000,3624.0,57442,607640,2076132320.0,3625.0,20,3623.0,33
rb1805,20171016,20171013,210856500,3625.0,57450,607638,2076422280.0,3625.0,32,3624.0,10
rb1805,20171016,20171013,210857000,3624.0,57478,607620,2077436980.0,3624.0,15,3623.0,27
rb1805,20171016,20171013,210857500,3624.0,57488,607616,2077799340.0,3624.0,22,3623.0,18
rb1805,20171016,20171013,210858000,3624.0,57490,607616,2077871820.0,3624.0,25,3623.0,12
rb1805,20171016,20171013,210858500,3624.0,57506,607626,2078451560.0,3624.0,32,3623.0,14
rb1805,20171016,20171013,210859000,3624.0,57508,607628,2078524040.0,3624.0,37,3623.0,14
rb1805,20171016,20171013,210859500,3623.0,57520,607630,2078958840.0,3624.0,88,3623.0,16
rb1805,20171016,20171013,210900000,3623.0,57558,607628,2080335600.0,3624.0,87,3623.0,3
rb1805,20171016,20171013,210900500,3623.0,57616,607650,2082436980.0,3624.0,91,3623.0,14
rb1805,20171016,20171013,210901000,3623.0,57664,607666,2084176060.0,3623.0,5,3622.0,41
rb1805,20171016,20171013,210901500,3623.0,57676,607666,2084610820.0,3623.0,6,3622.0,39
rb1805,20171016,20171013,210902000,3623.0,57728,607656,2086494680.0,3623.0,14,3622.0,33
rb1805,20171016,20171013,210902500,3623.0,57742,607646,2087001860.0,3623.0,22,3622.0,37
rb1805,20171016,20171013,210903000,3622.0,57788,607656,2088668000.0,3623.0,51,3622.0,17
rb1805,20171016,20171013,210903500,3623.0,57794,607654,2088885360.0,3623.0,51,3622.0,23
rb1805,20171016,20171013,210904000,3622.0,57836,607632,2090406600.0,3623.0,51,3622.0,2
rb1805,20171016,20171013,210904500,3621.0,57976,607638,2095476660.0,3623.0,54,3621.0,49
rb1805,20171016,20171013,210905000,3622.0,58024,607658,2097215620.0,3622.0,1,3621.0,51
rb1805,20171016,20171013,210905500,3622.0,58036,607652,2097650280.0,3623.0,35,3621.0,51
rb1805,20171016,20171013,210906000,3622.0,58046,607656,2098012500.0,3623.0,46,3622.0,21
rb1805,20171016,20171013,210906500,3622.0,58092,607618,2099678640.0,3623.0,46,3622.0,3
rb1805,20171016,20171013,210907000,3622.0,58116,607618,2100548080.0,3623.0,40,3622.0,15
rb1805,20171016,20171013,210907500,3622.0,58130,607616,2101055180.0,3623.0,38,3622.0,52
rb1805,20171016,20171013,210908000,3622.0,58154,607624,2101924480.0,3623.0,37,3622.0,41
rb1805,20171016,20171013,210908500,3623.0,58164,607628,2102286740.0,3623.0,35,3622.0,39
rb1805,20171016,20171013,210909000,3622.0,58166,607628,2102359180.0,3623.0,37,3622.0,39
rb1805,20171016,20171013,210909500,3622.0,58170,607632,2102504060.0,3623.0,38,3622.0,38
rb1805,20171016,20171013,210910000,3622.0,58188,607634,2103156020.0,3623.0,42,3622.0,29
rb1805,20171016,20171013,210910500,3622.0,58202,607638,2103663100.0,3623.0,42,3622.0,23
rb1805,20171016,20171013,210911000,3622.0,58248,607658,2105329220.0,3622.0,32,3621.0,111
rb1805,20171016,20171013,210911500,3622.0,58248,607658,2105329220.0,3622.0,41,3621.0,107
rb1805,20171016,20171013,210912000,3622.0,58250,607660,2105401660.0,3622.0,59,3621.0,107
rb1805,20171016,20171013,210912500,3622.0,58250,607660,2105401660.0,3622.0,98,3621.0,118
rb1805,20171016,20171013,210913000,3622.0,58252,607662,2105474100.0,3622.0,98,3621.0,119
rb1805,20171016,20171013,210913500,3621.0,58256,607664,2105618940.0,3622.0,101,3621.0,117
rb1805,20171016,20171013,210914000,3621.0,58258,607664,2105691360.0,3622.0,101,3621.0,119
rb1805,20171016,20171013,210914500,3621.0,58264,607666,2105908660.0,3622.0,71,3621.0,118
rb1805,20171016,20171013,210915000,3622.0,58408,607676,2111124340.0,3623.0,37,3622.0,85
rb1805,20171016,20171013,210915500,3624.0,58494,607702,2114240160.0,3623.0,1,3622.0,89
rb1805,20171016,20171013,210916000,3622.0,58564,607722,2116775600.0,3623.0,1,3622.0,49
rb1805,20171016,20171013,210916500,3623.0,58566,607724,2116848060.0,3623.0,5,3622.0,59
rb1805,20171016,20171013,210917000,3622.0,58582,607732,2117427680.0,3623.0,1,3622.0,57
rb1805,20171016,20171013,210917500,3622.0,58584,607732,2117500120.0,3623.0,1,3622.0,57
rb1805,20171016,20171013,210918000,3623.0,58596,607724,2117934880.0,3624.0,71,3623.0,18
rb1805,20171016,20171013,210918500,3623.0,58596,607724,2117934880.0,3624.0,72,3623.0,20
rb1805,20171016,20171013,210919000,3623.0,58598,607724,2118007340.0,3624.0,76,3623.0,19
rb1805,20171016,20171013,210919500,3624.0,58602,607726,2118152300.0,3624.0,71,3623.0,62
rb1805,20171016,20171013,210920000,3624.0,58716,607828,2122283620.0,3624.0,18,3623.0,60
rb1805,20171016,20171013,210920500,3624.0,58730,607816,2122790880.0,3624.0,21,3623.0,81
rb1805,20171016,20171013,210921000,3623.0,58732,607816,2122863340.0,3624.0,22,3623.0,80
rb1805,20171016,20171013,210921500,3624.0,58762,607832,2123950540.0,3624.0,7,3623.0,81
rb1805,20171016,20171013,210922000,3623.0,58766,607828,2124095460.0,3624.0,15,3623.0,80
rb1805,20171016,20171013,210922500,3624.0,58780,607816,2124602700.0,3624.0,30,3623.0,75
rb1805,20171016,20171013,210923000,3624.0,58782,607816,2124675180.0,3624.0,35,3623.0,75
rb1805,20171016,20171013,210923500,3624.0,58804,607810,2125472380.0,3624.0,30,3623.0,70
rb1805,20171016,20171013,210924000,3623.0,58810,607810,2125689760.0,3624.0,21,3623.0,69
rb1805,20171016,20171013,210924500,3623.0,58828,607812,2126341980.0,3624.0,13,3623.0,62
rb1805,20171016,20171013,210925000,3623.0,58828,607812,2126341980.0,3624.0,14,3623.0,27
rb1805,20171016,20171013,210925500,3624.0,58848,607826,2127066780.0,3625.0,73,3624.0,1
rb1805,20171016,20171013,210926000,3624.0,58852,607824,2127211740.0,3624.0,5,3623.0,33
rb1805,20171016,20171013,210926500,3624.0,58884,607838,2128371420.0,3625.0,79,3624.0,6
rb1805,20171016,20171013,210927000,3624.0,58904,607840,2129096280.0,3625.0,75,3624.0,3
rb1805,20171016,20171013,210927500,3625.0,58914,607838,2129458700.0,3625.0,76,3624.0,14
rb1805,20171016,20171013,210928000,3625.0,58924,607840,2129821120.0,3625.0,73,3624.0,19
rb1805,20171016,20171013,210928500,3625.0,58966,607856,2131343620.0,3625.0,51,3624.0,27
rb1805,20171016,20171013,210929000,3625.0,59054,607928,2134533380.0,3625.0,17,3624.0,41
rb1805,20171016,20171013,210929500,3625.0,59100,607952,2136200820.0,3626.0,82,3624.0,39
rb1805,20171016,20171013,210930000,3624.0,59166,607958,2138593940.0,3626.0,52,3624.0,35
