instrument,tradingday,calendarday,time,lastp,volume,openinterest,turnover,ask1,asksz1,bid1,bidsz1
rb1805,20171010,20171009,183330500,3539.0,0,488632,0.0,0.0,0,0.0,0
rb1805,20171010,20171009,205900500,3540.0,370,488874,13098000.0,3540.0,43,3539.0,2
rb1805,20171010,20171009,210000500,3538.0,502,488956,17767880.0,3538.0,14,3537.0,12
rb1805,20171010,20171009,210001000,3538.0,630,488994,22294960.0,3539.0,55,3538.0,17
rb1805,20171010,20171009,210001500,3539.0,660,489012,23356440.0,3539.0,37,3538.0,55
rb1805,20171010,20171009,210002000,3539.0,748,489034,26470840.0,3540.0,15,3539.0,65
rb1805,20171010,20171009,210002500,3540.0,796,489022,28170040.0,3541.0,10,3540.0,37
rb1805,20171010,20171009,210003000,3542.0,810,489030,28665760.0,3542.0,8,3541.0,3
rb1805,20171010,20171009,210003500,3542.0,932,489014,32984960.0,3543.0,4,3542.0,9
rb1805,20171010,20171009,210004000,3541.0,956,489022,33835020.0,3542.0,5,3540.0,28
rb1805,20171010,20171009,210004500,3539.0,1042,489082,36879900.0,3542.0,6,3541.0,2
rb1805,20171010,20171009,210005000,3542.0,1080,489114,38225400.0,3542.0,23,3540.0,1
rb1805,20171010,20171009,210005500,3537.0,1264,489034,44736260.0,3539.0,1,3536.0,7
rb1805,20171010,20171009,210006000,3536.0,1416,489046,50111560.0,3538.0,1,3537.0,2
rb1805,20171010,20171009,210006500,3538.0,1448,489044,51243460.0,3538.0,25,3537.0,13
rb1805,20171010,20171009,210007000,3538.0,1490,489028,52729100.0,3538.0,22,3537.0,4
rb1805,20171010,20171009,210007500,3537.0,1516,489030,53648620.0,3537.0,18,3535.0,35
rb1805,20171010,20171009,210008000,3537.0,1520,489034,53790100.0,3537.0,39,3536.0,5
rb1805,20171010,20171009,210008500,3537.0,1586,489042,56124420.0,3537.0,17,3536.0,1
rb1805,20171010,20171009,210009000,3536.0,1592,489040,56336560.0,3537.0,19,3535.0,34
rb1805,20171010,20171009,210009500,3535.0,1596,489042,56477980.0,3536.0,4,3535.0,43
rb1805,20171010,20171009,210010000,3535.0,1636,489034,57892040.0,3536.0,5,3535.0,20
rb1805,20171010,20171009,210010500,3536.0,1668,489032,59023540.0,3536.0,8,3535.0,16
rb1805,20171010,20171009,210011000,3536.0,1690,489034,59801340.0,3536.0,19,3535.0,10
rb1805,20171010,20171009,210011500,3536.0,1692,489034,59872060.0,3536.0,4,3535.0,17
rb1805,20171010,20171009,210012000,3536.0,1706,489036,60367100.0,3537.0,47,3536.0,4
rb1805,20171010,20171009,210012500,3535.0,1744,489044,61710560.0,3536.0,4,3535.0,11
rb1805,20171010,20171009,210013000,3536.0,1784,489062,63124920.0,3537.0,56,3535.0,7
rb1805,20171010,20171009,210013500,3535.0,1786,489064,63195620.0,3537.0,56,3536.0,4
rb1805,20171010,20171009,210014000,3536.0,1822,489098,64468400.0,3536.0,1,3535.0,8
rb1805,20171010,20171009,210014500,3536.0,1846,489100,65316980.0,3537.0,56,3536.0,3
rb1805,20171010,20171009,210015000,3535.0,1890,489112,66873000.0,3537.0,44,3535.0,8
rb1805,20171010,20171009,210015500,3535.0,1994,489136,70550420.0,3535.0,4,3534.0,14
rb1805,20171010,20171009,210016000,3535.0,2038,489158,72105900.0,3535.0,1,3534.0,20
rb1805,20171010,20171009,210016500,3535.0,2044,489162,72318020.0,3536.0,10,3535.0,1
rb1805,20171010,20171009,210017000,3535.0,2048,489162,72459420.0,3536.0,29,3535.0,2
rb1805,20171010,20171009,210017500,3536.0,2062,489164,72954360.0,3536.0,30,3534.0,20
rb1805,20171010,20171009,210018000,3535.0,2068,489166,73166440.0,3536.0,30,3535.0,2
rb1805,20171010,20171009,210018500,3535.0,2076,489162,73449240.0,3535.0,7,3534.0,22
rb1805,20171010,20171009,210019000,3535.0,2078,489162,73519940.0,3535.0,22,3534.0,17
rb1805,20171010,20171009,210019500,3535.0,2084,489164,73732040.0,3535.0,30,3534.0,18
rb1805,20171010,20171009,210020000,3535.0,2098,489172,74226940.0,3535.0,27,3534.0,20
rb1805,20171010,20171009,210020500,3534.0,2100,489174,74297620.0,3535.0,31,3534.0,21
rb1805,20171010,20171009,210021000,3533.0,2220,489164,78537800.0,3533.0,54,3532.0,6
rb1805,20171010,20171009,210021500,3533.0,2340,489102,82777420.0,3534.0,5,3533.0,10
rb1805,20171010,20171009,210022000,3534.0,2348,489104,83060140.0,3534.0,4,3533.0,21
rb1805,20171010,20171009,210022500,3533.0,2358,489114,83413520.0,3535.0,44,3533.0,20
rb1805,20171010,20171009,210023000,3535.0,2374,489128,83978840.0,3535.0,45,3533.0,5
rb1805,20171010,20171009,210023500,3533.0,2408,489158,85180060.0,3533.0,3,3532.0,27
rb1805,20171010,20171009,210024000,3534.0,2424,489154,85745360.0,3535.0,55,3533.0,5
rb1805,20171010,20171009,210024500,3533.0,2454,489152,86805260.0,3534.0,8,3532.0,32
rb1805,20171010,20171009,210025000,3533.0,2470,489152,87370500.0,3534.0,17,3533.0,3
rb1805,20171010,20171009,210025500,3532.0,2498,489142,88359520.0,3533.0,1,3532.0,30
rb1805,20171010,20171009,210026000,3533.0,2504,489142,88571460.0,3533.0,2,3532.0,30
rb1805,20171010,20171009,210026500,3532.0,2516,489144,88995320.0,3533.0,3,3532.0,25
rb1805,20171010,20171009,210027000,3532.0,2530,489152,89489860.0,3533.0,11,3532.0,37
rb1805,20171010,20171009,210027500,3533.0,2562,489162,90620260.0,3533.0,4,3532.0,30
rb1805,20171010,20171009,210028000,3533.0,2590,489178,91609300.0,3533.0,6,3532.0,22
rb1805,20171010,20171009,210028500,3532.0,2602,489180,92033160.0,3533.0,11,3532.0,17
rb1805,20171010,20171009,210029000,3532.0,2640,489184,93375320.0,3532.0,5,3531.0,24
rb1805,20171010,20171009,210029500,3531.0,2652,489190,93799140.0,3532.0,3,3531.0,23
rb1805,20171010,20171009,210030000,3532.0,2662,489192,94152280.0,3532.0,14,3531.0,27
rb1805,20171010,20171009,210030500,3531.0,2682,489184,94858480.0,3532.0,31,3531.0,11
rb1805,20171010,20171009,210031000,3532.0,2714,489180,95988480.0,3532.0,29,3531.0,1
rb1805,20171010,20171009,210031500,3532.0,2724,489182,96341660.0,3532.0,31,3530.0,41
rb1805,20171010,20171009,210032000,3531.0,2730,489182,96553480.0,3531.0,8,3530.0,39
rb1805,20171010,20171009,210032500,3531.0,2754,489188,97400920.0,3531.0,21,3530.0,41
rb1805,20171010,20171009,210033000,3531.0,2798,489188,98954180.0,3531.0,19,3530.0,24
rb1805,20171010,20171009,210033500,3530.0,2842,489222,100507400.0,3531.0,28,3530.0,9
rb1805,20171010,20171009,210034000,3530.0,2872,489218,101566320.0,3530.0,4,3529.0,27
rb1805,20171010,20171009,210034500,3531.0,2902,489230,102625340.0,3531.0,53,3530.0,1
rb1805,20171010,20171009,210035000,3530.0,2910,489230,102907720.0,3530.0,4,3529.0,33
rb1805,20171010,20171009,210035500,3530.0,2928,489234,103542980.0,3530.0,11,3529.0,30
rb1805,20171010,20171009,210036000,3530.0,2930,489236,103613580.0,3530.0,25,3529.0,28
rb1805,20171010,20171009,210036500,3529.0,2948,489252,104248820.0,3530.0,35,3529.0,14
rb1805,20171010,20171009,210037000,3529.0,2962,489256,104742940.0,3530.0,50,3529.0,10
rb1805,20171010,20171009,210037500,3529.0,2972,489264,105095860.0,3530.0,56,3529.0,6
rb1805,20171010,20171009,210038000,3529.0,2986,489266,105589920.0,3529.0,2,3528.0,23
rb1805,20171010,20171009,210038500,3529.0,2994,489268,105872240.0,3530.0,65,3529.0,8
rb1805,20171010,20171009,210039000,3530.0,2996,489270,105942840.0,3530.0,54,3529.0,17
rb1805,20171010,20171009,210039500,3529.0,3024,489270,106930960.0,3530.0,54,3529.0,8
rb1805,20171010,20171009,210040000,3530.0,3040,489276,107495760.0,3530.0,46,3529.0,21
rb1805,20171010,20171009,210040500,3529.0,3050,489274,107848660.0,3530.0,43,3529.0,38
rb1805,20171010,20171009,210041000,3530.0,3148,489264,111308060.0,3531.0,254,3530.0,52
rb1805,20171010,20171009,210041500,3530.0,3196,489260,113002580.0,3531.0,248,3530.0,41
rb1805,20171010,20171009,210042000,3530.0,3202,489258,113214380.0,3531.0,246,3530.0,42
rb1805,20171010,20171009,210042500,3529.0,3370,489232,119144140.0,3530.0,16,3529.0,26
rb1805,20171010,20171009,210043000,3530.0,3424,489274,121050480.0,3531.0,238,3530.0,134
rb1805,20171010,20171009,210043500,3530.0,3426,489276,121121080.0,3531.0,238,3530.0,136
rb1805,20171010,20171009,210044000,3530.0,3442,489290,121685880.0,3531.0,238,3530.0,130
rb1805,20171010,20171009,210044500,3531.0,3470,489298,122674540.0,3531.0,227,3530.0,129
rb1805,20171010,20171009,210045000,3530.0,3730,489296,131852540.0,3531.0,232,3530.0,3
rb1805,20171010,20171009,210045500,3530.0,3750,489308,132558540.0,3530.0,35,3529.0,36
rb1805,20171010,20171009,210046000,3530.0,3758,489314,132840940.0,3530.0,40,3529.0,39
rb1805,20171010,20171009,210046500,3530.0,3794,489350,134111520.0,3530.0,34,3529.0,29
rb1805,20171010,20171009,210047000,3530.0,3798,489352,134252720.0,3530.0,32,3529.0,30
rb1805,20171010,20171009,210047500,3529.0,3864,489402,136581900.0,3529.0,69,3528.0,72
rb1805,20171010,20171009,210048000,3529.0,4008,489486,141663660.0,3530.0,31,3529.0,1
rb1805,20171010,20171009,210048500,3529.0,4208,489410,148724280.0,3529.0,12,3528.0,74
rb1805,20171010,20171009,210049000,3529.0,4234,489414,149641820.0,3530.0,1,3529.0,2
rb1805,20171010,20171009,210049500,3529.0,4248,489422,150135960.0,3530.0,10,3529.0,5
rb1805,20171010,20171009,210050000,3529.0,4250,489424,150206540.0,3529.0,3,3528.0,128
rb1805,20171010,20171009,210050500,3530.0,4276,489432,151124280.0,3530.0,6,3529.0,5
rb1805,20171010,20171009,210051000,3529.0,4282,489434,151336020.0,3530.0,35,3529.0,14
rb1805,20171010,20171009,210051500,3529.0,4520,489308,159738920.0,3531.0,118,3529.0,15
rb1805,20171010,20171009,210052000,3529.0,4544,489324,160586020.0,3530.0,17,3529.0,16
rb1805,20171010,20171009,210052500,3530.0,4570,489338,161503800.0,3531.0,118,3529.0,28
rb1805,20171010,20171009,210053000,3529.0,4576,489332,161715540.0,3531.0,118,3530.0,2
rb1805,20171010,20171009,210053500,3529.0,4582,489336,161927320.0,3531.0,118,3529.0,28
rb1805,20171010,20171009,210054000,3529.0,4582,489336,161927320.0,3530.0,2,3529.0,33
rb1805,20171010,20171009,210054500,3529.0,4590,489342,162209680.0,3531.0,118,3529.0,33
rb1805,20171010,20171009,210055000,3529.0,4600,489352,162562580.0,3530.0,2,3529.0,54
rb1805,20171010,20171009,210055500,3529.0,4610,489358,162915520.0,3530.0,1,3529.0,52
rb1805,20171010,20171009,210056000,3530.0,4620,489358,163268520.0,3531.0,118,3529.0,54
rb1805,20171010,20171009,210056500,3530.0,4628,489356,163550900.0,3530.0,3,3529.0,79
rb1805,20171010,20171009,210057000,3529.0,4638,489362,163903820.0,3530.0,22,3529.0,75
rb1805,20171010,20171009,210057500,3530.0,4644,489362,164115620.0,3530.0,27,3529.0,77
rb1805,20171010,20171009,210058000,3529.0,4652,489364,164397980.0,3530.0,25,3529.0,78
rb1805,20171010,20171009,210058500,3530.0,4664,489364,164821580.0,3530.0,19,3529.0,79
rb1805,20171010,20171009,210059000,3530.0,4682,489358,165456940.0,3530.0,14,3529.0,77
rb1805,20171010,20171009,210059500,3529.0,4688,489356,165668720.0,3530.0,12,3529.0,77
rb1805,20171010,20171009,210100000,3529.0,4804,489412,169762480.0,3530.0,6,3529.0,27
rb1805,20171010,20171009,210100500,3530.0,4808,489408,169903680.0,3530.0,5,3529.0,27
rb1805,20171010,20171009,210101000,3530.0,4818,489414,170256680.0,3530.0,6,3529.0,32
rb1805,20171010,20171009,210101500,3529.0,4830,489426,170680200.0,3531.0,129,3530.0,1
rb1805,20171010,20171009,210102000,3530.0,4846,489432,171244920.0,3530.0,59,3529.0,26
rb1805,20171010,20171009,210102500,3530.0,4852,489434,171456700.0,3530.0,62,3529.0,30
rb1805,20171010,20171009,210103000,3529.0,4928,489490,174138900.0,3529.0,20,3528.0,188
rb1805,20171010,20171009,210103500,3529.0,4930,489492,174209480.0,3529.0,20,3528.0,188
rb1805,20171010,20171009,210104000,3529.0,4972,489534,175691640.0,3530.0,57,3529.0,4
rb1805,20171010,20171009,210104500,3530.0,4978,489540,175903420.0,3530.0,57,3529.0,5
rb1805,20171010,20171009,210105000,3530.0,5086,489510,179714040.0,3529.0,1,3528.0,80
rb1805,20171010,20171009,210105500,3529.0,5092,489512,179925780.0,3529.0,2,3528.0,81
rb1805,20171010,20171009,210106000,3529.0,5096,489514,180066940.0,3529.0,6,3528.0,81
rb1805,20171010,20171009,210106500,3530.0,5118,489536,180843520.0,3530.0,38,3529.0,6
rb1805,20171010,20171009,210107000,3529.0,5156,489550,182184520.0,3529.0,12,3528.0,82
rb1805,20171010,20171009,210107500,3529.0,5172,489558,182749160.0,3529.0,8,3528.0,83
rb1805,20171010,20171009,210108000,3529.0,5178,489558,182960880.0,3529.0,20,3528.0,155
rb1805,20171010,20171009,210108500,3529.0,5200,489568,183737260.0,3529.0,15,3528.0,162
rb1805,20171010,20171009,210109000,3528.0,5214,489580,184231240.0,3529.0,12,3528.0,160
rb1805,20171010,20171009,210109500,3528.0,5250,489582,185501480.0,3530.0,42,3529.0,2
rb1805,20171010,20171009,210110000,3529.0,5576,489704,197002860.0,3529.0,54,3528.0,1
rb1805,20171010,20171009,210110500,3529.0,5594,489702,197637940.0,3529.0,63,3528.0,3
rb1805,20171010,20171009,210111000,3527.0,5604,489704,197990720.0,3528.0,6,3527.0,21
rb1805,20171010,20171009,210111500,3528.0,5644,489716,199401860.0,3528.0,40,3527.0,22
rb1805,20171010,20171009,210112000,3527.0,5754,489706,203282500.0,3529.0,55,3527.0,19
rb1805,20171010,20171009,210112500,3529.0,5990,489656,211612060.0,3530.0,13,3529.0,31
rb1805,20171010,20171009,210113000,3530.0,6034,489698,213165260.0,3531.0,133,3530.0,7
rb1805,20171010,20171009,210113500,3529.0,6082,489704,214859520.0,3531.0,134,3529.0,95
rb1805,20171010,20171009,210114000,3529.0,6084,489704,214930100.0,3531.0,133,3530.0,18
rb1805,20171010,20171009,210114500,3531.0,6090,489704,215141940.0,3531.0,131,3530.0,17
rb1805,20171010,20171009,210115000,3530.0,6092,489704,215212540.0,3531.0,132,3530.0,32
rb1805,20171010,20171009,210115500,3530.0,6098,489710,215424340.0,3531.0,133,3530.0,31
rb1805,20171010,20171009,210116000,3530.0,6106,489710,215706780.0,3531.0,130,3530.0,31
rb1805,20171010,20171009,210116500,3530.0,6118,489718,216130400.0,3531.0,130,3530.0,26
rb1805,20171010,20171009,210117000,3531.0,6128,489718,216483500.0,3531.0,125,3530.0,26
rb1805,20171010,20171009,210117500,3530.0,6180,489746,218319100.0,3530.0,32,3529.0,105
rb1805,20171010,20171009,210118000,3530.0,6184,489750,218460300.0,3530.0,35,3529.0,106
rb1805,20171010,20171009,210118500,3530.0,6190,489754,218672100.0,3530.0,41,3529.0,106
rb1805,20171010,20171009,210119000,3529.0,6212,489776,219448680.0,3530.0,31,3529.0,69
rb1805,20171010,20171009,210119500,3530.0,6230,489794,220084080.0,3530.0,22,3529.0,69
rb1805,20171010,20171009,210120000,3530.0,6246,489802,220648860.0,3530.0,16,3529.0,45
rb1805,20171010,20171009,210120500,3530.0,6248,489800,220719460.0,3530.0,19,3529.0,45
rb1805,20171010,20171009,210121000,3529.0,6256,489804,221001820.0,3530.0,25,3529.0,43
rb1805,20171010,20171009,210121500,3530.0,6270,489818,221496020.0,3530.0,24,3529.0,53
rb1805,20171010,20171009,210122000,3530.0,6272,489820,221566620.0,3530.0,24,3529.0,75
rb1805,20171010,20171009,210122500,3529.0,6276,489824,221707800.0,3530.0,30,3529.0,74
rb1805,20171010,20171009,210123000,3530.0,6282,489830,221919600.0,3530.0,29,3529.0,75
rb1805,20171010,20171009,210123500,3530.0,6344,489818,224108200.0,3531.0,130,3530.0,21
rb1805,20171010,20171009,210124000,3530.0,6350,489812,224320000.0,3531.0,127,3530.0,19
rb1805,20171010,20171009,210124500,3530.0,6358,489812,224602400.0,3531.0,126,3530.0,15
rb1805,20171010,20171009,210125000,3530.0,6366,489812,224884800.0,3531.0,128,3530.0,11
rb1805,20171010,20171009,210125500,3530.0,6412,489822,226508600.0,3530.0,78,3529.0,78
rb1805,20171010,20171009,210126000,3530.0,6416,489826,226649800.0,3530.0,76,3529.0,78
rb1805,20171010,20171009,210126500,3530.0,6434,489844,227285200.0,3530.0,67,3529.0,79
rb1805,20171010,20171009,210127000,3530.0,6568,489978,232015400.0,3530.0,5,3529.0,79
rb1805,20171010,20171009,210127500,3530.0,6580,489980,232439000.0,3531.0,142,3530.0,10
rb1805,20171010,20171009,210128000,3530.0,6604,490000,233286200.0,3530.0,1,3529.0,80
rb1805,20171010,20171009,210128500,3530.0,6606,490002,233356800.0,3531.0,140,3530.0,1
rb1805,20171010,20171009,210129000,3530.0,6614,490002,233639200.0,3530.0,1,3529.0,83
rb1805,20171010,20171009,210129500,3529.0,6640,489992,234556940.0,3531.0,139,3530.0,2
rb1805,20171010,20171009,210130000,3530.0,6648,489994,234839340.0,3530.0,26,3529.0,83
rb1805,20171010,20171009,210130500,3529.0,6658,490004,235192240.0,3530.0,10,3529.0,78
rb1805,20171010,20171009,210131000,3530.0,6660,490004,235262840.0,3530.0,9,3529.0,83
rb1805,20171010,20171009,210131500,3531.0,6662,490004,235333460.0,3531.0,139,3530.0,2
rb1805,20171010,20171009,210132000,3530.0,6672,490010,235686440.0,3530.0,57,3529.0,88
rb1805,20171010,20171009,210132500,3530.0,6672,490010,235686440.0,3530.0,39,3529.0,89
rb1805,20171010,20171009,210133000,3530.0,6718,490018,237309980.0,3530.0,37,3529.0,78
rb1805,20171010,20171009,210133500,3530.0,6718,490018,237309980.0,3530.0,38,3529.0,78
rb1805,20171010,20171009,210134000,3529.0,6740,490016,238086480.0,3530.0,32,3529.0,73
rb1805,20171010,20171009,210134500,3530.0,6756,490014,238651280.0,3530.0,27,3529.0,72
rb1805,20171010,20171009,210135000,3530.0,6778,490030,239427880.0,3530.0,16,3529.0,72
rb1805,20171010,20171009,210135500,3530.0,6782,490034,239569080.0,3530.0,34,3529.0,72
rb1805,20171010,20171009,210136000,3530.0,6930,490082,244792040.0,3530.0,33,3529.0,2
rb1805,20171010,20171009,210136500,3529.0,6942,490094,245215520.0,3529.0,10,3528.0,47
rb1805,20171010,20171009,210137000,3529.0,6950,490094,245497840.0,3529.0,5,3528.0,45
rb1805,20171010,20171009,210137500,3528.0,6952,490094,245568400.0,3529.0,11,3528.0,44
rb1805,20171010,20171009,210138000,3528.0,6952,490094,245568400.0,3529.0,11,3528.0,45
rb1805,20171010,20171009,210138500,3529.0,6990,490090,246909420.0,3530.0,29,3529.0,11
rb1805,20171010,20171009,210139000,3528.0,7026,490126,248179720.0,3530.0,31,3528.0,39
rb1805,20171010,20171009,210139500,3530.0,7030,490128,248320900.0,3530.0,26,3529.0,2
rb1805,20171010,20171009,210140000,3529.0,7038,490130,248603220.0,3530.0,37,3528.0,48
rb1805,20171010,20171009,210140500,3529.0,7046,490122,248885540.0,3530.0,39,3529.0,3
rb1805,20171010,20171009,210141000,3529.0,7056,490122,249238420.0,3529.0,2,3528.0,48
rb1805,20171010,20171009,210141500,3529.0,7076,490136,249944060.0,3530.0,32,3528.0,36
rb1805,20171010,20171009,210142000,3529.0,7122,490172,251567820.0,3529.0,8,3528.0,36
rb1805,20171010,20171009,210142500,3529.0,7130,490172,251850140.0,3529.0,5,3528.0,36
rb1805,20171010,20171009,210143000,3529.0,7136,490170,252061860.0,3529.0,3,3528.0,36
rb1805,20171010,20171009,210143500,3529.0,7148,490180,252485240.0,3529.0,3,3528.0,43
rb1805,20171010,20171009,210144000,3529.0,7180,490192,253614520.0,3530.0,38,3529.0,4
rb1805,20171010,20171009,210144500,3529.0,7186,490198,253826260.0,3529.0,47,3528.0,48
rb1805,20171010,20171009,210145000,3529.0,7244,490222,255873000.0,3529.0,27,3528.0,46
rb1805,20171010,20171009,210145500,3529.0,7246,490224,255943580.0,3529.0,27,3528.0,40
rb1805,20171010,20171009,210146000,3529.0,7262,490240,256508220.0,3529.0,21,3528.0,40
rb1805,20171010,20171009,210146500,3528.0,7338,490290,259189500.0,3529.0,27,3528.0,3
rb1805,20171010,20171009,210147000,3528.0,7344,490296,259401180.0,3528.0,22,3527.0,39
rb1805,20171010,20171009,210147500,3528.0,7420,490328,262081800.0,3528.0,26,3527.0,6
rb1805,20171010,20171009,210148000,3527.0,7436,490316,262646120.0,3527.0,1,3526.0,25
rb1805,20171010,20171009,210148500,3527.0,7444,490320,262928240.0,3527.0,4,3526.0,32
rb1805,20171010,20171009,210149000,3526.0,7452,490318,263210340.0,3527.0,104,3526.0,29
rb1805,20171010,20171009,210149500,3527.0,7480,490340,264197880.0,3527.0,92,3526.0,23
rb1805,20171010,20171009,210150000,3526.0,7522,490362,265678800.0,3527.0,92,3526.0,2
rb1805,20171010,20171009,210150500,3526.0,7530,490368,265960900.0,3527.0,88,3526.0,7
rb1805,20171010,20171009,210151000,3527.0,7544,490358,266454560.0,3527.0,88,3526.0,2
rb1805,20171010,20171009,210151500,3527.0,7552,490364,266736700.0,3527.0,85,3526.0,13
rb1805,20171010,20171009,210152000,3526.0,7560,490372,267018780.0,3527.0,90,3526.0,9
rb1805,20171010,20171009,210152500,3526.0,7580,490380,267723980.0,3527.0,90,3526.0,6
rb1805,20171010,20171009,210153000,3526.0,7584,490380,267865020.0,3527.0,90,3526.0,15
rb1805,20171010,20171009,210153500,3526.0,7616,490380,268993340.0,3526.0,39,3525.0,95
rb1805,20171010,20171009,210154000,3526.0,7624,490378,269275400.0,3526.0,33,3525.0,94
rb1805,20171010,20171009,210154500,3526.0,7726,490382,272871980.0,3527.0,88,3526.0,80
rb1805,20171010,20171009,210155000,3527.0,7730,490384,273013060.0,3527.0,88,3526.0,51
rb1805,20171010,20171009,210155500,3526.0,7842,490398,276962180.0,3526.0,11,3525.0,100
rb1805,20171010,20171009,210156000,3526.0,7956,490482,280980740.0,3527.0,89,3525.0,43
rb1805,20171010,20171009,210156500,3526.0,7962,490488,281192280.0,3527.0,89,3526.0,1
rb1805,20171010,20171009,210157000,3527.0,7972,490496,281544940.0,3527.0,81,3526.0,11
rb1805,20171010,20171009,210157500,3527.0,7972,490496,281544940.0,3527.0,81,3526.0,12
rb1805,20171010,20171009,210158000,3527.0,7984,490504,281968100.0,3527.0,80,3526.0,13
rb1805,20171010,20171009,210158500,3526.0,8010,490500,282884860.0,3526.0,7,3525.0,49
rb1805,20171010,20171009,210159000,3526.0,8118,490464,286692300.0,3526.0,6,3525.0,19
rb1805,20171010,20171009,210159500,3525.0,8158,490448,288102320.0,3525.0,21,3524.0,105
rb1805,20171010,20171009,210200000,3525.0,8246,490428,291204480.0,3526.0,19,3525.0,14
rb1805,20171010,20171009,210200500,3525.0,8290,490430,292755480.0,3525.0,34,3524.0,107
rb1805,20171010,20171009,210201000,3525.0,8290,490430,292755480.0,3525.0,43,3524.0,71
rb1805,20171010,20171009,210201500,3525.0,8306,490446,293319480.0,3525.0,35,3524.0,71
rb1805,20171010,20171009,210202000,3524.0,8440,490480,298041720.0,3525.0,34,3524.0,8
rb1805,20171010,20171009,210202500,3526.0,8582,490478,303046900.0,3526.0,107,3523.0,60
rb1805,20171010,20171009,210203000,3523.0,8646,490442,305301840.0,3524.0,9,3523.0,52
rb1805,20171010,20171009,210203500,3524.0,8704,490418,307345700.0,3525.0,7,3524.0,2
rb1805,20171010,20171009,210204000,3525.0,8720,490416,307909520.0,3525.0,13,3523.0,33
rb1805,20171010,20171009,210204500,3523.0,8790,490388,310375640.0,3523.0,4,3522.0,31
rb1805,20171010,20171009,210205000,3523.0,8872,490384,313264460.0,3523.0,22,3522.0,15
rb1805,20171010,20171009,210205500,3522.0,8910,490372,314602840.0,3522.0,22,3521.0,40
rb1805,20171010,20171009,210206000,3522.0,9104,490322,321434340.0,3522.0,2,3520.0,66
rb1805,20171010,20171009,210206500,3523.0,9174,490326,323899600.0,3523.0,32,3521.0,82
rb1805,20171010,20171009,210207000,3521.0,9184,490328,324251720.0,3522.0,4,3521.0,87
rb1805,20171010,20171009,210207500,3521.0,9232,490316,325941900.0,3523.0,31,3521.0,84
rb1805,20171010,20171009,210208000,3523.0,9264,490308,327068940.0,3523.0,23,3521.0,82
rb1805,20171010,20171009,210208500,3523.0,9296,490302,328195920.0,3523.0,17,3522.0,5
rb1805,20171010,20171009,210209000,3522.0,9404,490318,331998760.0,3523.0,18,3521.0,30
rb1805,20171010,20171009,210209500,3523.0,9422,490320,332632620.0,3523.0,33,3521.0,20
rb1805,20171010,20171009,210210000,3523.0,9436,490318,333125800.0,3523.0,25,3521.0,34
rb1805,20171010,20171009,210210500,3521.0,9510,490290,335731400.0,3521.0,5,3520.0,138
rb1805,20171010,20171009,210211000,3522.0,9652,490214,340731440.0,3523.0,39,3521.0,5
rb1805,20171010,20171009,210211500,3523.0,9660,490214,341013240.0,3523.0,19,3521.0,24
rb1805,20171010,20171009,210212000,3523.0,9670,490220,341365480.0,3523.0,20,3521.0,20
rb1805,20171010,20171009,210212500,3521.0,9730,490234,343478000.0,3522.0,1,3520.0,138
rb1805,20171010,20171009,210213000,3521.0,9742,490242,343900480.0,3521.0,1,3520.0,135
rb1805,20171010,20171009,210213500,3521.0,9762,490256,344604660.0,3521.0,9,3520.0,139
rb1805,20171010,20171009,210214000,3522.0,9790,490282,345590520.0,3522.0,8,3521.0,11
rb1805,20171010,20171009,210214500,3522.0,9804,490292,346083480.0,3522.0,16,3521.0,19
rb1805,20171010,20171009,210215000,3521.0,9830,490298,346999060.0,3522.0,17,3521.0,16
rb1805,20171010,20171009,210215500,3521.0,9852,490298,347773800.0,3522.0,11,3521.0,14
rb1805,20171010,20171009,210216000,3521.0,9880,490316,348759680.0,3522.0,11,3521.0,7
rb1805,20171010,20171009,210216500,3521.0,9902,490308,349534320.0,3522.0,23,3521.0,22
rb1805,20171010,20171009,210217000,3521.0,9904,490310,349604740.0,3522.0,25,3521.0,24
rb1805,20171010,20171009,210217500,3521.0,9932,490334,350590840.0,3522.0,14,3521.0,47
rb1805,20171010,20171009,210218000,3521.0,9962,490360,351647160.0,3522.0,13,3521.0,34
rb1805,20171010,20171009,210218500,3522.0,9994,490350,352774160.0,3523.0,9,3522.0,26
rb1805,20171010,20171009,210219000,3522.0,10012,490340,353408140.0,3523.0,13,3522.0,27
rb1805,20171010,20171009,210219500,3522.0,10044,490326,354535180.0,3523.0,23,3522.0,11
rb1805,20171010,20171009,210220000,3522.0,10068,490334,355380460.0,3522.0,38,3521.0,48
rb1805,20171010,20171009,210220500,3522.0,10096,490344,356366580.0,3523.0,36,3522.0,3
rb1805,20171010,20171009,210221000,3523.0,10098,490342,356437040.0,3523.0,35,3522.0,5
rb1805,20171010,20171009,210221500,3521.0,10110,490348,356859660.0,3522.0,11,3521.0,95
rb1805,20171010,20171009,210222000,3521.0,10132,490358,357634380.0,3522.0,6,3521.0,80
rb1805,20171010,20171009,210222500,3522.0,10140,490358,357916080.0,3522.0,5,3521.0,77
rb1805,20171010,20171009,210223000,3521.0,10154,490364,358409060.0,3522.0,17,3521.0,74
rb1805,20171010,20171009,210223500,3521.0,10156,490366,358479480.0,3522.0,26,3521.0,75
rb1805,20171010,20171009,210224000,3521.0,10178,490374,359254100.0,3522.0,37,3521.0,66
rb1805,20171010,20171009,210224500,3521.0,10314,490342,364042660.0,3521.0,19,3520.0,193
rb1805,20171010,20171009,210225000,3521.0,10322,490350,364324340.0,3521.0,23,3520.0,193
rb1805,20171010,20171009,210225500,3520.0,10360,490382,365662000.0,3521.0,27,3520.0,177
rb1805,20171010,20171009,210226000,3521.0,10506,490352,370801480.0,3521.0,20,3520.0,123
rb1805,20171010,20171009,210226500,3521.0,10782,490568,380516760.0,3521.0,13,3520.0,1
rb1805,20171010,20171009,210227000,3519.0,10860,490616,383261720.0,3520.0,2,3519.0,12
rb1805,20171010,20171009,210227500,3520.0,10896,490608,384528840.0,3520.0,9,3519.0,9
rb1805,20171010,20171009,210228000,3519.0,10918,490616,385303160.0,3520.0,8,3519.0,11
rb1805,20171010,20171009,210228500,3519.0,10922,490614,385443920.0,3520.0,10,3519.0,9
rb1805,20171010,20171009,210229000,3519.0,10930,490618,385725460.0,3520.0,11,3519.0,10
rb1805,20171010,20171009,210229500,3519.0,10958,490610,386710860.0,3519.0,5,3518.0,99
rb1805,20171010,20171009,210230000,3519.0,10998,490602,388118480.0,3520.0,16,3519.0,33
rb1805,20171010,20171009,210230500,3520.0,11160,490650,393818540.0,3520.0,26,3518.0,57
rb1805,20171010,20171009,210231000,3518.0,11168,490654,394100060.0,3519.0,2,3518.0,57
rb1805,20171010,20171009,210231500,3519.0,11188,490652,394803880.0,3520.0,24,3519.0,6
rb1805,20171010,20171009,210232000,3520.0,11210,490660,395578140.0,3520.0,20,3519.0,9
rb1805,20171010,20171009,210232500,3519.0,11220,490668,395930100.0,3520.0,67,3519.0,8
rb1805,20171010,20171009,210233000,3519.0,11236,490670,396493160.0,3520.0,67,3518.0,67
rb1805,20171010,20171009,210233500,3518.0,11252,490674,397056140.0,3520.0,67,3519.0,3
rb1805,20171010,20171009,210234000,3518.0,11262,490682,397408020.0,3519.0,23,3518.0,81
rb1805,20171010,20171009,210234500,3519.0,11290,490680,398393200.0,3519.0,13,3518.0,125
rb1805,20171010,20171009,210235000,3520.0,11318,490698,399378540.0,3520.0,69,3519.0,4
rb1805,20171010,20171009,210235500,3519.0,11328,490700,399730460.0,3520.0,69,3519.0,1
rb1805,20171010,20171009,210236000,3519.0,11334,490698,399941600.0,3520.0,69,3519.0,10
rb1805,20171010,20171009,210236500,3518.0,11390,490674,401912160.0,3519.0,28,3518.0,134
rb1805,20171010,20171009,210237000,3519.0,11684,490890,412255120.0,3519.0,41,3518.0,9
rb1805,20171010,20171009,210237500,3517.0,11716,490906,413380840.0,3518.0,38,3517.0,38
rb1805,20171010,20171009,210238000,3517.0,11778,490932,415561400.0,3518.0,25,3517.0,19
rb1805,20171010,20171009,210238500,3517.0,11826,490930,417249500.0,3517.0,5,3516.0,12
rb1805,20171010,20171009,210239000,3515.0,12040,491096,424773920.0,3517.0,31,3515.0,1
rb1805,20171010,20171009,210239500,3515.0,12328,491096,434892520.0,3515.0,13,3513.0,1
rb1805,20171010,20171009,210240000,3512.0,12442,491174,438896340.0,3513.0,16,3512.0,56
rb1805,20171010,20171009,210240500,3512.0,12638,491184,445780140.0,3512.0,12,3511.0,141
rb1805,20171010,20171009,210241000,3511.0,12812,491190,451891200.0,3513.0,106,3511.0,110
rb1805,20171010,20171009,210241500,3511.0,13268,491380,467900440.0,3511.0,58,3510.0,35
rb1805,20171010,20171009,210242000,3509.0,13626,491440,480462360.0,3509.0,18,3506.0,53
rb1805,20171010,20171009,210242500,3504.0,14170,491264,499538400.0,3504.0,4,3502.0,50
rb1805,20171010,20171009,210243000,3503.0,15486,490832,545657460.0,3505.0,267,3504.0,10
rb1805,20171010,20171009,210243500,3504.0,16390,491136,577339320.0,3504.0,9,3503.0,20
rb1805,20171010,20171009,210244000,3504.0,16630,491060,585750080.0,3505.0,35,3504.0,17
rb1805,20171010,20171009,210244500,3506.0,17026,491072,599629580.0,3506.0,36,3505.0,8
rb1805,20171010,20171009,210245000,3507.0,17146,491124,603836900.0,3508.0,74,3506.0,17
rb1805,20171010,20171009,210245500,3506.0,17224,491146,606572500.0,3508.0,11,3507.0,2
rb1805,20171010,20171009,210246000,3509.0,17316,491194,609799340.0,3509.0,15,3508.0,15
rb1805,20171010,20171009,210246500,3510.0,17370,491196,611694140.0,3510.0,10,3509.0,10
rb1805,20171010,20171009,210247000,3508.0,17558,491106,618289140.0,3508.0,103,3506.0,83
rb1805,20171010,20171009,210247500,3506.0,17620,491154,620463860.0,3508.0,87,3506.0,77
rb1805,20171010,20171009,210248000,3508.0,17698,491164,623199180.0,3508.0,103,3506.0,62
rb1805,20171010,20171009,210248500,3508.0,17846,491298,628390700.0,3508.0,41,3506.0,74
rb1805,20171010,20171009,210249000,3508.0,17872,491300,629302740.0,3508.0,30,3506.0,69
rb1805,20171010,20171009,210249500,3508.0,17954,491300,632179300.0,3509.0,140,3508.0,1
rb1805,20171010,20171009,210250000,3508.0,17982,491300,633161500.0,3508.0,61,3506.0,81
rb1805,20171010,20171009,210250500,3508.0,18086,491282,636808980.0,3508.0,37,3506.0,59
rb1805,20171010,20171009,210251000,3508.0,18108,491278,637580460.0,3508.0,33,3506.0,63
rb1805,20171010,20171009,210251500,3508.0,18130,491278,638352060.0,3508.0,27,3507.0,7
rb1805,20171010,20171009,210252000,3507.0,18232,491210,641930160.0,3507.0,30,3506.0,60
rb1805,20171010,20171009,210252500,3507.0,18348,491202,645998180.0,3507.0,86,3506.0,63
rb1805,20171010,20171009,210253000,3506.0,18480,491300,650627320.0,3507.0,37,3506.0,58
rb1805,20171010,20171009,210253500,3506.0,18506,491304,651538920.0,3507.0,46,3506.0,58
rb1805,20171010,20171009,210254000,3506.0,18554,491346,653222040.0,3507.0,43,3506.0,57
rb1805,20171010,20171009,210254500,3507.0,18590,491366,654484320.0,3507.0,39,3506.0,47
rb1805,20171010,20171009,210255000,3507.0,18614,491378,655325860.0,3507.0,35,3506.0,47
rb1805,20171010,20171009,210255500,3507.0,18670,491406,657289500.0,3507.0,21,3506.0,35
rb1805,20171010,20171009,210256000,3507.0,18738,491414,659674280.0,3508.0,8,3507.0,17
rb1805,20171010,20171009,210256500,3508.0,18834,491458,663041000.0,3509.0,36,3508.0,17
rb1805,20171010,20171009,210257000,3508.0,18910,491458,665707000.0,3509.0,35,3507.0,26
rb1805,20171010,20171009,210257500,3509.0,18954,491462,667250520.0,3509.0,24,3507.0,37
rb1805,20171010,20171009,210258000,3507.0,18974,491462,667952000.0,3509.0,34,3507.0,37
rb1805,20171010,20171009,210258500,3509.0,19000,491464,668864260.0,3509.0,18,3507.0,37
rb1805,20171010,20171009,210259000,3509.0,19054,491504,670758760.0,3509.0,9,3507.0,34
rb1805,20171010,20171009,210259500,3509.0,19096,491534,672232380.0,3510.0,83,3509.0,30
rb1805,20171010,20171009,210300000,3509.0,19182,491602,675249860.0,3509.0,19,3507.0,44
rb1805,20171010,20171009,210300500,3509.0,19206,491624,676091920.0,3509.0,37,3507.0,34
rb1805,20171010,20171009,210301000,3509.0,19212,491630,676302420.0,3509.0,25,3508.0,21
rb1805,20171010,20171009,210301500,3507.0,19272,491628,678407180.0,3508.0,26,3507.0,34
rb1805,20171010,20171009,210302000,3509.0,19296,491640,679249180.0,3509.0,26,3507.0,36
rb1805,20171010,20171009,210302500,3509.0,19312,491646,679810540.0,3508.0,1,3507.0,36
rb1805,20171010,20171009,210303000,3509.0,19326,491638,680301760.0,3509.0,20,3508.0,7
rb1805,20171010,20171009,210303500,3508.0,19340,491636,680792960.0,3509.0,19,3508.0,15
rb1805,20171010,20171009,210304000,3508.0,19344,491640,680933280.0,3509.0,19,3508.0,29
rb1805,20171010,20171009,210304500,3508.0,19386,491662,682406880.0,3509.0,17,3508.0,22
rb1805,20171010,20171009,210305000,3508.0,19432,491654,684020580.0,3508.0,29,3507.0,38
rb1805,20171010,20171009,210305500,3509.0,19494,491630,686195580.0,3509.0,14,3508.0,1
rb1805,20171010,20171009,210306000,3508.0,19498,491632,686335920.0,3509.0,23,3508.0,8
rb1805,20171010,20171009,210306500,3508.0,19514,491634,686897260.0,3509.0,22,3508.0,3
rb1805,20171010,20171009,210307000,3508.0,19538,491640,687739200.0,3509.0,21,3508.0,1
rb1805,20171010,20171009,210307500,3509.0,19550,491638,688160260.0,3509.0,16,3508.0,1
rb1805,20171010,20171009,210308000,3509.0,19556,491636,688370780.0,3509.0,15,3508.0,10
rb1805,20171010,20171009,210308500,3509.0,19560,491634,688511140.0,3509.0,10,3508.0,22
rb1805,20171010,20171009,210309000,3508.0,19598,491626,689844240.0,3509.0,7,3508.0,7
rb1805,20171010,20171009,210309500,3509.0,19608,491630,690195120.0,3509.0,4,3508.0,8
rb1805,20171010,20171009,210310000,3509.0,19616,491632,690475800.0,3509.0,20,3508.0,7
rb1805,20171010,20171009,210310500,3509.0,19640,491630,691317960.0,3509.0,8,3508.0,15
rb1805,20171010,20171009,210311000,3508.0,19644,491628,691458280.0,3509.0,10,3508.0,15
rb1805,20171010,20171009,210311500,3508.0,19652,491630,691738920.0,3509.0,31,3508.0,11
rb1805,20171010,20171009,210312000,3509.0,19664,491628,692159920.0,3509.0,29,3508.0,58
rb1805,20171010,20171009,210312500,3508.0,19678,491630,692651160.0,3509.0,28,3508.0,67
rb1805,20171010,20171009,210313000,3509.0,19776,491604,696089880.0,3510.0,94,3509.0,2
rb1805,20171010,20171009,210313500,3508.0,19810,491616,697282720.0,3509.0,16,3508.0,53
rb1805,20171010,20171009,210314000,3509.0,19836,491620,698195020.0,3509.0,11,3508.0,57
rb1805,20171010,20171009,210314500,3509.0,19882,491656,699808800.0,3509.0,7,3508.0,44
rb1805,20171010,20171009,210315000,3509.0,19980,491652,703246680.0,3509.0,17,3507.0,61
rb1805,20171010,20171009,210315500,3509.0,19992,491662,703667640.0,3509.0,19,3508.0,2
rb1805,20171010,20171009,210316000,3509.0,20012,491670,704369260.0,3509.0,14,3508.0,5
rb1805,20171010,20171009,210316500,3509.0,20058,491674,705983420.0,3509.0,1,3508.0,10
rb1805,20171010,20171009,210317000,3509.0,20080,491674,706755340.0,3510.0,94,3509.0,4
rb1805,20171010,20171009,210317500,3508.0,20094,491668,707246580.0,3509.0,30,3508.0,17
rb1805,20171010,20171009,210318000,3508.0,20120,491658,708158900.0,3509.0,10,3508.0,13
rb1805,20171010,20171009,210318500,3509.0,20126,491660,708369420.0,3509.0,25,3508.0,23
rb1805,20171010,20171009,210319000,3508.0,20156,491640,709422100.0,3509.0,14,3508.0,31
rb1805,20171010,20171009,210319500,3508.0,20178,491642,710193880.0,3509.0,13,3508.0,29
rb1805,20171010,20171009,210320000,3509.0,20188,491638,710544780.0,3509.0,11,3508.0,35
rb1805,20171010,20171009,210320500,3509.0,20208,491648,711246480.0,3509.0,28,3508.0,25
rb1805,20171010,20171009,210321000,3508.0,20236,491666,712228860.0,3509.0,81,3508.0,20
rb1805,20171010,20171009,210321500,3508.0,20330,491674,715527160.0,3509.0,45,3508.0,19
rb1805,20171010,20171009,210322000,3509.0,20338,491680,715807860.0,3509.0,44,3508.0,20
rb1805,20171010,20171009,210322500,3508.0,20452,491778,719806960.0,3508.0,39,3507.0,58
rb1805,20171010,20171009,210323000,3507.0,20582,491880,724366060.0,3507.0,8,3506.0,92
rb1805,20171010,20171009,210323500,3508.0,20602,491876,725067500.0,3508.0,38,3507.0,1
rb1805,20171010,20171009,210324000,3508.0,20634,491876,726190000.0,3507.0,2,3506.0,88
rb1805,20171010,20171009,210324500,3506.0,20818,491932,732641140.0,3507.0,17,3506.0,3
rb1805,20171010,20171009,210325000,3506.0,20882,491902,734885440.0,3506.0,11,3505.0,223
rb1805,20171010,20171009,210325500,3505.0,20984,491910,738461680.0,3507.0,4,3505.0,225
rb1805,20171010,20171009,210326000,3505.0,21004,491924,739162720.0,3506.0,8,3505.0,223
rb1805,20171010,20171009,210326500,3505.0,21032,491946,740144160.0,3506.0,6,3505.0,207
rb1805,20171010,20171009,210327000,3506.0,21130,491990,743580060.0,3508.0,30,3506.0,4
rb1805,20171010,20171009,210327500,3507.0,21190,492044,745684580.0,3508.0,13,3507.0,24
rb1805,20171010,20171009,210328000,3506.0,21280,492014,748840720.0,3507.0,11,3505.0,183
rb1805,20171010,20171009,210328500,3505.0,21304,492020,749682020.0,3506.0,22,3505.0,186
rb1805,20171010,20171009,210329000,3505.0,21338,492014,750873800.0,3506.0,17,3505.0,180
rb1805,20171010,20171009,210329500,3506.0,21418,492016,753678400.0,3507.0,5,3506.0,5
rb1805,20171010,20171009,210330000,3506.0,21470,492030,755501380.0,3506.0,7,3505.0,152
rb1805,20171010,20171009,210330500,3505.0,21524,492058,757394120.0,3506.0,42,3505.0,128
rb1805,20171010,20171009,210331000,3506.0,21610,492086,760408740.0,3506.0,22,3505.0,105
rb1805,20171010,20171009,210331500,3506.0,21634,492104,761250000.0,3506.0,23,3505.0,97
rb1805,20171010,20171009,210332000,3505.0,21666,492118,762371680.0,3506.0,16,3505.0,86
rb1805,20171010,20171009,210332500,3506.0,21694,492124,763353260.0,3506.0,10,3505.0,81
rb1805,20171010,20171009,210333000,3505.0,21738,492146,764895660.0,3506.0,4,3505.0,69
rb1805,20171010,20171009,210333500,3505.0,21872,492182,769592780.0,3507.0,50,3505.0,24
rb1805,20171010,20171009,210334000,3505.0,21970,492218,773027680.0,3506.0,82,3504.0,57
rb1805,20171010,20171009,210334500,3505.0,22002,492210,774149220.0,3505.0,1,3504.0,58
rb1805,20171010,20171009,210335000,3506.0,22052,492256,775902000.0,3506.0,70,3504.0,54
rb1805,20171010,20171009,210335500,3503.0,22224,492394,781928360.0,3504.0,5,3503.0,100
rb1805,20171010,20171009,210336000,3503.0,22570,492648,794047400.0,3503.0,244,3501.0,108
rb1805,20171010,20171009,210336500,3501.0,22846,492712,803710180.0,3501.0,24,3500.0,336
rb1805,20171010,20171009,210337000,3500.0,23002,492666,809170820.0,3502.0,3,3500.0,283
rb1805,20171010,20171009,210337500,3500.0,23540,492510,828006240.0,3503.0,29,3501.0,2
rb1805,20171010,20171009,210338000,3500.0,23660,492574,832209240.0,3501.0,4,3500.0,194
rb1805,20171010,20171009,210338500,3501.0,23712,492574,834030020.0,3503.0,6,3501.0,47
rb1805,20171010,20171009,210339000,3502.0,23732,492574,834730440.0,3503.0,26,3501.0,35
rb1805,20171010,20171009,210339500,3503.0,23756,492576,835570760.0,3503.0,27,3501.0,33
rb1805,20171010,20171009,210340000,3501.0,23796,492596,836971600.0,3503.0,18,3501.0,106
rb1805,20171010,20171009,210340500,3501.0,23860,492576,839212460.0,3503.0,11,3501.0,89
rb1805,20171010,20171009,210341000,3502.0,23886,492580,840122840.0,3503.0,11,3502.0,21
rb1805,20171010,20171009,210341500,3501.0,24018,492624,844744660.0,3503.0,9,3501.0,59
rb1805,20171010,20171009,210342000,3503.0,24028,492626,845094820.0,3503.0,8,3501.0,55
rb1805,20171010,20171009,210342500,3503.0,24054,492624,846005440.0,3504.0,58,3501.0,59
rb1805,20171010,20171009,210343000,3501.0,24066,492618,846425580.0,3503.0,38,3501.0,57
rb1805,20171010,20171009,210343500,3501.0,24082,492628,846985920.0,3503.0,36,3501.0,61
rb1805,20171010,20171009,210344000,3501.0,24094,492628,847406080.0,3502.0,6,3501.0,63
rb1805,20171010,20171009,210344500,3501.0,24100,492626,847616180.0,3502.0,4,3501.0,69
rb1805,20171010,20171009,210345000,3502.0,24122,492628,848386700.0,3503.0,33,3502.0,2
rb1805,20171010,20171009,210345500,3503.0,24202,492676,851188340.0,3503.0,29,3501.0,67
rb1805,20171010,20171009,210346000,3503.0,24220,492692,851818880.0,3503.0,50,3502.0,7
rb1805,20171010,20171009,210346500,3502.0,24248,492700,852799340.0,3502.0,104,3501.0,114
rb1805,20171010,20171009,210347000,3502.0,24278,492674,853849940.0,3502.0,71,3501.0,117
rb1805,20171010,20171009,210347500,3502.0,24320,492666,855320720.0,3502.0,50,3501.0,113
rb1805,20171010,20171009,210348000,3502.0,24330,492664,855670880.0,3502.0,47,3501.0,114
rb1805,20171010,20171009,210348500,3502.0,24332,492666,855740920.0,3502.0,42,3501.0,123
rb1805,20171010,20171009,210349000,3502.0,24458,492712,860153440.0,3503.0,25,3502.0,46
rb1805,20171010,20171009,210349500,3503.0,24470,492718,860573740.0,3503.0,37,3502.0,51
rb1805,20171010,20171009,210350000,3502.0,24498,492722,861554320.0,3503.0,36,3502.0,48
rb1805,20171010,20171009,210350500,3502.0,24600,492748,865126400.0,3503.0,35,3502.0,8
rb1805,20171010,20171009,210351000,3502.0,24616,492754,865686780.0,3503.0,10,3502.0,13
rb1805,20171010,20171009,210351500,3502.0,24642,492752,866597500.0,3504.0,56,3502.0,13
rb1805,20171010,20171009,210352000,3502.0,24684,492784,868068320.0,3504.0,73,3502.0,3
rb1805,20171010,20171009,210352500,3504.0,24730,492794,869679860.0,3504.0,41,3503.0,3
rb1805,20171010,20171009,210353000,3502.0,24766,492794,870940640.0,3503.0,89,3502.0,1
rb1805,20171010,20171009,210353500,3502.0,24770,492794,871080740.0,3503.0,33,3502.0,19
rb1805,20171010,20171009,210354000,3503.0,24804,492816,872271460.0,3503.0,58,3502.0,9
rb1805,20171010,20171009,210354500,3503.0,24810,492816,872481640.0,3503.0,36,3502.0,10
rb1805,20171010,20171009,210355000,3503.0,24828,492828,873112040.0,3503.0,37,3502.0,13
rb1805,20171010,20171009,210355500,3502.0,24890,492856,875283280.0,3502.0,50,3501.0,140
rb1805,20171010,20171009,210356000,3502.0,24914,492876,876123760.0,3502.0,71,3501.0,138
rb1805,20171010,20171009,210356500,3501.0,24990,492872,878785060.0,3502.0,45,3501.0,128
rb1805,20171010,20171009,210357000,3501.0,25046,492858,880745720.0,3502.0,40,3501.0,107
rb1805,20171010,20171009,210357500,3503.0,25178,492894,885367980.0,3503.0,39,3502.0,1
rb1805,20171010,20171009,210358000,3502.0,25190,492902,885788260.0,3503.0,38,3502.0,5
rb1805,20171010,20171009,210358500,3502.0,25216,492916,886698660.0,3503.0,38,3502.0,2
rb1805,20171010,20171009,210359000,3501.0,25348,493032,891321280.0,3502.0,41,3501.0,82
rb1805,20171010,20171009,210359500,3502.0,25374,493036,892231580.0,3502.0,43,3501.0,68
rb1805,20171010,20171009,210400000,3502.0,25398,493044,893071880.0,3502.0,40,3501.0,71
rb1805,20171010,20171009,210400500,3501.0,25418,493052,893772140.0,3502.0,37,3501.0,69
rb1805,20171010,20171009,210401000,3502.0,25472,493096,895662840.0,3502.0,38,3501.0,50
rb1805,20171010,20171009,210401500,3502.0,25544,493150,898183960.0,3502.0,18,3501.0,35
rb1805,20171010,20171009,210402000,3502.0,25552,493152,898464060.0,3502.0,19,3501.0,45
rb1805,20171010,20171009,210402500,3502.0,25572,493160,899164400.0,3502.0,13,3501.0,83
rb1805,20171010,20171009,210403000,3502.0,25598,493182,900074920.0,3502.0,7,3501.0,84
rb1805,20171010,20171009,210403500,3501.0,25656,493200,902105640.0,3503.0,55,3502.0,1
rb1805,20171010,20171009,210404000,3502.0,25674,493200,902736000.0,3502.0,3,3501.0,65
rb1805,20171010,20171009,210404500,3502.0,25688,493194,903226320.0,3503.0,55,3502.0,1
rb1805,20171010,20171009,210405000,3501.0,25736,493236,904906840.0,3502.0,4,3501.0,43
rb1805,20171010,20171009,210405500,3502.0,25760,493240,905747260.0,3502.0,2,3501.0,38
rb1805,20171010,20171009,210406000,3501.0,25776,493244,906307460.0,3503.0,56,3502.0,3
rb1805,20171010,20171009,210406500,3503.0,25788,493252,906727660.0,3503.0,54,3502.0,1
rb1805,20171010,20171009,210407000,3501.0,25824,493274,907988160.0,3502.0,6,3501.0,28
rb1805,20171010,20171009,210407500,3502.0,25840,493274,908548480.0,3503.0,67,3502.0,4
rb1805,20171010,20171009,210408000,3501.0,25926,493308,911559520.0,3501.0,17,3500.0,236
rb1805,20171010,20171009,210408500,3501.0,25970,493334,913100060.0,3502.0,1,3501.0,57
rb1805,20171010,20171009,210409000,3502.0,26012,493376,914570640.0,3502.0,2,3501.0,23
rb1805,20171010,20171009,210409500,3502.0,26024,493376,914990900.0,3503.0,65,3502.0,3
rb1805,20171010,20171009,210410000,3502.0,26046,493382,915761340.0,3503.0,66,3501.0,60
rb1805,20171010,20171009,210410500,3501.0,26056,493390,916111460.0,3502.0,6,3501.0,47
rb1805,20171010,20171009,210411000,3502.0,26072,493392,916671760.0,3502.0,13,3501.0,43
rb1805,20171010,20171009,210411500,3502.0,26086,493398,917162020.0,3502.0,12,3501.0,42
rb1805,20171010,20171009,210412000,3502.0,26092,493400,917372140.0,3502.0,11,3501.0,42
rb1805,20171010,20171009,210412500,3502.0,26116,493412,918212400.0,3502.0,19,3501.0,33
rb1805,20171010,20171009,210413000,3502.0,26234,493448,922343840.0,3502.0,11,3501.0,1
rb1805,20171010,20171009,210413500,3501.0,26392,493550,927875420.0,3501.0,17,3500.0,241
rb1805,20171010,20171009,210414000,3501.0,26426,493564,929065760.0,3501.0,6,3500.0,242
rb1805,20171010,20171009,210414500,3501.0,26442,493574,929625920.0,3501.0,13,3500.0,242
rb1805,20171010,20171009,210415000,3501.0,26498,493576,931586100.0,3501.0,4,3500.0,224
rb1805,20171010,20171009,210415500,3502.0,26526,493566,932566220.0,3501.0,5,3500.0,216
rb1805,20171010,20171009,210416000,3500.0,26534,493566,932846260.0,3501.0,4,3500.0,214
rb1805,20171010,20171009,210416500,3502.0,26564,493576,933896540.0,3502.0,19,3501.0,2
rb1805,20171010,20171009,210417000,3501.0,26602,493582,935226720.0,3501.0,4,3500.0,206
rb1805,20171010,20171009,210417500,3500.0,26630,493592,936206960.0,3502.0,19,3500.0,208
rb1805,20171010,20171009,210418000,3502.0,26676,493600,937817400.0,3502.0,19,3501.0,19
rb1805,20171010,20171009,210418500,3500.0,26742,493570,940127860.0,3501.0,5,3500.0,190
rb1805,20171010,20171009,210419000,3500.0,26772,493584,941178100.0,3501.0,19,3500.0,189
rb1805,20171010,20171009,210419500,3500.0,26794,493600,941948140.0,3501.0,28,3500.0,183
rb1805,20171010,20171009,210420000,3500.0,26818,493604,942788160.0,3501.0,27,3500.0,174
rb1805,20171010,20171009,210420500,3500.0,26826,493610,943068200.0,3501.0,30,3500.0,172
rb1805,20171010,20171009,210421000,3501.0,26900,493608,945658940.0,3502.0,21,3501.0,26
rb1805,20171010,20171009,210421500,3501.0,26960,493646,947759560.0,3501.0,18,3500.0,172
rb1805,20171010,20171009,210422000,3501.0,27026,493640,950070260.0,3502.0,20,3501.0,5
rb1805,20171010,20171009,210422500,3501.0,27060,493654,951260540.0,3502.0,18,3500.0,189
rb1805,20171010,20171009,210423000,3500.0,27104,493658,952800780.0,3502.0,27,3501.0,1
rb1805,20171010,20171009,210423500,3500.0,27104,493658,952800780.0,3502.0,27,3501.0,1
rb1805,20171010,20171009,210424000,3501.0,27110,493664,953010820.0,3502.0,28,3500.0,180
rb1805,20171010,20171009,210424500,3500.0,27126,493678,953570840.0,3502.0,31,3500.0,181
rb1805,20171010,20171009,210425000,3502.0,27134,493686,953851000.0,3502.0,27,3501.0,3
rb1805,20171010,20171009,210425500,3501.0,27136,493688,953921020.0,3502.0,27,3501.0,3
rb1805,20171010,20171009,210426000,3500.0,27164,493686,954901240.0,3501.0,1,3500.0,179
rb1805,20171010,20171009,210426500,3500.0,27170,493688,955111260.0,3501.0,1,3500.0,178
rb1805,20171010,20171009,210427000,3501.0,27226,493688,957071820.0,3502.0,27,3501.0,20
rb1805,20171010,20171009,210427500,3501.0,27280,493688,958962360.0,3501.0,14,3500.0,192
rb1805,20171010,20171009,210428000,3501.0,27284,493690,959102400.0,3501.0,22,3500.0,202
rb1805,20171010,20171009,210428500,3501.0,27378,493774,962393120.0,3501.0,26,3500.0,193
rb1805,20171010,20171009,210429000,3501.0,27388,493784,962743220.0,3501.0,21,3500.0,191
rb1805,20171010,20171009,210429500,3501.0,27418,493804,963793480.0,3501.0,23,3500.0,188
rb1805,20171010,20171009,210430000,3500.0,27428,493814,964143480.0,3501.0,24,3500.0,183
rb1805,20171010,20171009,210430500,3501.0,27440,493820,964563600.0,3501.0,18,3500.0,188
rb1805,20171010,20171009,210431000,3501.0,27474,493830,965753860.0,3501.0,5,3500.0,186
rb1805,20171010,20171009,210431500,3501.0,27488,493822,966244000.0,3502.0,63,3501.0,20
rb1805,20171010,20171009,210432000,3501.0,27496,493822,966524080.0,3502.0,64,3501.0,20
rb1805,20171010,20171009,210432500,3501.0,27500,493820,966664120.0,3502.0,64,3501.0,31
rb1805,20171010,20171009,210433000,3501.0,27500,493820,966664120.0,3502.0,64,3501.0,38
rb1805,20171010,20171009,210433500,3502.0,27572,493878,969185120.0,3502.0,48,3501.0,30
rb1805,20171010,20171009,210434000,3502.0,27584,493890,969605280.0,3502.0,46,3501.0,33
rb1805,20171010,20171009,210434500,3501.0,27650,493894,971916520.0,3502.0,17,3501.0,35
rb1805,20171010,20171009,210435000,3502.0,27662,493902,972336700.0,3502.0,15,3501.0,44
rb1805,20171010,20171009,210435500,3502.0,27692,493930,973387300.0,3503.0,39,3502.0,6
rb1805,20171010,20171009,210436000,3502.0,27710,493928,974017640.0,3502.0,9,3501.0,110
rb1805,20171010,20171009,210436500,3502.0,27718,493922,974297760.0,3502.0,24,3501.0,116
rb1805,20171010,20171009,210437000,3502.0,27720,493920,974367800.0,3502.0,22,3501.0,113
rb1805,20171010,20171009,210437500,3502.0,27754,493918,975558460.0,3502.0,7,3501.0,111
rb1805,20171010,20171009,210438000,3502.0,27760,493922,975768560.0,3502.0,2,3501.0,109
rb1805,20171010,20171009,210438500,3501.0,27794,493902,976959140.0,3503.0,43,3502.0,2
rb1805,20171010,20171009,210439000,3501.0,27794,493902,976959140.0,3503.0,43,3502.0,7
rb1805,20171010,20171009,210439500,3502.0,27808,493900,977449420.0,3502.0,12,3501.0,98
rb1805,20171010,20171009,210440000,3502.0,27812,493904,977589500.0,3502.0,13,3501.0,100
rb1805,20171010,20171009,210440500,3502.0,27838,493926,978500020.0,3503.0,44,3502.0,6
rb1805,20171010,20171009,210441000,3501.0,27858,493942,979200340.0,3502.0,11,3501.0,107
rb1805,20171010,20171009,210441500,3502.0,27868,493942,979550500.0,3502.0,9,3501.0,105
rb1805,20171010,20171009,210442000,3502.0,27872,493940,979690580.0,3502.0,15,3501.0,106
rb1805,20171010,20171009,210442500,3501.0,27874,493942,979760600.0,3502.0,16,3501.0,106
rb1805,20171010,20171009,210443000,3502.0,27986,494024,983682020.0,3502.0,8,3501.0,63
rb1805,20171010,20171009,210443500,3501.0,28140,494062,989073560.0,3501.0,11,3500.0,270
rb1805,20171010,20171009,210444000,3502.0,28180,494072,990473860.0,3502.0,61,3501.0,3
rb1805,20171010,20171009,210444500,3501.0,28244,494100,992714520.0,3501.0,15,3500.0,269
rb1805,20171010,20171009,210445000,3501.0,28250,494102,992924580.0,3501.0,46,3500.0,272
rb1805,20171010,20171009,210445500,3501.0,28392,494070,997894800.0,3501.0,53,3500.0,207
rb1805,20171010,20171009,210446000,3500.0,28436,494114,999435020.0,3501.0,42,3500.0,196
rb1805,20171010,20171009,210446500,3500.0,28474,494114,1000765020.0,3501.0,58,3500.0,178
rb1805,20171010,20171009,210447000,3500.0,28512,494138,1002095060.0,3501.0,57,3500.0,170
rb1805,20171010,20171009,210447500,3501.0,28520,494142,1002375080.0,3501.0,56,3500.0,163
rb1805,20171010,20171009,210448000,3500.0,28560,494180,1003775440.0,3501.0,29,3500.0,164
rb1805,20171010,20171009,210448500,3501.0,28588,494190,1004755720.0,3501.0,15,3500.0,165
rb1805,20171010,20171009,210449000,3501.0,28652,494224,1006996320.0,3502.0,58,3500.0,165
rb1805,20171010,20171009,210449500,3500.0,28666,494226,1007486340.0,3501.0,4,3500.0,170
rb1805,20171010,20171009,210450000,3500.0,28666,494226,1007486340.0,3502.0,56,3501.0,1
rb1805,20171010,20171009,210450500,3501.0,28692,494206,1008396600.0,3501.0,19,3500.0,181
rb1805,20171010,20171009,210451000,3500.0,28694,494208,1008466600.0,3501.0,22,3500.0,181
rb1805,20171010,20171009,210451500,3500.0,28694,494208,1008466600.0,3501.0,18,3500.0,181
rb1805,20171010,20171009,210452000,3500.0,28712,494216,1009096720.0,3501.0,16,3500.0,178
rb1805,20171010,20171009,210452500,3501.0,28730,494210,1009726840.0,3501.0,20,3500.0,175
rb1805,20171010,20171009,210453000,3501.0,28746,494208,1010286940.0,3501.0,9,3500.0,172
rb1805,20171010,20171009,210453500,3500.0,28762,494218,1010846980.0,3501.0,20,3500.0,179
rb1805,20171010,20171009,210454000,3501.0,28776,494222,1011337100.0,3501.0,14,3500.0,178
rb1805,20171010,20171009,210454500,3500.0,28788,494234,1011757100.0,3501.0,24,3500.0,174
rb1805,20171010,20171009,210455000,3501.0,28864,494246,1014417600.0,3501.0,4,3500.0,161
rb1805,20171010,20171009,210455500,3501.0,28882,494252,1015047700.0,3502.0,92,3501.0,5
rb1805,20171010,20171009,210456000,3501.0,28918,494248,1016308060.0,3501.0,48,3500.0,216
rb1805,20171010,20171009,210456500,3501.0,28926,494250,1016588140.0,3501.0,86,3500.0,215
rb1805,20171010,20171009,210457000,3500.0,28944,494256,1017218240.0,3501.0,120,3500.0,211
rb1805,20171010,20171009,210457500,3500.0,28972,494270,1018198240.0,3501.0,119,3500.0,199
rb1805,20171010,20171009,210458000,3500.0,29184,494232,1025618260.0,3501.0,170,3500.0,100
rb1805,20171010,20171009,210458500,3500.0,29316,494330,1030238360.0,3501.0,112,3500.0,39
rb1805,20171010,20171009,210459000,3501.0,29358,494342,1031708600.0,3501.0,104,3500.0,30
rb1805,20171010,20171009,210459500,3500.0,29418,494360,1033808600.0,3500.0,2,3499.0,102
rb1805,20171010,20171009,210500000,3500.0,29512,494446,1037097740.0,3500.0,9,3499.0,56
rb1805,20171010,20171009,210500500,3500.0,29540,494436,1038077720.0,3500.0,21,3499.0,55
rb1805,20171010,20171009,210501000,3499.0,29720,494542,1044376680.0,3500.0,32,3499.0,4
rb1805,20171010,20171009,210501500,3498.0,29880,494486,1049973820.0,3498.0,236,3497.0,70
rb1805,20171010,20171009,210502000,3497.0,30084,494324,1057108760.0,3498.0,186,3497.0,35
rb1805,20171010,20171009,210502500,3496.0,30350,494270,1066411020.0,3497.0,74,3496.0,41
rb1805,20171010,20171009,210503000,3496.0,30604,494172,1075292520.0,3497.0,13,3496.0,24
rb1805,20171010,20171009,210503500,3497.0,30682,494152,1078020240.0,3498.0,147,3497.0,56
rb1805,20171010,20171009,210504000,3498.0,30966,494100,1087953820.0,3498.0,44,3497.0,33
rb1805,20171010,20171009,210504500,3497.0,31096,494080,1092500860.0,3499.0,54,3498.0,6
rb1805,20171010,20171009,210505000,3499.0,31138,494072,1093970300.0,3499.0,22,3498.0,28
rb1805,20171010,20171009,210505500,3499.0,31208,494068,1096419600.0,3500.0,50,3499.0,26
rb1805,20171010,20171009,210506000,3498.0,31286,494078,1099148640.0,3499.0,16,3498.0,37
rb1805,20171010,20171009,210506500,3499.0,31320,494070,1100338300.0,3500.0,14,3499.0,36
rb1805,20171010,20171009,210507000,3499.0,31358,494066,1101668240.0,3501.0,112,3500.0,2
rb1805,20171010,20171009,210507500,3501.0,31420,494070,1103838640.0,3501.0,85,3500.0,25
rb1805,20171010,20171009,210508000,3501.0,31494,494116,1106429340.0,3501.0,23,3500.0,28
rb1805,20171010,20171009,210508500,3502.0,31546,494150,1108249920.0,3502.0,17,3501.0,16
rb1805,20171010,20171009,210509000,3502.0,31570,494156,1109090340.0,3502.0,29,3501.0,20
rb1805,20171010,20171009,210509500,3503.0,31724,494084,1114483620.0,3502.0,1,3501.0,24
rb1805,20171010,20171009,210510000,3502.0,31758,494088,1115674220.0,3502.0,12,3501.0,39
rb1805,20171010,20171009,210510500,3502.0,31784,494066,1116584740.0,3503.0,45,3502.0,16
rb1805,20171010,20171009,210511000,3502.0,31798,494066,1117075020.0,3503.0,83,3502.0,30
rb1805,20171010,20171009,210511500,3503.0,31846,494096,1118756100.0,3503.0,77,3502.0,23
rb1805,20171010,20171009,210512000,3503.0,31866,494112,1119456660.0,3503.0,71,3502.0,34
rb1805,20171010,20171009,210512500,3503.0,31932,494146,1121768240.0,3503.0,38,3502.0,23
rb1805,20171010,20171009,210513000,3503.0,31950,494144,1122398740.0,3503.0,23,3502.0,38
rb1805,20171010,20171009,210513500,3503.0,32004,494172,1124290280.0,3503.0,2,3502.0,35
rb1805,20171010,20171009,210514000,3503.0,32014,494174,1124640600.0,3504.0,110,3503.0,11
rb1805,20171010,20171009,210514500,3502.0,32052,494182,1125971660.0,3503.0,30,3502.0,42
rb1805,20171010,20171009,210515000,3502.0,32200,494248,1131154620.0,3502.0,4,3501.0,55
rb1805,20171010,20171009,210515500,3503.0,32222,494266,1131925080.0,3502.0,1,3501.0,50
rb1805,20171010,20171009,210516000,3502.0,32246,494278,1132765560.0,3502.0,10,3501.0,55
rb1805,20171010,20171009,210516500,3503.0,32256,494280,1133115780.0,3503.0,98,3501.0,55
rb1805,20171010,20171009,210517000,3503.0,32258,494282,1133185840.0,3503.0,89,3502.0,2
rb1805,20171010,20171009,210517500,3503.0,32262,494284,1133325960.0,3503.0,107,3502.0,9
rb1805,20171010,20171009,210518000,3503.0,32270,494290,1133606160.0,3503.0,82,3502.0,18
rb1805,20171010,20171009,210518500,3503.0,32274,494292,1133746280.0,3503.0,200,3502.0,12
rb1805,20171010,20171009,210519000,3503.0,32274,494292,1133746280.0,3503.0,200,3502.0,13
rb1805,20171010,20171009,210519500,3502.0,32308,494320,1134936980.0,3502.0,4,3501.0,54
rb1805,20171010,20171009,210520000,3503.0,32334,494342,1135847600.0,3503.0,203,3501.0,54
rb1805,20171010,20171009,210520500,3503.0,32342,494338,1136127780.0,3503.0,215,3502.0,2
rb1805,20171010,20171009,210521000,3502.0,32366,494356,1136968240.0,3502.0,2,3501.0,60
rb1805,20171010,20171009,210521500,3502.0,32376,494358,1137318440.0,3502.0,2,3501.0,57
rb1805,20171010,20171009,210522000,3501.0,32380,494360,1137458500.0,3502.0,11,3501.0,57
rb1805,20171010,20171009,210522500,3502.0,32382,494362,1137528540.0,3502.0,13,3501.0,57
rb1805,20171010,20171009,210523000,3502.0,32386,494362,1137668620.0,3502.0,16,3501.0,57
rb1805,20171010,20171009,210523500,3502.0,32402,494366,1138228920.0,3502.0,9,3501.0,58
rb1805,20171010,20171009,210524000,3502.0,32410,494366,1138509080.0,3502.0,5,3501.0,61
rb1805,20171010,20171009,210524500,3502.0,32422,494366,1138929320.0,3503.0,254,3502.0,15
rb1805,20171010,20171009,210525000,3502.0,32498,494410,1141590800.0,3502.0,46,3501.0,67
rb1805,20171010,20171009,210525500,3502.0,32528,494440,1142641400.0,3502.0,16,3501.0,58
rb1805,20171010,20171009,210526000,3502.0,32538,494448,1142991580.0,3502.0,18,3501.0,57
rb1805,20171010,20171009,210526500,3502.0,32554,494460,1143551900.0,3502.0,26,3501.0,57
rb1805,20171010,20171009,210527000,3502.0,32558,494460,1143691980.0,3502.0,34,3501.0,62
rb1805,20171010,20171009,210527500,3502.0,32584,494462,1144602400.0,3502.0,36,3501.0,57
rb1805,20171010,20171009,210528000,3502.0,32590,494468,1144812520.0,3502.0,51,3501.0,57
rb1805,20171010,20171009,210528500,3502.0,32598,494472,1145092660.0,3502.0,48,3501.0,56
rb1805,20171010,20171009,210529000,3502.0,32698,494532,1148594660.0,3503.0,268,3502.0,4
rb1805,20171010,20171009,210529500,3502.0,32724,494558,1149505180.0,3503.0,269,3502.0,1
rb1805,20171010,20171009,210530000,3502.0,32736,494566,1149925420.0,3503.0,268,3502.0,4
rb1805,20171010,20171009,210530500,3502.0,32742,494572,1150135540.0,3503.0,268,3502.0,11
rb1805,20171010,20171009,210531000,3502.0,32772,494578,1151186140.0,3503.0,268,3502.0,2
rb1805,20171010,20171009,210531500,3502.0,32782,494570,1151536340.0,3502.0,1,3501.0,68
rb1805,20171010,20171009,210532000,3502.0,32788,494570,1151746460.0,3502.0,5,3501.0,68
rb1805,20171010,20171009,210532500,3502.0,32792,494574,1151886540.0,3502.0,6,3501.0,68
rb1805,20171010,20171009,210533000,3501.0,32836,494612,1153427020.0,3502.0,13,3501.0,48
rb1805,20171010,20171009,210533500,3502.0,32876,494618,1154827820.0,3502.0,19,3501.0,54
rb1805,20171010,20171009,210534000,3502.0,32876,494618,1154827820.0,3502.0,19,3501.0,54
rb1805,20171010,20171009,210534500,3502.0,32896,494618,1155528220.0,3502.0,16,3501.0,55
rb1805,20171010,20171009,210535000,3501.0,32898,494618,1155598240.0,3502.0,25,3501.0,55
rb1805,20171010,20171009,210535500,3502.0,32918,494632,1156298640.0,3502.0,15,3501.0,55
rb1805,20171010,20171009,210536000,3502.0,32932,494636,1156788880.0,3502.0,28,3501.0,57
rb1805,20171010,20171009,210536500,3502.0,32934,494636,1156858920.0,3502.0,23,3501.0,62
rb1805,20171010,20171009,210537000,3502.0,32934,494636,1156858920.0,3502.0,25,3501.0,112
rb1805,20171010,20171009,210537500,3501.0,32938,494636,1156998980.0,3502.0,25,3501.0,112
rb1805,20171010,20171009,210538000,3502.0,32944,494634,1157209100.0,3502.0,26,3501.0,112
rb1805,20171010,20171009,210538500,3502.0,32946,494632,1157279140.0,3502.0,25,3501.0,114
rb1805,20171010,20171009,210539000,3502.0,32948,494632,1157349180.0,3502.0,25,3501.0,115
rb1805,20171010,20171009,210539500,3501.0,32962,494630,1157839360.0,3502.0,23,3501.0,112
rb1805,20171010,20171009,210540000,3502.0,32966,494632,1157979440.0,3502.0,23,3501.0,112
rb1805,20171010,20171009,210540500,3502.0,32982,494642,1158539760.0,3502.0,15,3501.0,113
rb1805,20171010,20171009,210541000,3502.0,33026,494668,1160080500.0,3502.0,1,3501.0,106
rb1805,20171010,20171009,210541500,3502.0,33040,494680,1160570880.0,3503.0,521,3502.0,5
rb1805,20171010,20171009,210542000,3502.0,33064,494698,1161411360.0,3502.0,15,3501.0,106
rb1805,20171010,20171009,210542500,3502.0,33070,494694,1161621440.0,3502.0,15,3501.0,105
rb1805,20171010,20171009,210543000,3502.0,33070,494694,1161621440.0,3502.0,19,3501.0,111
rb1805,20171010,20171009,210543500,3502.0,33078,494700,1161901600.0,3502.0,18,3501.0,111
rb1805,20171010,20171009,210544000,3501.0,33086,494706,1162181740.0,3502.0,24,3501.0,110
rb1805,20171010,20171009,210544500,3502.0,33108,494728,1162952180.0,3502.0,19,3501.0,110
rb1805,20171010,20171009,210545000,3502.0,33130,494738,1163722580.0,3502.0,15,3501.0,114
rb1805,20171010,20171009,210545500,3502.0,33144,494752,1164212860.0,3502.0,8,3501.0,130
rb1805,20171010,20171009,210546000,3502.0,33160,494754,1164773180.0,3503.0,523,3502.0,23
rb1805,20171010,20171009,210546500,3502.0,33174,494754,1165263460.0,3503.0,522,3502.0,66
rb1805,20171010,20171009,210547000,3502.0,33186,494756,1165683740.0,3503.0,520,3502.0,67
rb1805,20171010,20171009,210547500,3502.0,33186,494756,1165683740.0,3503.0,520,3502.0,68
rb1805,20171010,20171009,210548000,3503.0,33326,494786,1170586580.0,3503.0,518,3502.0,1
rb1805,20171010,20171009,210548500,3502.0,33360,494770,1171777260.0,3502.0,4,3501.0,117
rb1805,20171010,20171009,210549000,3502.0,33362,494770,1171847300.0,3502.0,5,3501.0,116
rb1805,20171010,20171009,210549500,3502.0,33368,494774,1172057420.0,3502.0,10,3501.0,115
rb1805,20171010,20171009,210550000,3502.0,33376,494778,1172337580.0,3502.0,6,3501.0,115
rb1805,20171010,20171009,210550500,3502.0,33378,494780,1172407620.0,3502.0,6,3501.0,121
rb1805,20171010,20171009,210551000,3502.0,33378,494780,1172407620.0,3502.0,10,3501.0,123
rb1805,20171010,20171009,210551500,3502.0,33384,494782,1172617720.0,3502.0,17,3501.0,122
rb1805,20171010,20171009,210552000,3502.0,33414,494798,1173668240.0,3502.0,6,3501.0,120
rb1805,20171010,20171009,210552500,3501.0,33812,495126,1187600760.0,3501.0,91,3499.0,18
rb1805,20171010,20171009,210553000,3500.0,33852,495104,1189000400.0,3499.0,6,3498.0,94
rb1805,20171010,20171009,210553500,3499.0,33878,495102,1189909980.0,3499.0,2,3498.0,70
rb1805,20171010,20171009,210554000,3499.0,33904,495116,1190819700.0,3500.0,45,3498.0,69
rb1805,20171010,20171009,210554500,3500.0,33940,495128,1192079300.0,3500.0,38,3498.0,64
rb1805,20171010,20171009,210555000,3500.0,33952,495140,1192499160.0,3500.0,37,3498.0,61
rb1805,20171010,20171009,210555500,3499.0,33970,495154,1193128960.0,3499.0,20,3498.0,62
rb1805,20171010,20171009,210556000,3499.0,33974,495156,1193268900.0,3499.0,20,3498.0,64
rb1805,20171010,20171009,210556500,3499.0,33982,495160,1193548780.0,3499.0,18,3498.0,62
rb1805,20171010,20171009,210557000,3499.0,33986,495160,1193688740.0,3499.0,16,3498.0,62
rb1805,20171010,20171009,210557500,3498.0,34118,495266,1198306100.0,3498.0,39,3497.0,32
rb1805,20171010,20171009,210558000,3498.0,34132,495276,1198795760.0,3498.0,40,3497.0,29
rb1805,20171010,20171009,210558500,3497.0,34172,495256,1200194560.0,3498.0,38,3497.0,9
rb1805,20171010,20171009,210559000,3498.0,34202,495238,1201243760.0,3498.0,119,3497.0,12
rb1805,20171010,20171009,210559500,3497.0,34242,495210,1202642560.0,3497.0,1,3496.0,50
rb1805,20171010,20171009,210600000,3497.0,34278,495234,1203901240.0,3497.0,7,3496.0,38
rb1805,20171010,20171009,210600500,3496.0,34366,495200,1206977740.0,3496.0,10,3495.0,81
rb1805,20171010,20171009,210601000,3496.0,34462,495176,1210333220.0,3496.0,69,3495.0,44
rb1805,20171010,20171009,210601500,3495.0,34592,495154,1214877480.0,3496.0,31,3495.0,18
rb1805,20171010,20171009,210602000,3495.0,34768,495100,1221028180.0,3495.0,41,3494.0,19
rb1805,20171010,20171009,210602500,3495.0,34890,495026,1225291420.0,3495.0,12,3493.0,30
rb1805,20171010,20171009,210603000,3495.0,34968,495036,1228017280.0,3495.0,29,3493.0,40
rb1805,20171010,20171009,210603500,3495.0,35070,495034,1231581760.0,3495.0,4,3494.0,8
rb1805,20171010,20171009,210604000,3496.0,35126,495034,1233539120.0,3496.0,22,3495.0,5
rb1805,20171010,20171009,210604500,3496.0,35132,495036,1233748860.0,3496.0,19,3495.0,45
rb1805,20171010,20171009,210605000,3497.0,35184,495020,1235566820.0,3497.0,63,3496.0,5
rb1805,20171010,20171009,210605500,3496.0,35200,495026,1236126240.0,3497.0,80,3496.0,4
rb1805,20171010,20171009,210606000,3497.0,35206,495030,1236336020.0,3497.0,65,3496.0,13
rb1805,20171010,20171009,210606500,3496.0,35456,495018,1245076280.0,3497.0,30,3496.0,60
rb1805,20171010,20171009,210607000,3497.0,35592,495016,1249830760.0,3497.0,30,3496.0,7
rb1805,20171010,20171009,210607500,3497.0,35612,495006,1250530100.0,3497.0,5,3496.0,19
rb1805,20171010,20171009,210608000,3497.0,35626,495004,1251019620.0,3497.0,2,3496.0,21
rb1805,20171010,20171009,210608500,3496.0,35650,495004,1251858660.0,3497.0,3,3496.0,10
rb1805,20171010,20171009,210609000,3497.0,35656,495002,1252068460.0,3497.0,11,3496.0,10
rb1805,20171010,20171009,210609500,3497.0,35668,495002,1252488100.0,3497.0,5,3496.0,12
rb1805,20171010,20171009,210610000,3496.0,35752,494976,1255424800.0,3496.0,13,3495.0,23
rb1805,20171010,20171009,210610500,3496.0,35782,494980,1256473600.0,3497.0,4,3496.0,9
rb1805,20171010,20171009,210611000,3496.0,35790,494976,1256753300.0,3497.0,3,3496.0,12
rb1805,20171010,20171009,210611500,3496.0,35820,494996,1257802100.0,3496.0,19,3495.0,29
rb1805,20171010,20171009,210612000,3496.0,35828,495002,1258081740.0,3496.0,19,3495.0,25
rb1805,20171010,20171009,210612500,3496.0,35874,495042,1259689480.0,3496.0,21,3495.0,6
rb1805,20171010,20171009,210613000,3495.0,35882,495048,1259969140.0,3496.0,22,3495.0,14
rb1805,20171010,20171009,210613500,3496.0,35986,495106,1263605780.0,3497.0,1,3496.0,1
rb1805,20171010,20171009,210614000,3496.0,35988,495108,1263675700.0,3497.0,16,3495.0,15
rb1805,20171010,20171009,210614500,3496.0,35994,495114,1263885460.0,3497.0,10,3495.0,14
rb1805,20171010,20171009,210615000,3496.0,36002,495114,1264165140.0,3497.0,11,3496.0,6
rb1805,20171010,20171009,210615500,3496.0,36010,495114,1264444820.0,3497.0,6,3496.0,3
rb1805,20171010,20171009,210616000,3497.0,36018,495120,1264724560.0,3497.0,3,3496.0,4
rb1805,20171010,20171009,210616500,3496.0,36024,495122,1264934340.0,3497.0,1,3496.0,13
rb1805,20171010,20171009,210617000,3497.0,36026,495120,1265004280.0,3497.0,1,3496.0,33
rb1805,20171010,20171009,210617500,3497.0,36058,495122,1266123200.0,3497.0,9,3496.0,27
rb1805,20171010,20171009,210618000,3496.0,36084,495142,1267032160.0,3497.0,47,3496.0,16
rb1805,20171010,20171009,210618500,3496.0,36102,495154,1267661520.0,3497.0,43,3496.0,12
rb1805,20171010,20171009,210619000,3496.0,36136,495148,1268850160.0,3496.0,21,3495.0,41
rb1805,20171010,20171009,210619500,3495.0,36138,495150,1268920060.0,3496.0,74,3495.0,35
rb1805,20171010,20171009,210620000,3496.0,36178,495176,1270318400.0,3496.0,140,3495.0,33
rb1805,20171010,20171009,210620500,3495.0,36248,495238,1272764900.0,3495.0,50,3494.0,29
rb1805,20171010,20171009,210621000,3494.0,36262,495250,1273254160.0,3495.0,72,3494.0,16
rb1805,20171010,20171009,210621500,3495.0,36336,495256,1275839820.0,3495.0,72,3494.0,8
rb1805,20171010,20171009,210622000,3495.0,36366,495248,1276888120.0,3494.0,6,3493.0,45
rb1805,20171010,20171009,210622500,3494.0,36442,495270,1279542920.0,3494.0,32,3493.0,6
rb1805,20171010,20171009,210623000,3493.0,36454,495266,1279962080.0,3494.0,52,3493.0,6
rb1805,20171010,20171009,210623500,3493.0,36520,495246,1282267160.0,3493.0,6,3492.0,78
rb1805,20171010,20171009,210624000,3493.0,36594,495268,1284851940.0,3494.0,95,3493.0,2
rb1805,20171010,20171009,210624500,3493.0,36698,495352,1288484260.0,3494.0,95,3493.0,8
rb1805,20171010,20171009,210625000,3494.0,36758,495380,1290580520.0,3494.0,74,3493.0,5
rb1805,20171010,20171009,210625500,3493.0,36768,495382,1290929860.0,3494.0,59,3493.0,24
rb1805,20171010,20171009,210626000,3493.0,36820,495386,1292746220.0,3493.0,31,3492.0,54
rb1805,20171010,20171009,210626500,3493.0,36906,495460,1295750120.0,3493.0,23,3492.0,50
rb1805,20171010,20171009,210627000,3493.0,36988,495514,1298614540.0,3494.0,53,3492.0,51
rb1805,20171010,20171009,210627500,3494.0,37016,495506,1299592780.0,3494.0,42,3493.0,2
rb1805,20171010,20171009,210628000,3493.0,37024,495508,1299872240.0,3494.0,61,3493.0,5
rb1805,20171010,20171009,210628500,3492.0,37078,495500,1301758160.0,3494.0,41,3492.0,39
rb1805,20171010,20171009,210629000,3494.0,37174,495496,1305111060.0,3494.0,51,3493.0,1
rb1805,20171010,20171009,210629500,3494.0,37330,495508,1310561700.0,3495.0,38,3494.0,25
rb1805,20171010,20171009,210630000,3494.0,37342,495506,1310980980.0,3495.0,18,3494.0,19
rb1805,20171010,20171009,210630500,3492.0,37480,495596,1315801020.0,3492.0,33,3491.0,82
rb1805,20171010,20171009,210631000,3495.0,37570,495590,1318944360.0,3495.0,29,3494.0,10
rb1805,20171010,20171009,210631500,3495.0,37612,495586,1320412180.0,3495.0,3,3494.0,12
rb1805,20171010,20171009,210632000,3494.0,37654,495560,1321879940.0,3495.0,25,3494.0,14
rb1805,20171010,20171009,210632500,3494.0,37672,495566,1322508860.0,3495.0,58,3494.0,3
rb1805,20171010,20171009,210633000,3494.0,37688,495576,1323067840.0,3494.0,6,3493.0,24
rb1805,20171010,20171009,210633500,3495.0,37702,495578,1323557040.0,3495.0,73,3493.0,25
rb1805,20171010,20171009,210634000,3495.0,37712,495578,1323906480.0,3495.0,72,3494.0,1
rb1805,20171010,20171009,210634500,3495.0,37726,495576,1324395680.0,3495.0,71,3494.0,3
rb1805,20171010,20171009,210635000,3495.0,37842,495646,1328449640.0,3495.0,24,3493.0,22
rb1805,20171010,20171009,210635500,3495.0,37852,495654,1328799040.0,3495.0,29,3494.0,2
rb1805,20171010,20171009,210636000,3494.0,37860,495656,1329078560.0,3494.0,2,3493.0,22
rb1805,20171010,20171009,210636500,3495.0,37908,495696,1330755320.0,3495.0,29,3494.0,2
rb1805,20171010,20171009,210637000,3494.0,37934,495696,1331663740.0,3494.0,11,3493.0,4
rb1805,20171010,20171009,210637500,3495.0,37966,495710,1332781880.0,3494.0,9,3493.0,5
rb1805,20171010,20171009,210638000,3494.0,38000,495708,1333969860.0,3495.0,10,3494.0,12
rb1805,20171010,20171009,210638500,3494.0,38004,495706,1334109620.0,3495.0,10,3494.0,9
rb1805,20171010,20171009,210639000,3495.0,38014,495708,1334459080.0,3495.0,12,3494.0,58
rb1805,20171010,20171009,210639500,3494.0,38026,495706,1334878380.0,3495.0,7,3494.0,61
rb1805,20171010,20171009,210640000,3495.0,38046,495702,1335577380.0,3496.0,130,3495.0,46
rb1805,20171010,20171009,210640500,3495.0,38086,495684,1336975620.0,3496.0,149,3495.0,41
rb1805,20171010,20171009,210641000,3495.0,38158,495674,1339492080.0,3496.0,162,3495.0,10
rb1805,20171010,20171009,210641500,3495.0,38200,495666,1340960220.0,3496.0,170,3495.0,12
rb1805,20171010,20171009,210642000,3496.0,38210,495662,1341309780.0,3496.0,152,3495.0,11
rb1805,20171010,20171009,210642500,3496.0,38222,495658,1341729240.0,3496.0,151,3495.0,9
rb1805,20171010,20171009,210643000,3496.0,38232,495658,1342078760.0,3496.0,150,3495.0,10
rb1805,20171010,20171009,210643500,3496.0,38262,495648,1343127360.0,3496.0,141,3495.0,12
rb1805,20171010,20171009,210644000,3495.0,38276,495652,1343616700.0,3496.0,139,3495.0,10
rb1805,20171010,20171009,210644500,3496.0,38294,495646,1344245920.0,3496.0,133,3495.0,7
rb1805,20171010,20171009,210645000,3495.0,38348,495642,1346133220.0,3496.0,163,3495.0,44
rb1805,20171010,20171009,210645500,3496.0,38444,495726,1349488540.0,3496.0,158,3495.0,33
rb1805,20171010,20171009,210646000,3496.0,38532,495730,1352564640.0,3496.0,132,3495.0,14
rb1805,20171010,20171009,210646500,3496.0,38582,495756,1354312460.0,3496.0,121,3495.0,6
rb1805,20171010,20171009,210647000,3495.0,38618,495770,1355570660.0,3495.0,16,3494.0,32
rb1805,20171010,20171009,210647500,3495.0,38642,495790,1356409400.0,3495.0,9,3494.0,31
rb1805,20171010,20171009,210648000,3495.0,38646,495794,1356549200.0,3495.0,16,3494.0,26
rb1805,20171010,20171009,210648500,3495.0,38654,495796,1356828800.0,3495.0,12,3494.0,26
rb1805,20171010,20171009,210649000,3495.0,38700,495838,1358436100.0,3495.0,14,3494.0,7
rb1805,20171010,20171009,210649500,3495.0,38716,495848,1358995160.0,3495.0,23,3493.0,38
rb1805,20171010,20171009,210650000,3495.0,38722,495854,1359204860.0,3494.0,7,3493.0,38
rb1805,20171010,20171009,210650500,3494.0,38746,495864,1360043460.0,3494.0,1,3493.0,38
rb1805,20171010,20171009,210651000,3494.0,38768,495854,1360812240.0,3494.0,3,3493.0,42
rb1805,20171010,20171009,210651500,3494.0,38778,495854,1361161640.0,3494.0,9,3493.0,42
rb1805,20171010,20171009,210652000,3494.0,38792,495852,1361650800.0,3494.0,2,3493.0,42
rb1805,20171010,20171009,210652500,3494.0,38798,495856,1361860440.0,3495.0,34,3494.0,4
rb1805,20171010,20171009,210653000,3494.0,38798,495856,1361860440.0,3495.0,34,3494.0,4
rb1805,20171010,20171009,210653500,3495.0,38812,495854,1362349640.0,3495.0,27,3494.0,15
rb1805,20171010,20171009,210654000,3495.0,38834,495834,1363118460.0,3495.0,20,3494.0,40
rb1805,20171010,20171009,210654500,3495.0,38882,495866,1364796040.0,3496.0,97,3495.0,27
rb1805,20171010,20171009,210655000,3495.0,38900,495880,1365425140.0,3496.0,95,3495.0,20
rb1805,20171010,20171009,210655500,3495.0,38902,495882,1365495040.0,3496.0,125,3495.0,26
rb1805,20171010,20171009,210656000,3495.0,38902,495882,1365495040.0,3496.0,95,3495.0,33
rb1805,20171010,20171009,210656500,3495.0,38902,495882,1365495040.0,3496.0,97,3495.0,33
rb1805,20171010,20171009,210657000,3495.0,38916,495892,1365984340.0,3496.0,97,3495.0,29
rb1805,20171010,20171009,210657500,3495.0,38978,495934,1368151240.0,3495.0,1,3494.0,49
rb1805,20171010,20171009,210658000,3495.0,38982,495936,1368291040.0,3495.0,9,3494.0,42
rb1805,20171010,20171009,210658500,3494.0,39070,496000,1371365760.0,3495.0,40,3493.0,46
rb1805,20171010,20171009,210659000,3494.0,39080,496004,1371715240.0,3494.0,3,3493.0,46
rb1805,20171010,20171009,210659500,3495.0,39184,496098,1375349880.0,3495.0,17,3494.0,1
rb1805,20171010,20171009,210700000,3494.0,39188,496094,1375489640.0,3494.0,11,3493.0,49
rb1805,20171010,20171009,210700500,3494.0,39206,496100,1376118460.0,3494.0,11,3493.0,43
rb1805,20171010,20171009,210701000,3493.0,39224,496114,1376747220.0,3494.0,11,3493.0,36
rb1805,20171010,20171009,210701500,3493.0,39320,496096,1380100400.0,3494.0,49,3493.0,10
rb1805,20171010,20171009,210702000,3493.0,39374,496084,1381986460.0,3494.0,46,3492.0,43
rb1805,20171010,20171009,210702500,3493.0,39390,496090,1382545340.0,3493.0,14,3492.0,43
rb1805,20171010,20171009,210703000,3492.0,39412,496080,1383313580.0,3493.0,14,3492.0,33
rb1805,20171010,20171009,210703500,3492.0,39456,496066,1384850200.0,3493.0,7,3492.0,19
rb1805,20171010,20171009,210704000,3492.0,39472,496070,1385408960.0,3493.0,35,3492.0,13
rb1805,20171010,20171009,210704500,3493.0,39474,496070,1385478820.0,3493.0,5,3492.0,13
rb1805,20171010,20171009,210705000,3492.0,39476,496068,1385548660.0,3493.0,5,3492.0,18
rb1805,20171010,20171009,210705500,3493.0,39488,496066,1385967760.0,3493.0,35,3492.0,15
rb1805,20171010,20171009,210706000,3492.0,39524,496068,1387224880.0,3492.0,45,3491.0,62
rb1805,20171010,20171009,210706500,3492.0,39550,496076,1388132560.0,3492.0,45,3491.0,50
rb1805,20171010,20171009,210707000,3492.0,39554,496076,1388272220.0,3492.0,55,3491.0,49
rb1805,20171010,20171009,210707500,3491.0,39574,496072,1388970540.0,3492.0,53,3491.0,45
rb1805,20171010,20171009,210708000,3492.0,39638,496068,1391205040.0,3492.0,42,3491.0,26
rb1805,20171010,20171009,210708500,3490.0,39790,496124,1396510420.0,3491.0,1,3490.0,151
rb1805,20171010,20171009,210709000,3492.0,40002,496098,1403912180.0,3493.0,3,3492.0,1
rb1805,20171010,20171009,210709500,3491.0,40020,496092,1404540560.0,3491.0,5,3490.0,206
rb1805,20171010,20171009,210710000,3491.0,40042,496080,1405308580.0,3492.0,25,3491.0,32
rb1805,20171010,20171009,210710500,3491.0,40114,496110,1407822180.0,3492.0,27,3491.0,37
rb1805,20171010,20171009,210711000,3491.0,40120,496114,1408031640.0,3492.0,27,3491.0,81
rb1805,20171010,20171009,210711500,3491.0,40164,496132,1409567780.0,3492.0,22,3491.0,82
rb1805,20171010,20171009,210712000,3491.0,40172,496140,1409847100.0,3492.0,23,3491.0,33
rb1805,20171010,20171009,210712500,3492.0,40228,496126,1411802620.0,3493.0,11,3492.0,65
rb1805,20171010,20171009,210713000,3492.0,40232,496124,1411942300.0,3493.0,8,3492.0,80
rb1805,20171010,20171009,210713500,3492.0,40318,496128,1414945540.0,3493.0,2,3492.0,44
rb1805,20171010,20171009,210714000,3492.0,40350,496132,1416063020.0,3493.0,1,3492.0,42
rb1805,20171010,20171009,210714500,3492.0,40372,496138,1416831380.0,3494.0,19,3492.0,38
rb1805,20171010,20171009,210715000,3492.0,40380,496140,1417110740.0,3493.0,1,3492.0,37
rb1805,20171010,20171009,210715500,3492.0,40408,496140,1418088500.0,3493.0,2,3492.0,34
rb1805,20171010,20171009,210716000,3492.0,40430,496148,1418856840.0,3494.0,11,3492.0,29
rb1805,20171010,20171009,210716500,3493.0,40474,496136,1420393360.0,3493.0,17,3492.0,10
rb1805,20171010,20171009,210717000,3492.0,40500,496150,1421301280.0,3492.0,96,3491.0,76
rb1805,20171010,20171009,210717500,3492.0,40558,496184,1423326160.0,3492.0,73,3491.0,48
rb1805,20171010,20171009,210718000,3491.0,40662,496224,1426956800.0,3491.0,27,3490.0,182
rb1805,20171010,20171009,210718500,3491.0,40706,496266,1428492460.0,3491.0,5,3490.0,164
rb1805,20171010,20171009,210719000,3493.0,40814,496330,1432263860.0,3493.0,15,3490.0,163
rb1805,20171010,20171009,210719500,3491.0,40818,496334,1432403480.0,3493.0,30,3490.0,178
rb1805,20171010,20171009,210720000,3492.0,40862,496362,1433939260.0,3492.0,7,3490.0,153
rb1805,20171010,20171009,210720500,3492.0,40868,496362,1434148780.0,3492.0,32,3491.0,5
rb1805,20171010,20171009,210721000,3492.0,40898,496382,1435196100.0,3492.0,63,3491.0,3
rb1805,20171010,20171009,210721500,3491.0,40912,496394,1435684800.0,3491.0,7,3490.0,153
rb1805,20171010,20171009,210722000,3491.0,40956,496400,1437220720.0,3492.0,49,3491.0,10
rb1805,20171010,20171009,210722500,3491.0,40986,496416,1438268020.0,3491.0,44,3490.0,143
rb1805,20171010,20171009,210723000,3491.0,41054,496462,1440641880.0,3491.0,43,3490.0,142
rb1805,20171010,20171009,210723500,3491.0,41092,496468,1441968280.0,3491.0,55,3490.0,132
rb1805,20171010,20171009,210724000,3491.0,41178,496516,1444970440.0,3491.0,37,3490.0,127
rb1805,20171010,20171009,210724500,3490.0,41188,496522,1445319480.0,3491.0,36,3490.0,126
rb1805,20171010,20171009,210725000,3491.0,41244,496572,1447274440.0,3491.0,18,3490.0,129
rb1805,20171010,20171009,210725500,3491.0,41300,496604,1449229360.0,3491.0,2,3490.0,130
rb1805,20171010,20171009,210726000,3491.0,41354,496580,1451114680.0,3491.0,15,3490.0,130
rb1805,20171010,20171009,210726500,3491.0,41390,496580,1452371360.0,3491.0,2,3490.0,132
rb1805,20171010,20171009,210727000,3491.0,41394,496584,1452511000.0,3492.0,23,3491.0,11
rb1805,20171010,20171009,210727500,3491.0,41420,496566,1453418660.0,3492.0,55,3491.0,9
rb1805,20171010,20171009,210728000,3490.0,41456,496560,1454675360.0,3492.0,28,3490.0,138
rb1805,20171010,20171009,210728500,3492.0,41514,496588,1456700460.0,3492.0,39,3491.0,24
rb1805,20171010,20171009,210729000,3491.0,41518,496592,1456840100.0,3492.0,45,3491.0,53
rb1805,20171010,20171009,210729500,3492.0,41590,496600,1459353840.0,3492.0,35,3491.0,31
rb1805,20171010,20171009,210730000,3491.0,41594,496596,1459493480.0,3492.0,38,3491.0,30
rb1805,20171010,20171009,210730500,3491.0,41624,496582,1460540840.0,3492.0,8,3491.0,24
rb1805,20171010,20171009,210731000,3491.0,41648,496570,1461378680.0,3492.0,35,3491.0,24
rb1805,20171010,20171009,210731500,3491.0,41698,496596,1463124180.0,3491.0,8,3490.0,146
rb1805,20171010,20171009,210732000,3491.0,41728,496606,1464171480.0,3492.0,30,3491.0,1
rb1805,20171010,20171009,210732500,3490.0,41744,496602,1464730020.0,3491.0,9,3490.0,140
rb1805,20171010,20171009,210733000,3491.0,41760,496606,1465288520.0,3492.0,29,3491.0,6
rb1805,20171010,20171009,210733500,3492.0,41768,496612,1465567840.0,3492.0,32,3491.0,8
rb1805,20171010,20171009,210734000,3491.0,41792,496608,1466405700.0,3492.0,34,3490.0,144
rb1805,20171010,20171009,210734500,3491.0,41804,496620,1466824620.0,3492.0,34,3491.0,10
rb1805,20171010,20171009,210735000,3492.0,41808,496622,1466964280.0,3492.0,5,3491.0,70
rb1805,20171010,20171009,210735500,3492.0,41826,496614,1467592840.0,3493.0,23,3492.0,8
rb1805,20171010,20171009,210736000,3492.0,41836,496606,1467942040.0,3493.0,28,3492.0,8
rb1805,20171010,20171009,210736500,3491.0,41900,496622,1470176980.0,3493.0,9,3491.0,91
rb1805,20171010,20171009,210737000,3491.0,41904,496622,1470316660.0,3493.0,8,3492.0,1
rb1805,20171010,20171009,210737500,3492.0,41924,496636,1471015100.0,3492.0,10,3491.0,91
rb1805,20171010,20171009,210738000,3492.0,41948,496654,1471853200.0,3493.0,11,3492.0,21
rb1805,20171010,20171009,210738500,3492.0,41956,496654,1472132560.0,3493.0,13,3492.0,17
rb1805,20171010,20171009,210739000,3492.0,41986,496672,1473180360.0,3493.0,3,3492.0,13
rb1805,20171010,20171009,210739500,3492.0,41998,496664,1473599400.0,3493.0,12,3492.0,14
rb1805,20171010,20171009,210740000,3492.0,42000,496662,1473669240.0,3493.0,8,3492.0,17
rb1805,20171010,20171009,210740500,3492.0,42010,496668,1474018440.0,3493.0,12,3492.0,24
rb1805,20171010,20171009,210741000,3492.0,42060,496662,1475764440.0,3492.0,25,3491.0,96
rb1805,20171010,20171009,210741500,3492.0,42060,496662,1475764440.0,3492.0,26,3491.0,89
rb1805,20171010,20171009,210742000,3492.0,42064,496662,1475904120.0,3492.0,25,3491.0,140
rb1805,20171010,20171009,210742500,3492.0,42120,496660,1477859660.0,3493.0,20,3492.0,5
rb1805,20171010,20171009,210743000,3493.0,42124,496660,1477999380.0,3493.0,16,3492.0,4
rb1805,20171010,20171009,210743500,3492.0,42136,496658,1478418520.0,3493.0,9,3492.0,207
rb1805,20171010,20171009,210744000,3493.0,42154,496656,1479047260.0,3494.0,103,3493.0,27
rb1805,20171010,20171009,210744500,3493.0,42164,496666,1479396560.0,3494.0,109,3493.0,5
rb1805,20171010,20171009,210745000,3493.0,42180,496682,1479955440.0,3494.0,103,3493.0,9
rb1805,20171010,20171009,210745500,3493.0,42184,496686,1480095160.0,3494.0,103,3493.0,9
rb1805,20171010,20171009,210746000,3493.0,42192,496690,1480374620.0,3494.0,102,3493.0,1
rb1805,20171010,20171009,210746500,3493.0,42214,496704,1481143280.0,3493.0,19,3492.0,269
rb1805,20171010,20171009,210747000,3493.0,42268,496704,1483029500.0,3494.0,92,3493.0,46
rb1805,20171010,20171009,210747500,3494.0,42272,496708,1483169260.0,3494.0,90,3493.0,38
rb1805,20171010,20171009,210748000,3494.0,42438,496716,1488969280.0,3494.0,36,3493.0,47
rb1805,20171010,20171009,210748500,3495.0,42518,496724,1491764500.0,3495.0,360,3494.0,12
rb1805,20171010,20171009,210749000,3495.0,42546,496742,1492743100.0,3495.0,346,3494.0,3
rb1805,20171010,20171009,210749500,3494.0,42556,496746,1493092560.0,3495.0,344,3494.0,46
rb1805,20171010,20171009,210750000,3495.0,42610,496794,1494979780.0,3495.0,321,3494.0,42
rb1805,20171010,20171009,210750500,3494.0,42656,496840,1496587420.0,3495.0,301,3494.0,45
rb1805,20171010,20171009,210751000,3494.0,42734,496906,1499313180.0,3495.0,279,3494.0,28
rb1805,20171010,20171009,210751500,3495.0,42752,496920,1499942160.0,3495.0,276,3494.0,28
rb1805,20171010,20171009,210752000,3494.0,42850,496976,1503366280.0,3494.0,10,3493.0,55
rb1805,20171010,20171009,210752500,3494.0,42860,496978,1503715600.0,3494.0,12,3493.0,47
rb1805,20171010,20171009,210753000,3494.0,42864,496982,1503855360.0,3494.0,10,3493.0,44
rb1805,20171010,20171009,210753500,3494.0,42894,496980,1504903560.0,3494.0,1,3493.0,56
rb1805,20171010,20171009,210754000,3493.0,42910,496992,1505462680.0,3495.0,272,3493.0,55
rb1805,20171010,20171009,210754500,3494.0,42918,496992,1505742200.0,3495.0,275,3494.0,8
rb1805,20171010,20171009,210755000,3493.0,42942,496992,1506580700.0,3494.0,11,3493.0,47
rb1805,20171010,20171009,210755500,3494.0,42956,497006,1507069860.0,3494.0,5,3493.0,47
rb1805,20171010,20171009,210756000,3494.0,42960,497010,1507209620.0,3494.0,7,3493.0,47
rb1805,20171010,20171009,210756500,3495.0,42976,497016,1507768680.0,3495.0,284,3494.0,13
rb1805,20171010,20171009,210757000,3494.0,43010,497042,1508956580.0,3494.0,4,3493.0,52
rb1805,20171010,20171009,210757500,3494.0,43014,497040,1509096340.0,3494.0,2,3493.0,54
rb1805,20171010,20171009,210758000,3495.0,43022,497038,1509375860.0,3495.0,274,3494.0,3
rb1805,20171010,20171009,210758500,3494.0,43060,497032,1510703560.0,3494.0,14,3493.0,54
rb1805,20171010,20171009,210759000,3494.0,43116,497042,1512659720.0,3494.0,37,3493.0,31
rb1805,20171010,20171009,210759500,3493.0,43182,497094,1514965100.0,3494.0,72,3492.0,243
rb1805,20171010,20171009,210800000,3494.0,43302,497152,1519157900.0,3495.0,297,3494.0,15
rb1805,20171010,20171009,210800500,3493.0,43344,497144,1520625300.0,3494.0,15,3493.0,7
rb1805,20171010,20171009,210801000,3492.0,43398,497122,1522511120.0,3494.0,21,3492.0,41
rb1805,20171010,20171009,210801500,3492.0,43402,497122,1522650800.0,3494.0,52,3493.0,3
rb1805,20171010,20171009,210802000,3492.0,43402,497122,1522650800.0,3494.0,50,3493.0,3
rb1805,20171010,20171009,210802500,3492.0,43402,497122,1522650800.0,3494.0,54,3493.0,3
rb1805,20171010,20171009,210803000,3493.0,43414,497130,1523070060.0,3494.0,6,3493.0,3
rb1805,20171010,20171009,210803500,3493.0,43424,497136,1523419380.0,3494.0,7,3492.0,44
rb1805,20171010,20171009,210804000,3494.0,43426,497138,1523489260.0,3494.0,6,3493.0,20
rb1805,20171010,20171009,210804500,3493.0,43436,497146,1523838580.0,3494.0,5,3493.0,16
rb1805,20171010,20171009,210805000,3493.0,43436,497146,1523838580.0,3494.0,6,3493.0,19
rb1805,20171010,20171009,210805500,3494.0,43438,497148,1523908460.0,3494.0,15,3493.0,20
rb1805,20171010,20171009,210806000,3494.0,43454,497154,1524467500.0,3494.0,20,3493.0,22
rb1805,20171010,20171009,210806500,3493.0,43478,497176,1525306020.0,3494.0,4,3493.0,20
rb1805,20171010,20171009,210807000,3494.0,43486,497176,1525585540.0,3495.0,306,3494.0,3
rb1805,20171010,20171009,210807500,3493.0,43532,497218,1527192380.0,3494.0,3,3493.0,1
rb1805,20171010,20171009,210808000,3494.0,43544,497224,1527611660.0,3494.0,7,3493.0,1
rb1805,20171010,20171009,210808500,3494.0,43550,497220,1527821300.0,3494.0,15,3493.0,10
rb1805,20171010,20171009,210809000,3493.0,43578,497204,1528799340.0,3494.0,25,3492.0,42
rb1805,20171010,20171009,210809500,3494.0,43580,497202,1528869220.0,3494.0,31,3493.0,5
rb1805,20171010,20171009,210810000,3493.0,43616,497212,1530126700.0,3494.0,31,3492.0,42
rb1805,20171010,20171009,210810500,3494.0,43620,497214,1530266460.0,3494.0,33,3493.0,1
rb1805,20171010,20171009,210811000,3493.0,43630,497210,1530615740.0,3493.0,10,3492.0,41
rb1805,20171010,20171009,210811500,3493.0,43646,497226,1531174600.0,3493.0,6,3492.0,36
rb1805,20171010,20171009,210812000,3493.0,43654,497234,1531454040.0,3493.0,9,3492.0,36
rb1805,20171010,20171009,210812500,3493.0,43654,497234,1531454040.0,3493.0,11,3492.0,36
rb1805,20171010,20171009,210813000,3493.0,43658,497238,1531593760.0,3493.0,12,3492.0,36
rb1805,20171010,20171009,210813500,3493.0,43720,497212,1533759420.0,3494.0,59,3493.0,39
rb1805,20171010,20171009,210814000,3492.0,43806,497164,1536763360.0,3493.0,9,3492.0,38
rb1805,20171010,20171009,210814500,3493.0,43850,497184,1538300280.0,3494.0,73,3493.0,24
rb1805,20171010,20171009,210815000,3493.0,43870,497164,1538998880.0,3494.0,62,3493.0,17
rb1805,20171010,20171009,210815500,3494.0,43892,497176,1539767560.0,3494.0,53,3493.0,17
rb1805,20171010,20171009,210816000,3494.0,43896,497176,1539907300.0,3494.0,52,3493.0,16
rb1805,20171010,20171009,210816500,3493.0,43904,497170,1540186740.0,3494.0,52,3493.0,12
rb1805,20171010,20171009,210817000,3494.0,43912,497174,1540466260.0,3494.0,50,3493.0,12
rb1805,20171010,20171009,210817500,3494.0,43944,497158,1541584100.0,3494.0,46,3492.0,59
rb1805,20171010,20171009,210818000,3494.0,44014,497216,1544029900.0,3494.0,11,3493.0,1
rb1805,20171010,20171009,210818500,3494.0,44062,497210,1545707020.0,3495.0,324,3494.0,42
rb1805,20171010,20171009,210819000,3493.0,44148,497196,1548711840.0,3493.0,1,3492.0,63
rb1805,20171010,20171009,210819500,3493.0,44192,497238,1550248760.0,3494.0,14,3493.0,10
rb1805,20171010,20171009,210820000,3494.0,44194,497236,1550318640.0,3494.0,11,3493.0,6
rb1805,20171010,20171009,210820500,3494.0,44194,497236,1550318640.0,3494.0,11,3493.0,12
rb1805,20171010,20171009,210821000,3494.0,44252,497286,1552345160.0,3495.0,338,3494.0,95
rb1805,20171010,20171009,210821500,3493.0,44512,497434,1561428560.0,3493.0,1,3492.0,36
rb1805,20171010,20171009,210822000,3493.0,44520,497440,1561708000.0,3494.0,22,3493.0,2
rb1805,20171010,20171009,210822500,3494.0,44524,497436,1561847760.0,3494.0,6,3493.0,17
rb1805,20171010,20171009,210823000,3493.0,44544,497436,1562546360.0,3494.0,8,3493.0,32
rb1805,20171010,20171009,210823500,3493.0,44642,497514,1565969940.0,3493.0,17,3492.0,38
rb1805,20171010,20171009,210824000,3493.0,44676,497534,1567157560.0,3494.0,42,3493.0,13
rb1805,20171010,20171009,210824500,3493.0,44678,497536,1567227420.0,3494.0,44,3493.0,10
rb1805,20171010,20171009,210825000,3494.0,44686,497542,1567506940.0,3494.0,42,3493.0,20
rb1805,20171010,20171009,210825500,3493.0,44710,497544,1568345260.0,3494.0,57,3493.0,42
rb1805,20171010,20171009,210826000,3494.0,44722,497550,1568764480.0,3494.0,59,3493.0,41
rb1805,20171010,20171009,210826500,3494.0,44734,497554,1569183680.0,3494.0,57,3493.0,39
rb1805,20171010,20171009,210827000,3493.0,44758,497570,1570022160.0,3494.0,55,3493.0,15
rb1805,20171010,20171009,210827500,3493.0,44782,497570,1570860520.0,3494.0,50,3493.0,13
rb1805,20171010,20171009,210828000,3494.0,44788,497574,1571070160.0,3494.0,48,3493.0,14
rb1805,20171010,20171009,210828500,3493.0,44796,497582,1571349600.0,3494.0,49,3493.0,11
rb1805,20171010,20171009,210829000,3493.0,44824,497606,1572327660.0,3494.0,50,3493.0,9
rb1805,20171010,20171009,210829500,3493.0,44848,497620,1573165980.0,3493.0,23,3492.0,54
rb1805,20171010,20171009,210830000,3493.0,44862,497620,1573655000.0,3493.0,21,3492.0,50
rb1805,20171010,20171009,210830500,3493.0,44884,497620,1574423460.0,3493.0,10,3492.0,50
rb1805,20171010,20171009,210831000,3493.0,44884,497620,1574423460.0,3493.0,11,3492.0,53
rb1805,20171010,20171009,210831500,3493.0,44952,497658,1576798100.0,3493.0,8,3492.0,25
rb1805,20171010,20171009,210832000,3493.0,44954,497658,1576867960.0,3493.0,23,3492.0,25
rb1805,20171010,20171009,210832500,3493.0,44958,497662,1577007680.0,3493.0,21,3492.0,25
rb1805,20171010,20171009,210833000,3493.0,44968,497668,1577356980.0,3493.0,16,3492.0,27
rb1805,20171010,20171009,210833500,3493.0,44978,497678,1577706280.0,3493.0,8,3492.0,32
rb1805,20171010,20171009,210834000,3493.0,44992,497670,1578195300.0,3493.0,3,3492.0,32
rb1805,20171010,20171009,210834500,3493.0,44998,497674,1578404880.0,3494.0,65,3493.0,3
rb1805,20171010,20171009,210835000,3493.0,45016,497682,1579033620.0,3494.0,72,3493.0,36
rb1805,20171010,20171009,210835500,3493.0,45090,497756,1581618460.0,3494.0,71,3492.0,34
rb1805,20171010,20171009,210836000,3493.0,45102,497760,1582037620.0,3493.0,2,3492.0,54
rb1805,20171010,20171009,210836500,3492.0,45108,497760,1582247140.0,3493.0,10,3492.0,52
rb1805,20171010,20171009,210837000,3493.0,45114,497762,1582456720.0,3493.0,59,3492.0,53
rb1805,20171010,20171009,210837500,3492.0,45226,497804,1586367760.0,3493.0,64,3491.0,171
rb1805,20171010,20171009,210838000,3493.0,45230,497802,1586507480.0,3492.0,22,3491.0,171
rb1805,20171010,20171009,210838500,3492.0,45236,497806,1586717000.0,3492.0,25,3491.0,171
rb1805,20171010,20171009,210839000,3492.0,45278,497844,1588183640.0,3492.0,10,3491.0,171
rb1805,20171010,20171009,210839500,3491.0,45308,497842,1589231000.0,3492.0,8,3491.0,159
rb1805,20171010,20171009,210840000,3492.0,45324,497826,1589789720.0,3493.0,28,3492.0,21
rb1805,20171010,20171009,210840500,3492.0,45326,497826,1589859560.0,3493.0,28,3492.0,21
rb1805,20171010,20171009,210841000,3493.0,45334,497826,1590138940.0,3493.0,27,3492.0,18
rb1805,20171010,20171009,210841500,3493.0,45354,497816,1590837380.0,3493.0,25,3492.0,21
rb1805,20171010,20171009,210842000,3493.0,45354,497816,1590837380.0,3493.0,29,3492.0,21
rb1805,20171010,20171009,210842500,3493.0,45356,497816,1590907240.0,3493.0,29,3492.0,21
rb1805,20171010,20171009,210843000,3492.0,45398,497856,1592373880.0,3492.0,3,3491.0,180
rb1805,20171010,20171009,210843500,3492.0,45454,497898,1594329400.0,3493.0,24,3492.0,9
rb1805,20171010,20171009,210844000,3492.0,45482,497924,1595307160.0,3492.0,47,3491.0,180
rb1805,20171010,20171009,210844500,3492.0,45576,497872,1598589640.0,3493.0,23,3492.0,45
rb1805,20171010,20171009,210845000,3492.0,45594,497874,1599218200.0,3492.0,1,3491.0,181
rb1805,20171010,20171009,210845500,3492.0,45598,497874,1599357880.0,3493.0,24,3492.0,5
rb1805,20171010,20171009,210846000,3491.0,45624,497886,1600265740.0,3493.0,34,3491.0,158
rb1805,20171010,20171009,210846500,3491.0,45636,497888,1600684660.0,3492.0,22,3491.0,152
rb1805,20171010,20171009,210847000,3492.0,45682,497922,1602290980.0,3493.0,31,3492.0,24
rb1805,20171010,20171009,210847500,3491.0,45788,498014,1605991500.0,3493.0,31,3491.0,103
rb1805,20171010,20171009,210848000,3492.0,45792,498014,1606131180.0,3493.0,31,3492.0,12
rb1805,20171010,20171009,210848500,3492.0,45798,498008,1606340700.0,3493.0,33,3492.0,9
rb1805,20171010,20171009,210849000,3492.0,45802,498006,1606480380.0,3493.0,35,3492.0,7
rb1805,20171010,20171009,210849500,3492.0,45814,497996,1606899420.0,3493.0,37,3492.0,6
rb1805,20171010,20171009,210850000,3492.0,45826,497996,1607318480.0,3493.0,36,3492.0,4
rb1805,20171010,20171009,210850500,3492.0,45866,498030,1608715280.0,3493.0,56,3492.0,1
rb1805,20171010,20171009,210851000,3492.0,45868,498030,1608785120.0,3492.0,13,3491.0,87
rb1805,20171010,20171009,210851500,3493.0,45896,498020,1609762960.0,3493.0,33,3492.0,3
rb1805,20171010,20171009,210852000,3491.0,45902,498024,1609972440.0,3493.0,36,3492.0,2
rb1805,20171010,20171009,210852500,3492.0,45942,498028,1611369400.0,3493.0,34,3492.0,30
rb1805,20171010,20171009,210853000,3492.0,46010,497976,1613743960.0,3492.0,1,3491.0,80
rb1805,20171010,20171009,210853500,3492.0,46054,498006,1615280060.0,3492.0,7,3491.0,61
rb1805,20171010,20171009,210854000,3492.0,46066,498012,1615699020.0,3492.0,15,3491.0,57
rb1805,20171010,20171009,210854500,3490.0,46196,498018,1620237160.0,3491.0,29,3490.0,213
rb1805,20171010,20171009,210855000,3491.0,46284,498016,1623309280.0,3492.0,12,3491.0,119
rb1805,20171010,20171009,210855500,3491.0,46460,498034,1629453460.0,3491.0,12,3490.0,213
rb1805,20171010,20171009,210856000,3492.0,46510,498032,1631198860.0,3492.0,27,3490.0,203
rb1805,20171010,20171009,210856500,3492.0,46514,498036,1631338540.0,3492.0,18,3491.0,2
rb1805,20171010,20171009,210857000,3491.0,46522,498036,1631617800.0,3491.0,31,3490.0,196
rb1805,20171010,20171009,210857500,3491.0,46616,498068,1634899340.0,3491.0,42,3490.0,197
rb1805,20171010,20171009,210858000,3490.0,46704,497986,1637971380.0,3491.0,5,3490.0,195
rb1805,20171010,20171009,210858500,3491.0,46746,497982,1639437600.0,3492.0,61,3491.0,31
rb1805,20171010,20171009,210859000,3491.0,46762,497978,1639996160.0,3492.0,61,3491.0,29
rb1805,20171010,20171009,210859500,3492.0,46806,498004,1641532500.0,3492.0,53,3491.0,226
rb1805,20171010,20171009,210900000,3491.0,46932,497964,1645931280.0,3492.0,48,3491.0,173
rb1805,20171010,20171009,210900500,3491.0,46944,497974,1646350220.0,3492.0,50,3491.0,185
rb1805,20171010,20171009,210901000,3491.0,47314,498114,1659266920.0,3491.0,5,3490.0,198
rb1805,20171010,20171009,210901500,3490.0,47320,498116,1659476340.0,3491.0,11,3490.0,197
rb1805,20171010,20171009,210902000,3490.0,47358,498128,1660802820.0,3492.0,57,3490.0,193
rb1805,20171010,20171009,210902500,3490.0,47372,498122,1661291420.0,3492.0,53,3491.0,1
rb1805,20171010,20171009,210903000,3491.0,47546,498228,1667364760.0,3492.0,81,3491.0,4
rb1805,20171010,20171009,210903500,3490.0,47604,498226,1669389200.0,3492.0,65,3490.0,121
rb1805,20171010,20171009,210904000,3491.0,47628,498240,1670227000.0,3491.0,3,3490.0,122
rb1805,20171010,20171009,210904500,3491.0,47666,498266,1671553320.0,3491.0,59,3490.0,111
rb1805,20171010,20171009,210905000,3491.0,47682,498274,1672111820.0,3491.0,54,3490.0,107
rb1805,20171010,20171009,210905500,3490.0,47704,498280,1672879620.0,3491.0,66,3490.0,97
rb1805,20171010,20171009,210906000,3491.0,47724,498290,1673577740.0,3491.0,39,3490.0,94
rb1805,20171010,20171009,210906500,3490.0,47814,498354,1676718780.0,3491.0,41,3490.0,53
rb1805,20171010,20171009,210907000,3490.0,47838,498366,1677556400.0,3491.0,21,3490.0,42
rb1805,20171010,20171009,210907500,3490.0,47862,498378,1678394120.0,3491.0,25,3490.0,37
rb1805,20171010,20171009,210908000,3490.0,47866,498376,1678533720.0,3491.0,26,3490.0,37
rb1805,20171010,20171009,210908500,3491.0,47888,498372,1679301700.0,3491.0,23,3490.0,36
rb1805,20171010,20171009,210909000,3491.0,47896,498374,1679580940.0,3491.0,21,3490.0,34
rb1805,20171010,20171009,210909500,3490.0,47914,498382,1680209280.0,3491.0,15,3490.0,34
rb1805,20171010,20171009,210910000,3490.0,47952,498388,1681535560.0,3491.0,12,3490.0,19
rb1805,20171010,20171009,210910500,3490.0,47958,498392,1681744960.0,3491.0,12,3490.0,16
rb1805,20171010,20171009,210911000,3490.0,48012,498430,1683629660.0,3491.0,7,3489.0,74
rb1805,20171010,20171009,210911500,3491.0,48054,498424,1685095880.0,3492.0,110,3491.0,4
rb1805,20171010,20171009,210912000,3490.0,48078,498428,1685933640.0,3492.0,108,3490.0,43
rb1805,20171010,20171009,210912500,3490.0,48082,498432,1686073240.0,3492.0,109,3491.0,8
rb1805,20171010,20171009,210913000,3490.0,48098,498444,1686631640.0,3492.0,100,3491.0,8
rb1805,20171010,20171009,210913500,3490.0,48098,498444,1686631640.0,3492.0,102,3491.0,15
rb1805,20171010,20171009,210914000,3491.0,48200,498504,1690192420.0,3491.0,19,3490.0,54
rb1805,20171010,20171009,210914500,3491.0,48282,498498,1693054840.0,3491.0,62,3490.0,82
rb1805,20171010,20171009,210915000,3490.0,48286,498502,1693194440.0,3491.0,63,3490.0,40
rb1805,20171010,20171009,210915500,3490.0,48286,498502,1693194440.0,3491.0,41,3490.0,39
rb1805,20171010,20171009,210916000,3490.0,48346,498544,1695288940.0,3491.0,6,3490.0,36
rb1805,20171010,20171009,210916500,3490.0,48372,498550,1696196380.0,3491.0,4,3490.0,31
rb1805,20171010,20171009,210917000,3491.0,48378,498556,1696405840.0,3491.0,2,3490.0,62
rb1805,20171010,20171009,210917500,3491.0,48378,498556,1696405840.0,3491.0,3,3490.0,63
rb1805,20171010,20171009,210918000,3491.0,48410,498564,1697522960.0,3492.0,104,3491.0,6
rb1805,20171010,20171009,210918500,3491.0,48410,498564,1697522960.0,3492.0,125,3491.0,10
rb1805,20171010,20171009,210919000,3491.0,48482,498632,1700036000.0,3491.0,4,3490.0,39
rb1805,20171010,20171009,210919500,3490.0,48488,498636,1700245400.0,3491.0,4,3490.0,110
rb1805,20171010,20171009,210920000,3491.0,48504,498648,1700803900.0,3491.0,2,3490.0,111
rb1805,20171010,20171009,210920500,3492.0,48514,498656,1701152980.0,3492.0,124,3490.0,111
rb1805,20171010,20171009,210921000,3492.0,48532,498668,1701781320.0,3492.0,116,3491.0,1
rb1805,20171010,20171009,210921500,3491.0,48534,498668,1701851140.0,3492.0,113,3491.0,1
rb1805,20171010,20171009,210922000,3491.0,48534,498668,1701851140.0,3492.0,115,3491.0,6
rb1805,20171010,20171009,210922500,3492.0,48550,498684,1702409840.0,3492.0,109,3491.0,20
rb1805,20171010,20171009,210923000,3492.0,48552,498684,1702479680.0,3492.0,104,3491.0,62
rb1805,20171010,20171009,210923500,3492.0,48572,498704,1703178080.0,3492.0,94,3491.0,76
rb1805,20171010,20171009,210924000,3492.0,48762,498872,1709812860.0,3493.0,163,3492.0,164
rb1805,20171010,20171009,210924500,3492.0,48796,498906,1711000160.0,3493.0,158,3492.0,148
rb1805,20171010,20171009,210925000,3493.0,48808,498908,1711419260.0,3493.0,155,3492.0,2
rb1805,20171010,20171009,210925500,3492.0,48870,498902,1713584420.0,3492.0,5,3491.0,72
rb1805,20171010,20171009,210926000,3491.0,48876,498906,1713793900.0,3492.0,18,3491.0,72
rb1805,20171010,20171009,210926500,3492.0,48880,498910,1713933580.0,3492.0,16,3491.0,76
rb1805,20171010,20171009,210927000,3491.0,48886,498908,1714143060.0,3492.0,15,3491.0,74
rb1805,20171010,20171009,210927500,3492.0,48916,498918,1715190640.0,3492.0,1,3491.0,77
rb1805,20171010,20171009,210928000,3492.0,48932,498910,1715749360.0,3492.0,3,3491.0,77
rb1805,20171010,20171009,210928500,3492.0,48946,498916,1716238260.0,3492.0,10,3491.0,37
rb1805,20171010,20171009,210929000,3491.0,48954,498914,1716517600.0,3492.0,11,3491.0,37
rb1805,20171010,20171009,210929500,3492.0,48956,498916,1716587440.0,3492.0,7,3491.0,42
rb1805,20171010,20171009,210930000,3492.0,48974,498924,1717215960.0,3493.0,148,3492.0,9
rb1805,20171010,20171009,210930500,3492.0,48998,498926,1718054060.0,3493.0,161,3492.0,19
rb1805,20171010,20171009,210931000,3493.0,49010,498932,1718473160.0,3493.0,142,3492.0,29
rb1805,20171010,20171009,210931500,3493.0,49012,498932,1718543020.0,3493.0,141,3492.0,44
rb1805,20171010,20171009,210932000,3492.0,49060,498970,1720219180.0,3493.0,141,3492.0,28
rb1805,20171010,20171009,210932500,3492.0,49104,498990,1721755660.0,3493.0,141,3492.0,16
