instrument,tradingday,calendarday,time,lastp,volume,openinterest,turnover,ask1,asksz1,bid1,bidsz1
rb1805,20170904,20170901,183407500,3916.0,0,311034,0.0,0.0,0,0.0,0
rb1805,20170904,20170901,205900500,3916.0,184,310966,7205440.0,3918.0,1,3916.0,28
rb1805,20170904,20170901,210000500,3914.0,312,311002,12216860.0,3914.0,15,3913.0,8
rb1805,20170904,20170901,210001000,3914.0,442,310970,17304980.0,3914.0,24,3913.0,19
rb1805,20170904,20170901,210001500,3916.0,506,310976,19810200.0,3916.0,14,3914.0,56
rb1805,20170904,20170901,210002000,3917.0,574,311026,22473000.0,3917.0,4,3916.0,1
rb1805,20170904,20170901,210002500,3917.0,636,311014,24902400.0,3919.0,1,3917.0,20
rb1805,20170904,20170901,210003000,3920.0,652,311018,25529220.0,3920.0,3,3919.0,6
rb1805,20170904,20170901,210003500,3918.0,674,311026,26391440.0,3921.0,61,3920.0,1
rb1805,20170904,20170901,210004000,3920.0,742,311004,29056460.0,3921.0,60,3920.0,7
rb1805,20170904,20170901,210004500,3920.0,828,311032,32427940.0,3921.0,73,3919.0,2
rb1805,20170904,20170901,210005000,3920.0,856,311050,33525560.0,3920.0,2,3919.0,3
rb1805,20170904,20170901,210005500,3920.0,870,311056,34074400.0,3921.0,41,3920.0,20
rb1805,20170904,20170901,210006000,3921.0,916,311092,35878000.0,3921.0,24,3920.0,14
rb1805,20170904,20170901,210006500,3920.0,978,311136,38308820.0,3920.0,41,3919.0,8
rb1805,20170904,20170901,210007000,3919.0,984,311142,38543960.0,3920.0,99,3919.0,3
rb1805,20170904,20170901,210007500,3920.0,1084,311174,42463940.0,3920.0,50,3919.0,5
rb1805,20170904,20170901,210008000,3919.0,1090,311178,42699080.0,3920.0,52,3919.0,5
rb1805,20170904,20170901,210008500,3920.0,1096,311178,42934280.0,3920.0,49,3919.0,170
rb1805,20170904,20170901,210009000,3920.0,1120,311182,43874880.0,3920.0,53,3919.0,150
rb1805,20170904,20170901,210009500,3920.0,1150,311182,45050880.0,3920.0,28,3919.0,154
rb1805,20170904,20170901,210010000,3920.0,1216,311118,47638100.0,3921.0,14,3920.0,58
rb1805,20170904,20170901,210010500,3920.0,1220,311116,47794920.0,3921.0,19,3920.0,89
rb1805,20170904,20170901,210011000,3921.0,1438,311148,56341360.0,3921.0,15,3920.0,23
rb1805,20170904,20170901,210011500,3920.0,1482,311118,58066220.0,3921.0,9,3920.0,4
rb1805,20170904,20170901,210012000,3921.0,1502,311118,58850420.0,3922.0,15,3921.0,8
rb1805,20170904,20170901,210012500,3922.0,1530,311134,59948500.0,3922.0,6,3921.0,6
rb1805,20170904,20170901,210013000,3920.0,1648,311076,64574120.0,3920.0,46,3919.0,146
rb1805,20170904,20170901,210013500,3921.0,1760,311030,68964560.0,3921.0,3,3920.0,11
rb1805,20170904,20170901,210014000,3920.0,1762,311028,69042960.0,3921.0,20,3920.0,12
rb1805,20170904,20170901,210014500,3920.0,1810,311046,70924660.0,3920.0,5,3919.0,154
rb1805,20170904,20170901,210015000,3920.0,1926,311086,75471000.0,3921.0,46,3920.0,2
rb1805,20170904,20170901,210015500,3921.0,1936,311090,75863020.0,3921.0,49,3920.0,1
rb1805,20170904,20170901,210016000,3920.0,1956,311096,76647020.0,3921.0,49,3920.0,9
rb1805,20170904,20170901,210016500,3920.0,1982,311110,77666200.0,3920.0,72,3919.0,108
rb1805,20170904,20170901,210017000,3919.0,2152,311266,84328580.0,3920.0,49,3919.0,27
rb1805,20170904,20170901,210017500,3919.0,2278,311260,89266580.0,3919.0,65,3918.0,3
rb1805,20170904,20170901,210018000,3919.0,2312,311244,90598900.0,3918.0,14,3917.0,3
rb1805,20170904,20170901,210018500,3917.0,2336,311246,91539160.0,3918.0,27,3916.0,8
rb1805,20170904,20170901,210019000,3917.0,2370,311244,92871140.0,3918.0,17,3917.0,7
rb1805,20170904,20170901,210019500,3917.0,2398,311216,93967900.0,3917.0,6,3916.0,13
rb1805,20170904,20170901,210020000,3916.0,2448,311254,95926580.0,3917.0,1,3916.0,8
rb1805,20170904,20170901,210020500,3916.0,2474,311242,96944740.0,3916.0,25,3915.0,130
rb1805,20170904,20170901,210021000,3916.0,2530,311204,99137740.0,3917.0,1,3916.0,45
rb1805,20170904,20170901,210021500,3916.0,2554,311200,100077640.0,3918.0,4,3917.0,4
rb1805,20170904,20170901,210022000,3917.0,2574,311200,100861140.0,3917.0,1,3916.0,38
rb1805,20170904,20170901,210022500,3916.0,2586,311204,101331080.0,3918.0,5,3916.0,34
rb1805,20170904,20170901,210023000,3918.0,2610,311206,102270960.0,3918.0,4,3916.0,44
rb1805,20170904,20170901,210023500,3918.0,2614,311208,102427640.0,3918.0,6,3917.0,10
rb1805,20170904,20170901,210024000,3916.0,2644,311208,103602640.0,3917.0,49,3916.0,28
rb1805,20170904,20170901,210024500,3916.0,2644,311208,103602640.0,3917.0,50,3916.0,24
rb1805,20170904,20170901,210025000,3917.0,2656,311220,104072680.0,3917.0,44,3916.0,31
rb1805,20170904,20170901,210025500,3917.0,2664,311216,104386020.0,3917.0,42,3916.0,21
rb1805,20170904,20170901,210026000,3916.0,2672,311220,104699320.0,3917.0,41,3916.0,18
rb1805,20170904,20170901,210026500,3916.0,2676,311222,104855960.0,3917.0,41,3916.0,17
rb1805,20170904,20170901,210027000,3916.0,2676,311222,104855960.0,3917.0,42,3916.0,17
rb1805,20170904,20170901,210027500,3916.0,2698,311232,105717580.0,3917.0,37,3916.0,39
rb1805,20170904,20170901,210028000,3917.0,2714,311228,106344260.0,3917.0,31,3916.0,42
rb1805,20170904,20170901,210028500,3917.0,2744,311244,107519260.0,3917.0,21,3916.0,37
rb1805,20170904,20170901,210029000,3916.0,2770,311244,108537580.0,3917.0,13,3916.0,32
rb1805,20170904,20170901,210029500,3917.0,2856,311180,111906200.0,3918.0,14,3917.0,12
rb1805,20170904,20170901,210030000,3917.0,2862,311176,112141220.0,3918.0,10,3917.0,12
rb1805,20170904,20170901,210030500,3917.0,2864,311176,112219560.0,3918.0,10,3917.0,11
rb1805,20170904,20170901,210031000,3918.0,2872,311182,112532980.0,3918.0,12,3917.0,4
rb1805,20170904,20170901,210031500,3918.0,2906,311212,113865080.0,3919.0,8,3918.0,44
rb1805,20170904,20170901,210032000,3918.0,2916,311218,114256880.0,3919.0,9,3918.0,44
rb1805,20170904,20170901,210032500,3918.0,2924,311224,114570380.0,3919.0,11,3918.0,43
rb1805,20170904,20170901,210033000,3918.0,2934,311228,114962220.0,3919.0,9,3918.0,40
rb1805,20170904,20170901,210033500,3918.0,2956,311234,115824200.0,3919.0,38,3918.0,31
rb1805,20170904,20170901,210034000,3918.0,2978,311234,116686160.0,3919.0,18,3918.0,20
rb1805,20170904,20170901,210034500,3918.0,3020,311224,118332080.0,3920.0,32,3918.0,18
rb1805,20170904,20170901,210035000,3918.0,3060,311220,119899280.0,3918.0,28,3917.0,14
rb1805,20170904,20170901,210035500,3917.0,3080,311204,120682860.0,3918.0,19,3917.0,14
rb1805,20170904,20170901,210036000,3918.0,3098,311202,121388020.0,3918.0,15,3917.0,11
rb1805,20170904,20170901,210036500,3918.0,3108,311202,121779820.0,3918.0,10,3917.0,11
rb1805,20170904,20170901,210037000,3919.0,3132,311188,122720180.0,3919.0,1,3918.0,1
rb1805,20170904,20170901,210037500,3919.0,3134,311188,122798560.0,3920.0,33,3918.0,13
rb1805,20170904,20170901,210038000,3918.0,3138,311190,122955300.0,3919.0,18,3918.0,12
rb1805,20170904,20170901,210038500,3918.0,3140,311192,123033660.0,3919.0,18,3918.0,11
rb1805,20170904,20170901,210039000,3918.0,3140,311192,123033660.0,3919.0,19,3918.0,5
rb1805,20170904,20170901,210039500,3918.0,3150,311192,123425460.0,3918.0,6,3917.0,12
rb1805,20170904,20170901,210040000,3918.0,3208,311188,125698300.0,3920.0,30,3918.0,4
rb1805,20170904,20170901,210040500,3918.0,3212,311188,125855020.0,3920.0,30,3918.0,12
rb1805,20170904,20170901,210041000,3920.0,3218,311192,126090180.0,3920.0,28,3919.0,45
rb1805,20170904,20170901,210041500,3920.0,3270,311228,128128580.0,3921.0,30,3919.0,50
rb1805,20170904,20170901,210042000,3920.0,3274,311224,128285380.0,3921.0,30,3919.0,52
rb1805,20170904,20170901,210042500,3921.0,3334,311198,130637980.0,3922.0,13,3921.0,9
rb1805,20170904,20170901,210043000,3921.0,3442,311200,134871780.0,3921.0,1,3920.0,12
rb1805,20170904,20170901,210043500,3921.0,3446,311200,135028620.0,3922.0,23,3921.0,8
rb1805,20170904,20170901,210044000,3921.0,3462,311184,135655980.0,3922.0,23,3921.0,6
rb1805,20170904,20170901,210044500,3921.0,3504,311178,137302800.0,3921.0,47,3920.0,5
rb1805,20170904,20170901,210045000,3918.0,3620,311162,141848080.0,3918.0,44,3917.0,23
rb1805,20170904,20170901,210045500,3920.0,3710,311122,145374320.0,3921.0,36,3920.0,21
rb1805,20170904,20170901,210046000,3920.0,3760,311080,147334320.0,3920.0,6,3919.0,2
rb1805,20170904,20170901,210046500,3920.0,3770,311080,147726320.0,3920.0,1,3919.0,50
rb1805,20170904,20170901,210047000,3919.0,3796,311076,148745320.0,3921.0,32,3919.0,46
rb1805,20170904,20170901,210047500,3919.0,3796,311076,148745320.0,3921.0,32,3920.0,5
rb1805,20170904,20170901,210048000,3921.0,3808,311084,149215800.0,3921.0,28,3920.0,72
rb1805,20170904,20170901,210048500,3920.0,3818,311084,149607860.0,3921.0,25,3920.0,71
rb1805,20170904,20170901,210049000,3920.0,3828,311076,149999860.0,3921.0,25,3920.0,66
rb1805,20170904,20170901,210049500,3920.0,3832,311076,150156680.0,3921.0,34,3920.0,70
rb1805,20170904,20170901,210050000,3921.0,3858,311084,151176120.0,3921.0,22,3920.0,70
rb1805,20170904,20170901,210050500,3921.0,3858,311084,151176120.0,3921.0,23,3920.0,70
rb1805,20170904,20170901,210051000,3921.0,3858,311084,151176120.0,3921.0,23,3920.0,70
rb1805,20170904,20170901,210051500,3921.0,3912,311040,153293460.0,3922.0,32,3921.0,34
rb1805,20170904,20170901,210052000,3921.0,3922,311030,153685560.0,3922.0,32,3921.0,81
rb1805,20170904,20170901,210052500,3922.0,3924,311032,153764000.0,3922.0,31,3921.0,98
rb1805,20170904,20170901,210053000,3921.0,4008,311022,157058260.0,3923.0,25,3922.0,43
rb1805,20170904,20170901,210053500,3921.0,4008,311022,157058260.0,3923.0,26,3922.0,94
rb1805,20170904,20170901,210054000,3921.0,4008,311022,157058260.0,3923.0,26,3922.0,58
rb1805,20170904,20170901,210054500,3923.0,4012,311020,157215160.0,3923.0,25,3922.0,37
rb1805,20170904,20170901,210055000,3923.0,4034,311016,158078180.0,3923.0,17,3922.0,41
rb1805,20170904,20170901,210055500,3923.0,4054,311006,158862780.0,3923.0,17,3922.0,91
rb1805,20170904,20170901,210056000,3924.0,4122,311018,161530660.0,3924.0,2,3923.0,10
rb1805,20170904,20170901,210056500,3923.0,4154,311008,162786240.0,3925.0,29,3923.0,16
rb1805,20170904,20170901,210057000,3925.0,4238,310954,166081820.0,3925.0,26,3924.0,5
rb1805,20170904,20170901,210057500,3924.0,4278,310934,167651240.0,3924.0,34,3923.0,1
rb1805,20170904,20170901,210058000,3924.0,4282,310932,167808200.0,3924.0,32,3923.0,7
rb1805,20170904,20170901,210058500,3925.0,4476,310978,175422040.0,3926.0,18,3925.0,4
rb1805,20170904,20170901,210059000,3925.0,4506,310980,176599380.0,3924.0,9,3923.0,18
rb1805,20170904,20170901,210059500,3924.0,4540,310986,177933540.0,3924.0,6,3923.0,16
rb1805,20170904,20170901,210100000,3925.0,4590,310984,179895280.0,3925.0,12,3924.0,80
rb1805,20170904,20170901,210100500,3925.0,4600,310988,180287760.0,3925.0,8,3924.0,79
rb1805,20170904,20170901,210101000,3925.0,4606,310994,180523260.0,3926.0,20,3925.0,22
rb1805,20170904,20170901,210101500,3926.0,4682,310984,183506660.0,3927.0,18,3925.0,84
rb1805,20170904,20170901,210102000,3926.0,5102,310854,199991100.0,3927.0,53,3926.0,9
rb1805,20170904,20170901,210102500,3924.0,5180,310832,203051800.0,3925.0,1,3923.0,7
rb1805,20170904,20170901,210103000,3924.0,5222,310852,204700280.0,3926.0,24,3924.0,18
rb1805,20170904,20170901,210103500,3926.0,5224,310854,204778800.0,3925.0,3,3924.0,23
rb1805,20170904,20170901,210104000,3925.0,5254,310858,205956300.0,3926.0,45,3925.0,18
rb1805,20170904,20170901,210104500,3925.0,5264,310864,206348840.0,3926.0,45,3925.0,27
rb1805,20170904,20170901,210105000,3926.0,5272,310864,206662920.0,3926.0,41,3925.0,23
rb1805,20170904,20170901,210105500,3925.0,5370,310870,210509000.0,3925.0,69,3924.0,5
rb1805,20170904,20170901,210106000,3925.0,5390,310890,211293960.0,3925.0,70,3924.0,4
rb1805,20170904,20170901,210106500,3925.0,5416,310910,212314320.0,3925.0,67,3924.0,1
rb1805,20170904,20170901,210107000,3925.0,5424,310912,212628320.0,3925.0,61,3924.0,19
rb1805,20170904,20170901,210107500,3925.0,5444,310910,213413280.0,3925.0,53,3924.0,18
rb1805,20170904,20170901,210108000,3925.0,5454,310902,213805720.0,3925.0,51,3924.0,15
rb1805,20170904,20170901,210108500,3925.0,5660,311030,221892200.0,3926.0,1,3925.0,84
rb1805,20170904,20170901,210109000,3926.0,5674,311034,222441820.0,3926.0,3,3925.0,85
rb1805,20170904,20170901,210109500,3926.0,5704,311058,223619360.0,3926.0,1,3925.0,74
rb1805,20170904,20170901,210110000,3926.0,5724,311064,224404460.0,3926.0,1,3925.0,70
rb1805,20170904,20170901,210110500,3925.0,5732,311064,224718460.0,3926.0,2,3925.0,68
rb1805,20170904,20170901,210111000,3926.0,5914,311146,231862420.0,3926.0,1,3924.0,18
rb1805,20170904,20170901,210111500,3925.0,5916,311146,231940920.0,3926.0,21,3924.0,21
rb1805,20170904,20170901,210112000,3925.0,5924,311144,232254860.0,3925.0,1,3924.0,18
rb1805,20170904,20170901,210112500,3925.0,5934,311146,232647360.0,3925.0,6,3924.0,17
rb1805,20170904,20170901,210113000,3925.0,5980,311182,234452420.0,3925.0,40,3923.0,31
rb1805,20170904,20170901,210113500,3925.0,5980,311182,234452420.0,3925.0,40,3923.0,11
rb1805,20170904,20170901,210114000,3925.0,5990,311190,234844920.0,3925.0,53,3923.0,11
rb1805,20170904,20170901,210114500,3925.0,5998,311198,235158820.0,3925.0,60,3923.0,18
rb1805,20170904,20170901,210115000,3924.0,6010,311206,235629780.0,3925.0,57,3924.0,2
rb1805,20170904,20170901,210115500,3924.0,6016,311206,235865260.0,3925.0,55,3924.0,1
rb1805,20170904,20170901,210116000,3924.0,6046,311210,237042660.0,3925.0,45,3924.0,6
rb1805,20170904,20170901,210116500,3923.0,6138,311156,240652060.0,3923.0,56,3922.0,32
rb1805,20170904,20170901,210117000,3923.0,6250,311112,245045820.0,3925.0,47,3923.0,42
rb1805,20170904,20170901,210117500,3923.0,6260,311102,245438120.0,3925.0,43,3923.0,40
rb1805,20170904,20170901,210118000,3925.0,6268,311102,245752040.0,3925.0,42,3924.0,1
rb1805,20170904,20170901,210118500,3925.0,6350,311086,248970040.0,3925.0,14,3923.0,5
rb1805,20170904,20170901,210119000,3925.0,6350,311086,248970040.0,3925.0,40,3923.0,10
rb1805,20170904,20170901,210119500,3925.0,6350,311086,248970040.0,3925.0,40,3923.0,71
rb1805,20170904,20170901,210120000,3925.0,6350,311086,248970040.0,3925.0,50,3924.0,21
rb1805,20170904,20170901,210120500,3925.0,6362,311082,249440960.0,3925.0,42,3924.0,22
rb1805,20170904,20170901,210121000,3925.0,6376,311094,249990460.0,3925.0,36,3924.0,22
rb1805,20170904,20170901,210121500,3925.0,6388,311102,250461460.0,3925.0,10,3924.0,22
rb1805,20170904,20170901,210122000,3924.0,6402,311090,251010920.0,3925.0,5,3924.0,20
rb1805,20170904,20170901,210122500,3925.0,6412,311090,251403420.0,3926.0,37,3925.0,6
rb1805,20170904,20170901,210123000,3925.0,6416,311088,251560420.0,3926.0,40,3925.0,11
rb1805,20170904,20170901,210123500,3925.0,6420,311084,251717420.0,3926.0,40,3925.0,12
rb1805,20170904,20170901,210124000,3926.0,6442,311100,252581120.0,3926.0,29,3925.0,15
rb1805,20170904,20170901,210124500,3925.0,6508,311080,255172240.0,3926.0,2,3925.0,20
rb1805,20170904,20170901,210125000,3925.0,6568,311114,257527480.0,3927.0,133,3926.0,1
rb1805,20170904,20170901,210125500,3926.0,6578,311122,257920100.0,3927.0,127,3926.0,13
rb1805,20170904,20170901,210126000,3926.0,6578,311122,257920100.0,3927.0,127,3926.0,65
rb1805,20170904,20170901,210126500,3926.0,6710,311188,263103680.0,3927.0,64,3926.0,67
rb1805,20170904,20170901,210127000,3927.0,6764,311190,265224260.0,3927.0,38,3926.0,67
rb1805,20170904,20170901,210127500,3927.0,6846,311158,268444420.0,3928.0,49,3927.0,44
rb1805,20170904,20170901,210128000,3928.0,6906,311172,270801200.0,3929.0,37,3928.0,2
rb1805,20170904,20170901,210128500,3928.0,6930,311178,271743920.0,3929.0,38,3927.0,69
rb1805,20170904,20170901,210129000,3929.0,6988,311148,274022540.0,3929.0,15,3927.0,67
rb1805,20170904,20170901,210129500,3928.0,7020,311156,275279600.0,3928.0,1,3927.0,69
rb1805,20170904,20170901,210130000,3928.0,7044,311176,276222520.0,3929.0,30,3928.0,3
rb1805,20170904,20170901,210130500,3929.0,7052,311182,276536780.0,3928.0,3,3927.0,39
rb1805,20170904,20170901,210131000,3928.0,7064,311188,277008140.0,3929.0,30,3928.0,2
rb1805,20170904,20170901,210131500,3927.0,7094,311186,278186460.0,3929.0,19,3927.0,36
rb1805,20170904,20170901,210132000,3929.0,7096,311188,278265040.0,3929.0,26,3927.0,36
rb1805,20170904,20170901,210132500,3929.0,7126,311194,279443740.0,3929.0,12,3928.0,2
rb1805,20170904,20170901,210133000,3928.0,7170,311186,281171820.0,3928.0,8,3927.0,27
rb1805,20170904,20170901,210133500,3929.0,7220,311158,283136080.0,3929.0,48,3928.0,7
rb1805,20170904,20170901,210134000,3929.0,7326,311168,287300420.0,3929.0,7,3928.0,1
rb1805,20170904,20170901,210134500,3929.0,7342,311170,287928920.0,3928.0,4,3927.0,29
rb1805,20170904,20170901,210135000,3928.0,7364,311166,288793080.0,3929.0,16,3928.0,5
rb1805,20170904,20170901,210135500,3927.0,7384,311166,289578660.0,3929.0,26,3927.0,38
rb1805,20170904,20170901,210136000,3927.0,7402,311178,290285720.0,3929.0,44,3927.0,27
rb1805,20170904,20170901,210136500,3929.0,7414,311174,290757160.0,3929.0,40,3928.0,1
rb1805,20170904,20170901,210137000,3928.0,7428,311172,291307140.0,3929.0,43,3927.0,55
rb1805,20170904,20170901,210137500,3927.0,7452,311158,292249700.0,3929.0,47,3927.0,48
rb1805,20170904,20170901,210138000,3928.0,7458,311162,292485420.0,3929.0,55,3927.0,58
rb1805,20170904,20170901,210138500,3929.0,7462,311162,292642560.0,3929.0,55,3927.0,57
rb1805,20170904,20170901,210139000,3929.0,7464,311162,292721140.0,3929.0,55,3927.0,35
rb1805,20170904,20170901,210139500,3929.0,7468,311162,292878300.0,3929.0,44,3927.0,36
rb1805,20170904,20170901,210140000,3927.0,7514,311190,294685540.0,3929.0,24,3927.0,71
rb1805,20170904,20170901,210140500,3929.0,7544,311202,295864200.0,3929.0,11,3927.0,76
rb1805,20170904,20170901,210141000,3929.0,7580,311224,297278640.0,3929.0,11,3928.0,1
rb1805,20170904,20170901,210141500,3928.0,7592,311222,297750000.0,3928.0,17,3927.0,73
rb1805,20170904,20170901,210142000,3928.0,7606,311220,298299920.0,3928.0,15,3927.0,98
rb1805,20170904,20170901,210142500,3928.0,7644,311224,299792560.0,3929.0,22,3928.0,36
rb1805,20170904,20170901,210143000,3928.0,7654,311218,300185380.0,3929.0,21,3928.0,33
rb1805,20170904,20170901,210143500,3928.0,7720,311186,302777860.0,3928.0,2,3927.0,104
rb1805,20170904,20170901,210144000,3927.0,7722,311186,302856400.0,3928.0,8,3927.0,96
rb1805,20170904,20170901,210144500,3927.0,7722,311186,302856400.0,3928.0,4,3927.0,96
rb1805,20170904,20170901,210145000,3927.0,7722,311186,302856400.0,3928.0,11,3927.0,101
rb1805,20170904,20170901,210145500,3928.0,7726,311186,303013500.0,3928.0,14,3927.0,100
rb1805,20170904,20170901,210146000,3927.0,7738,311186,303484840.0,3928.0,10,3927.0,99
rb1805,20170904,20170901,210146500,3928.0,7744,311188,303720520.0,3928.0,8,3927.0,109
rb1805,20170904,20170901,210147000,3928.0,7786,311204,305370520.0,3929.0,109,3928.0,13
rb1805,20170904,20170901,210147500,3928.0,7806,311206,306156140.0,3929.0,108,3928.0,7
rb1805,20170904,20170901,210148000,3928.0,7808,311206,306234700.0,3929.0,108,3928.0,6
rb1805,20170904,20170901,210148500,3928.0,7826,311204,306941740.0,3928.0,91,3927.0,108
rb1805,20170904,20170901,210149000,3928.0,7834,311204,307255980.0,3928.0,65,3927.0,109
rb1805,20170904,20170901,210149500,3928.0,7844,311206,307648780.0,3928.0,50,3927.0,109
rb1805,20170904,20170901,210150000,3927.0,7850,311212,307884420.0,3928.0,50,3927.0,107
rb1805,20170904,20170901,210150500,3927.0,7882,311222,309141200.0,3928.0,43,3927.0,98
rb1805,20170904,20170901,210151000,3928.0,7886,311226,309298320.0,3928.0,174,3927.0,98
rb1805,20170904,20170901,210151500,3928.0,7902,311240,309926800.0,3928.0,166,3927.0,98
rb1805,20170904,20170901,210152000,3927.0,7920,311256,310633680.0,3928.0,165,3927.0,90
rb1805,20170904,20170901,210152500,3927.0,7924,311258,310790760.0,3928.0,166,3927.0,88
rb1805,20170904,20170901,210153000,3927.0,8100,311150,317702280.0,3927.0,3,3926.0,36
rb1805,20170904,20170901,210153500,3927.0,8100,311150,317702280.0,3927.0,9,3926.0,36
rb1805,20170904,20170901,210154000,3927.0,8188,311150,321158640.0,3927.0,4,3926.0,48
rb1805,20170904,20170901,210154500,3927.0,8230,311158,322807980.0,3928.0,111,3927.0,1
rb1805,20170904,20170901,210155000,3926.0,8268,311158,324300020.0,3927.0,3,3926.0,34
rb1805,20170904,20170901,210155500,3927.0,8284,311150,324928340.0,3928.0,111,3927.0,8
rb1805,20170904,20170901,210156000,3927.0,8290,311146,325164000.0,3928.0,112,3927.0,7
rb1805,20170904,20170901,210156500,3926.0,8354,311146,327676900.0,3927.0,1,3926.0,16
rb1805,20170904,20170901,210157000,3927.0,8372,311158,328383760.0,3927.0,10,3926.0,11
rb1805,20170904,20170901,210157500,3926.0,8408,311190,329797120.0,3927.0,21,3925.0,35
rb1805,20170904,20170901,210158000,3927.0,8416,311194,330111280.0,3927.0,20,3926.0,7
rb1805,20170904,20170901,210158500,3927.0,8462,311174,331917700.0,3927.0,14,3926.0,58
rb1805,20170904,20170901,210159000,3926.0,8470,311172,332231780.0,3927.0,20,3925.0,44
rb1805,20170904,20170901,210159500,3926.0,8470,311172,332231780.0,3926.0,3,3925.0,25
rb1805,20170904,20170901,210200000,3925.0,8480,311174,332624340.0,3926.0,2,3925.0,23
rb1805,20170904,20170901,210200500,3927.0,8488,311176,332938460.0,3926.0,5,3925.0,24
rb1805,20170904,20170901,210201000,3926.0,8500,311178,333409580.0,3927.0,24,3926.0,5
rb1805,20170904,20170901,210201500,3926.0,8560,311152,335765660.0,3927.0,4,3926.0,24
rb1805,20170904,20170901,210202000,3928.0,8574,311144,336315480.0,3928.0,118,3926.0,25
rb1805,20170904,20170901,210202500,3925.0,8682,311056,340554580.0,3927.0,50,3925.0,2
rb1805,20170904,20170901,210203000,3925.0,8688,311058,340790080.0,3925.0,3,3924.0,25
rb1805,20170904,20170901,210203500,3925.0,8702,311052,341339580.0,3925.0,4,3924.0,39
rb1805,20170904,20170901,210204000,3924.0,8712,311042,341731980.0,3926.0,29,3925.0,2
rb1805,20170904,20170901,210204500,3925.0,8734,311048,342595480.0,3925.0,40,3924.0,6
rb1805,20170904,20170901,210205000,3924.0,8758,311048,343537180.0,3924.0,9,3923.0,91
rb1805,20170904,20170901,210205500,3924.0,8876,311084,348166660.0,3924.0,2,3923.0,99
rb1805,20170904,20170901,210206000,3923.0,9002,311044,353109660.0,3924.0,28,3923.0,10
rb1805,20170904,20170901,210206500,3923.0,9024,311064,353972720.0,3923.0,39,3922.0,19
rb1805,20170904,20170901,210207000,3922.0,9074,311056,355933820.0,3922.0,22,3921.0,27
rb1805,20170904,20170901,210207500,3921.0,9148,311096,358835420.0,3922.0,25,3921.0,34
rb1805,20170904,20170901,210208000,3921.0,9192,311062,360560740.0,3922.0,21,3921.0,21
rb1805,20170904,20170901,210208500,3921.0,9258,311038,363148600.0,3921.0,12,3920.0,43
rb1805,20170904,20170901,210209000,3922.0,9302,311006,364873920.0,3922.0,12,3921.0,29
rb1805,20170904,20170901,210209500,3922.0,9308,311002,365109220.0,3922.0,10,3921.0,3
rb1805,20170904,20170901,210210000,3921.0,9330,311008,365971840.0,3921.0,3,3920.0,43
rb1805,20170904,20170901,210210500,3921.0,9338,311006,366285520.0,3921.0,8,3920.0,99
rb1805,20170904,20170901,210211000,3921.0,9346,311004,366599200.0,3921.0,12,3920.0,50
rb1805,20170904,20170901,210211500,3921.0,9388,311020,368246040.0,3922.0,30,3921.0,3
rb1805,20170904,20170901,210212000,3920.0,9410,311028,369108560.0,3922.0,32,3920.0,46
rb1805,20170904,20170901,210212500,3920.0,9428,311040,369814200.0,3921.0,34,3920.0,20
rb1805,20170904,20170901,210213000,3921.0,9476,311060,371695880.0,3921.0,30,3919.0,46
rb1805,20170904,20170901,210213500,3921.0,9480,311062,371852720.0,3921.0,58,3919.0,46
rb1805,20170904,20170901,210214000,3919.0,9522,311054,373498740.0,3921.0,58,3919.0,26
rb1805,20170904,20170901,210214500,3920.0,9546,311072,374439460.0,3921.0,54,3920.0,1
rb1805,20170904,20170901,210215000,3921.0,9576,311086,375615460.0,3921.0,58,3920.0,1
rb1805,20170904,20170901,210215500,3920.0,9620,311128,377339860.0,3920.0,28,3919.0,4
rb1805,20170904,20170901,210216000,3921.0,9704,311200,380632460.0,3921.0,60,3919.0,3
rb1805,20170904,20170901,210216500,3921.0,9726,311184,381494720.0,3921.0,58,3920.0,1
rb1805,20170904,20170901,210217000,3920.0,9750,311184,382435340.0,3920.0,36,3918.0,171
rb1805,20170904,20170901,210217500,3920.0,9752,311186,382513740.0,3920.0,46,3918.0,171
rb1805,20170904,20170901,210218000,3920.0,9752,311186,382513740.0,3920.0,47,3919.0,5
rb1805,20170904,20170901,210218500,3919.0,9776,311206,383454300.0,3919.0,8,3918.0,174
rb1805,20170904,20170901,210219000,3920.0,9802,311200,384473260.0,3920.0,37,3919.0,15
rb1805,20170904,20170901,210219500,3919.0,9804,311202,384551640.0,3920.0,37,3919.0,34
rb1805,20170904,20170901,210220000,3920.0,9852,311232,386433240.0,3921.0,46,3920.0,13
rb1805,20170904,20170901,210220500,3920.0,9898,311210,388236400.0,3920.0,1,3919.0,37
rb1805,20170904,20170901,210221000,3920.0,9910,311210,388706800.0,3920.0,2,3919.0,41
rb1805,20170904,20170901,210221500,3919.0,9994,311240,391998780.0,3920.0,19,3919.0,8
rb1805,20170904,20170901,210222000,3919.0,10036,311236,393644840.0,3919.0,2,3918.0,201
rb1805,20170904,20170901,210222500,3919.0,10054,311226,394350280.0,3920.0,20,3919.0,1
rb1805,20170904,20170901,210223000,3919.0,10070,311228,394977300.0,3920.0,20,3919.0,1
rb1805,20170904,20170901,210223500,3920.0,10078,311234,395290880.0,3919.0,1,3918.0,199
rb1805,20170904,20170901,210224000,3919.0,10092,311234,395839540.0,3920.0,14,3918.0,200
rb1805,20170904,20170901,210224500,3919.0,10094,311236,395917920.0,3919.0,2,3918.0,200
rb1805,20170904,20170901,210225000,3919.0,10198,311258,399992680.0,3919.0,14,3918.0,150
rb1805,20170904,20170901,210225500,3919.0,10316,311374,404615980.0,3919.0,102,3918.0,94
rb1805,20170904,20170901,210226000,3918.0,10506,311474,412060180.0,3918.0,59,3917.0,42
rb1805,20170904,20170901,210226500,3917.0,10548,311472,413705560.0,3918.0,47,3917.0,21
rb1805,20170904,20170901,210227000,3916.0,10668,311570,418405220.0,3916.0,11,3915.0,79
rb1805,20170904,20170901,210227500,3916.0,10714,311590,420206740.0,3918.0,56,3916.0,35
rb1805,20170904,20170901,210228000,3916.0,10736,311606,421068300.0,3917.0,4,3916.0,4
rb1805,20170904,20170901,210228500,3917.0,10758,311602,421930040.0,3918.0,57,3917.0,2
rb1805,20170904,20170901,210229000,3917.0,10768,311600,422321740.0,3918.0,35,3917.0,7
rb1805,20170904,20170901,210229500,3918.0,10832,311620,424829260.0,3919.0,104,3918.0,3
rb1805,20170904,20170901,210230000,3918.0,11090,311442,434939780.0,3920.0,9,3918.0,53
rb1805,20170904,20170901,210230500,3919.0,11118,311442,436037300.0,3921.0,52,3919.0,9
rb1805,20170904,20170901,210231000,3920.0,11120,311440,436115700.0,3921.0,27,3920.0,2
rb1805,20170904,20170901,210231500,3920.0,11136,311436,436742960.0,3921.0,14,3920.0,17
rb1805,20170904,20170901,210232000,3921.0,11174,311456,438232940.0,3922.0,38,3921.0,13
rb1805,20170904,20170901,210232500,3921.0,11194,311472,439017120.0,3921.0,17,3920.0,18
rb1805,20170904,20170901,210233000,3921.0,11198,311474,439173940.0,3921.0,20,3920.0,15
rb1805,20170904,20170901,210233500,3921.0,11198,311474,439173940.0,3921.0,22,3920.0,9
rb1805,20170904,20170901,210234000,3921.0,11204,311478,439409180.0,3921.0,23,3920.0,8
rb1805,20170904,20170901,210234500,3922.0,11254,311520,441369700.0,3921.0,15,3919.0,74
rb1805,20170904,20170901,210235000,3922.0,11258,311520,441526580.0,3920.0,1,3919.0,62
rb1805,20170904,20170901,210235500,3920.0,11286,311498,442624140.0,3921.0,19,3919.0,60
rb1805,20170904,20170901,210236000,3920.0,11300,311498,443172860.0,3921.0,29,3919.0,54
rb1805,20170904,20170901,210236500,3919.0,11368,311514,445837780.0,3919.0,2,3918.0,64
rb1805,20170904,20170901,210237000,3919.0,11370,311514,445916160.0,3919.0,3,3918.0,63
rb1805,20170904,20170901,210237500,3919.0,11378,311518,446229680.0,3920.0,25,3919.0,2
rb1805,20170904,20170901,210238000,3919.0,11382,311514,446386440.0,3920.0,25,3919.0,6
rb1805,20170904,20170901,210238500,3919.0,11382,311514,446386440.0,3920.0,25,3919.0,7
rb1805,20170904,20170901,210239000,3919.0,11398,311516,447013480.0,3919.0,57,3918.0,62
rb1805,20170904,20170901,210239500,3920.0,11618,311568,455635800.0,3920.0,1,3919.0,48
rb1805,20170904,20170901,210240000,3919.0,11630,311558,456106100.0,3921.0,24,3920.0,1
rb1805,20170904,20170901,210240500,3920.0,11634,311558,456262900.0,3920.0,1,3919.0,34
rb1805,20170904,20170901,210241000,3919.0,11648,311562,456811680.0,3920.0,27,3919.0,32
rb1805,20170904,20170901,210241500,3920.0,11650,311564,456890080.0,3920.0,26,3919.0,39
rb1805,20170904,20170901,210242000,3920.0,11702,311562,458928480.0,3921.0,33,3920.0,5
rb1805,20170904,20170901,210242500,3920.0,11706,311564,459085300.0,3921.0,31,3920.0,6
rb1805,20170904,20170901,210243000,3920.0,11706,311564,459085300.0,3921.0,31,3920.0,6
rb1805,20170904,20170901,210243500,3920.0,11728,311564,459947720.0,3921.0,44,3919.0,46
rb1805,20170904,20170901,210244000,3920.0,11728,311564,459947720.0,3920.0,19,3919.0,38
rb1805,20170904,20170901,210244500,3919.0,11730,311562,460026100.0,3920.0,19,3919.0,20
rb1805,20170904,20170901,210245000,3919.0,11758,311542,461123420.0,3919.0,36,3918.0,96
rb1805,20170904,20170901,210245500,3918.0,11818,311542,463474220.0,3919.0,52,3918.0,66
rb1805,20170904,20170901,210246000,3918.0,11954,311652,468802700.0,3918.0,30,3917.0,37
rb1805,20170904,20170901,210246500,3917.0,11976,311656,469664440.0,3917.0,19,3916.0,88
rb1805,20170904,20170901,210247000,3917.0,12004,311674,470761200.0,3917.0,5,3916.0,86
rb1805,20170904,20170901,210247500,3917.0,12020,311688,471387840.0,3917.0,20,3916.0,77
rb1805,20170904,20170901,210248000,3917.0,12028,311684,471701140.0,3917.0,19,3916.0,74
rb1805,20170904,20170901,210248500,3917.0,12048,311686,472484380.0,3917.0,23,3916.0,76
rb1805,20170904,20170901,210249000,3916.0,12062,311680,473032640.0,3917.0,34,3916.0,80
rb1805,20170904,20170901,210249500,3916.0,12240,311702,480003120.0,3916.0,32,3915.0,105
rb1805,20170904,20170901,210250000,3915.0,12454,311772,488381200.0,3915.0,27,3914.0,37
rb1805,20170904,20170901,210250500,3915.0,12524,311778,491121160.0,3915.0,32,3914.0,10
rb1805,20170904,20170901,210251000,3914.0,12548,311782,492060520.0,3914.0,11,3913.0,11
rb1805,20170904,20170901,210251500,3914.0,12550,311784,492138800.0,3914.0,15,3913.0,9
rb1805,20170904,20170901,210252000,3914.0,12602,311794,494173300.0,3914.0,15,3913.0,5
rb1805,20170904,20170901,210252500,3914.0,12622,311806,494956060.0,3914.0,8,3913.0,3
rb1805,20170904,20170901,210253000,3913.0,12654,311812,496208440.0,3913.0,8,3912.0,26
rb1805,20170904,20170901,210253500,3915.0,12714,311788,498556420.0,3915.0,13,3913.0,19
rb1805,20170904,20170901,210254000,3913.0,12722,311784,498869480.0,3914.0,3,3913.0,16
rb1805,20170904,20170901,210254500,3913.0,12734,311784,499339040.0,3914.0,19,3913.0,9
rb1805,20170904,20170901,210255000,3914.0,12812,311776,502391340.0,3914.0,51,3913.0,19
rb1805,20170904,20170901,210255500,3913.0,12842,311780,503565340.0,3915.0,17,3913.0,15
rb1805,20170904,20170901,210256000,3915.0,12874,311792,504817540.0,3915.0,26,3914.0,5
rb1805,20170904,20170901,210256500,3915.0,12898,311778,505756760.0,3915.0,18,3912.0,49
rb1805,20170904,20170901,210257000,3913.0,12912,311778,506304600.0,3914.0,32,3913.0,19
rb1805,20170904,20170901,210257500,3913.0,12942,311774,507478680.0,3914.0,23,3913.0,14
rb1805,20170904,20170901,210258000,3913.0,12958,311766,508104760.0,3914.0,34,3913.0,11
rb1805,20170904,20170901,210258500,3914.0,12964,311770,508339580.0,3914.0,33,3913.0,25
rb1805,20170904,20170901,210259000,3914.0,12978,311772,508887460.0,3914.0,29,3913.0,21
rb1805,20170904,20170901,210259500,3914.0,13010,311764,510139680.0,3914.0,16,3913.0,10
rb1805,20170904,20170901,210300000,3912.0,13046,311768,511548340.0,3913.0,16,3912.0,67
rb1805,20170904,20170901,210300500,3914.0,13152,311746,515696140.0,3914.0,25,3913.0,109
rb1805,20170904,20170901,210301000,3914.0,13216,311724,518201100.0,3915.0,13,3914.0,30
rb1805,20170904,20170901,210301500,3914.0,13246,311734,519375320.0,3915.0,6,3914.0,28
rb1805,20170904,20170901,210302000,3916.0,13342,311710,523134600.0,3917.0,29,3915.0,48
rb1805,20170904,20170901,210302500,3917.0,13372,311726,524309620.0,3917.0,86,3916.0,9
rb1805,20170904,20170901,210303000,3916.0,13502,311646,529399340.0,3916.0,106,3915.0,1
rb1805,20170904,20170901,210303500,3916.0,13520,311644,530104100.0,3916.0,86,3915.0,5
rb1805,20170904,20170901,210304000,3915.0,13552,311650,531356980.0,3916.0,58,3915.0,12
rb1805,20170904,20170901,210304500,3916.0,13580,311656,532453420.0,3916.0,10,3915.0,15
rb1805,20170904,20170901,210305000,3916.0,13624,311638,534176480.0,3917.0,38,3916.0,5
rb1805,20170904,20170901,210305500,3917.0,13630,311640,534411480.0,3917.0,36,3916.0,8
rb1805,20170904,20170901,210306000,3916.0,13650,311638,535194700.0,3916.0,7,3915.0,29
rb1805,20170904,20170901,210306500,3917.0,13668,311636,535899600.0,3917.0,66,3916.0,12
rb1805,20170904,20170901,210307000,3917.0,13672,311636,536056260.0,3917.0,79,3916.0,3
rb1805,20170904,20170901,210307500,3915.0,13682,311634,536447840.0,3916.0,6,3915.0,27
rb1805,20170904,20170901,210308000,3916.0,13694,311634,536917740.0,3916.0,1,3915.0,29
rb1805,20170904,20170901,210308500,3916.0,13700,311634,537152700.0,3916.0,1,3915.0,34
rb1805,20170904,20170901,210309000,3916.0,13704,311634,537309340.0,3916.0,15,3915.0,34
rb1805,20170904,20170901,210309500,3916.0,13734,311646,538484140.0,3917.0,39,3916.0,16
rb1805,20170904,20170901,210310000,3917.0,13752,311648,539189080.0,3917.0,35,3916.0,19
rb1805,20170904,20170901,210310500,3916.0,13754,311650,539267400.0,3917.0,36,3916.0,28
rb1805,20170904,20170901,210311000,3916.0,13776,311646,540128920.0,3917.0,36,3916.0,27
rb1805,20170904,20170901,210311500,3916.0,13778,311648,540207240.0,3917.0,42,3916.0,28
rb1805,20170904,20170901,210312000,3916.0,13782,311650,540363880.0,3917.0,42,3916.0,27
rb1805,20170904,20170901,210312500,3916.0,13826,311654,542086920.0,3917.0,42,3916.0,7
rb1805,20170904,20170901,210313000,3917.0,13828,311652,542165260.0,3917.0,41,3916.0,7
rb1805,20170904,20170901,210313500,3917.0,13848,311658,542948560.0,3917.0,36,3916.0,2
rb1805,20170904,20170901,210314000,3917.0,13922,311602,545847140.0,3918.0,9,3917.0,10
rb1805,20170904,20170901,210314500,3918.0,13940,311600,546552380.0,3919.0,28,3917.0,32
rb1805,20170904,20170901,210315000,3917.0,13952,311594,547022420.0,3919.0,64,3917.0,39
rb1805,20170904,20170901,210315500,3918.0,14010,311574,549295420.0,3919.0,36,3918.0,22
rb1805,20170904,20170901,210316000,3919.0,14066,311520,551490060.0,3920.0,24,3919.0,32
rb1805,20170904,20170901,210316500,3919.0,14136,311528,554233620.0,3920.0,14,3919.0,14
rb1805,20170904,20170901,210317000,3919.0,14218,311490,557448400.0,3921.0,12,3920.0,9
rb1805,20170904,20170901,210317500,3920.0,14240,311484,558310780.0,3920.0,1,3919.0,29
rb1805,20170904,20170901,210318000,3920.0,14296,311488,560505860.0,3920.0,14,3919.0,2
rb1805,20170904,20170901,210318500,3920.0,14300,311486,560662640.0,3920.0,12,3919.0,7
rb1805,20170904,20170901,210319000,3919.0,14318,311486,561368060.0,3920.0,65,3918.0,42
rb1805,20170904,20170901,210319500,3920.0,14336,311482,562073660.0,3920.0,28,3918.0,14
rb1805,20170904,20170901,210320000,3920.0,14336,311482,562073660.0,3920.0,61,3918.0,20
rb1805,20170904,20170901,210320500,3918.0,14342,311488,562308820.0,3920.0,61,3918.0,19
rb1805,20170904,20170901,210321000,3918.0,14344,311488,562387180.0,3919.0,1,3918.0,20
rb1805,20170904,20170901,210321500,3919.0,14346,311486,562465560.0,3920.0,50,3919.0,1
rb1805,20170904,20170901,210322000,3919.0,14346,311486,562465560.0,3920.0,50,3919.0,1
rb1805,20170904,20170901,210322500,3919.0,14348,311484,562543940.0,3919.0,9,3918.0,24
rb1805,20170904,20170901,210323000,3919.0,14352,311486,562700700.0,3919.0,6,3918.0,18
rb1805,20170904,20170901,210323500,3919.0,14356,311486,562857460.0,3919.0,5,3918.0,16
rb1805,20170904,20170901,210324000,3919.0,14362,311480,563092600.0,3919.0,1,3918.0,29
rb1805,20170904,20170901,210324500,3919.0,14364,311482,563170980.0,3919.0,2,3918.0,29
rb1805,20170904,20170901,210325000,3919.0,14366,311480,563249360.0,3919.0,2,3918.0,32
rb1805,20170904,20170901,210325500,3918.0,14368,311480,563327720.0,3919.0,4,3918.0,20
rb1805,20170904,20170901,210326000,3917.0,14410,311492,564973260.0,3919.0,22,3917.0,42
rb1805,20170904,20170901,210326500,3918.0,14412,311492,565051620.0,3918.0,12,3917.0,11
rb1805,20170904,20170901,210327000,3917.0,14436,311490,565991700.0,3917.0,29,3916.0,41
rb1805,20170904,20170901,210327500,3916.0,14520,311484,569281140.0,3916.0,11,3915.0,93
rb1805,20170904,20170901,210328000,3916.0,14544,311476,570220760.0,3916.0,16,3915.0,82
rb1805,20170904,20170901,210328500,3916.0,14546,311476,570299080.0,3916.0,45,3915.0,82
rb1805,20170904,20170901,210329000,3915.0,14550,311480,570455700.0,3916.0,44,3915.0,82
rb1805,20170904,20170901,210329500,3915.0,14568,311480,571160400.0,3916.0,14,3915.0,73
rb1805,20170904,20170901,210330000,3915.0,14576,311480,571473600.0,3916.0,25,3915.0,70
rb1805,20170904,20170901,210330500,3916.0,14606,311498,572648140.0,3916.0,56,3915.0,57
rb1805,20170904,20170901,210331000,3915.0,14722,311574,577189540.0,3915.0,14,3914.0,73
rb1805,20170904,20170901,210331500,3915.0,14728,311576,577424440.0,3915.0,11,3914.0,63
rb1805,20170904,20170901,210332000,3915.0,14728,311576,577424440.0,3915.0,53,3914.0,63
rb1805,20170904,20170901,210332500,3915.0,14728,311576,577424440.0,3915.0,59,3914.0,63
rb1805,20170904,20170901,210333000,3915.0,14732,311580,577581040.0,3915.0,24,3914.0,63
rb1805,20170904,20170901,210333500,3914.0,14752,311580,578363840.0,3915.0,49,3914.0,53
rb1805,20170904,20170901,210334000,3914.0,14848,311574,582121380.0,3915.0,29,3913.0,51
rb1805,20170904,20170901,210334500,3914.0,14862,311588,582669340.0,3914.0,31,3913.0,51
rb1805,20170904,20170901,210335000,3914.0,14904,311600,584312820.0,3914.0,30,3913.0,32
rb1805,20170904,20170901,210335500,3913.0,14908,311602,584469360.0,3914.0,37,3913.0,42
rb1805,20170904,20170901,210336000,3913.0,14992,311678,587756280.0,3913.0,25,3912.0,58
rb1805,20170904,20170901,210336500,3913.0,15002,311684,588147580.0,3913.0,68,3912.0,59
rb1805,20170904,20170901,210337000,3913.0,15010,311686,588460580.0,3913.0,59,3912.0,55
rb1805,20170904,20170901,210337500,3913.0,15018,311690,588773580.0,3913.0,91,3912.0,53
rb1805,20170904,20170901,210338000,3913.0,15022,311690,588930100.0,3913.0,58,3912.0,52
rb1805,20170904,20170901,210338500,3913.0,15034,311702,589399660.0,3913.0,82,3912.0,52
rb1805,20170904,20170901,210339000,3912.0,15136,311696,593390700.0,3913.0,12,3912.0,42
rb1805,20170904,20170901,210339500,3912.0,15146,311704,593781940.0,3913.0,38,3912.0,41
rb1805,20170904,20170901,210340000,3912.0,15210,311706,596285640.0,3913.0,7,3912.0,11
rb1805,20170904,20170901,210340500,3912.0,15276,311710,598867960.0,3912.0,14,3911.0,64
rb1805,20170904,20170901,210341000,3912.0,15318,311706,600511000.0,3913.0,3,3912.0,36
rb1805,20170904,20170901,210341500,3913.0,15330,311706,600980540.0,3914.0,26,3913.0,6
rb1805,20170904,20170901,210342000,3913.0,15390,311708,603328860.0,3914.0,17,3913.0,28
rb1805,20170904,20170901,210342500,3914.0,15456,311672,605912120.0,3915.0,6,3914.0,65
rb1805,20170904,20170901,210343000,3915.0,15510,311660,608026200.0,3916.0,26,3915.0,20
rb1805,20170904,20170901,210343500,3915.0,15518,311654,608339460.0,3916.0,15,3915.0,21
rb1805,20170904,20170901,210344000,3915.0,15534,311642,608965960.0,3916.0,10,3915.0,20
rb1805,20170904,20170901,210344500,3916.0,15554,311654,609749160.0,3917.0,38,3916.0,13
rb1805,20170904,20170901,210345000,3916.0,15572,311662,610454040.0,3917.0,56,3916.0,4
rb1805,20170904,20170901,210345500,3916.0,15636,311614,612960280.0,3916.0,5,3915.0,24
rb1805,20170904,20170901,210346000,3915.0,15638,311614,613038580.0,3916.0,6,3915.0,5
rb1805,20170904,20170901,210346500,3915.0,15640,311614,613116880.0,3916.0,27,3915.0,4
rb1805,20170904,20170901,210347000,3915.0,15650,311610,613508380.0,3915.0,7,3914.0,29
rb1805,20170904,20170901,210347500,3915.0,15654,311608,613664980.0,3915.0,5,3914.0,30
rb1805,20170904,20170901,210348000,3916.0,15676,311586,614526460.0,3916.0,18,3914.0,33
rb1805,20170904,20170901,210348500,3914.0,15682,311584,614761300.0,3916.0,31,3914.0,40
rb1805,20170904,20170901,210349000,3915.0,15684,311582,614839600.0,3916.0,31,3914.0,40
rb1805,20170904,20170901,210349500,3915.0,15684,311582,614839600.0,3916.0,31,3915.0,21
rb1805,20170904,20170901,210350000,3916.0,15686,311580,614917920.0,3916.0,30,3915.0,21
rb1805,20170904,20170901,210350500,3916.0,15742,311546,617110880.0,3917.0,43,3916.0,1
rb1805,20170904,20170901,210351000,3915.0,15806,311578,619616500.0,3916.0,57,3915.0,7
rb1805,20170904,20170901,210351500,3915.0,15812,311582,619851440.0,3916.0,7,3915.0,8
rb1805,20170904,20170901,210352000,3915.0,15816,311584,620008060.0,3916.0,2,3915.0,53
rb1805,20170904,20170901,210352500,3916.0,15822,311582,620243020.0,3917.0,42,3916.0,6
rb1805,20170904,20170901,210353000,3916.0,15836,311580,620791240.0,3916.0,21,3915.0,56
rb1805,20170904,20170901,210353500,3916.0,15842,311582,621026200.0,3916.0,8,3915.0,70
rb1805,20170904,20170901,210354000,3916.0,15880,311592,622514280.0,3917.0,50,3915.0,70
rb1805,20170904,20170901,210354500,3916.0,15880,311592,622514280.0,3917.0,64,3915.0,93
rb1805,20170904,20170901,210355000,3917.0,15882,311592,622592620.0,3917.0,43,3916.0,7
rb1805,20170904,20170901,210355500,3916.0,15962,311564,625726160.0,3917.0,1,3916.0,44
rb1805,20170904,20170901,210356000,3917.0,16000,311536,627214620.0,3917.0,30,3916.0,45
rb1805,20170904,20170901,210356500,3917.0,16044,311560,628938100.0,3917.0,8,3916.0,45
rb1805,20170904,20170901,210357000,3916.0,16046,311562,629016420.0,3917.0,10,3916.0,45
rb1805,20170904,20170901,210357500,3917.0,16050,311562,629173100.0,3917.0,8,3916.0,45
rb1805,20170904,20170901,210358000,3916.0,16122,311560,631992620.0,3917.0,34,3916.0,3
rb1805,20170904,20170901,210358500,3916.0,16126,311562,632149260.0,3917.0,34,3916.0,1
rb1805,20170904,20170901,210359000,3916.0,16130,311560,632305900.0,3916.0,8,3915.0,98
rb1805,20170904,20170901,210359500,3916.0,16132,311558,632384220.0,3916.0,17,3915.0,88
rb1805,20170904,20170901,210400000,3915.0,16176,311544,634107160.0,3917.0,15,3915.0,87
rb1805,20170904,20170901,210400500,3916.0,16178,311544,634185480.0,3916.0,1,3915.0,80
rb1805,20170904,20170901,210401000,3916.0,16182,311544,634342120.0,3917.0,15,3916.0,2
rb1805,20170904,20170901,210401500,3917.0,16188,311544,634577100.0,3917.0,14,3916.0,4
rb1805,20170904,20170901,210402000,3917.0,16188,311544,634577100.0,3917.0,14,3916.0,16
rb1805,20170904,20170901,210402500,3917.0,16188,311544,634577100.0,3917.0,28,3916.0,22
rb1805,20170904,20170901,210403000,3917.0,16188,311544,634577100.0,3917.0,8,3916.0,23
rb1805,20170904,20170901,210403500,3917.0,16196,311548,634890440.0,3917.0,5,3916.0,22
rb1805,20170904,20170901,210404000,3917.0,16196,311548,634890440.0,3917.0,5,3916.0,22
rb1805,20170904,20170901,210404500,3917.0,16232,311546,636300360.0,3917.0,4,3916.0,22
rb1805,20170904,20170901,210405000,3917.0,16236,311550,636457040.0,3917.0,2,3916.0,23
rb1805,20170904,20170901,210405500,3916.0,16256,311538,637240240.0,3917.0,5,3916.0,46
rb1805,20170904,20170901,210406000,3916.0,16260,311540,637396900.0,3917.0,5,3916.0,35
rb1805,20170904,20170901,210406500,3916.0,16260,311540,637396900.0,3917.0,5,3916.0,35
rb1805,20170904,20170901,210407000,3917.0,16262,311542,637475240.0,3917.0,4,3916.0,45
rb1805,20170904,20170901,210407500,3917.0,16262,311542,637475240.0,3917.0,7,3916.0,45
rb1805,20170904,20170901,210408000,3916.0,16264,311542,637553560.0,3917.0,8,3916.0,44
rb1805,20170904,20170901,210408500,3916.0,16274,311552,637945160.0,3917.0,14,3916.0,28
rb1805,20170904,20170901,210409000,3916.0,16276,311554,638023480.0,3917.0,14,3916.0,28
rb1805,20170904,20170901,210409500,3916.0,16276,311554,638023480.0,3917.0,16,3916.0,28
rb1805,20170904,20170901,210410000,3916.0,16276,311554,638023480.0,3917.0,16,3916.0,28
rb1805,20170904,20170901,210410500,3916.0,16276,311554,638023480.0,3917.0,19,3916.0,32
rb1805,20170904,20170901,210411000,3916.0,16276,311554,638023480.0,3917.0,24,3916.0,32
rb1805,20170904,20170901,210411500,3917.0,16278,311554,638101820.0,3917.0,23,3916.0,32
rb1805,20170904,20170901,210412000,3917.0,16278,311554,638101820.0,3917.0,23,3916.0,32
rb1805,20170904,20170901,210412500,3917.0,16282,311552,638258500.0,3917.0,21,3916.0,32
rb1805,20170904,20170901,210413000,3916.0,16326,311534,639981960.0,3918.0,10,3917.0,2
rb1805,20170904,20170901,210413500,3916.0,16328,311536,640060280.0,3918.0,16,3917.0,1
rb1805,20170904,20170901,210414000,3916.0,16328,311536,640060280.0,3918.0,16,3917.0,9
rb1805,20170904,20170901,210414500,3916.0,16328,311536,640060280.0,3918.0,18,3917.0,10
rb1805,20170904,20170901,210415000,3917.0,16330,311538,640138620.0,3918.0,18,3917.0,15
rb1805,20170904,20170901,210415500,3917.0,16330,311538,640138620.0,3918.0,18,3917.0,10
rb1805,20170904,20170901,210416000,3917.0,16330,311538,640138620.0,3918.0,18,3917.0,12
rb1805,20170904,20170901,210416500,3917.0,16340,311544,640530320.0,3918.0,18,3917.0,7
rb1805,20170904,20170901,210417000,3918.0,16356,311548,641157100.0,3918.0,15,3917.0,3
rb1805,20170904,20170901,210417500,3917.0,16358,311548,641235440.0,3918.0,19,3917.0,3
rb1805,20170904,20170901,210418000,3917.0,16360,311550,641313780.0,3918.0,19,3917.0,6
rb1805,20170904,20170901,210418500,3917.0,16362,311552,641392120.0,3918.0,19,3917.0,16
rb1805,20170904,20170901,210419000,3917.0,16362,311552,641392120.0,3918.0,20,3917.0,14
rb1805,20170904,20170901,210419500,3917.0,16362,311552,641392120.0,3918.0,15,3917.0,14
rb1805,20170904,20170901,210420000,3918.0,16396,311574,642724240.0,3919.0,12,3918.0,49
rb1805,20170904,20170901,210420500,3919.0,16402,311578,642959380.0,3919.0,7,3918.0,49
rb1805,20170904,20170901,210421000,3919.0,16430,311588,644056820.0,3920.0,25,3919.0,67
rb1805,20170904,20170901,210421500,3919.0,16430,311588,644056820.0,3920.0,25,3919.0,52
rb1805,20170904,20170901,210422000,3919.0,16484,311616,646173580.0,3920.0,5,3919.0,43
rb1805,20170904,20170901,210422500,3919.0,16498,311624,646722360.0,3921.0,35,3919.0,43
rb1805,20170904,20170901,210423000,3920.0,16502,311624,646879180.0,3921.0,54,3920.0,5
rb1805,20170904,20170901,210423500,3920.0,16512,311614,647271180.0,3921.0,54,3919.0,45
rb1805,20170904,20170901,210424000,3920.0,16514,311612,647349580.0,3920.0,3,3919.0,54
rb1805,20170904,20170901,210424500,3920.0,16534,311610,648133620.0,3921.0,31,3920.0,1
rb1805,20170904,20170901,210425000,3920.0,16536,311612,648212020.0,3921.0,31,3920.0,1
rb1805,20170904,20170901,210425500,3920.0,16546,311614,648604080.0,3921.0,8,3920.0,9
rb1805,20170904,20170901,210426000,3920.0,16550,311614,648760880.0,3921.0,8,3920.0,11
rb1805,20170904,20170901,210426500,3920.0,16550,311614,648760880.0,3921.0,8,3920.0,13
rb1805,20170904,20170901,210427000,3921.0,16560,311618,649152980.0,3921.0,10,3920.0,8
rb1805,20170904,20170901,210427500,3921.0,16566,311614,649388240.0,3921.0,7,3920.0,9
rb1805,20170904,20170901,210428000,3920.0,16588,311606,650250640.0,3920.0,5,3919.0,58
rb1805,20170904,20170901,210428500,3920.0,16590,311606,650329040.0,3920.0,25,3919.0,58
rb1805,20170904,20170901,210429000,3920.0,16590,311606,650329040.0,3920.0,25,3919.0,58
rb1805,20170904,20170901,210429500,3920.0,16618,311610,651426640.0,3920.0,32,3919.0,58
rb1805,20170904,20170901,210430000,3920.0,16640,311608,652289040.0,3920.0,21,3919.0,58
rb1805,20170904,20170901,210430500,3919.0,16642,311606,652367420.0,3920.0,21,3919.0,57
rb1805,20170904,20170901,210431000,3920.0,16644,311606,652445820.0,3920.0,20,3919.0,57
rb1805,20170904,20170901,210431500,3920.0,16646,311608,652524220.0,3920.0,26,3919.0,55
rb1805,20170904,20170901,210432000,3920.0,16646,311608,652524220.0,3920.0,26,3919.0,55
rb1805,20170904,20170901,210432500,3919.0,16648,311606,652602600.0,3920.0,26,3919.0,54
rb1805,20170904,20170901,210433000,3920.0,16650,311608,652681000.0,3920.0,35,3919.0,55
rb1805,20170904,20170901,210433500,3920.0,16650,311608,652681000.0,3920.0,36,3919.0,55
rb1805,20170904,20170901,210434000,3920.0,16650,311608,652681000.0,3920.0,36,3919.0,83
rb1805,20170904,20170901,210434500,3920.0,16650,311608,652681000.0,3920.0,37,3919.0,83
rb1805,20170904,20170901,210435000,3920.0,16650,311608,652681000.0,3920.0,37,3919.0,83
rb1805,20170904,20170901,210435500,3920.0,16652,311610,652759400.0,3920.0,37,3919.0,84
rb1805,20170904,20170901,210436000,3919.0,16694,311572,654405400.0,3920.0,36,3919.0,54
rb1805,20170904,20170901,210436500,3919.0,16744,311572,656365000.0,3920.0,34,3919.0,35
rb1805,20170904,20170901,210437000,3919.0,16814,311572,659108300.0,3919.0,18,3918.0,69
rb1805,20170904,20170901,210437500,3919.0,16814,311572,659108300.0,3919.0,24,3918.0,56
rb1805,20170904,20170901,210438000,3919.0,16820,311566,659343440.0,3919.0,26,3918.0,56
rb1805,20170904,20170901,210438500,3918.0,16822,311564,659421800.0,3919.0,37,3918.0,55
rb1805,20170904,20170901,210439000,3918.0,16930,311532,663653240.0,3918.0,34,3917.0,76
rb1805,20170904,20170901,210439500,3917.0,16956,311548,664671660.0,3918.0,16,3917.0,56
rb1805,20170904,20170901,210440000,3917.0,16966,311542,665063360.0,3918.0,22,3917.0,54
rb1805,20170904,20170901,210440500,3917.0,17006,311536,666630160.0,3918.0,22,3917.0,34
rb1805,20170904,20170901,210441000,3917.0,17008,311536,666708500.0,3918.0,23,3917.0,33
rb1805,20170904,20170901,210441500,3918.0,17014,311530,666943580.0,3918.0,20,3917.0,33
rb1805,20170904,20170901,210442000,3917.0,17016,311530,667021920.0,3918.0,20,3917.0,32
rb1805,20170904,20170901,210442500,3917.0,17016,311530,667021920.0,3918.0,8,3917.0,32
rb1805,20170904,20170901,210443000,3917.0,17018,311530,667100260.0,3918.0,12,3917.0,31
rb1805,20170904,20170901,210443500,3917.0,17020,311532,667178600.0,3918.0,12,3917.0,30
rb1805,20170904,20170901,210444000,3918.0,17022,311532,667256960.0,3918.0,7,3917.0,30
rb1805,20170904,20170901,210444500,3918.0,17022,311532,667256960.0,3918.0,3,3917.0,30
rb1805,20170904,20170901,210445000,3918.0,17026,311534,667413660.0,3918.0,3,3917.0,29
rb1805,20170904,20170901,210445500,3917.0,17030,311536,667570340.0,3918.0,17,3917.0,28
rb1805,20170904,20170901,210446000,3917.0,17034,311540,667727020.0,3918.0,28,3917.0,30
rb1805,20170904,20170901,210446500,3918.0,17090,311534,669921100.0,3919.0,64,3918.0,73
rb1805,20170904,20170901,210447000,3918.0,17090,311534,669921100.0,3919.0,84,3918.0,73
rb1805,20170904,20170901,210447500,3918.0,17096,311534,670156180.0,3919.0,80,3918.0,70
rb1805,20170904,20170901,210448000,3918.0,17100,311532,670312900.0,3919.0,80,3918.0,69
rb1805,20170904,20170901,210448500,3918.0,17310,311592,678540000.0,3918.0,97,3916.0,15
rb1805,20170904,20170901,210449000,3918.0,17310,311592,678540000.0,3917.0,6,3916.0,17
rb1805,20170904,20170901,210449500,3917.0,17340,311592,679715100.0,3918.0,70,3917.0,36
rb1805,20170904,20170901,210450000,3917.0,17402,311586,682143640.0,3917.0,17,3916.0,17
rb1805,20170904,20170901,210450500,3917.0,17410,311586,682457040.0,3918.0,69,3917.0,2
rb1805,20170904,20170901,210451000,3918.0,17556,311584,688177240.0,3919.0,56,3918.0,411
rb1805,20170904,20170901,210451500,3918.0,17770,311398,696561760.0,3919.0,47,3918.0,304
rb1805,20170904,20170901,210452000,3918.0,17818,311384,698442400.0,3919.0,47,3918.0,280
rb1805,20170904,20170901,210452500,3918.0,17818,311384,698442400.0,3919.0,47,3918.0,280
rb1805,20170904,20170901,210453000,3918.0,17914,311350,702204620.0,3919.0,3,3918.0,279
rb1805,20170904,20170901,210453500,3919.0,17920,311350,702439760.0,3920.0,39,3919.0,59
rb1805,20170904,20170901,210454000,3920.0,17984,311344,704948560.0,3920.0,9,3919.0,49
rb1805,20170904,20170901,210454500,3920.0,18004,311364,705732560.0,3921.0,92,3920.0,43
rb1805,20170904,20170901,210455000,3920.0,18004,311364,705732560.0,3921.0,93,3920.0,28
rb1805,20170904,20170901,210455500,3920.0,18004,311364,705732560.0,3921.0,95,3920.0,40
rb1805,20170904,20170901,210456000,3920.0,18004,311364,705732560.0,3921.0,95,3920.0,42
rb1805,20170904,20170901,210456500,3920.0,18008,311366,705889360.0,3921.0,95,3920.0,40
rb1805,20170904,20170901,210457000,3920.0,18008,311366,705889360.0,3921.0,97,3920.0,40
rb1805,20170904,20170901,210457500,3921.0,18010,311366,705967780.0,3921.0,96,3920.0,40
rb1805,20170904,20170901,210458000,3920.0,18018,311366,706281380.0,3921.0,97,3920.0,34
rb1805,20170904,20170901,210458500,3921.0,18020,311368,706359800.0,3921.0,97,3920.0,28
rb1805,20170904,20170901,210459000,3921.0,18064,311358,708084860.0,3921.0,84,3920.0,19
rb1805,20170904,20170901,210459500,3921.0,18064,311358,708084860.0,3921.0,84,3920.0,20
rb1805,20170904,20170901,210500000,3921.0,18082,311344,708790580.0,3921.0,78,3920.0,17
rb1805,20170904,20170901,210500500,3921.0,18082,311344,708790580.0,3921.0,78,3920.0,17
rb1805,20170904,20170901,210501000,3920.0,18100,311334,709496300.0,3921.0,74,3920.0,14
rb1805,20170904,20170901,210501500,3920.0,18100,311334,709496300.0,3921.0,71,3920.0,30
rb1805,20170904,20170901,210502000,3921.0,18104,311330,709653140.0,3921.0,70,3920.0,35
rb1805,20170904,20170901,210502500,3921.0,18116,311324,710123660.0,3921.0,65,3920.0,35
rb1805,20170904,20170901,210503000,3921.0,18142,311306,711143060.0,3921.0,52,3920.0,27
rb1805,20170904,20170901,210503500,3921.0,18154,311294,711613580.0,3921.0,46,3920.0,27
rb1805,20170904,20170901,210504000,3921.0,18200,311254,713417240.0,3921.0,23,3920.0,28
rb1805,20170904,20170901,210504500,3920.0,18206,311252,713652480.0,3921.0,22,3920.0,27
rb1805,20170904,20170901,210505000,3921.0,18250,311252,715377560.0,3921.0,9,3920.0,20
rb1805,20170904,20170901,210505500,3921.0,18268,311260,716083340.0,3922.0,66,3921.0,7
rb1805,20170904,20170901,210506000,3921.0,18282,311246,716632280.0,3922.0,66,3921.0,6
rb1805,20170904,20170901,210507000,3921.0,18288,311240,716867540.0,3922.0,66,3921.0,3
rb1805,20170904,20170901,210507500,3920.0,18296,311238,717181200.0,3922.0,66,3920.0,24
rb1805,20170904,20170901,210508000,3920.0,18300,311234,717338000.0,3921.0,1,3920.0,22
rb1805,20170904,20170901,210508500,3921.0,18330,311204,718514300.0,3922.0,76,3921.0,2
rb1805,20170904,20170901,210509000,3921.0,18330,311204,718514300.0,3922.0,56,3921.0,2
rb1805,20170904,20170901,210509500,3921.0,18332,311202,718592720.0,3922.0,66,3921.0,5
rb1805,20170904,20170901,210510000,3922.0,18334,311204,718671160.0,3922.0,65,3921.0,10
rb1805,20170904,20170901,210510500,3922.0,18348,311192,719220240.0,3922.0,63,3921.0,12
rb1805,20170904,20170901,210511000,3922.0,18474,311212,724161960.0,3922.0,1,3921.0,24
rb1805,20170904,20170901,210511500,3923.0,18488,311212,724711120.0,3923.0,14,3922.0,15
rb1805,20170904,20170901,210512000,3923.0,18512,311202,725652580.0,3923.0,5,3922.0,27
rb1805,20170904,20170901,210512500,3923.0,18532,311190,726437220.0,3924.0,39,3923.0,10
rb1805,20170904,20170901,210513000,3924.0,18558,311172,727457460.0,3924.0,8,3923.0,12
rb1805,20170904,20170901,210513500,3924.0,18568,311170,727849860.0,3924.0,4,3923.0,21
rb1805,20170904,20170901,210514000,3925.0,18642,311128,730754040.0,3926.0,48,3925.0,6
rb1805,20170904,20170901,210514500,3923.0,18688,311110,732559360.0,3925.0,40,3923.0,25
rb1805,20170904,20170901,210515000,3924.0,18696,311102,732873340.0,3925.0,39,3924.0,1
rb1805,20170904,20170901,210515500,3925.0,18732,311088,734286160.0,3925.0,29,3923.0,24
rb1805,20170904,20170901,210516000,3923.0,18748,311088,734913980.0,3924.0,3,3923.0,21
rb1805,20170904,20170901,210516500,3924.0,18764,311084,735541880.0,3925.0,28,3924.0,5
rb1805,20170904,20170901,210517000,3924.0,18780,311080,736169720.0,3925.0,31,3924.0,4
rb1805,20170904,20170901,210517500,3924.0,18792,311080,736640640.0,3924.0,2,3923.0,20
rb1805,20170904,20170901,210518000,3924.0,18798,311078,736876080.0,3925.0,39,3924.0,2
rb1805,20170904,20170901,210518500,3925.0,18800,311076,736954580.0,3925.0,48,3924.0,19
rb1805,20170904,20170901,210519000,3925.0,18816,311072,737582500.0,3925.0,45,3924.0,19
rb1805,20170904,20170901,210519500,3925.0,18834,311060,738288880.0,3925.0,42,3924.0,13
rb1805,20170904,20170901,210520000,3925.0,18840,311064,738524380.0,3925.0,36,3924.0,20
rb1805,20170904,20170901,210520500,3924.0,18852,311066,738995360.0,3925.0,32,3924.0,37
rb1805,20170904,20170901,210521000,3925.0,18908,311074,741193360.0,3925.0,4,3924.0,37
rb1805,20170904,20170901,210521500,3925.0,18926,311076,741899880.0,3926.0,40,3925.0,42
rb1805,20170904,20170901,210522000,3926.0,18934,311080,742213940.0,3926.0,37,3925.0,43
rb1805,20170904,20170901,210522500,3926.0,18936,311080,742292460.0,3926.0,26,3925.0,42
rb1805,20170904,20170901,210523000,3925.0,18946,311082,742685000.0,3926.0,24,3925.0,71
rb1805,20170904,20170901,210523500,3926.0,18960,311078,743234560.0,3926.0,21,3925.0,64
rb1805,20170904,20170901,210524000,3926.0,19000,311070,744804720.0,3926.0,30,3925.0,53
rb1805,20170904,20170901,210524500,3925.0,19104,311052,748886760.0,3926.0,46,3925.0,3
rb1805,20170904,20170901,210525000,3925.0,19106,311052,748965260.0,3926.0,51,3925.0,2
rb1805,20170904,20170901,210525500,3926.0,19110,311054,749122280.0,3926.0,54,3925.0,2
rb1805,20170904,20170901,210526000,3924.0,19118,311056,749436260.0,3925.0,3,3924.0,23
rb1805,20170904,20170901,210526500,3926.0,19140,311050,750299880.0,3925.0,1,3924.0,9
rb1805,20170904,20170901,210527000,3926.0,19182,311088,751948800.0,3926.0,32,3925.0,1
rb1805,20170904,20170901,210527500,3925.0,19188,311092,752184300.0,3925.0,6,3924.0,11
rb1805,20170904,20170901,210528000,3924.0,19218,311086,753361880.0,3926.0,28,3924.0,15
rb1805,20170904,20170901,210528500,3924.0,19218,311086,753361880.0,3926.0,28,3924.0,16
rb1805,20170904,20170901,210529000,3924.0,19258,311064,754931940.0,3926.0,18,3924.0,10
rb1805,20170904,20170901,210529500,3924.0,19260,311066,755010420.0,3926.0,32,3925.0,1
rb1805,20170904,20170901,210530000,3925.0,19274,311066,755559900.0,3925.0,43,3924.0,14
rb1805,20170904,20170901,210530500,3925.0,19286,311064,756030860.0,3925.0,32,3924.0,14
rb1805,20170904,20170901,210531000,3925.0,19286,311064,756030860.0,3925.0,37,3924.0,17
rb1805,20170904,20170901,210531500,3925.0,19296,311064,756423340.0,3925.0,43,3924.0,19
rb1805,20170904,20170901,210532000,3925.0,19316,311084,757208340.0,3925.0,33,3924.0,21
rb1805,20170904,20170901,210532500,3924.0,19324,311086,757522280.0,3925.0,26,3924.0,18
rb1805,20170904,20170901,210533000,3924.0,19330,311084,757757720.0,3925.0,26,3924.0,17
rb1805,20170904,20170901,210533500,3925.0,19350,311086,758542600.0,3925.0,19,3924.0,11
rb1805,20170904,20170901,210534000,3924.0,19354,311088,758699560.0,3925.0,19,3924.0,14
rb1805,20170904,20170901,210534500,3924.0,19354,311088,758699560.0,3925.0,17,3924.0,18
rb1805,20170904,20170901,210535000,3924.0,19356,311088,758778040.0,3925.0,19,3924.0,18
rb1805,20170904,20170901,210535500,3924.0,19356,311088,758778040.0,3925.0,20,3924.0,20
rb1805,20170904,20170901,210536000,3925.0,19380,311074,759720040.0,3925.0,26,3924.0,22
rb1805,20170904,20170901,210536500,3925.0,19432,311096,761760920.0,3925.0,7,3924.0,28
rb1805,20170904,20170901,210537000,3926.0,19458,311086,762781360.0,3926.0,44,3925.0,4
rb1805,20170904,20170901,210537500,3926.0,19458,311086,762781360.0,3926.0,44,3925.0,9
rb1805,20170904,20170901,210538000,3925.0,19468,311086,763173860.0,3926.0,44,3925.0,14
rb1805,20170904,20170901,210538500,3925.0,19470,311088,763252360.0,3926.0,44,3925.0,8
rb1805,20170904,20170901,210539000,3925.0,19486,311098,763880360.0,3925.0,13,3924.0,14
rb1805,20170904,20170901,210539500,3925.0,19494,311102,764194360.0,3925.0,12,3924.0,13
rb1805,20170904,20170901,210540000,3925.0,19538,311114,765921540.0,3926.0,36,3924.0,13
rb1805,20170904,20170901,210540500,3925.0,19538,311114,765921540.0,3925.0,1,3924.0,11
rb1805,20170904,20170901,210541000,3924.0,19552,311108,766471080.0,3925.0,14,3924.0,11
rb1805,20170904,20170901,210541500,3925.0,19558,311102,766706580.0,3925.0,12,3924.0,10
rb1805,20170904,20170901,210542000,3925.0,19562,311098,766863580.0,3925.0,10,3924.0,15
rb1805,20170904,20170901,210542500,3925.0,19566,311098,767020560.0,3925.0,9,3924.0,15
rb1805,20170904,20170901,210543000,3925.0,19566,311098,767020560.0,3925.0,15,3924.0,15
rb1805,20170904,20170901,210543500,3925.0,19568,311098,767099060.0,3925.0,14,3924.0,15
rb1805,20170904,20170901,210544000,3925.0,19570,311098,767177560.0,3925.0,15,3924.0,15
rb1805,20170904,20170901,210544500,3925.0,19570,311098,767177560.0,3925.0,16,3924.0,16
rb1805,20170904,20170901,210545000,3925.0,19604,311118,768512060.0,3926.0,52,3925.0,11
rb1805,20170904,20170901,210545500,3925.0,19634,311118,769689540.0,3925.0,23,3924.0,11
rb1805,20170904,20170901,210546000,3925.0,19634,311118,769689540.0,3925.0,24,3924.0,11
rb1805,20170904,20170901,210546500,3925.0,19634,311118,769689540.0,3925.0,24,3924.0,12
rb1805,20170904,20170901,210547000,3925.0,19636,311118,769768040.0,3925.0,33,3924.0,12
rb1805,20170904,20170901,210547500,3925.0,19636,311118,769768040.0,3925.0,34,3924.0,12
rb1805,20170904,20170901,210548000,3924.0,19640,311118,769925020.0,3925.0,38,3924.0,11
rb1805,20170904,20170901,210548500,3925.0,19680,311118,771495020.0,3925.0,19,3924.0,11
rb1805,20170904,20170901,210549000,3924.0,19682,311118,771573500.0,3925.0,19,3924.0,11
rb1805,20170904,20170901,210549500,3924.0,19682,311118,771573500.0,3925.0,19,3924.0,41
rb1805,20170904,20170901,210550000,3924.0,19682,311118,771573500.0,3925.0,21,3924.0,52
rb1805,20170904,20170901,210550500,3925.0,19724,311118,773222000.0,3926.0,55,3925.0,48
rb1805,20170904,20170901,210551000,3925.0,19724,311118,773222000.0,3926.0,55,3925.0,50
rb1805,20170904,20170901,210551500,3925.0,19724,311118,773222000.0,3926.0,57,3925.0,50
rb1805,20170904,20170901,210552000,3925.0,19728,311122,773379000.0,3926.0,67,3925.0,48
rb1805,20170904,20170901,210552500,3925.0,19794,311112,775969500.0,3926.0,68,3925.0,15
rb1805,20170904,20170901,210553000,3925.0,19806,311124,776440500.0,3926.0,68,3925.0,9
rb1805,20170904,20170901,210553500,3926.0,19816,311122,776833060.0,3926.0,67,3925.0,9
rb1805,20170904,20170901,210554000,3925.0,19824,311126,777147060.0,3926.0,67,3925.0,5
rb1805,20170904,20170901,210554500,3926.0,19848,311120,778089180.0,3926.0,61,3924.0,53
rb1805,20170904,20170901,210555000,3926.0,19848,311120,778089180.0,3926.0,61,3924.0,53
rb1805,20170904,20170901,210555500,3926.0,19848,311120,778089180.0,3926.0,61,3924.0,55
rb1805,20170904,20170901,210556000,3926.0,19850,311120,778167700.0,3926.0,60,3924.0,55
rb1805,20170904,20170901,210556500,3926.0,19850,311120,778167700.0,3925.0,1,3924.0,56
rb1805,20170904,20170901,210557000,3925.0,19858,311116,778481700.0,3925.0,2,3924.0,56
rb1805,20170904,20170901,210557500,3925.0,19884,311122,779502400.0,3926.0,80,3925.0,1
rb1805,20170904,20170901,210558000,3926.0,19900,311106,780130560.0,3926.0,78,3925.0,3
rb1805,20170904,20170901,210558500,3925.0,19902,311106,780209060.0,3926.0,78,3925.0,2
rb1805,20170904,20170901,210559000,3925.0,19904,311108,780287560.0,3926.0,79,3925.0,3
rb1805,20170904,20170901,210559500,3925.0,19906,311108,780366060.0,3926.0,79,3925.0,73
rb1805,20170904,20170901,210600000,3926.0,19914,311106,780680080.0,3926.0,78,3925.0,75
rb1805,20170904,20170901,210600500,3926.0,19916,311106,780758600.0,3926.0,77,3925.0,75
rb1805,20170904,20170901,210601000,3925.0,19918,311106,780837100.0,3926.0,78,3925.0,76
rb1805,20170904,20170901,210601500,3925.0,19918,311106,780837100.0,3926.0,69,3925.0,87
rb1805,20170904,20170901,210602000,3925.0,19962,311064,782564120.0,3926.0,68,3925.0,66
rb1805,20170904,20170901,210602500,3925.0,20100,310958,787980620.0,3925.0,18,3924.0,60
rb1805,20170904,20170901,210603000,3925.0,20100,310958,787980620.0,3925.0,20,3924.0,60
rb1805,20170904,20170901,210603500,3925.0,20100,310958,787980620.0,3925.0,22,3924.0,59
rb1805,20170904,20170901,210604000,3925.0,20150,310936,789943120.0,3926.0,67,3925.0,2
rb1805,20170904,20170901,210604500,3925.0,20160,310930,790335640.0,3925.0,2,3924.0,61
rb1805,20170904,20170901,210605000,3925.0,20166,310928,790571140.0,3925.0,7,3924.0,51
rb1805,20170904,20170901,210605500,3925.0,20170,310924,790728140.0,3925.0,5,3924.0,51
rb1805,20170904,20170901,210606000,3925.0,20172,310924,790806640.0,3925.0,12,3924.0,49
rb1805,20170904,20170901,210606500,3925.0,20172,310924,790806640.0,3925.0,23,3924.0,48
rb1805,20170904,20170901,210607000,3925.0,20172,310924,790806640.0,3925.0,24,3924.0,48
rb1805,20170904,20170901,210607500,3924.0,20174,310926,790885120.0,3925.0,24,3924.0,47
rb1805,20170904,20170901,210608000,3924.0,20254,310920,794024320.0,3925.0,26,3924.0,7
rb1805,20170904,20170901,210608500,3924.0,20268,310920,794573680.0,3924.0,14,3923.0,26
rb1805,20170904,20170901,210609000,3924.0,20276,310912,794887600.0,3924.0,13,3923.0,17
rb1805,20170904,20170901,210609500,3923.0,20286,310906,795279980.0,3924.0,14,3923.0,15
rb1805,20170904,20170901,210610000,3923.0,20286,310906,795279980.0,3924.0,15,3923.0,13
rb1805,20170904,20170901,210610500,3923.0,20286,310906,795279980.0,3924.0,19,3923.0,13
rb1805,20170904,20170901,210611000,3923.0,20300,310908,795829200.0,3924.0,19,3923.0,10
rb1805,20170904,20170901,210611500,3923.0,20312,310918,796299960.0,3924.0,19,3923.0,4
rb1805,20170904,20170901,210612000,3924.0,20332,310898,797084580.0,3924.0,18,3922.0,41
rb1805,20170904,20170901,210612500,3924.0,20342,310898,797476980.0,3924.0,14,3923.0,54
rb1805,20170904,20170901,210613000,3924.0,20342,310898,797476980.0,3924.0,15,3923.0,57
rb1805,20170904,20170901,210613500,3924.0,20348,310900,797712380.0,3924.0,20,3923.0,87
rb1805,20170904,20170901,210614000,3924.0,20350,310900,797790860.0,3924.0,19,3923.0,87
rb1805,20170904,20170901,210614500,3924.0,20354,310902,797947820.0,3924.0,16,3923.0,87
rb1805,20170904,20170901,210615000,3924.0,20364,310900,798340180.0,3924.0,13,3923.0,84
rb1805,20170904,20170901,210615500,3924.0,20382,310888,799046400.0,3924.0,39,3923.0,79
rb1805,20170904,20170901,210616000,3924.0,20382,310888,799046400.0,3924.0,42,3923.0,79
rb1805,20170904,20170901,210616500,3923.0,20386,310886,799203340.0,3924.0,46,3923.0,77
rb1805,20170904,20170901,210617000,3923.0,20386,310886,799203340.0,3924.0,46,3923.0,82
rb1805,20170904,20170901,210617500,3923.0,20390,310884,799360260.0,3924.0,46,3923.0,80
rb1805,20170904,20170901,210618000,3923.0,20390,310884,799360260.0,3924.0,47,3923.0,80
rb1805,20170904,20170901,210618500,3923.0,20390,310884,799360260.0,3924.0,48,3923.0,80
rb1805,20170904,20170901,210619000,3923.0,20390,310884,799360260.0,3924.0,52,3923.0,80
rb1805,20170904,20170901,210619500,3923.0,20390,310884,799360260.0,3924.0,52,3923.0,80
rb1805,20170904,20170901,210620000,3923.0,20392,310884,799438720.0,3924.0,52,3923.0,80
rb1805,20170904,20170901,210620500,3923.0,20392,310884,799438720.0,3924.0,52,3923.0,81
rb1805,20170904,20170901,210621000,3923.0,20392,310884,799438720.0,3924.0,52,3923.0,81
rb1805,20170904,20170901,210621500,3923.0,20392,310884,799438720.0,3924.0,52,3923.0,81
rb1805,20170904,20170901,210622000,3923.0,20392,310884,799438720.0,3924.0,51,3923.0,81
rb1805,20170904,20170901,210622500,3923.0,20394,310882,799517180.0,3924.0,51,3923.0,80
rb1805,20170904,20170901,210623000,3923.0,20394,310882,799517180.0,3924.0,52,3923.0,80
rb1805,20170904,20170901,210623500,3923.0,20406,310882,799987940.0,3924.0,52,3923.0,74
rb1805,20170904,20170901,210624000,3924.0,20408,310882,800066420.0,3924.0,52,3923.0,74
rb1805,20170904,20170901,210624500,3924.0,20408,310882,800066420.0,3924.0,53,3923.0,69
rb1805,20170904,20170901,210625000,3923.0,20452,310844,801792540.0,3924.0,53,3923.0,47
rb1805,20170904,20170901,210625500,3923.0,20500,310832,803675580.0,3924.0,53,3923.0,23
rb1805,20170904,20170901,210626000,3923.0,20546,310792,805480160.0,3923.0,70,3922.0,43
rb1805,20170904,20170901,210626500,3922.0,20558,310804,805950800.0,3923.0,39,3922.0,27
rb1805,20170904,20170901,210627000,3922.0,20562,310808,806107680.0,3923.0,48,3922.0,25
rb1805,20170904,20170901,210627500,3922.0,20570,310804,806421440.0,3923.0,48,3922.0,21
rb1805,20170904,20170901,210628000,3923.0,20578,310796,806735280.0,3923.0,44,3922.0,25
rb1805,20170904,20170901,210628500,3922.0,20592,310792,807284460.0,3923.0,39,3922.0,32
rb1805,20170904,20170901,210629000,3922.0,20600,310798,807598220.0,3923.0,46,3922.0,28
rb1805,20170904,20170901,210629500,3922.0,20656,310820,809794540.0,3922.0,47,3921.0,48
rb1805,20170904,20170901,210630000,3921.0,20770,310858,814264480.0,3921.0,59,3920.0,27
rb1805,20170904,20170901,210630500,3920.0,20826,310868,816459680.0,3921.0,39,3919.0,23
rb1805,20170904,20170901,210631000,3920.0,20836,310864,816851680.0,3920.0,7,3919.0,13
rb1805,20170904,20170901,210631500,3919.0,20840,310860,817008440.0,3920.0,7,3919.0,11
rb1805,20170904,20170901,210632000,3918.0,20884,310826,818732660.0,3919.0,1,3918.0,280
rb1805,20170904,20170901,210632500,3919.0,20902,310828,819438080.0,3920.0,5,3919.0,10
rb1805,20170904,20170901,210633000,3920.0,20906,310824,819594860.0,3920.0,4,3919.0,14
rb1805,20170904,20170901,210633500,3921.0,20912,310822,819830120.0,3920.0,2,3919.0,20
rb1805,20170904,20170901,210634000,3919.0,20926,310820,820378820.0,3920.0,3,3919.0,23
rb1805,20170904,20170901,210634500,3920.0,20932,310814,820614020.0,3921.0,29,3920.0,30
rb1805,20170904,20170901,210635000,3920.0,20932,310814,820614020.0,3921.0,23,3920.0,30
rb1805,20170904,20170901,210635500,3920.0,20932,310814,820614020.0,3921.0,23,3920.0,30
rb1805,20170904,20170901,210636000,3920.0,20934,310812,820692420.0,3921.0,24,3920.0,30
rb1805,20170904,20170901,210636500,3920.0,20944,310812,821084420.0,3921.0,24,3920.0,30
rb1805,20170904,20170901,210637000,3921.0,20946,310812,821162840.0,3921.0,23,3920.0,32
rb1805,20170904,20170901,210637500,3921.0,20946,310812,821162840.0,3921.0,23,3920.0,32
rb1805,20170904,20170901,210638000,3921.0,20948,310814,821241260.0,3921.0,16,3920.0,42
rb1805,20170904,20170901,210638500,3921.0,20952,310814,821398080.0,3921.0,15,3920.0,41
rb1805,20170904,20170901,210639000,3921.0,20998,310854,823201740.0,3922.0,24,3921.0,3
rb1805,20170904,20170901,210639500,3921.0,21006,310858,823515420.0,3921.0,5,3920.0,54
rb1805,20170904,20170901,210640000,3921.0,21016,310862,823907520.0,3922.0,8,3921.0,70
rb1805,20170904,20170901,210640500,3922.0,21026,310856,824299720.0,3922.0,3,3921.0,43
rb1805,20170904,20170901,210641000,3922.0,21032,310854,824535040.0,3923.0,29,3922.0,4
rb1805,20170904,20170901,210641500,3922.0,21032,310854,824535040.0,3923.0,29,3921.0,43
rb1805,20170904,20170901,210642000,3922.0,21032,310854,824535040.0,3923.0,40,3921.0,46
rb1805,20170904,20170901,210642500,3923.0,21040,310862,824848880.0,3923.0,36,3921.0,47
rb1805,20170904,20170901,210643000,3922.0,21042,310862,824927320.0,3923.0,36,3922.0,2
rb1805,20170904,20170901,210643500,3921.0,21048,310862,825162620.0,3922.0,1,3921.0,46
rb1805,20170904,20170901,210644000,3922.0,21052,310858,825319500.0,3923.0,36,3922.0,2
rb1805,20170904,20170901,210644500,3922.0,21052,310858,825319500.0,3923.0,36,3922.0,1
rb1805,20170904,20170901,210645000,3921.0,21056,310856,825476360.0,3923.0,38,3921.0,46
rb1805,20170904,20170901,210645500,3921.0,21056,310856,825476360.0,3923.0,38,3922.0,2
rb1805,20170904,20170901,210646000,3921.0,21056,310856,825476360.0,3923.0,39,3922.0,2
rb1805,20170904,20170901,210646500,3922.0,21060,310852,825633240.0,3923.0,49,3921.0,63
rb1805,20170904,20170901,210647000,3922.0,21060,310852,825633240.0,3923.0,50,3921.0,73
rb1805,20170904,20170901,210647500,3923.0,21068,310856,825947080.0,3923.0,36,3921.0,83
rb1805,20170904,20170901,210648000,3922.0,21082,310870,826496160.0,3922.0,12,3921.0,84
rb1805,20170904,20170901,210648500,3922.0,21106,310870,827437440.0,3923.0,36,3922.0,133
rb1805,20170904,20170901,210649000,3923.0,21178,310932,830262000.0,3924.0,42,3922.0,130
rb1805,20170904,20170901,210649500,3923.0,21190,310940,830732760.0,3924.0,43,3923.0,22
rb1805,20170904,20170901,210650000,3922.0,21300,310936,835047600.0,3924.0,42,3922.0,89
rb1805,20170904,20170901,210650500,3922.0,21300,310936,835047600.0,3924.0,43,3923.0,5
rb1805,20170904,20170901,210651000,3924.0,21316,310930,835675440.0,3924.0,35,3923.0,13
rb1805,20170904,20170901,210651500,3924.0,21364,310908,837558960.0,3924.0,6,3923.0,13
rb1805,20170904,20170901,210652000,3924.0,21378,310902,838108320.0,3925.0,39,3924.0,7
rb1805,20170904,20170901,210652500,3924.0,21382,310898,838265280.0,3925.0,39,3923.0,41
rb1805,20170904,20170901,210653000,3924.0,21384,310898,838343760.0,3925.0,39,3924.0,3
rb1805,20170904,20170901,210653500,3924.0,21388,310902,838500720.0,3925.0,39,3924.0,1
rb1805,20170904,20170901,210654000,3924.0,21390,310902,838579200.0,3924.0,4,3923.0,42
rb1805,20170904,20170901,210654500,3924.0,21398,310894,838893120.0,3925.0,40,3924.0,26
rb1805,20170904,20170901,210655000,3924.0,21404,310888,839128560.0,3925.0,44,3924.0,17
rb1805,20170904,20170901,210655500,3925.0,21406,310888,839207060.0,3925.0,44,3924.0,18
rb1805,20170904,20170901,210656000,3924.0,21408,310886,839285540.0,3925.0,46,3924.0,17
rb1805,20170904,20170901,210656500,3925.0,21410,310886,839364040.0,3925.0,47,3924.0,24
rb1805,20170904,20170901,210657000,3924.0,21458,310860,841247560.0,3924.0,4,3923.0,29
rb1805,20170904,20170901,210657500,3924.0,21458,310860,841247560.0,3924.0,4,3923.0,23
rb1805,20170904,20170901,210658000,3923.0,21462,310856,841404500.0,3924.0,7,3923.0,17
rb1805,20170904,20170901,210658500,3924.0,21464,310854,841482980.0,3924.0,6,3923.0,17
rb1805,20170904,20170901,210659000,3924.0,21474,310844,841875300.0,3924.0,5,3923.0,13
rb1805,20170904,20170901,210659500,3924.0,21476,310842,841953780.0,3924.0,9,3923.0,13
rb1805,20170904,20170901,210700000,3924.0,21478,310840,842032260.0,3924.0,5,3923.0,13
rb1805,20170904,20170901,210700500,3924.0,21488,310840,842424660.0,3925.0,50,3924.0,1
rb1805,20170904,20170901,210701000,3925.0,21490,310838,842503160.0,3925.0,49,3924.0,5
rb1805,20170904,20170901,210701500,3923.0,21562,310804,845327860.0,3923.0,17,3922.0,92
rb1805,20170904,20170901,210702000,3923.0,21580,310802,846034000.0,3923.0,8,3922.0,82
rb1805,20170904,20170901,210702500,3923.0,21594,310796,846583220.0,3923.0,1,3922.0,82
rb1805,20170904,20170901,210703000,3923.0,21596,310794,846661680.0,3924.0,10,3922.0,82
rb1805,20170904,20170901,210703500,3924.0,21600,310796,846818640.0,3924.0,8,3922.0,92
rb1805,20170904,20170901,210704000,3923.0,21604,310794,846975580.0,3924.0,17,3922.0,93
rb1805,20170904,20170901,210704500,3923.0,21608,310796,847132520.0,3924.0,16,3922.0,93
rb1805,20170904,20170901,210705000,3924.0,21614,310792,847367960.0,3924.0,13,3922.0,103
rb1805,20170904,20170901,210705500,3924.0,21616,310790,847446440.0,3924.0,10,3922.0,108
rb1805,20170904,20170901,210706000,3924.0,21618,310788,847524920.0,3924.0,9,3922.0,108
rb1805,20170904,20170901,210706500,3924.0,21620,310786,847603400.0,3924.0,8,3922.0,108
rb1805,20170904,20170901,210707000,3924.0,21624,310782,847760360.0,3924.0,6,3922.0,108
rb1805,20170904,20170901,210707500,3924.0,21638,310780,848309720.0,3925.0,69,3924.0,11
rb1805,20170904,20170901,210708000,3924.0,21644,310784,848545160.0,3925.0,69,3924.0,9
rb1805,20170904,20170901,210708500,3924.0,21664,310780,849329960.0,3924.0,18,3922.0,108
rb1805,20170904,20170901,210709000,3922.0,21674,310786,849722220.0,3924.0,17,3922.0,105
rb1805,20170904,20170901,210709500,3924.0,21676,310786,849800700.0,3924.0,16,3922.0,105
rb1805,20170904,20170901,210710000,3924.0,21678,310786,849879180.0,3924.0,15,3923.0,6
rb1805,20170904,20170901,210710500,3924.0,21682,310786,850036140.0,3924.0,33,3923.0,6
rb1805,20170904,20170901,210711000,3924.0,21700,310786,850742260.0,3924.0,36,3923.0,2
rb1805,20170904,20170901,210711500,3923.0,21706,310780,850977640.0,3923.0,7,3922.0,94
rb1805,20170904,20170901,210712000,3923.0,21706,310780,850977640.0,3923.0,4,3922.0,84
rb1805,20170904,20170901,210712500,3922.0,21734,310794,852075920.0,3924.0,42,3922.0,75
rb1805,20170904,20170901,210713000,3924.0,21736,310794,852154400.0,3924.0,41,3923.0,1
rb1805,20170904,20170901,210713500,3923.0,21750,310804,852703640.0,3924.0,35,3922.0,75
rb1805,20170904,20170901,210714000,3924.0,21752,310804,852782120.0,3924.0,35,3922.0,75
rb1805,20170904,20170901,210714500,3924.0,21754,310804,852860600.0,3924.0,34,3923.0,21
rb1805,20170904,20170901,210715000,3924.0,21754,310804,852860600.0,3924.0,39,3923.0,21
rb1805,20170904,20170901,210715500,3924.0,21758,310802,853017540.0,3924.0,38,3923.0,20
rb1805,20170904,20170901,210716000,3924.0,21760,310802,853096020.0,3924.0,37,3923.0,20
rb1805,20170904,20170901,210716500,3924.0,21760,310802,853096020.0,3924.0,36,3923.0,26
rb1805,20170904,20170901,210717000,3923.0,21816,310764,855292920.0,3923.0,24,3922.0,74
rb1805,20170904,20170901,210717500,3923.0,21824,310762,855606740.0,3923.0,21,3922.0,73
rb1805,20170904,20170901,210718000,3923.0,21826,310760,855685200.0,3923.0,20,3922.0,77
rb1805,20170904,20170901,210718500,3923.0,21828,310758,855763660.0,3923.0,25,3922.0,77
rb1805,20170904,20170901,210719000,3923.0,21830,310756,855842120.0,3923.0,24,3922.0,80
rb1805,20170904,20170901,210719500,3922.0,21836,310756,856077480.0,3923.0,22,3922.0,79
rb1805,20170904,20170901,210720000,3923.0,21880,310756,857803600.0,3924.0,40,3923.0,7
rb1805,20170904,20170901,210720500,3924.0,21886,310756,858039000.0,3924.0,39,3923.0,4
rb1805,20170904,20170901,210721000,3922.0,21912,310774,859058820.0,3923.0,2,3922.0,73
rb1805,20170904,20170901,210721500,3922.0,21912,310774,859058820.0,3923.0,2,3922.0,73
rb1805,20170904,20170901,210722000,3922.0,21932,310794,859843220.0,3923.0,2,3922.0,64
rb1805,20170904,20170901,210722500,3923.0,21934,310792,859921680.0,3923.0,1,3922.0,64
rb1805,20170904,20170901,210723000,3923.0,21936,310790,860000140.0,3924.0,41,3922.0,64
rb1805,20170904,20170901,210723500,3923.0,21936,310790,860000140.0,3924.0,41,3923.0,10
rb1805,20170904,20170901,210724000,3924.0,21940,310788,860157080.0,3924.0,40,3923.0,9
rb1805,20170904,20170901,210724500,3924.0,21954,310776,860706320.0,3924.0,41,3923.0,3
rb1805,20170904,20170901,210725000,3924.0,21960,310774,860941740.0,3924.0,39,3923.0,2
rb1805,20170904,20170901,210725500,3923.0,21964,310770,861098660.0,3923.0,19,3922.0,64
rb1805,20170904,20170901,210726000,3923.0,21964,310770,861098660.0,3923.0,19,3922.0,64
rb1805,20170904,20170901,210726500,3923.0,21972,310762,861412500.0,3923.0,16,3922.0,64
rb1805,20170904,20170901,210727000,3923.0,21974,310760,861490960.0,3923.0,16,3922.0,64
rb1805,20170904,20170901,210727500,3923.0,21976,310758,861569420.0,3923.0,16,3922.0,64
rb1805,20170904,20170901,210728000,3923.0,21980,310756,861726340.0,3923.0,15,3922.0,64
rb1805,20170904,20170901,210728500,3923.0,21984,310754,861883260.0,3923.0,14,3922.0,64
rb1805,20170904,20170901,210729000,3923.0,21988,310752,862040180.0,3923.0,18,3922.0,64
rb1805,20170904,20170901,210729500,3923.0,21988,310752,862040180.0,3923.0,19,3922.0,64
rb1805,20170904,20170901,210730000,3923.0,21990,310750,862118640.0,3923.0,19,3922.0,64
rb1805,20170904,20170901,210730500,3923.0,21990,310750,862118640.0,3923.0,19,3922.0,64
rb1805,20170904,20170901,210731000,3923.0,21990,310750,862118640.0,3923.0,19,3922.0,75
rb1805,20170904,20170901,210731500,3923.0,21990,310750,862118640.0,3923.0,19,3922.0,75
rb1805,20170904,20170901,210732000,3923.0,22000,310740,862510940.0,3923.0,14,3922.0,75
rb1805,20170904,20170901,210732500,3923.0,22028,310714,863609380.0,3924.0,42,3923.0,7
rb1805,20170904,20170901,210733000,3923.0,22028,310714,863609380.0,3924.0,42,3923.0,8
rb1805,20170904,20170901,210733500,3923.0,22028,310714,863609380.0,3924.0,42,3923.0,16
rb1805,20170904,20170901,210734000,3923.0,22030,310716,863687840.0,3924.0,42,3923.0,64
rb1805,20170904,20170901,210734500,3923.0,22042,310716,864158700.0,3924.0,37,3923.0,63
rb1805,20170904,20170901,210735000,3923.0,22118,310694,867140920.0,3925.0,71,3923.0,68
rb1805,20170904,20170901,210735500,3923.0,22118,310694,867140920.0,3925.0,83,3923.0,69
rb1805,20170904,20170901,210736000,3925.0,22120,310692,867219420.0,3924.0,2,3923.0,79
rb1805,20170904,20170901,210736500,3925.0,22130,310694,867611880.0,3925.0,69,3924.0,1
rb1805,20170904,20170901,210737000,3923.0,22134,310696,867768840.0,3925.0,68,3923.0,68
rb1805,20170904,20170901,210737500,3923.0,22134,310696,867768840.0,3925.0,68,3923.0,68
rb1805,20170904,20170901,210738000,3923.0,22134,310696,867768840.0,3924.0,5,3923.0,68
rb1805,20170904,20170901,210738500,3924.0,22136,310698,867847320.0,3924.0,5,3923.0,68
rb1805,20170904,20170901,210739000,3924.0,22136,310698,867847320.0,3924.0,5,3923.0,79
rb1805,20170904,20170901,210739500,3924.0,22146,310708,868239720.0,3925.0,75,3924.0,25
rb1805,20170904,20170901,210740000,3924.0,22146,310708,868239720.0,3925.0,70,3924.0,25
rb1805,20170904,20170901,210740500,3924.0,22146,310708,868239720.0,3925.0,80,3924.0,27
rb1805,20170904,20170901,210741000,3924.0,22146,310708,868239720.0,3925.0,80,3924.0,27
rb1805,20170904,20170901,210741500,3924.0,22146,310708,868239720.0,3925.0,80,3924.0,27
rb1805,20170904,20170901,210742000,3925.0,22206,310728,870594720.0,3925.0,40,3924.0,28
rb1805,20170904,20170901,210742500,3925.0,22286,310776,873734720.0,3926.0,53,3924.0,39
rb1805,20170904,20170901,210743000,3925.0,22296,310786,874127280.0,3926.0,50,3925.0,4
rb1805,20170904,20170901,210743500,3925.0,22324,310804,875226520.0,3926.0,38,3925.0,24
rb1805,20170904,20170901,210744000,3926.0,22400,310842,878210280.0,3927.0,194,3926.0,6
rb1805,20170904,20170901,210744500,3926.0,22400,310842,878210280.0,3927.0,184,3926.0,43
rb1805,20170904,20170901,210745000,3926.0,22930,310754,899024860.0,3929.0,158,3927.0,2
rb1805,20170904,20170901,210745500,3927.0,22942,310754,899496000.0,3929.0,156,3927.0,41
rb1805,20170904,20170901,210746000,3927.0,22990,310714,901381880.0,3929.0,133,3927.0,46
rb1805,20170904,20170901,210746500,3929.0,23030,310678,902953480.0,3929.0,113,3927.0,53
rb1805,20170904,20170901,210747000,3929.0,23090,310636,905310800.0,3929.0,87,3928.0,1
rb1805,20170904,20170901,210747500,3929.0,23102,310628,905782240.0,3929.0,84,3928.0,36
rb1805,20170904,20170901,210748000,3928.0,23142,310604,907353780.0,3929.0,67,3928.0,33
rb1805,20170904,20170901,210748500,3929.0,23156,310598,907903820.0,3929.0,70,3928.0,32
rb1805,20170904,20170901,210749000,3929.0,23158,310598,907982400.0,3929.0,69,3928.0,53
rb1805,20170904,20170901,210749500,3929.0,23160,310598,908060980.0,3929.0,69,3928.0,54
rb1805,20170904,20170901,210750000,3929.0,23166,310600,908296700.0,3929.0,72,3928.0,53
rb1805,20170904,20170901,210750500,3929.0,23312,310658,914033040.0,3929.0,3,3928.0,59
rb1805,20170904,20170901,210751000,3928.0,23322,310650,914425880.0,3929.0,2,3928.0,56
rb1805,20170904,20170901,210751500,3929.0,23328,310648,914661620.0,3929.0,1,3928.0,56
rb1805,20170904,20170901,210752000,3928.0,23332,310644,914818760.0,3929.0,2,3928.0,56
rb1805,20170904,20170901,210752500,3928.0,23338,310640,915054480.0,3929.0,1,3928.0,55
rb1805,20170904,20170901,210753000,3928.0,23488,310582,920946480.0,3928.0,55,3927.0,22
rb1805,20170904,20170901,210753500,3928.0,23494,310582,921182160.0,3928.0,46,3927.0,15
rb1805,20170904,20170901,210754000,3929.0,23600,310584,925345900.0,3930.0,71,3929.0,2
rb1805,20170904,20170901,210754500,3929.0,23620,310584,926131700.0,3928.0,1,3927.0,25
rb1805,20170904,20170901,210755000,3927.0,23636,310586,926760080.0,3928.0,2,3927.0,11
rb1805,20170904,20170901,210755500,3929.0,23644,310586,927074360.0,3929.0,3,3928.0,5
rb1805,20170904,20170901,210756000,3929.0,23644,310586,927074360.0,3929.0,1,3928.0,16
rb1805,20170904,20170901,210756500,3929.0,23668,310584,928017320.0,3930.0,71,3929.0,3
rb1805,20170904,20170901,210757000,3929.0,23724,310544,930217080.0,3929.0,118,3927.0,6
rb1805,20170904,20170901,210757500,3929.0,23748,310542,931159720.0,3929.0,55,3928.0,1
rb1805,20170904,20170901,210758000,3928.0,23754,310548,931395400.0,3928.0,6,3927.0,2
rb1805,20170904,20170901,210758500,3929.0,23786,310528,932652560.0,3929.0,95,3928.0,10
rb1805,20170904,20170901,210759000,3928.0,23790,310526,932809700.0,3929.0,95,3928.0,10
rb1805,20170904,20170901,210759500,3929.0,23808,310514,933516880.0,3929.0,88,3928.0,10
rb1805,20170904,20170901,210800000,3928.0,23818,310514,933909740.0,3929.0,85,3928.0,10
rb1805,20170904,20170901,210800500,3928.0,23826,310512,934224000.0,3929.0,84,3928.0,7
rb1805,20170904,20170901,210801000,3928.0,23840,310506,934773920.0,3929.0,85,3927.0,6
rb1805,20170904,20170901,210801500,3929.0,23846,310506,935009660.0,3929.0,83,3928.0,2
rb1805,20170904,20170901,210802000,3929.0,23858,310502,935481140.0,3929.0,77,3928.0,2
rb1805,20170904,20170901,210802500,3928.0,23924,310474,938074240.0,3928.0,5,3927.0,15
rb1805,20170904,20170901,210803000,3928.0,23982,310470,940352580.0,3929.0,34,3928.0,19
rb1805,20170904,20170901,210803500,3929.0,24086,310484,944438760.0,3930.0,92,3929.0,7
rb1805,20170904,20170901,210804000,3929.0,24118,310484,945696040.0,3930.0,82,3929.0,4
rb1805,20170904,20170901,210804500,3929.0,24122,310486,945853200.0,3930.0,82,3929.0,22
rb1805,20170904,20170901,210805000,3930.0,24126,310486,946010400.0,3930.0,80,3929.0,22
rb1805,20170904,20170901,210805500,3931.0,24366,310534,955442940.0,3931.0,18,3930.0,39
rb1805,20170904,20170901,210806000,3931.0,24408,310536,957093900.0,3932.0,36,3931.0,17
rb1805,20170904,20170901,210806500,3932.0,24482,310536,960003140.0,3932.0,21,3931.0,2
rb1805,20170904,20170901,210807000,3933.0,24608,310540,964957440.0,3933.0,37,3932.0,13
rb1805,20170904,20170901,210807500,3932.0,24756,310430,970775740.0,3932.0,80,3931.0,2
rb1805,20170904,20170901,210808000,3931.0,24786,310452,971954980.0,3931.0,8,3930.0,41
rb1805,20170904,20170901,210808500,3931.0,24906,310500,976673020.0,3931.0,127,3930.0,38
rb1805,20170904,20170901,210809000,3930.0,25080,310470,983512660.0,3931.0,56,3930.0,25
rb1805,20170904,20170901,210809500,3931.0,25140,310442,985870780.0,3930.0,5,3929.0,31
rb1805,20170904,20170901,210810000,3931.0,25256,310426,990430640.0,3932.0,91,3931.0,7
rb1805,20170904,20170901,210810500,3932.0,25282,310422,991452740.0,3931.0,1,3930.0,25
rb1805,20170904,20170901,210811000,3931.0,25288,310424,991688600.0,3932.0,76,3931.0,5
rb1805,20170904,20170901,210811500,3932.0,25298,310422,992081720.0,3932.0,76,3931.0,1
rb1805,20170904,20170901,210812000,3931.0,25312,310422,992632060.0,3931.0,7,3930.0,16
rb1805,20170904,20170901,210812500,3930.0,25316,310420,992789260.0,3931.0,58,3930.0,15
rb1805,20170904,20170901,210813000,3930.0,25356,310440,994361260.0,3930.0,7,3929.0,36
rb1805,20170904,20170901,210813500,3930.0,25364,310438,994675660.0,3930.0,12,3929.0,30
rb1805,20170904,20170901,210814000,3930.0,25370,310436,994911440.0,3930.0,13,3929.0,29
rb1805,20170904,20170901,210814500,3931.0,25452,310448,998134580.0,3931.0,40,3929.0,29
rb1805,20170904,20170901,210815000,3931.0,25452,310448,998134580.0,3930.0,2,3929.0,29
rb1805,20170904,20170901,210815500,3929.0,25492,310456,999706200.0,3930.0,5,3929.0,10
rb1805,20170904,20170901,210816000,3929.0,25530,310448,1001199220.0,3930.0,21,3928.0,58
rb1805,20170904,20170901,210816500,3928.0,25534,310448,1001356340.0,3930.0,21,3929.0,2
rb1805,20170904,20170901,210817000,3928.0,25542,310444,1001670620.0,3929.0,2,3928.0,55
rb1805,20170904,20170901,210817500,3928.0,25556,310442,1002220620.0,3929.0,3,3928.0,49
rb1805,20170904,20170901,210818000,3929.0,25562,310440,1002456360.0,3929.0,6,3928.0,49
rb1805,20170904,20170901,210818500,3928.0,25566,310442,1002613500.0,3929.0,14,3928.0,48
rb1805,20170904,20170901,210819000,3928.0,25566,310442,1002613500.0,3929.0,19,3928.0,52
rb1805,20170904,20170901,210819500,3929.0,25578,310442,1003084980.0,3929.0,13,3928.0,52
rb1805,20170904,20170901,210820000,3928.0,25588,310440,1003477780.0,3929.0,18,3928.0,47
rb1805,20170904,20170901,210820500,3928.0,25588,310440,1003477780.0,3929.0,18,3928.0,48
rb1805,20170904,20170901,210821000,3929.0,25624,310448,1004892200.0,3929.0,2,3928.0,49
rb1805,20170904,20170901,210821500,3929.0,25628,310450,1005049360.0,3930.0,48,3929.0,18
rb1805,20170904,20170901,210822000,3929.0,25630,310450,1005127940.0,3930.0,44,3929.0,19
rb1805,20170904,20170901,210822500,3929.0,25648,310440,1005835200.0,3930.0,42,3929.0,13
rb1805,20170904,20170901,210823000,3929.0,25650,310440,1005913780.0,3930.0,46,3929.0,17
rb1805,20170904,20170901,210823500,3930.0,25674,310440,1006856980.0,3930.0,36,3929.0,17
rb1805,20170904,20170901,210824000,3929.0,25694,310430,1007642780.0,3930.0,36,3929.0,8
rb1805,20170904,20170901,210824500,3929.0,25694,310430,1007642780.0,3930.0,36,3929.0,9
rb1805,20170904,20170901,210825000,3930.0,25720,310438,1008664340.0,3930.0,35,3928.0,48
rb1805,20170904,20170901,210825500,3930.0,25720,310438,1008664340.0,3929.0,22,3928.0,48
rb1805,20170904,20170901,210826000,3930.0,25786,310470,1011258140.0,3929.0,1,3928.0,48
rb1805,20170904,20170901,210826500,3930.0,25798,310460,1011729560.0,3930.0,40,3928.0,44
rb1805,20170904,20170901,210827000,3930.0,25800,310458,1011808160.0,3930.0,41,3928.0,44
rb1805,20170904,20170901,210827500,3930.0,25800,310458,1011808160.0,3930.0,43,3928.0,44
rb1805,20170904,20170901,210828000,3930.0,25802,310458,1011886760.0,3930.0,42,3929.0,1
rb1805,20170904,20170901,210828500,3929.0,25808,310458,1012122500.0,3929.0,5,3928.0,44
rb1805,20170904,20170901,210829000,3929.0,25820,310458,1012593980.0,3929.0,16,3928.0,44
rb1805,20170904,20170901,210829500,3929.0,25828,310458,1012908300.0,3929.0,12,3928.0,42
rb1805,20170904,20170901,210830000,3929.0,25834,310456,1013144020.0,3929.0,11,3928.0,41
rb1805,20170904,20170901,210830500,3928.0,25916,310394,1016364980.0,3928.0,9,3927.0,20
rb1805,20170904,20170901,210831000,3929.0,25936,310390,1017150600.0,3929.0,12,3928.0,3
rb1805,20170904,20170901,210831500,3928.0,25954,310400,1017857680.0,3928.0,14,3927.0,26
rb1805,20170904,20170901,210832000,3929.0,26014,310398,1020214800.0,3930.0,58,3928.0,4
rb1805,20170904,20170901,210832500,3928.0,26018,310402,1020371920.0,3930.0,97,3928.0,5
rb1805,20170904,20170901,210833000,3928.0,26022,310402,1020529060.0,3930.0,97,3928.0,9
rb1805,20170904,20170901,210833500,3928.0,26024,310402,1020607620.0,3929.0,10,3928.0,8
rb1805,20170904,20170901,210834000,3928.0,26026,310402,1020686180.0,3929.0,8,3928.0,10
rb1805,20170904,20170901,210834500,3929.0,26042,310418,1021314820.0,3930.0,97,3929.0,2
rb1805,20170904,20170901,210835000,3929.0,26042,310418,1021314820.0,3930.0,97,3929.0,11
rb1805,20170904,20170901,210835500,3929.0,26044,310416,1021393400.0,3930.0,97,3929.0,12
rb1805,20170904,20170901,210836000,3929.0,26044,310416,1021393400.0,3930.0,102,3929.0,12
rb1805,20170904,20170901,210836500,3930.0,26154,310490,1025716300.0,3930.0,42,3929.0,7
rb1805,20170904,20170901,210837000,3929.0,26222,310542,1028388660.0,3930.0,11,3929.0,5
rb1805,20170904,20170901,210837500,3929.0,26232,310552,1028781560.0,3930.0,11,3928.0,15
rb1805,20170904,20170901,210838000,3929.0,26232,310552,1028781560.0,3929.0,2,3928.0,15
rb1805,20170904,20170901,210838500,3930.0,26242,310558,1029174520.0,3930.0,10,3929.0,1
rb1805,20170904,20170901,210839000,3929.0,26254,310560,1029646080.0,3930.0,26,3929.0,1
rb1805,20170904,20170901,210839500,3928.0,26260,310560,1029881800.0,3929.0,21,3928.0,14
rb1805,20170904,20170901,210840000,3929.0,26266,310560,1030117540.0,3929.0,21,3928.0,14
rb1805,20170904,20170901,210840500,3929.0,26266,310560,1030117540.0,3929.0,22,3928.0,14
rb1805,20170904,20170901,210841000,3929.0,26270,310560,1030274700.0,3929.0,20,3928.0,14
rb1805,20170904,20170901,210841500,3929.0,26302,310528,1031531980.0,3929.0,4,3928.0,24
rb1805,20170904,20170901,210842000,3928.0,26306,310528,1031689100.0,3929.0,4,3928.0,22
rb1805,20170904,20170901,210842500,3928.0,26306,310528,1031689100.0,3929.0,5,3928.0,22
rb1805,20170904,20170901,210843000,3929.0,26336,310516,1032867800.0,3930.0,35,3929.0,11
rb1805,20170904,20170901,210843500,3929.0,26362,310542,1033889340.0,3929.0,29,3928.0,20
rb1805,20170904,20170901,210844000,3929.0,26364,310544,1033967920.0,3929.0,31,3928.0,20
rb1805,20170904,20170901,210844500,3929.0,26364,310544,1033967920.0,3929.0,33,3928.0,20
rb1805,20170904,20170901,210845000,3928.0,26372,310550,1034282200.0,3929.0,32,3928.0,23
rb1805,20170904,20170901,210845500,3928.0,26372,310550,1034282200.0,3929.0,32,3928.0,23
rb1805,20170904,20170901,210846000,3928.0,26372,310550,1034282200.0,3929.0,32,3928.0,23
rb1805,20170904,20170901,210846500,3929.0,26404,310550,1035539480.0,3929.0,16,3928.0,23
rb1805,20170904,20170901,210847000,3929.0,26438,310540,1036875340.0,3930.0,78,3929.0,8
rb1805,20170904,20170901,210847500,3929.0,26438,310540,1036875340.0,3930.0,79,3929.0,10
rb1805,20170904,20170901,210848000,3930.0,26458,310558,1037661340.0,3930.0,70,3929.0,10
rb1805,20170904,20170901,210848500,3929.0,26478,310542,1038447140.0,3929.0,44,3928.0,24
rb1805,20170904,20170901,210849000,3929.0,26542,310542,1040961700.0,3929.0,14,3928.0,29
rb1805,20170904,20170901,210849500,3929.0,26572,310536,1042140400.0,3930.0,71,3928.0,35
rb1805,20170904,20170901,210850000,3929.0,26576,310540,1042297560.0,3929.0,3,3928.0,35
rb1805,20170904,20170901,210850500,3929.0,26582,310546,1042533300.0,3929.0,1,3928.0,35
rb1805,20170904,20170901,210851000,3929.0,26582,310546,1042533300.0,3929.0,1,3928.0,45
rb1805,20170904,20170901,210851500,3929.0,26584,310546,1042611880.0,3929.0,5,3928.0,46
rb1805,20170904,20170901,210852000,3928.0,26590,310550,1042847580.0,3929.0,8,3928.0,44
rb1805,20170904,20170901,210852500,3928.0,26590,310550,1042847580.0,3929.0,9,3928.0,34
rb1805,20170904,20170901,210853000,3929.0,26598,310554,1043161900.0,3929.0,15,3928.0,34
rb1805,20170904,20170901,210853500,3929.0,26602,310554,1043319060.0,3929.0,13,3928.0,34
rb1805,20170904,20170901,210854000,3929.0,26602,310554,1043319060.0,3929.0,11,3928.0,34
rb1805,20170904,20170901,210854500,3929.0,26610,310552,1043633320.0,3929.0,10,3928.0,32
rb1805,20170904,20170901,210855000,3929.0,26614,310552,1043790480.0,3929.0,10,3928.0,55
rb1805,20170904,20170901,210855500,3928.0,26624,310552,1044183280.0,3929.0,10,3928.0,30
rb1805,20170904,20170901,210856000,3928.0,26628,310552,1044340400.0,3929.0,11,3928.0,25
rb1805,20170904,20170901,210856500,3928.0,26634,310552,1044576120.0,3929.0,15,3928.0,25
rb1805,20170904,20170901,210857000,3928.0,26634,310552,1044576120.0,3929.0,15,3928.0,25
rb1805,20170904,20170901,210857500,3928.0,26638,310548,1044733240.0,3929.0,16,3928.0,23
rb1805,20170904,20170901,210858000,3928.0,26638,310548,1044733240.0,3929.0,18,3928.0,23
rb1805,20170904,20170901,210858500,3928.0,26638,310548,1044733240.0,3929.0,18,3928.0,25
rb1805,20170904,20170901,210859000,3929.0,26642,310546,1044890400.0,3929.0,34,3928.0,128
rb1805,20170904,20170901,210859500,3929.0,26642,310546,1044890400.0,3929.0,34,3928.0,127
rb1805,20170904,20170901,210900000,3928.0,26644,310546,1044968960.0,3929.0,34,3928.0,126
rb1805,20170904,20170901,210900500,3928.0,26644,310546,1044968960.0,3929.0,34,3928.0,129
rb1805,20170904,20170901,210901000,3928.0,26644,310546,1044968960.0,3929.0,34,3928.0,129
rb1805,20170904,20170901,210901500,3929.0,26718,310498,1047876420.0,3930.0,88,3929.0,63
rb1805,20170904,20170901,210902000,3929.0,26820,310400,1051884020.0,3930.0,87,3929.0,15
rb1805,20170904,20170901,210902500,3929.0,26822,310398,1051962600.0,3930.0,87,3929.0,15
rb1805,20170904,20170901,210903000,3930.0,26848,310376,1052984160.0,3930.0,81,3929.0,3
rb1805,20170904,20170901,210903500,3929.0,26852,310376,1053141320.0,3930.0,81,3929.0,7
rb1805,20170904,20170901,210904000,3930.0,26854,310378,1053219920.0,3930.0,80,3929.0,8
rb1805,20170904,20170901,210904500,3930.0,26854,310378,1053219920.0,3930.0,80,3929.0,39
rb1805,20170904,20170901,210905000,3929.0,26920,310382,1055813120.0,3930.0,77,3929.0,9
rb1805,20170904,20170901,210905500,3929.0,26922,310382,1055891700.0,3930.0,78,3929.0,8
rb1805,20170904,20170901,210906000,3929.0,26922,310382,1055891700.0,3930.0,79,3929.0,10
rb1805,20170904,20170901,210906500,3930.0,26924,310382,1055970300.0,3930.0,80,3929.0,11
rb1805,20170904,20170901,210907000,3930.0,26928,310384,1056127500.0,3930.0,79,3929.0,11
rb1805,20170904,20170901,210907500,3930.0,26928,310384,1056127500.0,3930.0,81,3929.0,11
rb1805,20170904,20170901,210908000,3930.0,26932,310384,1056284700.0,3930.0,79,3929.0,11
rb1805,20170904,20170901,210908500,3930.0,26932,310384,1056284700.0,3930.0,79,3929.0,11
rb1805,20170904,20170901,210909000,3930.0,26932,310384,1056284700.0,3930.0,79,3929.0,12
rb1805,20170904,20170901,210909500,3929.0,26936,310384,1056441860.0,3930.0,80,3929.0,11
rb1805,20170904,20170901,210910000,3929.0,26958,310384,1057306240.0,3929.0,9,3928.0,133
rb1805,20170904,20170901,210910500,3929.0,26960,310384,1057384820.0,3929.0,10,3928.0,133
rb1805,20170904,20170901,210911000,3929.0,26962,310384,1057463400.0,3929.0,9,3928.0,133
rb1805,20170904,20170901,210911500,3929.0,26966,310384,1057620560.0,3929.0,49,3928.0,133
rb1805,20170904,20170901,210912000,3929.0,26972,310378,1057856300.0,3929.0,47,3928.0,133
rb1805,20170904,20170901,210912500,3929.0,26972,310378,1057856300.0,3929.0,47,3928.0,133
rb1805,20170904,20170901,210913000,3929.0,26974,310378,1057934880.0,3929.0,47,3928.0,133
rb1805,20170904,20170901,210913500,3929.0,27116,310482,1063512780.0,3929.0,41,3928.0,69
rb1805,20170904,20170901,210914000,3929.0,27116,310482,1063512780.0,3929.0,41,3928.0,69
rb1805,20170904,20170901,210914500,3928.0,27118,310484,1063591340.0,3929.0,42,3928.0,67
rb1805,20170904,20170901,210915000,3929.0,27140,310506,1064455700.0,3929.0,35,3928.0,68
rb1805,20170904,20170901,210915500,3929.0,27160,310506,1065241500.0,3929.0,35,3928.0,68
rb1805,20170904,20170901,210916000,3929.0,27178,310516,1065948720.0,3929.0,28,3928.0,69
rb1805,20170904,20170901,210916500,3929.0,27188,310508,1066341620.0,3929.0,25,3928.0,70
rb1805,20170904,20170901,210917000,3929.0,27188,310508,1066341620.0,3929.0,34,3928.0,68
rb1805,20170904,20170901,210917500,3928.0,27222,310510,1067677460.0,3929.0,18,3928.0,67
rb1805,20170904,20170901,210918000,3929.0,27260,310512,1069170480.0,3930.0,89,3929.0,53
rb1805,20170904,20170901,210918500,3929.0,27274,310502,1069720540.0,3930.0,108,3929.0,48
rb1805,20170904,20170901,210919000,3929.0,27278,310498,1069877700.0,3930.0,108,3929.0,46
rb1805,20170904,20170901,210919500,3929.0,27278,310498,1069877700.0,3930.0,109,3929.0,47
rb1805,20170904,20170901,210920000,3929.0,27286,310492,1070192020.0,3930.0,109,3929.0,43
rb1805,20170904,20170901,210920500,3929.0,27372,310570,1073570960.0,3929.0,69,3928.0,83
rb1805,20170904,20170901,210921000,3929.0,27372,310570,1073570960.0,3929.0,28,3928.0,83
rb1805,20170904,20170901,210921500,3930.0,27432,310554,1075928380.0,3930.0,118,3928.0,73
rb1805,20170904,20170901,210922000,3930.0,27434,310554,1076006980.0,3929.0,1,3928.0,73
rb1805,20170904,20170901,210922500,3929.0,27436,310556,1076085560.0,3929.0,6,3928.0,73
rb1805,20170904,20170901,210923000,3929.0,27482,310528,1077892900.0,3930.0,118,3929.0,9
rb1805,20170904,20170901,210923500,3929.0,27504,310528,1078757280.0,3929.0,9,3928.0,73
rb1805,20170904,20170901,210924000,3928.0,27520,310526,1079385920.0,3929.0,1,3928.0,78
rb1805,20170904,20170901,210924500,3929.0,27542,310524,1080250300.0,3930.0,107,3929.0,1
rb1805,20170904,20170901,210925000,3929.0,27546,310524,1080407460.0,3930.0,107,3929.0,2
rb1805,20170904,20170901,210925500,3929.0,27546,310524,1080407460.0,3930.0,107,3929.0,3
rb1805,20170904,20170901,210926000,3929.0,27546,310524,1080407460.0,3930.0,107,3929.0,3
rb1805,20170904,20170901,210926500,3929.0,27546,310524,1080407460.0,3930.0,107,3929.0,3
rb1805,20170904,20170901,210927000,3929.0,27548,310526,1080486040.0,3930.0,107,3929.0,2
rb1805,20170904,20170901,210927500,3929.0,27550,310526,1080564620.0,3930.0,107,3929.0,1
rb1805,20170904,20170901,210928000,3930.0,27552,310526,1080643220.0,3930.0,106,3929.0,1
rb1805,20170904,20170901,210928500,3929.0,27554,310526,1080721800.0,3930.0,106,3928.0,90
rb1805,20170904,20170901,210929000,3929.0,27554,310526,1080721800.0,3930.0,106,3929.0,1
rb1805,20170904,20170901,210929500,3929.0,27556,310526,1080800380.0,3930.0,106,3928.0,90
rb1805,20170904,20170901,210930000,3929.0,27556,310526,1080800380.0,3929.0,4,3928.0,90
rb1805,20170904,20170901,210930500,3929.0,27558,310526,1080878960.0,3929.0,3,3928.0,90
rb1805,20170904,20170901,210931000,3929.0,27564,310530,1081114700.0,3930.0,106,3929.0,3
rb1805,20170904,20170901,210931500,3929.0,27570,310536,1081350440.0,3930.0,106,3928.0,95
rb1805,20170904,20170901,210932000,3929.0,27570,310536,1081350440.0,3930.0,106,3929.0,12
rb1805,20170904,20170901,210932500,3929.0,27574,310538,1081507600.0,3930.0,106,3929.0,10
rb1805,20170904,20170901,210933000,3929.0,27594,310522,1082293400.0,3930.0,107,3928.0,95
rb1805,20170904,20170901,210933500,3928.0,27596,310522,1082371960.0,3930.0,106,3928.0,85
rb1805,20170904,20170901,210934000,3928.0,27596,310522,1082371960.0,3930.0,116,3928.0,88
rb1805,20170904,20170901,210934500,3928.0,27600,310522,1082529080.0,3929.0,1,3928.0,83
rb1805,20170904,20170901,210935000,3928.0,27604,310524,1082686220.0,3929.0,8,3928.0,81
rb1805,20170904,20170901,210935500,3928.0,27636,310556,1083943180.0,3929.0,55,3928.0,65
rb1805,20170904,20170901,210936000,3928.0,27766,310602,1089049580.0,3929.0,75,3927.0,18
rb1805,20170904,20170901,210936500,3927.0,27778,310598,1089520840.0,3928.0,72,3927.0,13
rb1805,20170904,20170901,210937000,3926.0,27812,310590,1090855940.0,3927.0,32,3926.0,23
