instrument,tradingday,calendarday,time,lastp,volume,openinterest,turnover,ask1,asksz1,bid1,bidsz1
rb1805,20171228,20171227,205900500,3780.0,15202,2611314,574635600.0,3780.0,1714,3779.0,310
rb1805,20171228,20171227,210000500,3778.0,21412,2614668,809256560.0,3778.0,121,3777.0,2
rb1805,20171228,20171227,210001000,3771.0,28604,2616914,1080704560.0,3773.0,6,3771.0,2436
rb1805,20171228,20171227,210001500,3766.0,49032,2620636,1851092440.0,3771.0,628,3766.0,68
rb1805,20171228,20171227,210002000,3767.0,58284,2622028,2199688440.0,3769.0,18,3767.0,13
rb1805,20171228,20171227,210002500,3769.0,63578,2622378,2399085820.0,3769.0,40,3768.0,249
rb1805,20171228,20171227,210003000,3766.0,71566,2621834,2699904820.0,3768.0,41,3766.0,54
rb1805,20171228,20171227,210003500,3769.0,73946,2621752,2789595020.0,3770.0,347,3769.0,181
rb1805,20171228,20171227,210004000,3771.0,76270,2621046,2877206980.0,3771.0,523,3770.0,1
rb1805,20171228,20171227,210004500,3771.0,79828,2621626,3011401680.0,3773.0,61,3771.0,7
rb1805,20171228,20171227,210005000,3773.0,80730,2621704,3045424560.0,3774.0,40,3773.0,226
rb1805,20171228,20171227,210005500,3776.0,81734,2621662,3083322520.0,3777.0,1155,3776.0,121
rb1805,20171228,20171227,210006000,3775.0,82942,2621414,3128937160.0,3775.0,78,3774.0,371
rb1805,20171228,20171227,210006500,3775.0,84876,2620498,3201950860.0,3776.0,1,3775.0,89
rb1805,20171228,20171227,210007000,3776.0,85780,2620486,3236081700.0,3776.0,194,3775.0,206
rb1805,20171228,20171227,210007500,3776.0,87076,2620948,3285011340.0,3777.0,704,3774.0,671
rb1805,20171228,20171227,210008000,3776.0,87956,2621182,3318229560.0,3776.0,71,3775.0,2
rb1805,20171228,20171227,210008500,3776.0,88618,2620820,3343228620.0,3777.0,490,3776.0,722
rb1805,20171228,20171227,210009000,3776.0,89992,2620338,3395117980.0,3777.0,139,3776.0,971
rb1805,20171228,20171227,210009500,3777.0,91714,2620376,3460162380.0,3778.0,9,3777.0,518
rb1805,20171228,20171227,210010000,3778.0,92214,2620544,3479052340.0,3779.0,2382,3778.0,353
rb1805,20171228,20171227,210010500,3777.0,94538,2620776,3566866520.0,3779.0,1750,3778.0,1
rb1805,20171228,20171227,210011000,3778.0,96754,2620662,3650603180.0,3779.0,941,3778.0,817
rb1805,20171228,20171227,210011500,3777.0,99284,2621316,3746190000.0,3778.0,5,3777.0,1232
rb1805,20171228,20171227,210012000,3778.0,99812,2621514,3766137880.0,3779.0,210,3778.0,142
rb1805,20171228,20171227,210012500,3779.0,100332,2621472,3785787700.0,3780.0,1055,3779.0,120
rb1805,20171228,20171227,210013000,3780.0,102652,2621194,3873482360.0,3781.0,498,3779.0,295
rb1805,20171228,20171227,210013500,3781.0,103168,2621296,3892988880.0,3781.0,402,3780.0,63
rb1805,20171228,20171227,210014000,3781.0,105072,2621338,3964981900.0,3782.0,910,3781.0,208
rb1805,20171228,20171227,210014500,3781.0,106172,2621606,4006577700.0,3782.0,648,3781.0,1
rb1805,20171228,20171227,210015000,3781.0,106820,2621366,4031075800.0,3781.0,288,3780.0,446
rb1805,20171228,20171227,210015500,3782.0,108484,2620626,4093991380.0,3782.0,650,3780.0,280
rb1805,20171228,20171227,210016000,3781.0,110010,2619902,4151675640.0,3781.0,19,3780.0,4
rb1805,20171228,20171227,210016500,3780.0,110540,2619712,4171712300.0,3781.0,32,3780.0,143
rb1805,20171228,20171227,210017000,3780.0,111042,2620068,4190687860.0,3780.0,57,3779.0,305
rb1805,20171228,20171227,210017500,3781.0,111624,2620010,4212689320.0,3781.0,403,3779.0,329
rb1805,20171228,20171227,210018000,3779.0,112460,2620182,4244283080.0,3780.0,3,3779.0,41
rb1805,20171228,20171227,210018500,3779.0,112790,2620180,4256755760.0,3780.0,26,3779.0,76
rb1805,20171228,20171227,210019000,3779.0,113350,2620214,4277915020.0,3779.0,75,3778.0,935
rb1805,20171228,20171227,210019500,3778.0,113688,2620106,4290686400.0,3779.0,55,3778.0,852
rb1805,20171228,20171227,210020000,3779.0,113982,2619982,4301795020.0,3779.0,64,3778.0,777
rb1805,20171228,20171227,210020500,3778.0,114418,2619828,4318269600.0,3779.0,44,3778.0,696
rb1805,20171228,20171227,210021000,3779.0,114678,2619752,4328093860.0,3779.0,46,3778.0,653
rb1805,20171228,20171227,210021500,3779.0,114978,2619736,4339429360.0,3779.0,155,3778.0,589
rb1805,20171228,20171227,210022000,3778.0,115360,2619678,4353862480.0,3779.0,148,3778.0,447
rb1805,20171228,20171227,210022500,3778.0,115540,2619770,4360664020.0,3779.0,303,3778.0,416
rb1805,20171228,20171227,210023000,3778.0,116144,2619948,4383486280.0,3779.0,174,3778.0,294
rb1805,20171228,20171227,210023500,3778.0,116824,2620292,4409176660.0,3778.0,304,3777.0,738
rb1805,20171228,20171227,210024000,3778.0,116942,2620360,4413634640.0,3778.0,271,3777.0,720
rb1805,20171228,20171227,210024500,3778.0,117160,2620484,4421870580.0,3778.0,232,3777.0,717
rb1805,20171228,20171227,210025000,3778.0,117498,2620512,4434638700.0,3778.0,216,3777.0,637
rb1805,20171228,20171227,210025500,3778.0,117606,2620588,4438718520.0,3778.0,228,3777.0,617
rb1805,20171228,20171227,210026000,3778.0,117838,2620714,4447482140.0,3778.0,198,3777.0,485
rb1805,20171228,20171227,210026500,3777.0,118440,2621086,4470220680.0,3778.0,182,3777.0,219
rb1805,20171228,20171227,210027000,3777.0,119036,2621224,4492733020.0,3777.0,89,3776.0,491
rb1805,20171228,20171227,210027500,3777.0,119436,2621344,4507838340.0,3777.0,36,3776.0,369
rb1805,20171228,20171227,210028000,3776.0,119732,2621416,4519018360.0,3778.0,483,3776.0,349
rb1805,20171228,20171227,210028500,3777.0,120004,2621524,4529291780.0,3777.0,18,3776.0,346
rb1805,20171228,20171227,210029000,3776.0,120214,2621550,4537222940.0,3777.0,254,3776.0,407
rb1805,20171228,20171227,210029500,3777.0,120968,2621598,4565701340.0,3778.0,389,3777.0,3
rb1805,20171228,20171227,210030000,3777.0,121328,2621842,4579295820.0,3777.0,295,3776.0,246
rb1805,20171228,20171227,210030500,3776.0,122190,2622132,4611848000.0,3776.0,1,3775.0,388
rb1805,20171228,20171227,210031000,3776.0,122474,2622094,4622572800.0,3776.0,62,3775.0,367
rb1805,20171228,20171227,210031500,3776.0,122830,2622100,4636013000.0,3776.0,39,3775.0,243
rb1805,20171228,20171227,210032000,3775.0,123546,2622182,4663047960.0,3776.0,1,3775.0,179
rb1805,20171228,20171227,210032500,3777.0,123844,2622346,4674299720.0,3777.0,204,3776.0,14
rb1805,20171228,20171227,210033000,3776.0,124128,2622308,4685023080.0,3777.0,207,3776.0,1
rb1805,20171228,20171227,210033500,3776.0,124442,2622454,4696879220.0,3776.0,48,3775.0,78
rb1805,20171228,20171227,210034000,3776.0,125054,2622760,4719990960.0,3776.0,137,3775.0,209
rb1805,20171228,20171227,210034500,3776.0,125588,2622500,4740156300.0,3777.0,6,3776.0,140
rb1805,20171228,20171227,210035000,3776.0,125878,2622392,4751108800.0,3778.0,550,3776.0,144
rb1805,20171228,20171227,210035500,3777.0,126130,2622414,4760628440.0,3778.0,453,3777.0,27
rb1805,20171228,20171227,210036000,3777.0,126618,2622360,4779059820.0,3778.0,438,3777.0,13
rb1805,20171228,20171227,210036500,3777.0,126838,2622450,4787369140.0,3778.0,411,3777.0,44
rb1805,20171228,20171227,210037000,3777.0,127032,2622532,4794696680.0,3778.0,385,3777.0,129
rb1805,20171228,20171227,210037500,3777.0,127390,2622698,4808219840.0,3778.0,320,3777.0,81
rb1805,20171228,20171227,210038000,3777.0,127862,2622854,4826049900.0,3777.0,168,3776.0,186
rb1805,20171228,20171227,210038500,3777.0,128302,2622972,4842667780.0,3777.0,6,3776.0,149
rb1805,20171228,20171227,210039000,3777.0,128566,2622838,4852639260.0,3778.0,188,3777.0,314
rb1805,20171228,20171227,210039500,3777.0,128674,2622836,4856718860.0,3778.0,176,3777.0,440
rb1805,20171228,20171227,210040000,3778.0,129084,2622810,4872208000.0,3778.0,13,3777.0,435
rb1805,20171228,20171227,210040500,3778.0,129216,2622814,4877194940.0,3779.0,260,3778.0,32
rb1805,20171228,20171227,210041000,3778.0,129556,2622746,4890042980.0,3779.0,141,3778.0,96
rb1805,20171228,20171227,210041500,3778.0,129654,2622742,4893745540.0,3779.0,139,3778.0,166
rb1805,20171228,20171227,210042000,3778.0,130144,2622618,4912260460.0,3779.0,11,3778.0,96
rb1805,20171228,20171227,210042500,3778.0,130690,2622814,4932889980.0,3778.0,4,3777.0,543
rb1805,20171228,20171227,210043000,3778.0,130832,2622842,4938255400.0,3779.0,38,3778.0,24
rb1805,20171228,20171227,210043500,3778.0,130938,2622866,4942260940.0,3779.0,29,3778.0,64
rb1805,20171228,20171227,210044000,3779.0,131026,2622812,4945586380.0,3780.0,1040,3779.0,54
rb1805,20171228,20171227,210044500,3779.0,131208,2622852,4952464040.0,3779.0,1,3778.0,94
rb1805,20171228,20171227,210045000,3779.0,131314,2622876,4956470040.0,3780.0,1033,3779.0,58
rb1805,20171228,20171227,210045500,3780.0,131424,2622900,4960627140.0,3780.0,1025,3779.0,126
rb1805,20171228,20171227,210046000,3779.0,131756,2622670,4973173800.0,3780.0,1008,3779.0,7
rb1805,20171228,20171227,210046500,3780.0,132572,2622990,5004017140.0,3780.0,666,3778.0,296
rb1805,20171228,20171227,210047000,3779.0,132734,2623014,5010140600.0,3780.0,633,3779.0,22
rb1805,20171228,20171227,210047500,3779.0,133030,2623006,5021328040.0,3779.0,18,3778.0,314
rb1805,20171228,20171227,210048000,3780.0,133256,2623078,5029870000.0,3780.0,508,3779.0,40
rb1805,20171228,20171227,210048500,3778.0,133680,2623164,5045893900.0,3779.0,23,3778.0,330
rb1805,20171228,20171227,210049000,3779.0,133798,2623196,5050352700.0,3779.0,1,3778.0,324
rb1805,20171228,20171227,210049500,3780.0,134016,2623202,5058591080.0,3780.0,445,3779.0,20
rb1805,20171228,20171227,210050000,3779.0,134362,2623438,5071666220.0,3779.0,88,3778.0,306
rb1805,20171228,20171227,210050500,3779.0,134920,2623880,5092756120.0,3780.0,292,3778.0,300
rb1805,20171228,20171227,210051000,3780.0,135562,2623676,5117023240.0,3781.0,291,3780.0,240
rb1805,20171228,20171227,210051500,3780.0,135628,2623636,5119518080.0,3781.0,291,3780.0,239
rb1805,20171228,20171227,210052000,3780.0,136962,2623226,5169953620.0,3782.0,1467,3780.0,124
rb1805,20171228,20171227,210052500,3781.0,139044,2623028,5248694340.0,3782.0,452,3781.0,46
rb1805,20171228,20171227,210053000,3781.0,139420,2622934,5262911120.0,3782.0,479,3781.0,166
rb1805,20171228,20171227,210053500,3781.0,139706,2623024,5273725700.0,3782.0,450,3781.0,78
rb1805,20171228,20171227,210054000,3781.0,140434,2623074,5301257960.0,3782.0,123,3781.0,60
rb1805,20171228,20171227,210054500,3781.0,140810,2623096,5315477560.0,3782.0,33,3781.0,180
rb1805,20171228,20171227,210055000,3782.0,140900,2623146,5318881320.0,3783.0,474,3782.0,99
rb1805,20171228,20171227,210055500,3782.0,141080,2623178,5325689320.0,3783.0,471,3782.0,87
rb1805,20171228,20171227,210056000,3782.0,141702,2623558,5349216620.0,3782.0,207,3781.0,170
rb1805,20171228,20171227,210056500,3782.0,141980,2623558,5359729840.0,3782.0,327,3781.0,141
rb1805,20171228,20171227,210057000,3782.0,142376,2623602,5374705780.0,3782.0,257,3781.0,35
rb1805,20171228,20171227,210057500,3781.0,143600,2623542,5420996280.0,3781.0,113,3780.0,457
rb1805,20171228,20171227,210058000,3782.0,143898,2623434,5432263580.0,3782.0,25,3781.0,1
rb1805,20171228,20171227,210058500,3782.0,144226,2623422,5444665020.0,3782.0,165,3781.0,81
rb1805,20171228,20171227,210059000,3781.0,144546,2623406,5456765520.0,3782.0,294,3781.0,31
rb1805,20171228,20171227,210059500,3781.0,144850,2623340,5468259480.0,3782.0,331,3781.0,8
rb1805,20171228,20171227,210100000,3780.0,145126,2623344,5478694940.0,3782.0,441,3781.0,1
rb1805,20171228,20171227,210100500,3781.0,145290,2623368,5484895660.0,3781.0,270,3780.0,415
rb1805,20171228,20171227,210101000,3781.0,146180,2623918,5518538660.0,3781.0,257,3780.0,22
rb1805,20171228,20171227,210101500,3781.0,146852,2624322,5543943080.0,3781.0,92,3780.0,5
rb1805,20171228,20171227,210102000,3781.0,147032,2624432,5550747720.0,3780.0,2,3779.0,144
rb1805,20171228,20171227,210102500,3779.0,147524,2624712,5569345220.0,3781.0,253,3779.0,138
rb1805,20171228,20171227,210103000,3780.0,148074,2624710,5590138040.0,3780.0,26,3779.0,106
rb1805,20171228,20171227,210103500,3781.0,148304,2624636,5598833460.0,3781.0,145,3780.0,26
rb1805,20171228,20171227,210104000,3780.0,148624,2624582,5610927460.0,3780.0,26,3779.0,141
rb1805,20171228,20171227,210104500,3780.0,148704,2624568,5613951220.0,3780.0,37,3779.0,133
rb1805,20171228,20171227,210105000,3780.0,148878,2624604,5620527740.0,3780.0,50,3779.0,99
rb1805,20171228,20171227,210105500,3780.0,149210,2624738,5633075840.0,3780.0,16,3779.0,19
rb1805,20171228,20171227,210106000,3780.0,149372,2624820,5639199920.0,3781.0,297,3780.0,55
rb1805,20171228,20171227,210106500,3779.0,149660,2624936,5650085980.0,3780.0,111,3779.0,20
rb1805,20171228,20171227,210107000,3779.0,149822,2625016,5656208520.0,3779.0,5,3778.0,486
rb1805,20171228,20171227,210107500,3780.0,150112,2625196,5667169720.0,3780.0,119,3779.0,8
rb1805,20171228,20171227,210108000,3780.0,150232,2625194,5671704920.0,3780.0,148,3779.0,47
rb1805,20171228,20171227,210108500,3780.0,150882,2625628,5696277220.0,3781.0,160,3780.0,99
rb1805,20171228,20171227,210109000,3781.0,150972,2625700,5699679320.0,3781.0,277,3780.0,73
rb1805,20171228,20171227,210109500,3780.0,151224,2625928,5709204960.0,3781.0,278,3780.0,36
rb1805,20171228,20171227,210110000,3780.0,152006,2626118,5738769820.0,3781.0,25,3780.0,9
rb1805,20171228,20171227,210110500,3780.0,152192,2626120,5745801300.0,3780.0,3,3779.0,291
rb1805,20171228,20171227,210111000,3780.0,152370,2626206,5752530100.0,3781.0,127,3780.0,37
rb1805,20171228,20171227,210111500,3780.0,153216,2626332,5784516060.0,3782.0,883,3780.0,9
rb1805,20171228,20171227,210112000,3781.0,153362,2626378,5790035720.0,3782.0,898,3781.0,43
rb1805,20171228,20171227,210112500,3781.0,154530,2626234,5834206860.0,3782.0,444,3781.0,37
rb1805,20171228,20171227,210113000,3781.0,155364,2626840,5865737680.0,3781.0,59,3780.0,130
rb1805,20171228,20171227,210113500,3782.0,155808,2626826,5882525620.0,3782.0,432,3781.0,799
rb1805,20171228,20171227,210114000,3781.0,156256,2627100,5899467000.0,3782.0,291,3781.0,703
rb1805,20171228,20171227,210114500,3782.0,157766,2627306,5956579740.0,3783.0,464,3782.0,633
rb1805,20171228,20171227,210115000,3782.0,158772,2626842,5994627120.0,3783.0,422,3782.0,193
rb1805,20171228,20171227,210115500,3782.0,159016,2626916,6003856340.0,3783.0,388,3782.0,113
rb1805,20171228,20171227,210116000,3783.0,159576,2627372,6025040940.0,3783.0,131,3782.0,132
rb1805,20171228,20171227,210116500,3784.0,159858,2627344,6035708860.0,3784.0,429,3783.0,22
rb1805,20171228,20171227,210117000,3784.0,160064,2627382,6043503040.0,3784.0,393,3783.0,469
rb1805,20171228,20171227,210117500,3785.0,162318,2628006,6128779040.0,3785.0,1183,3784.0,269
rb1805,20171228,20171227,210118000,3783.0,163408,2627640,6170025380.0,3783.0,8,3782.0,122
rb1805,20171228,20171227,210118500,3783.0,163676,2627674,6180165820.0,3784.0,13,3783.0,339
rb1805,20171228,20171227,210119000,3784.0,164620,2628044,6215891700.0,3784.0,234,3783.0,282
rb1805,20171228,20171227,210119500,3784.0,164764,2628110,6221340500.0,3784.0,232,3783.0,323
rb1805,20171228,20171227,210120000,3784.0,164932,2628200,6227697320.0,3784.0,311,3783.0,343
rb1805,20171228,20171227,210120500,3783.0,165470,2628522,6248055140.0,3784.0,85,3783.0,361
rb1805,20171228,20171227,210121000,3784.0,167188,2629418,6313074320.0,3785.0,373,3784.0,266
rb1805,20171228,20171227,210121500,3784.0,167554,2629416,6326926900.0,3785.0,205,3784.0,334
rb1805,20171228,20171227,210122000,3785.0,168290,2629614,6354786400.0,3785.0,10,3784.0,353
rb1805,20171228,20171227,210122500,3785.0,169454,2630230,6398861380.0,3788.0,1008,3785.0,3
rb1805,20171228,20171227,210123000,3786.0,170126,2630174,6424310180.0,3787.0,1,3786.0,60
rb1805,20171228,20171227,210123500,3785.0,171110,2630682,6461575680.0,3786.0,3,3785.0,620
rb1805,20171228,20171227,210124000,3785.0,173072,2631656,6535872040.0,3786.0,202,3785.0,740
rb1805,20171228,20171227,210124500,3785.0,173662,2631494,6558208240.0,3786.0,194,3785.0,652
rb1805,20171228,20171227,210125000,3785.0,175218,2632090,6617109680.0,3787.0,28,3785.0,213
rb1805,20171228,20171227,210125500,3786.0,175498,2632004,6627711340.0,3787.0,100,3786.0,8
rb1805,20171228,20171227,210126000,3787.0,176128,2632034,6651563760.0,3787.0,109,3786.0,9
rb1805,20171228,20171227,210126500,3787.0,178462,2633016,6739973660.0,3789.0,486,3787.0,10
rb1805,20171228,20171227,210127000,3787.0,178846,2633148,6754520080.0,3788.0,21,3787.0,92
rb1805,20171228,20171227,210127500,3788.0,179298,2633128,6771641060.0,3789.0,372,3788.0,23
rb1805,20171228,20171227,210128000,3787.0,180000,2633166,6798234240.0,3787.0,59,3786.0,249
rb1805,20171228,20171227,210128500,3787.0,180900,2633360,6832317920.0,3788.0,182,3787.0,31
rb1805,20171228,20171227,210129000,3788.0,181112,2633414,6840347980.0,3788.0,209,3787.0,24
rb1805,20171228,20171227,210129500,3787.0,182234,2633990,6882818740.0,3787.0,105,3785.0,10
rb1805,20171228,20171227,210130000,3785.0,182642,2634048,6898266240.0,3787.0,185,3785.0,85
rb1805,20171228,20171227,210130500,3785.0,183010,2633916,6912196200.0,3786.0,25,3785.0,5
rb1805,20171228,20171227,210131000,3786.0,183120,2633908,6916360460.0,3786.0,74,3785.0,7
rb1805,20171228,20171227,210131500,3786.0,183248,2633880,6921205280.0,3786.0,209,3785.0,146
rb1805,20171228,20171227,210132000,3786.0,183394,2633868,6926731880.0,3786.0,179,3785.0,128
rb1805,20171228,20171227,210132500,3785.0,183792,2633972,6941797880.0,3786.0,133,3785.0,28
rb1805,20171228,20171227,210133000,3786.0,184228,2634044,6958305560.0,3787.0,318,3786.0,9
rb1805,20171228,20171227,210133500,3786.0,184552,2634074,6970572000.0,3786.0,87,3785.0,103
rb1805,20171228,20171227,210134000,3786.0,185300,2633776,6998893440.0,3786.0,25,3785.0,76
rb1805,20171228,20171227,210134500,3787.0,186456,2634366,7042639780.0,3787.0,181,3786.0,2
rb1805,20171228,20171227,210135000,3785.0,186588,2634468,7047636940.0,3786.0,677,3785.0,44
rb1805,20171228,20171227,210135500,3785.0,186710,2634560,7052254640.0,3785.0,230,3784.0,32
rb1805,20171228,20171227,210136000,3785.0,187262,2634550,7073147900.0,3785.0,36,3784.0,20
rb1805,20171228,20171227,210136500,3786.0,187710,2634416,7090108180.0,3785.0,1,3784.0,31
rb1805,20171228,20171227,210137000,3785.0,187820,2634406,7094271800.0,3786.0,640,3785.0,39
rb1805,20171228,20171227,210137500,3785.0,187954,2634362,7099344680.0,3786.0,595,3785.0,68
rb1805,20171228,20171227,210138000,3786.0,188336,2634440,7113804800.0,3786.0,512,3785.0,69
rb1805,20171228,20171227,210138500,3786.0,188408,2634452,7116530260.0,3786.0,570,3785.0,103
rb1805,20171228,20171227,210139000,3785.0,188562,2634366,7122360320.0,3786.0,534,3785.0,91
rb1805,20171228,20171227,210139500,3786.0,189834,2633938,7170518020.0,3787.0,252,3786.0,149
rb1805,20171228,20171227,210140000,3786.0,190210,2633784,7184755420.0,3787.0,136,3786.0,88
rb1805,20171228,20171227,210140500,3786.0,191382,2634072,7229114100.0,3786.0,60,3785.0,23
rb1805,20171228,20171227,210141000,3785.0,191498,2634064,7233505680.0,3786.0,47,3785.0,26
rb1805,20171228,20171227,210141500,3786.0,191656,2633994,7239487380.0,3786.0,12,3785.0,69
rb1805,20171228,20171227,210142000,3785.0,191712,2634020,7241607240.0,3786.0,44,3785.0,70
rb1805,20171228,20171227,210142500,3785.0,191838,2634062,7246377060.0,3786.0,20,3785.0,48
rb1805,20171228,20171227,210143000,3785.0,191930,2634066,7249859780.0,3786.0,44,3785.0,77
rb1805,20171228,20171227,210143500,3786.0,192232,2634036,7261293400.0,3787.0,227,3786.0,77
rb1805,20171228,20171227,210144000,3786.0,192332,2634024,7265079460.0,3787.0,227,3786.0,47
rb1805,20171228,20171227,210144500,3786.0,193484,2634434,7308675320.0,3786.0,287,3785.0,14
rb1805,20171228,20171227,210145000,3785.0,193574,2634468,7312081720.0,3785.0,65,3784.0,10
rb1805,20171228,20171227,210145500,3785.0,193870,2634456,7323285240.0,3785.0,10,3784.0,73
rb1805,20171228,20171227,210146000,3785.0,193962,2634454,7326767580.0,3785.0,10,3784.0,132
rb1805,20171228,20171227,210146500,3786.0,194058,2634488,7330401340.0,3786.0,765,3785.0,58
rb1805,20171228,20171227,210147000,3786.0,194066,2634492,7330704180.0,3786.0,778,3785.0,85
rb1805,20171228,20171227,210147500,3786.0,194956,2634366,7364399440.0,3786.0,363,3785.0,93
rb1805,20171228,20171227,210148000,3785.0,195006,2634390,7366292160.0,3786.0,366,3785.0,120
rb1805,20171228,20171227,210148500,3785.0,196100,2635020,7407690880.0,3785.0,14,3784.0,8
rb1805,20171228,20171227,210149000,3785.0,196136,2635004,7409053320.0,3785.0,71,3784.0,6
rb1805,20171228,20171227,210149500,3785.0,196266,2634932,7413973680.0,3785.0,43,3784.0,1
rb1805,20171228,20171227,210150000,3786.0,197342,2635846,7454706100.0,3786.0,147,3785.0,15
rb1805,20171228,20171227,210150500,3785.0,197660,2635798,7466744460.0,3786.0,58,3785.0,139
rb1805,20171228,20171227,210151000,3785.0,197860,2635798,7474316280.0,3786.0,24,3785.0,160
rb1805,20171228,20171227,210151500,3785.0,197926,2635830,7476814880.0,3786.0,2,3785.0,186
rb1805,20171228,20171227,210152000,3786.0,198048,2635886,7481433800.0,3787.0,477,3786.0,14
rb1805,20171228,20171227,210152500,3785.0,198196,2635880,7487036460.0,3786.0,4,3785.0,170
rb1805,20171228,20171227,210153000,3786.0,198260,2635892,7489459020.0,3786.0,111,3785.0,158
rb1805,20171228,20171227,210153500,3785.0,198418,2635934,7495439840.0,3786.0,210,3785.0,82
rb1805,20171228,20171227,210154000,3786.0,199668,2636738,7542766300.0,3787.0,290,3786.0,53
rb1805,20171228,20171227,210154500,3786.0,199726,2636770,7544962300.0,3787.0,276,3786.0,44
rb1805,20171228,20171227,210155000,3785.0,199876,2636892,7550640920.0,3786.0,32,3785.0,175
rb1805,20171228,20171227,210155500,3785.0,200290,2637076,7566312940.0,3786.0,25,3785.0,96
rb1805,20171228,20171227,210156000,3786.0,200342,2637062,7568281580.0,3786.0,101,3785.0,94
rb1805,20171228,20171227,210156500,3786.0,200430,2637024,7571613220.0,3786.0,88,3785.0,135
rb1805,20171228,20171227,210157000,3786.0,200480,2637048,7573505880.0,3786.0,82,3785.0,126
rb1805,20171228,20171227,210157500,3785.0,200618,2637092,7578729960.0,3786.0,61,3785.0,173
rb1805,20171228,20171227,210158000,3786.0,200712,2637070,7582288260.0,3786.0,262,3785.0,159
rb1805,20171228,20171227,210158500,3786.0,200784,2637066,7585013900.0,3786.0,242,3785.0,139
rb1805,20171228,20171227,210159000,3786.0,201040,2637068,7594705980.0,3786.0,163,3785.0,152
rb1805,20171228,20171227,210159500,3786.0,201534,2637036,7613408740.0,3787.0,395,3786.0,162
rb1805,20171228,20171227,210200000,3786.0,201648,2636998,7617724800.0,3787.0,404,3786.0,237
rb1805,20171228,20171227,210200500,3786.0,201778,2637004,7622646700.0,3787.0,432,3786.0,280
rb1805,20171228,20171227,210201000,3786.0,201856,2637000,7625599940.0,3787.0,427,3786.0,274
rb1805,20171228,20171227,210201500,3787.0,202816,2637720,7661954420.0,3788.0,614,3787.0,59
rb1805,20171228,20171227,210202000,3787.0,202918,2637750,7665817180.0,3788.0,617,3787.0,57
rb1805,20171228,20171227,210202500,3787.0,202990,2637786,7668543920.0,3788.0,612,3787.0,38
rb1805,20171228,20171227,210203000,3787.0,204100,2638462,7710590240.0,3788.0,178,3787.0,50
rb1805,20171228,20171227,210203500,3788.0,204466,2638670,7724453060.0,3788.0,59,3787.0,38
rb1805,20171228,20171227,210204000,3787.0,204790,2638728,7736724460.0,3789.0,706,3787.0,42
rb1805,20171228,20171227,210204500,3789.0,204896,2638670,7740740120.0,3789.0,680,3788.0,1
rb1805,20171228,20171227,210205000,3788.0,205558,2638640,7765822640.0,3789.0,407,3788.0,45
rb1805,20171228,20171227,210205500,3789.0,205996,2638896,7782418000.0,3789.0,211,3788.0,75
rb1805,20171228,20171227,210206000,3789.0,206444,2639038,7799392460.0,3790.0,1900,3789.0,52
rb1805,20171228,20171227,210206500,3790.0,208382,2640346,7872839060.0,3790.0,1109,3789.0,113
rb1805,20171228,20171227,210207000,3795.0,213582,2638342,8069999020.0,3795.0,248,3790.0,20
rb1805,20171228,20171227,210207500,3795.0,218322,2638120,8249954280.0,3798.0,27,3795.0,544
rb1805,20171228,20171227,210208000,3798.0,220016,2638610,8314295820.0,3799.0,131,3798.0,226
rb1805,20171228,20171227,210208500,3797.0,224680,2638204,8491465980.0,3798.0,8,3797.0,274
rb1805,20171228,20171227,210209000,3798.0,225954,2638578,8539859100.0,3799.0,634,3798.0,115
rb1805,20171228,20171227,210209500,3799.0,226888,2638636,8575339200.0,3799.0,560,3798.0,1
rb1805,20171228,20171227,210210000,3800.0,228440,2639168,8634297220.0,3800.0,1447,3799.0,149
rb1805,20171228,20171227,210210500,3798.0,230626,2639580,8717361200.0,3799.0,2,3798.0,36
rb1805,20171228,20171227,210211000,3799.0,231170,2639728,8738028000.0,3799.0,45,3798.0,125
rb1805,20171228,20171227,210211500,3799.0,231966,2640214,8768271280.0,3799.0,67,3798.0,21
rb1805,20171228,20171227,210212000,3798.0,232182,2640266,8776476260.0,3799.0,196,3798.0,242
rb1805,20171228,20171227,210212500,3798.0,232440,2640300,8786276240.0,3799.0,362,3798.0,143
rb1805,20171228,20171227,210213000,3798.0,233696,2640410,8833988820.0,3798.0,7,3797.0,157
rb1805,20171228,20171227,210213500,3797.0,234046,2640346,8847279820.0,3798.0,387,3797.0,4
rb1805,20171228,20171227,210214000,3797.0,234142,2640350,8850924820.0,3797.0,178,3796.0,38
rb1805,20171228,20171227,210214500,3798.0,234756,2640704,8874237520.0,3798.0,505,3797.0,16
rb1805,20171228,20171227,210215000,3797.0,235108,2640756,8887604780.0,3798.0,684,3797.0,41
rb1805,20171228,20171227,210215500,3796.0,235502,2640786,8902564060.0,3797.0,173,3796.0,153
rb1805,20171228,20171227,210216000,3796.0,236394,2640962,8936430840.0,3797.0,10,3796.0,13
rb1805,20171228,20171227,210216500,3796.0,236570,2640972,8943111760.0,3796.0,105,3795.0,408
rb1805,20171228,20171227,210217000,3795.0,236790,2641046,8951462440.0,3796.0,183,3795.0,431
rb1805,20171228,20171227,210217500,3796.0,237328,2641456,8971885660.0,3796.0,25,3795.0,417
rb1805,20171228,20171227,210218000,3796.0,237688,2641424,8985551620.0,3796.0,31,3795.0,418
rb1805,20171228,20171227,210218500,3795.0,237946,2641444,8995343340.0,3796.0,23,3795.0,319
rb1805,20171228,20171227,210219000,3796.0,238636,2641840,9021538780.0,3797.0,112,3796.0,4
rb1805,20171228,20171227,210219500,3796.0,238748,2641810,9025790300.0,3797.0,145,3796.0,170
rb1805,20171228,20171227,210220000,3795.0,239518,2641836,9055019560.0,3796.0,35,3795.0,266
rb1805,20171228,20171227,210220500,3793.0,241276,2642746,9121741400.0,3795.0,90,3793.0,78
rb1805,20171228,20171227,210221000,3793.0,241596,2642798,9133884540.0,3795.0,155,3793.0,115
rb1805,20171228,20171227,210221500,3795.0,241702,2642794,9137906480.0,3795.0,201,3794.0,7
rb1805,20171228,20171227,210222000,3794.0,242304,2643220,9160753220.0,3795.0,10,3794.0,20
rb1805,20171228,20171227,210222500,3794.0,242514,2643260,9168722560.0,3795.0,20,3794.0,81
rb1805,20171228,20171227,210223000,3795.0,242638,2643302,9173427540.0,3796.0,472,3795.0,10
rb1805,20171228,20171227,210223500,3794.0,243388,2643420,9201891380.0,3795.0,1,3794.0,141
rb1805,20171228,20171227,210224000,3794.0,243614,2643340,9210466420.0,3795.0,1,3794.0,112
rb1805,20171228,20171227,210224500,3795.0,244690,2643388,9251285620.0,3795.0,280,3794.0,24
rb1805,20171228,20171227,210225000,3795.0,245454,2643774,9280273640.0,3795.0,269,3793.0,218
rb1805,20171228,20171227,210225500,3795.0,245714,2643642,9290139320.0,3795.0,217,3794.0,7
rb1805,20171228,20171227,210226000,3795.0,245954,2643586,9299246580.0,3795.0,168,3793.0,203
rb1805,20171228,20171227,210226500,3794.0,246486,2643940,9319436820.0,3794.0,6,3793.0,302
rb1805,20171228,20171227,210227000,3795.0,246628,2643990,9324825280.0,3796.0,164,3795.0,8
rb1805,20171228,20171227,210227500,3793.0,247676,2644288,9364585940.0,3794.0,38,3793.0,295
rb1805,20171228,20171227,210228000,3794.0,248336,2644682,9389633380.0,3795.0,39,3794.0,113
rb1805,20171228,20171227,210228500,3795.0,248404,2644696,9392213440.0,3795.0,72,3794.0,103
rb1805,20171228,20171227,210229000,3794.0,248578,2644592,9398815220.0,3795.0,73,3794.0,49
rb1805,20171228,20171227,210229500,3794.0,248618,2644574,9400332960.0,3795.0,112,3794.0,43
rb1805,20171228,20171227,210230000,3794.0,248768,2644568,9406024100.0,3795.0,185,3794.0,32
rb1805,20171228,20171227,210230500,3794.0,248894,2644530,9410805260.0,3795.0,214,3794.0,28
rb1805,20171228,20171227,210231000,3795.0,249636,2644802,9438961600.0,3796.0,165,3795.0,14
rb1805,20171228,20171227,210231500,3794.0,249702,2644762,9441465980.0,3795.0,6,3794.0,55
rb1805,20171228,20171227,210232000,3794.0,249902,2644800,9449055260.0,3795.0,32,3794.0,34
rb1805,20171228,20171227,210232500,3795.0,250176,2644708,9459454060.0,3796.0,163,3795.0,141
rb1805,20171228,20171227,210233000,3795.0,250428,2644712,9469018620.0,3796.0,135,3795.0,106
rb1805,20171228,20171227,210233500,3795.0,250548,2644676,9473572780.0,3796.0,175,3795.0,79
rb1805,20171228,20171227,210234000,3795.0,251156,2645072,9496652720.0,3797.0,160,3795.0,10
rb1805,20171228,20171227,210234500,3795.0,251284,2645140,9501510380.0,3796.0,55,3795.0,10
rb1805,20171228,20171227,210235000,3794.0,251378,2645146,9505077820.0,3795.0,20,3794.0,323
rb1805,20171228,20171227,210235500,3795.0,251626,2645160,9514489540.0,3796.0,78,3795.0,242
rb1805,20171228,20171227,210236000,3795.0,251750,2645164,9519195900.0,3796.0,75,3795.0,353
rb1805,20171228,20171227,210236500,3795.0,251994,2645324,9528456360.0,3796.0,46,3795.0,453
rb1805,20171228,20171227,210237000,3796.0,252686,2645816,9554730420.0,3798.0,858,3796.0,12
rb1805,20171228,20171227,210237500,3796.0,252984,2645820,9566042520.0,3797.0,79,3796.0,91
rb1805,20171228,20171227,210238000,3796.0,253156,2645736,9572572580.0,3797.0,34,3796.0,106
rb1805,20171228,20171227,210238500,3797.0,253610,2645984,9589806580.0,3797.0,59,3796.0,119
rb1805,20171228,20171227,210239000,3796.0,253684,2645994,9592616000.0,3797.0,73,3796.0,295
rb1805,20171228,20171227,210239500,3796.0,254166,2646048,9610913260.0,3797.0,51,3796.0,147
rb1805,20171228,20171227,210240000,3796.0,254744,2646434,9632863080.0,3797.0,6,3796.0,141
rb1805,20171228,20171227,210240500,3797.0,255054,2646484,9644631860.0,3798.0,698,3797.0,51
rb1805,20171228,20171227,210241000,3797.0,255256,2646540,9652302160.0,3798.0,689,3797.0,14
rb1805,20171228,20171227,210241500,3797.0,255424,2646568,9658681000.0,3797.0,94,3796.0,56
rb1805,20171228,20171227,210242000,3796.0,256644,2647438,9704984820.0,3796.0,102,3794.0,337
rb1805,20171228,20171227,210242500,3795.0,256954,2647448,9716747820.0,3795.0,18,3794.0,199
rb1805,20171228,20171227,210243000,3795.0,257672,2647692,9744005760.0,3796.0,1,3795.0,144
rb1805,20171228,20171227,210243500,3795.0,257764,2647644,9747498080.0,3796.0,170,3795.0,142
rb1805,20171228,20171227,210244000,3796.0,257816,2647652,9749471860.0,3796.0,677,3795.0,51
rb1805,20171228,20171227,210244500,3795.0,257918,2647628,9753342940.0,3796.0,693,3795.0,12
rb1805,20171228,20171227,210245000,3795.0,258028,2647660,9757517740.0,3795.0,39,3794.0,202
rb1805,20171228,20171227,210245500,3795.0,258082,2647622,9759566980.0,3795.0,126,3794.0,221
rb1805,20171228,20171227,210246000,3794.0,258242,2647638,9765638840.0,3795.0,122,3794.0,204
rb1805,20171228,20171227,210246500,3794.0,258256,2647634,9766170100.0,3795.0,134,3794.0,98
rb1805,20171228,20171227,210247000,3794.0,258352,2647588,9769812560.0,3795.0,164,3794.0,49
rb1805,20171228,20171227,210247500,3795.0,258468,2647614,9774214480.0,3795.0,282,3794.0,37
rb1805,20171228,20171227,210248000,3794.0,258562,2647666,9777781240.0,3795.0,265,3794.0,28
rb1805,20171228,20171227,210248500,3794.0,258700,2647686,9783017080.0,3794.0,37,3793.0,814
rb1805,20171228,20171227,210249000,3793.0,258716,2647700,9783624100.0,3794.0,43,3793.0,827
rb1805,20171228,20171227,210249500,3793.0,258826,2647742,9787797320.0,3794.0,534,3793.0,825
rb1805,20171228,20171227,210250000,3794.0,259050,2647748,9796295560.0,3794.0,463,3793.0,784
rb1805,20171228,20171227,210250500,3794.0,260054,2647728,9834387080.0,3795.0,314,3794.0,18
rb1805,20171228,20171227,210251000,3794.0,260200,2647628,9839925860.0,3795.0,313,3794.0,15
rb1805,20171228,20171227,210251500,3794.0,260392,2647670,9847211220.0,3794.0,1,3793.0,764
rb1805,20171228,20171227,210252000,3794.0,260460,2647680,9849791160.0,3795.0,297,3794.0,27
rb1805,20171228,20171227,210252500,3794.0,260706,2647694,9859123180.0,3794.0,54,3793.0,707
rb1805,20171228,20171227,210253000,3793.0,260790,2647740,9862309860.0,3794.0,80,3793.0,702
rb1805,20171228,20171227,210253500,3794.0,261562,2647722,9891599520.0,3795.0,424,3794.0,137
rb1805,20171228,20171227,210254000,3794.0,262872,2648058,9941290820.0,3794.0,441,3793.0,54
rb1805,20171228,20171227,210254500,3793.0,263130,2648116,9951076760.0,3793.0,281,3792.0,183
rb1805,20171228,20171227,210255000,3793.0,263182,2648080,9953049120.0,3793.0,302,3792.0,117
rb1805,20171228,20171227,210255500,3792.0,263266,2648094,9956235120.0,3793.0,283,3792.0,146
rb1805,20171228,20171227,210256000,3792.0,264038,2648296,9985513360.0,3792.0,39,3791.0,304
rb1805,20171228,20171227,210256500,3791.0,264188,2648304,9991200740.0,3792.0,2,3791.0,293
rb1805,20171228,20171227,210257000,3792.0,264218,2648318,9992338360.0,3793.0,74,3792.0,21
rb1805,20171228,20171227,210257500,3792.0,264316,2648352,9996054840.0,3793.0,61,3792.0,282
rb1805,20171228,20171227,210258000,3792.0,264360,2648326,9997723360.0,3793.0,61,3792.0,403
rb1805,20171228,20171227,210258500,3792.0,264466,2648262,10001742900.0,3793.0,74,3792.0,367
rb1805,20171228,20171227,210259000,3792.0,264576,2648236,10005914160.0,3793.0,79,3792.0,327
rb1805,20171228,20171227,210259500,3792.0,264708,2648200,10010919860.0,3793.0,66,3792.0,292
rb1805,20171228,20171227,210300000,3792.0,264804,2648166,10014560260.0,3793.0,68,3792.0,274
rb1805,20171228,20171227,210300500,3793.0,265028,2648104,10023056020.0,3794.0,688,3793.0,165
rb1805,20171228,20171227,210301000,3792.0,265466,2648082,10039669000.0,3794.0,675,3792.0,257
rb1805,20171228,20171227,210301500,3792.0,265826,2648114,10053321580.0,3793.0,445,3792.0,127
rb1805,20171228,20171227,210302000,3792.0,266054,2648152,10061967600.0,3793.0,465,3792.0,102
rb1805,20171228,20171227,210302500,3793.0,266260,2647988,10069779280.0,3793.0,532,3792.0,76
rb1805,20171228,20171227,210303000,3793.0,266434,2648020,10076378620.0,3793.0,493,3792.0,77
rb1805,20171228,20171227,210303500,3792.0,266550,2648022,10080777700.0,3793.0,471,3792.0,104
rb1805,20171228,20171227,210304000,3792.0,266640,2648022,10084190840.0,3793.0,488,3792.0,163
rb1805,20171228,20171227,210304500,3792.0,266674,2648030,10085480320.0,3793.0,484,3792.0,185
rb1805,20171228,20171227,210305000,3793.0,266758,2648000,10088665680.0,3793.0,465,3792.0,171
rb1805,20171228,20171227,210305500,3793.0,266844,2648034,10091927280.0,3793.0,447,3792.0,215
rb1805,20171228,20171227,210306000,3792.0,266872,2648038,10092989160.0,3793.0,444,3792.0,241
rb1805,20171228,20171227,210306500,3792.0,267902,2648144,10132046840.0,3793.0,467,3792.0,14
rb1805,20171228,20171227,210307000,3793.0,267980,2648152,10135005120.0,3793.0,443,3792.0,5
rb1805,20171228,20171227,210307500,3792.0,268226,2648042,10144333740.0,3793.0,436,3792.0,32
rb1805,20171228,20171227,210308000,3792.0,268252,2648030,10145319720.0,3793.0,457,3792.0,225
rb1805,20171228,20171227,210308500,3792.0,268340,2647960,10148656760.0,3793.0,441,3792.0,199
rb1805,20171228,20171227,210309000,3793.0,268518,2647962,10155408200.0,3793.0,388,3792.0,220
rb1805,20171228,20171227,210309500,3793.0,268766,2647968,10164812520.0,3793.0,381,3792.0,111
rb1805,20171228,20171227,210310000,3792.0,268824,2647968,10167012000.0,3793.0,377,3792.0,101
rb1805,20171228,20171227,210310500,3792.0,268852,2647968,10168073820.0,3793.0,378,3792.0,93
rb1805,20171228,20171227,210311000,3791.0,269084,2648064,10176871160.0,3792.0,587,3791.0,450
rb1805,20171228,20171227,210311500,3792.0,269202,2648082,10181344860.0,3792.0,519,3791.0,371
rb1805,20171228,20171227,210312000,3792.0,269228,2648096,10182330760.0,3792.0,526,3791.0,370
rb1805,20171228,20171227,210312500,3791.0,269466,2648096,10191354960.0,3792.0,461,3791.0,333
rb1805,20171228,20171227,210313000,3792.0,269498,2648100,10192568160.0,3792.0,473,3791.0,322
rb1805,20171228,20171227,210313500,3791.0,269534,2648086,10193932980.0,3792.0,488,3791.0,608
rb1805,20171228,20171227,210314000,3792.0,269966,2647958,10210311520.0,3792.0,388,3791.0,474
rb1805,20171228,20171227,210314500,3792.0,270138,2647984,10216832380.0,3792.0,370,3791.0,412
rb1805,20171228,20171227,210315000,3792.0,270286,2648002,10222444060.0,3792.0,317,3791.0,390
rb1805,20171228,20171227,210315500,3792.0,270448,2647988,10228585580.0,3792.0,317,3791.0,321
rb1805,20171228,20171227,210316000,3792.0,270470,2648010,10229419620.0,3792.0,334,3791.0,332
rb1805,20171228,20171227,210316500,3791.0,270516,2648054,10231163740.0,3792.0,340,3791.0,325
rb1805,20171228,20171227,210317000,3791.0,270744,2648124,10239807300.0,3792.0,370,3791.0,219
rb1805,20171228,20171227,210317500,3791.0,270788,2648140,10241475400.0,3792.0,370,3791.0,217
rb1805,20171228,20171227,210318000,3792.0,270964,2648262,10248148160.0,3792.0,354,3791.0,162
rb1805,20171228,20171227,210318500,3791.0,271036,2648282,10250878200.0,3792.0,327,3791.0,207
rb1805,20171228,20171227,210319000,3792.0,271266,2648464,10259597820.0,3792.0,324,3791.0,112
rb1805,20171228,20171227,210319500,3791.0,271302,2648486,10260962600.0,3792.0,338,3791.0,161
rb1805,20171228,20171227,210320000,3791.0,271386,2648520,10264147160.0,3792.0,348,3791.0,142
rb1805,20171228,20171227,210320500,3791.0,271534,2648530,10269757980.0,3792.0,356,3791.0,99
rb1805,20171228,20171227,210321000,3791.0,271572,2648550,10271198780.0,3792.0,346,3791.0,158
rb1805,20171228,20171227,210321500,3791.0,271746,2648482,10277795180.0,3792.0,358,3791.0,326
rb1805,20171228,20171227,210322000,3791.0,271840,2648482,10281359240.0,3792.0,332,3791.0,312
rb1805,20171228,20171227,210322500,3792.0,271930,2648452,10284771640.0,3792.0,793,3791.0,297
rb1805,20171228,20171227,210323000,3791.0,272064,2648432,10289851660.0,3792.0,816,3791.0,205
rb1805,20171228,20171227,210323500,3790.0,272486,2648468,10305849660.0,3791.0,307,3790.0,1645
rb1805,20171228,20171227,210324000,3790.0,272572,2648472,10309109260.0,3791.0,306,3790.0,1616
rb1805,20171228,20171227,210324500,3791.0,272598,2648474,10310094860.0,3791.0,305,3790.0,1623
rb1805,20171228,20171227,210325000,3790.0,272686,2648470,10313430460.0,3791.0,258,3790.0,1599
rb1805,20171228,20171227,210325500,3790.0,272750,2648478,10315856240.0,3791.0,254,3790.0,1580
rb1805,20171228,20171227,210326000,3791.0,272782,2648478,10317069260.0,3791.0,251,3790.0,1576
rb1805,20171228,20171227,210326500,3790.0,272870,2648468,10320404740.0,3791.0,244,3790.0,1567
rb1805,20171228,20171227,210327000,3790.0,273314,2648616,10337232620.0,3791.0,255,3790.0,1367
rb1805,20171228,20171227,210327500,3791.0,273388,2648664,10340037320.0,3791.0,289,3790.0,1363
rb1805,20171228,20171227,210328000,3790.0,273426,2648684,10341477620.0,3791.0,798,3790.0,1351
rb1805,20171228,20171227,210328500,3790.0,273512,2648748,10344737160.0,3791.0,801,3790.0,1318
rb1805,20171228,20171227,210329000,3790.0,273554,2648780,10346329060.0,3791.0,797,3790.0,1306
rb1805,20171228,20171227,210329500,3791.0,273630,2648842,10349209600.0,3791.0,796,3790.0,1276
rb1805,20171228,20171227,210330000,3790.0,273874,2649068,10358457260.0,3791.0,796,3790.0,1160
rb1805,20171228,20171227,210330500,3791.0,274218,2649398,10371495540.0,3791.0,793,3790.0,1223
rb1805,20171228,20171227,210331000,3790.0,274316,2649472,10375209880.0,3791.0,789,3790.0,1198
rb1805,20171228,20171227,210331500,3790.0,274418,2649490,10379075960.0,3791.0,783,3790.0,1170
rb1805,20171228,20171227,210332000,3790.0,274514,2649526,10382714480.0,3791.0,778,3790.0,1138
rb1805,20171228,20171227,210332500,3790.0,274950,2649914,10399238920.0,3791.0,813,3790.0,922
rb1805,20171228,20171227,210333000,3790.0,276590,2650792,10461395020.0,3791.0,808,3790.0,115
rb1805,20171228,20171227,210333500,3790.0,276914,2650704,10473674600.0,3790.0,375,3789.0,269
rb1805,20171228,20171227,210334000,3789.0,277758,2650602,10505657320.0,3790.0,149,3789.0,25
rb1805,20171228,20171227,210334500,3789.0,278334,2650534,10527485380.0,3790.0,12,3789.0,65
rb1805,20171228,20171227,210335000,3790.0,278848,2650162,10546965660.0,3791.0,756,3790.0,295
rb1805,20171228,20171227,210335500,3791.0,278988,2650126,10552272380.0,3791.0,724,3790.0,270
rb1805,20171228,20171227,210336000,3791.0,279092,2650086,10556214340.0,3791.0,684,3790.0,534
rb1805,20171228,20171227,210336500,3790.0,280164,2650488,10596852520.0,3791.0,223,3790.0,481
rb1805,20171228,20171227,210337000,3790.0,281230,2650580,10637257640.0,3791.0,42,3790.0,147
rb1805,20171228,20171227,210337500,3790.0,281352,2650552,10641882240.0,3791.0,7,3790.0,144
rb1805,20171228,20171227,210338000,3790.0,281434,2650548,10644990280.0,3791.0,19,3790.0,278
rb1805,20171228,20171227,210338500,3791.0,281548,2650650,10649310920.0,3791.0,148,3790.0,230
rb1805,20171228,20171227,210339000,3790.0,281570,2650668,10650144760.0,3791.0,181,3790.0,225
rb1805,20171228,20171227,210339500,3790.0,281594,2650680,10651054380.0,3791.0,191,3790.0,213
rb1805,20171228,20171227,210340000,3791.0,281680,2650690,10654314060.0,3791.0,221,3790.0,175
rb1805,20171228,20171227,210340500,3790.0,281940,2650884,10664170240.0,3791.0,127,3790.0,154
rb1805,20171228,20171227,210341000,3790.0,282022,2650886,10667278680.0,3791.0,129,3790.0,177
rb1805,20171228,20171227,210341500,3790.0,282164,2650932,10672660720.0,3791.0,140,3790.0,110
rb1805,20171228,20171227,210342000,3790.0,282324,2650912,10678725700.0,3791.0,104,3790.0,84
rb1805,20171228,20171227,210342500,3790.0,282504,2650934,10685547960.0,3791.0,96,3790.0,34
rb1805,20171228,20171227,210343000,3790.0,282574,2650950,10688200960.0,3791.0,607,3790.0,162
rb1805,20171228,20171227,210343500,3790.0,282686,2650992,10692446220.0,3791.0,620,3790.0,142
rb1805,20171228,20171227,210344000,3790.0,282790,2651088,10696387860.0,3791.0,651,3790.0,221
rb1805,20171228,20171227,210344500,3790.0,282980,2651192,10703589360.0,3791.0,628,3790.0,190
rb1805,20171228,20171227,210345000,3790.0,283108,2651146,10708440580.0,3791.0,630,3790.0,127
rb1805,20171228,20171227,210345500,3790.0,283198,2651116,10711851580.0,3791.0,632,3790.0,119
rb1805,20171228,20171227,210346000,3790.0,283232,2651124,10713140200.0,3791.0,639,3790.0,109
rb1805,20171228,20171227,210346500,3790.0,283320,2651196,10716475520.0,3791.0,634,3790.0,100
rb1805,20171228,20171227,210347000,3790.0,283368,2651206,10718294840.0,3791.0,751,3790.0,64
rb1805,20171228,20171227,210347500,3790.0,283404,2651208,10719659280.0,3791.0,753,3790.0,181
rb1805,20171228,20171227,210348000,3790.0,283466,2651182,10722009140.0,3791.0,756,3790.0,159
rb1805,20171228,20171227,210348500,3790.0,283636,2651262,10728453200.0,3791.0,706,3790.0,146
rb1805,20171228,20171227,210349000,3791.0,283738,2651256,10732319820.0,3791.0,683,3790.0,172
rb1805,20171228,20171227,210349500,3791.0,284054,2651246,10744298780.0,3791.0,562,3790.0,148
rb1805,20171228,20171227,210350000,3790.0,284234,2651222,10751120840.0,3791.0,563,3790.0,171
rb1805,20171228,20171227,210350500,3790.0,284262,2651244,10752182080.0,3791.0,562,3790.0,178
rb1805,20171228,20171227,210351000,3791.0,284302,2651254,10753698280.0,3791.0,555,3790.0,183
rb1805,20171228,20171227,210351500,3790.0,284334,2651254,10754911100.0,3791.0,558,3790.0,171
rb1805,20171228,20171227,210352000,3790.0,284414,2651258,10757943100.0,3791.0,578,3790.0,151
rb1805,20171228,20171227,210352500,3790.0,284448,2651260,10759231840.0,3791.0,575,3790.0,114
rb1805,20171228,20171227,210353000,3790.0,284490,2651268,10760823680.0,3791.0,572,3790.0,104
rb1805,20171228,20171227,210353500,3790.0,284782,2651378,10771890400.0,3790.0,270,3789.0,421
rb1805,20171228,20171227,210354000,3790.0,284918,2651388,10777044180.0,3790.0,270,3789.0,390
rb1805,20171228,20171227,210354500,3789.0,284968,2651406,10778939020.0,3790.0,278,3789.0,382
rb1805,20171228,20171227,210355000,3789.0,284986,2651408,10779621200.0,3790.0,328,3789.0,433
rb1805,20171228,20171227,210355500,3790.0,285034,2651404,10781440280.0,3790.0,301,3789.0,428
rb1805,20171228,20171227,210356000,3789.0,285194,2651496,10787503800.0,3790.0,263,3789.0,404
rb1805,20171228,20171227,210356500,3789.0,285424,2651296,10796218560.0,3790.0,266,3789.0,294
rb1805,20171228,20171227,210357000,3790.0,285698,2651540,10806602920.0,3790.0,150,3789.0,290
rb1805,20171228,20171227,210357500,3790.0,285766,2651568,10809179780.0,3790.0,143,3789.0,273
rb1805,20171228,20171227,210358000,3790.0,285778,2651578,10809634580.0,3790.0,140,3789.0,283
rb1805,20171228,20171227,210358500,3790.0,285786,2651582,10809937740.0,3790.0,151,3789.0,282
rb1805,20171228,20171227,210359000,3789.0,285836,2651574,10811832440.0,3790.0,160,3789.0,279
rb1805,20171228,20171227,210359500,3789.0,285906,2651632,10814485060.0,3790.0,153,3789.0,266
rb1805,20171228,20171227,210400000,3789.0,286004,2651714,10818199140.0,3790.0,113,3789.0,285
rb1805,20171228,20171227,210400500,3789.0,286094,2651718,10821609800.0,3790.0,119,3789.0,327
rb1805,20171228,20171227,210401000,3790.0,286540,2651526,10838509100.0,3790.0,134,3789.0,124
rb1805,20171228,20171227,210401500,3790.0,286638,2651532,10842222900.0,3790.0,208,3789.0,177
rb1805,20171228,20171227,210402000,3789.0,286822,2651554,10849194960.0,3790.0,225,3789.0,222
rb1805,20171228,20171227,210402500,3789.0,286844,2651550,10850028620.0,3790.0,224,3789.0,216
rb1805,20171228,20171227,210403000,3790.0,286940,2651534,10853666200.0,3790.0,208,3789.0,179
rb1805,20171228,20171227,210403500,3790.0,287122,2651632,10860563520.0,3790.0,266,3789.0,181
rb1805,20171228,20171227,210404000,3790.0,287154,2651618,10861776140.0,3790.0,324,3789.0,193
rb1805,20171228,20171227,210404500,3789.0,287396,2651582,10870945620.0,3790.0,336,3789.0,142
rb1805,20171228,20171227,210405000,3789.0,287458,2651546,10873295020.0,3790.0,332,3789.0,157
rb1805,20171228,20171227,210405500,3790.0,287590,2651442,10878297780.0,3790.0,273,3789.0,158
rb1805,20171228,20171227,210406000,3789.0,287700,2651424,10882466640.0,3790.0,217,3789.0,181
rb1805,20171228,20171227,210406500,3790.0,288208,2651352,10901719840.0,3791.0,615,3790.0,37
rb1805,20171228,20171227,210407000,3790.0,288244,2651340,10903084260.0,3791.0,615,3790.0,155
rb1805,20171228,20171227,210407500,3790.0,288398,2651260,10908921280.0,3791.0,576,3790.0,213
rb1805,20171228,20171227,210408000,3790.0,288652,2651346,10918549280.0,3791.0,509,3790.0,181
rb1805,20171228,20171227,210408500,3790.0,288814,2651406,10924690080.0,3791.0,458,3790.0,235
rb1805,20171228,20171227,210409000,3791.0,288958,2651422,10930148720.0,3791.0,435,3790.0,217
rb1805,20171228,20171227,210409500,3790.0,289080,2651512,10934772860.0,3791.0,399,3790.0,173
rb1805,20171228,20171227,210410000,3790.0,289120,2651550,10936288920.0,3791.0,418,3790.0,216
rb1805,20171228,20171227,210410500,3791.0,289298,2651564,10943036660.0,3791.0,343,3790.0,216
rb1805,20171228,20171227,210411000,3791.0,289780,2651524,10961309200.0,3791.0,86,3790.0,216
rb1805,20171228,20171227,210411500,3791.0,290126,2651528,10974426380.0,3792.0,309,3791.0,370
rb1805,20171228,20171227,210412000,3791.0,290168,2651512,10976018600.0,3792.0,289,3791.0,664
rb1805,20171228,20171227,210412500,3791.0,290222,2651560,10978066220.0,3792.0,308,3791.0,704
rb1805,20171228,20171227,210413000,3792.0,290230,2651564,10978369580.0,3792.0,306,3791.0,710
rb1805,20171228,20171227,210413500,3792.0,290298,2651546,10980947620.0,3792.0,308,3791.0,567
rb1805,20171228,20171227,210414000,3791.0,290334,2651538,10982312500.0,3792.0,394,3791.0,556
rb1805,20171228,20171227,210414500,3792.0,290348,2651544,10982843360.0,3792.0,388,3791.0,526
rb1805,20171228,20171227,210415000,3792.0,290380,2651542,10984056540.0,3792.0,407,3791.0,514
rb1805,20171228,20171227,210415500,3792.0,290404,2651534,10984966520.0,3792.0,409,3791.0,521
rb1805,20171228,20171227,210416000,3792.0,290414,2651534,10985345720.0,3792.0,426,3791.0,523
rb1805,20171228,20171227,210416500,3792.0,290482,2651546,10987924220.0,3792.0,404,3791.0,512
rb1805,20171228,20171227,210417000,3791.0,290490,2651550,10988227560.0,3792.0,435,3791.0,552
rb1805,20171228,20171227,210417500,3792.0,290756,2651640,10998311900.0,3792.0,427,3791.0,435
rb1805,20171228,20171227,210418000,3791.0,290810,2651630,11000359260.0,3792.0,430,3791.0,432
rb1805,20171228,20171227,210418500,3792.0,290834,2651650,11001269320.0,3792.0,424,3791.0,474
rb1805,20171228,20171227,210419000,3792.0,290846,2651648,11001724360.0,3792.0,421,3791.0,477
rb1805,20171228,20171227,210419500,3792.0,290896,2651672,11003620260.0,3792.0,404,3791.0,481
rb1805,20171228,20171227,210420000,3791.0,290930,2651692,11004909420.0,3792.0,399,3791.0,478
rb1805,20171228,20171227,210420500,3792.0,290962,2651700,11006122720.0,3792.0,413,3791.0,478
rb1805,20171228,20171227,210421000,3792.0,290980,2651708,11006805260.0,3792.0,408,3791.0,483
rb1805,20171228,20171227,210421500,3791.0,291060,2651726,11009838520.0,3792.0,369,3791.0,430
rb1805,20171228,20171227,210422000,3792.0,291072,2651734,11010293500.0,3792.0,367,3791.0,427
rb1805,20171228,20171227,210422500,3792.0,291294,2651612,11018711740.0,3792.0,259,3791.0,534
rb1805,20171228,20171227,210423000,3791.0,291504,2651652,11026674720.0,3792.0,168,3791.0,543
rb1805,20171228,20171227,210423500,3791.0,291818,2651608,11038581340.0,3792.0,29,3791.0,527
rb1805,20171228,20171227,210424000,3792.0,292018,2651638,11046166520.0,3793.0,311,3792.0,73
rb1805,20171228,20171227,210424500,3792.0,292066,2651606,11047986800.0,3793.0,305,3792.0,139
rb1805,20171228,20171227,210425000,3793.0,292130,2651616,11050414080.0,3793.0,273,3792.0,133
rb1805,20171228,20171227,210425500,3793.0,292192,2651600,11052765540.0,3793.0,255,3792.0,148
rb1805,20171228,20171227,210426000,3792.0,292226,2651612,11054054940.0,3793.0,268,3792.0,142
rb1805,20171228,20171227,210426500,3792.0,292256,2651630,11055192640.0,3793.0,316,3792.0,134
rb1805,20171228,20171227,210427000,3793.0,292308,2651668,11057165000.0,3793.0,296,3792.0,149
rb1805,20171228,20171227,210427500,3792.0,292370,2651704,11059516620.0,3793.0,298,3792.0,160
rb1805,20171228,20171227,210428000,3793.0,292538,2651818,11065888480.0,3793.0,241,3792.0,144
rb1805,20171228,20171227,210428500,3792.0,292562,2651824,11066798740.0,3793.0,239,3792.0,205
rb1805,20171228,20171227,210429000,3793.0,292568,2651828,11067026280.0,3793.0,240,3792.0,208
rb1805,20171228,20171227,210429500,3793.0,292646,2651838,11069984100.0,3793.0,220,3792.0,172
rb1805,20171228,20171227,210430000,3792.0,292732,2651902,11073245720.0,3793.0,209,3792.0,177
rb1805,20171228,20171227,210430500,3793.0,293180,2652144,11090238200.0,3793.0,48,3792.0,174
rb1805,20171228,20171227,210431000,3792.0,293220,2652156,11091755280.0,3793.0,88,3792.0,180
rb1805,20171228,20171227,210431500,3793.0,293286,2652140,11094258220.0,3793.0,93,3792.0,178
rb1805,20171228,20171227,210432000,3793.0,293446,2652180,11100326880.0,3793.0,52,3792.0,179
rb1805,20171228,20171227,210432500,3792.0,293482,2652190,11101692140.0,3793.0,257,3792.0,171
rb1805,20171228,20171227,210433000,3793.0,293728,2652246,11111020600.0,3793.0,273,3792.0,54
rb1805,20171228,20171227,210433500,3793.0,293752,2652248,11111930840.0,3793.0,295,3792.0,54
rb1805,20171228,20171227,210434000,3792.0,293792,2652242,11113447960.0,3793.0,286,3792.0,58
rb1805,20171228,20171227,210434500,3793.0,293848,2652226,11115572000.0,3793.0,242,3792.0,89
rb1805,20171228,20171227,210435000,3793.0,293924,2652256,11118454420.0,3793.0,217,3792.0,91
rb1805,20171228,20171227,210435500,3793.0,294006,2652224,11121564680.0,3793.0,178,3792.0,96
rb1805,20171228,20171227,210436000,3793.0,294038,2652222,11122778240.0,3793.0,185,3792.0,89
rb1805,20171228,20171227,210436500,3793.0,294074,2652204,11124143700.0,3793.0,169,3792.0,89
rb1805,20171228,20171227,210437000,3793.0,294096,2652198,11124978100.0,3793.0,164,3792.0,90
rb1805,20171228,20171227,210437500,3793.0,294196,2652136,11128770860.0,3793.0,127,3792.0,81
rb1805,20171228,20171227,210438000,3792.0,294318,2652128,11133397240.0,3793.0,145,3792.0,30
rb1805,20171228,20171227,210438500,3792.0,294440,2652186,11138024660.0,3793.0,109,3792.0,76
rb1805,20171228,20171227,210439000,3792.0,294460,2652186,11138783140.0,3793.0,118,3792.0,75
rb1805,20171228,20171227,210439500,3793.0,294468,2652182,11139086560.0,3793.0,125,3792.0,75
rb1805,20171228,20171227,210440000,3793.0,294486,2652172,11139769260.0,3793.0,137,3792.0,81
rb1805,20171228,20171227,210440500,3793.0,294500,2652178,11140300260.0,3793.0,141,3792.0,83
rb1805,20171228,20171227,210441000,3793.0,294556,2652186,11142424040.0,3793.0,144,3792.0,138
rb1805,20171228,20171227,210441500,3793.0,294616,2652218,11144699820.0,3793.0,118,3792.0,146
rb1805,20171228,20171227,210442000,3793.0,294638,2652220,11145534280.0,3793.0,190,3792.0,153
rb1805,20171228,20171227,210442500,3792.0,294668,2652218,11146672100.0,3793.0,184,3792.0,202
rb1805,20171228,20171227,210443000,3793.0,294722,2652254,11148720300.0,3793.0,161,3792.0,257
rb1805,20171228,20171227,210443500,3792.0,294814,2652292,11152209620.0,3793.0,132,3792.0,257
rb1805,20171228,20171227,210444000,3793.0,295880,2652898,11192628120.0,3793.0,101,3792.0,1
rb1805,20171228,20171227,210444500,3792.0,295950,2652904,11195282400.0,3792.0,103,3791.0,83
rb1805,20171228,20171227,210445000,3792.0,296054,2652888,11199226060.0,3792.0,48,3791.0,82
rb1805,20171228,20171227,210445500,3792.0,296088,2652920,11200515340.0,3792.0,46,3791.0,92
rb1805,20171228,20171227,210446000,3792.0,296102,2652932,11201046220.0,3792.0,49,3791.0,97
rb1805,20171228,20171227,210446500,3792.0,296140,2652966,11202487080.0,3792.0,69,3791.0,109
rb1805,20171228,20171227,210447000,3792.0,296282,2653046,11207870720.0,3792.0,69,3791.0,58
rb1805,20171228,20171227,210447500,3791.0,296332,2653058,11209766560.0,3792.0,66,3791.0,50
rb1805,20171228,20171227,210448000,3792.0,296340,2653056,11210069900.0,3792.0,178,3791.0,50
rb1805,20171228,20171227,210448500,3791.0,296490,2653096,11215756880.0,3792.0,159,3791.0,11
rb1805,20171228,20171227,210449000,3791.0,296554,2653082,11218183160.0,3792.0,159,3791.0,3
rb1805,20171228,20171227,210449500,3791.0,296570,2653098,11218789820.0,3792.0,157,3791.0,2
rb1805,20171228,20171227,210450000,3792.0,296636,2653086,11221292460.0,3792.0,141,3791.0,7
rb1805,20171228,20171227,210450500,3792.0,297470,2653548,11252901800.0,3792.0,160,3791.0,47
rb1805,20171228,20171227,210451000,3792.0,297534,2653572,11255328300.0,3792.0,710,3791.0,60
rb1805,20171228,20171227,210451500,3791.0,297712,2653586,11262076280.0,3791.0,615,3790.0,48
rb1805,20171228,20171227,210452000,3790.0,297840,2653660,11266927580.0,3791.0,591,3790.0,91
rb1805,20171228,20171227,210452500,3790.0,298012,2653656,11273446840.0,3791.0,1061,3790.0,34
rb1805,20171228,20171227,210453000,3789.0,298160,2653614,11279055820.0,3790.0,153,3789.0,214
rb1805,20171228,20171227,210453500,3790.0,298308,2653636,11284663860.0,3790.0,161,3789.0,127
rb1805,20171228,20171227,210454000,3790.0,298432,2653648,11289363300.0,3790.0,157,3789.0,104
rb1805,20171228,20171227,210454500,3789.0,298440,2653656,11289666480.0,3790.0,160,3789.0,103
rb1805,20171228,20171227,210455000,3790.0,298468,2653676,11290727500.0,3790.0,159,3789.0,295
rb1805,20171228,20171227,210455500,3789.0,298774,2653714,11302324640.0,3790.0,514,3789.0,304
rb1805,20171228,20171227,210456000,3789.0,298786,2653722,11302779400.0,3790.0,512,3789.0,313
rb1805,20171228,20171227,210456500,3789.0,299048,2653808,11312706940.0,3790.0,494,3789.0,259
rb1805,20171228,20171227,210457000,3790.0,299258,2653810,11320665380.0,3790.0,417,3789.0,245
rb1805,20171228,20171227,210457500,3789.0,299290,2653812,11321877920.0,3790.0,415,3789.0,235
rb1805,20171228,20171227,210458000,3789.0,299908,2653958,11345294020.0,3789.0,219,3788.0,727
rb1805,20171228,20171227,210458500,3789.0,299982,2653990,11348097820.0,3789.0,185,3788.0,725
rb1805,20171228,20171227,210459000,3789.0,300064,2654052,11351204800.0,3789.0,146,3788.0,745
rb1805,20171228,20171227,210459500,3789.0,300420,2654100,11364693200.0,3790.0,427,3789.0,33
rb1805,20171228,20171227,210500000,3789.0,300440,2654104,11365451080.0,3790.0,447,3789.0,39
rb1805,20171228,20171227,210500500,3789.0,300694,2654068,11375075240.0,3790.0,446,3789.0,2
rb1805,20171228,20171227,210501000,3788.0,300864,2654126,11381515620.0,3789.0,551,3788.0,717
rb1805,20171228,20171227,210501500,3789.0,301158,2653926,11392654740.0,3789.0,499,3788.0,672
rb1805,20171228,20171227,210502000,3789.0,301274,2653854,11397049800.0,3789.0,557,3788.0,700
rb1805,20171228,20171227,210502500,3788.0,301408,2653828,11402125880.0,3789.0,554,3788.0,643
rb1805,20171228,20171227,210503000,3788.0,301474,2653820,11404626460.0,3789.0,1064,3788.0,719
rb1805,20171228,20171227,210503500,3789.0,301758,2653828,11415386560.0,3789.0,960,3788.0,698
rb1805,20171228,20171227,210504000,3788.0,302030,2653738,11425690520.0,3789.0,931,3788.0,593
rb1805,20171228,20171227,210504500,3788.0,302110,2653806,11428720980.0,3789.0,931,3788.0,566
rb1805,20171228,20171227,210505000,3789.0,302472,2654110,11442434020.0,3789.0,889,3788.0,433
rb1805,20171228,20171227,210505500,3788.0,302540,2654148,11445010320.0,3789.0,873,3788.0,433
rb1805,20171228,20171227,210506000,3788.0,302686,2654174,11450540920.0,3789.0,878,3788.0,378
rb1805,20171228,20171227,210506500,3788.0,302748,2654188,11452889680.0,3789.0,872,3788.0,405
rb1805,20171228,20171227,210507000,3788.0,302958,2654262,11460845140.0,3789.0,840,3788.0,337
rb1805,20171228,20171227,210507500,3788.0,303056,2654272,11464558100.0,3789.0,808,3788.0,334
rb1805,20171228,20171227,210508000,3789.0,303088,2654278,11465770460.0,3789.0,788,3788.0,342
rb1805,20171228,20171227,210508500,3789.0,303436,2654030,11478952820.0,3789.0,783,3788.0,182
rb1805,20171228,20171227,210509000,3788.0,303512,2654024,11481831920.0,3789.0,794,3788.0,143
rb1805,20171228,20171227,210509500,3788.0,303562,2654052,11483726240.0,3789.0,781,3788.0,136
rb1805,20171228,20171227,210510000,3788.0,303638,2654046,11486605140.0,3789.0,805,3788.0,101
rb1805,20171228,20171227,210510500,3788.0,303782,2654108,11492060480.0,3789.0,779,3788.0,64
rb1805,20171228,20171227,210511000,3789.0,303896,2654132,11496379180.0,3789.0,764,3788.0,31
rb1805,20171228,20171227,210511500,3788.0,303924,2654122,11497439880.0,3789.0,762,3788.0,39
rb1805,20171228,20171227,210512000,3788.0,304036,2654082,11501682440.0,3788.0,212,3787.0,964
rb1805,20171228,20171227,210512500,3787.0,304440,2654156,11516985720.0,3788.0,38,3787.0,974
rb1805,20171228,20171227,210513000,3788.0,304576,2654168,11522137580.0,3789.0,744,3788.0,81
rb1805,20171228,20171227,210513500,3789.0,305230,2654172,11546917240.0,3789.0,451,3788.0,183
rb1805,20171228,20171227,210514000,3788.0,305276,2654174,11548659920.0,3789.0,426,3788.0,246
rb1805,20171228,20171227,210514500,3789.0,305774,2654490,11567524380.0,3789.0,435,3788.0,316
rb1805,20171228,20171227,210515000,3788.0,306654,2654790,11600860880.0,3788.0,169,3787.0,1002
rb1805,20171228,20171227,210515500,3788.0,306698,2654828,11602527600.0,3788.0,163,3787.0,1003
rb1805,20171228,20171227,210516000,3788.0,306712,2654828,11603057920.0,3788.0,197,3787.0,1005
rb1805,20171228,20171227,210516500,3788.0,306760,2654848,11604876040.0,3788.0,201,3787.0,985
rb1805,20171228,20171227,210517000,3788.0,306774,2654852,11605406320.0,3788.0,255,3787.0,993
rb1805,20171228,20171227,210517500,3788.0,306944,2654876,11611845740.0,3788.0,219,3787.0,994
rb1805,20171228,20171227,210518000,3788.0,307398,2654766,11629043200.0,3789.0,379,3788.0,11
rb1805,20171228,20171227,210518500,3788.0,307776,2654982,11643361880.0,3789.0,379,3788.0,81
rb1805,20171228,20171227,210519000,3788.0,307892,2654946,11647756000.0,3789.0,377,3788.0,41
rb1805,20171228,20171227,210519500,3788.0,308458,2654922,11669192120.0,3789.0,370,3788.0,2
rb1805,20171228,20171227,210520000,3788.0,309052,2654790,11691687780.0,3788.0,47,3787.0,526
rb1805,20171228,20171227,210520500,3788.0,309608,2654448,11712743700.0,3788.0,65,3787.0,281
rb1805,20171228,20171227,210521000,3788.0,309650,2654446,11714334480.0,3788.0,98,3787.0,274
rb1805,20171228,20171227,210521500,3788.0,309676,2654460,11715319340.0,3788.0,213,3787.0,273
rb1805,20171228,20171227,210522000,3788.0,310202,2654186,11735239060.0,3788.0,255,3787.0,26
rb1805,20171228,20171227,210522500,3787.0,310272,2654198,11737889920.0,3787.0,21,3786.0,501
rb1805,20171228,20171227,210523000,3787.0,310326,2654226,11739934740.0,3787.0,1,3786.0,495
rb1805,20171228,20171227,210523500,3787.0,310580,2654398,11749555940.0,3788.0,180,3787.0,10
rb1805,20171228,20171227,210524000,3788.0,310606,2654408,11750540640.0,3788.0,172,3787.0,3
rb1805,20171228,20171227,210524500,3787.0,310658,2654420,11752510080.0,3788.0,162,3787.0,52
rb1805,20171228,20171227,210525000,3788.0,310700,2654408,11754100660.0,3788.0,161,3787.0,82
rb1805,20171228,20171227,210525500,3788.0,311040,2654230,11766979960.0,3789.0,383,3788.0,9
rb1805,20171228,20171227,210526000,3788.0,311086,2654236,11768722280.0,3788.0,20,3787.0,167
rb1805,20171228,20171227,210526500,3788.0,311304,2654262,11776978420.0,3789.0,385,3788.0,12
rb1805,20171228,20171227,210527000,3788.0,311344,2654298,11778493640.0,3789.0,384,3788.0,5
rb1805,20171228,20171227,210527500,3788.0,311446,2654310,11782357980.0,3789.0,352,3788.0,8
rb1805,20171228,20171227,210528000,3788.0,311468,2654308,11783191340.0,3789.0,351,3787.0,226
rb1805,20171228,20171227,210528500,3788.0,311522,2654338,11785236840.0,3789.0,331,3787.0,240
rb1805,20171228,20171227,210529000,3788.0,311550,2654346,11786297380.0,3788.0,1,3787.0,243
rb1805,20171228,20171227,210529500,3787.0,311590,2654358,11787812420.0,3788.0,18,3787.0,254
rb1805,20171228,20171227,210530000,3788.0,311632,2654356,11789403380.0,3788.0,1,3787.0,265
rb1805,20171228,20171227,210530500,3788.0,311754,2654430,11794024180.0,3788.0,17,3787.0,248
rb1805,20171228,20171227,210531000,3788.0,311894,2654428,11799328280.0,3789.0,293,3788.0,18
rb1805,20171228,20171227,210531500,3787.0,312494,2654704,11822050700.0,3787.0,122,3786.0,574
rb1805,20171228,20171227,210532000,3787.0,312910,2654964,11837806240.0,3788.0,16,3787.0,361
rb1805,20171228,20171227,210532500,3788.0,312966,2654968,11839927600.0,3789.0,314,3788.0,135
rb1805,20171228,20171227,210533000,3788.0,313094,2655004,11844776460.0,3789.0,297,3788.0,81
rb1805,20171228,20171227,210533500,3788.0,313162,2655054,11847352340.0,3789.0,317,3788.0,55
rb1805,20171228,20171227,210534000,3788.0,313258,2655070,11850988860.0,3789.0,327,3788.0,19
rb1805,20171228,20171227,210534500,3788.0,313316,2655096,11853186120.0,3789.0,317,3788.0,27
rb1805,20171228,20171227,210535000,3789.0,313844,2654878,11873182660.0,3789.0,314,3787.0,250
rb1805,20171228,20171227,210535500,3787.0,314366,2654662,11892950980.0,3788.0,32,3786.0,673
rb1805,20171228,20171227,210536000,3788.0,314384,2654678,11893632820.0,3788.0,55,3787.0,14
rb1805,20171228,20171227,210536500,3787.0,314492,2654598,11897722980.0,3787.0,207,3786.0,685
rb1805,20171228,20171227,210537000,3787.0,314652,2654546,11903782180.0,3787.0,128,3786.0,701
rb1805,20171228,20171227,210537500,3787.0,314798,2654518,11909311160.0,3787.0,57,3786.0,730
rb1805,20171228,20171227,210538000,3787.0,315526,2654596,11936880500.0,3787.0,46,3786.0,732
rb1805,20171228,20171227,210538500,3787.0,315788,2654640,11946802460.0,3788.0,144,3787.0,60
rb1805,20171228,20171227,210539000,3788.0,315840,2654686,11948771900.0,3788.0,115,3787.0,61
rb1805,20171228,20171227,210539500,3787.0,315882,2654686,11950362740.0,3788.0,103,3787.0,81
rb1805,20171228,20171227,210540000,3788.0,315948,2654688,11952862180.0,3788.0,289,3787.0,96
rb1805,20171228,20171227,210540500,3787.0,316032,2654726,11956043280.0,3788.0,311,3787.0,113
rb1805,20171228,20171227,210541000,3787.0,316126,2654708,11959603720.0,3788.0,289,3787.0,134
rb1805,20171228,20171227,210541500,3787.0,316192,2654672,11962103200.0,3788.0,286,3787.0,114
rb1805,20171228,20171227,210542000,3787.0,316216,2654676,11963012160.0,3788.0,292,3787.0,125
rb1805,20171228,20171227,210542500,3787.0,316232,2654692,11963618120.0,3788.0,298,3787.0,139
rb1805,20171228,20171227,210543000,3787.0,316410,2654716,11970359100.0,3788.0,294,3787.0,167
rb1805,20171228,20171227,210543500,3787.0,316442,2654738,11971571060.0,3788.0,292,3787.0,164
rb1805,20171228,20171227,210544000,3787.0,316578,2654848,11976722260.0,3788.0,231,3787.0,145
rb1805,20171228,20171227,210544500,3787.0,316916,2654878,11989524360.0,3788.0,156,3787.0,90
rb1805,20171228,20171227,210545000,3788.0,316942,2654898,11990509200.0,3788.0,160,3787.0,138
rb1805,20171228,20171227,210545500,3787.0,317054,2654940,11994750840.0,3788.0,152,3787.0,110
rb1805,20171228,20171227,210546000,3788.0,317298,2655140,12003991180.0,3787.0,1,3786.0,805
rb1805,20171228,20171227,210546500,3788.0,317352,2655142,12006036200.0,3788.0,154,3787.0,16
rb1805,20171228,20171227,210547000,3787.0,317518,2655166,12012322680.0,3787.0,25,3786.0,806
rb1805,20171228,20171227,210547500,3786.0,317526,2655162,12012625620.0,3787.0,75,3786.0,814
rb1805,20171228,20171227,210548000,3787.0,317606,2655122,12015655000.0,3787.0,59,3786.0,812
rb1805,20171228,20171227,210548500,3786.0,317646,2655136,12017169680.0,3787.0,57,3786.0,808
rb1805,20171228,20171227,210549000,3786.0,317708,2655150,12019517300.0,3787.0,48,3786.0,799
rb1805,20171228,20171227,210549500,3786.0,317774,2655190,12022016380.0,3787.0,54,3786.0,781
rb1805,20171228,20171227,210550000,3787.0,317914,2655212,12027317180.0,3787.0,57,3786.0,737
rb1805,20171228,20171227,210550500,3787.0,318036,2655282,12031937320.0,3788.0,181,3787.0,2
rb1805,20171228,20171227,210551000,3786.0,318080,2655296,12033603440.0,3787.0,6,3786.0,744
rb1805,20171228,20171227,210551500,3787.0,318138,2655324,12035799900.0,3787.0,1,3786.0,745
rb1805,20171228,20171227,210552000,3787.0,318156,2655336,12036481580.0,3788.0,230,3787.0,46
rb1805,20171228,20171227,210552500,3787.0,318200,2655378,12038148100.0,3788.0,234,3787.0,61
rb1805,20171228,20171227,210553000,3787.0,318336,2655378,12043298480.0,3788.0,237,3787.0,4
rb1805,20171228,20171227,210553500,3787.0,318408,2655386,12046024880.0,3788.0,234,3787.0,7
rb1805,20171228,20171227,210554000,3786.0,318554,2655416,12051552900.0,3788.0,238,3786.0,685
rb1805,20171228,20171227,210554500,3786.0,318626,2655378,12054279040.0,3787.0,1,3786.0,659
rb1805,20171228,20171227,210555000,3787.0,318638,2655382,12054733460.0,3787.0,28,3786.0,664
rb1805,20171228,20171227,210555500,3786.0,318884,2655318,12064050940.0,3787.0,7,3786.0,672
rb1805,20171228,20171227,210556000,3787.0,318978,2655366,12067610740.0,3787.0,81,3786.0,674
rb1805,20171228,20171227,210556500,3787.0,319162,2655362,12074578800.0,3788.0,175,3787.0,321
rb1805,20171228,20171227,210557000,3787.0,319222,2655338,12076851120.0,3788.0,149,3787.0,298
rb1805,20171228,20171227,210557500,3787.0,319232,2655338,12077229820.0,3788.0,152,3787.0,308
rb1805,20171228,20171227,210558000,3787.0,319346,2655328,12081547420.0,3788.0,140,3787.0,296
rb1805,20171228,20171227,210558500,3787.0,319376,2655330,12082683760.0,3788.0,139,3787.0,304
rb1805,20171228,20171227,210559000,3787.0,319624,2655326,12092075560.0,3788.0,148,3787.0,197
rb1805,20171228,20171227,210559500,3788.0,319690,2655286,12094575500.0,3788.0,139,3787.0,226
rb1805,20171228,20171227,210600000,3787.0,319772,2655216,12097680900.0,3788.0,109,3787.0,304
rb1805,20171228,20171227,210600500,3787.0,319864,2655210,12101165080.0,3788.0,269,3787.0,284
rb1805,20171228,20171227,210601000,3787.0,319898,2655206,12102452700.0,3788.0,306,3787.0,272
rb1805,20171228,20171227,210601500,3787.0,319956,2655212,12104649480.0,3788.0,293,3787.0,264
rb1805,20171228,20171227,210602000,3788.0,320172,2655182,12112831480.0,3788.0,217,3787.0,261
rb1805,20171228,20171227,210602500,3787.0,320196,2655190,12113740440.0,3788.0,213,3787.0,270
rb1805,20171228,20171227,210603000,3788.0,320230,2655210,12115028060.0,3788.0,213,3787.0,269
rb1805,20171228,20171227,210603500,3788.0,320256,2655222,12116012840.0,3788.0,205,3787.0,276
rb1805,20171228,20171227,210604000,3788.0,320272,2655220,12116618880.0,3788.0,189,3787.0,274
rb1805,20171228,20171227,210604500,3787.0,320420,2655176,12122224420.0,3788.0,159,3787.0,249
rb1805,20171228,20171227,210605000,3788.0,320608,2655334,12129345540.0,3788.0,84,3787.0,250
rb1805,20171228,20171227,210605500,3787.0,320688,2655392,12132375900.0,3788.0,70,3787.0,251
rb1805,20171228,20171227,210606000,3788.0,320822,2655438,12137451300.0,3788.0,29,3787.0,231
rb1805,20171228,20171227,210606500,3788.0,320894,2655430,12140178660.0,3789.0,959,3788.0,15
rb1805,20171228,20171227,210607000,3789.0,320906,2655432,12140633240.0,3789.0,957,3788.0,65
rb1805,20171228,20171227,210607500,3788.0,320972,2655418,12143133560.0,3789.0,946,3788.0,103
rb1805,20171228,20171227,210608000,3788.0,320992,2655428,12143891320.0,3789.0,937,3788.0,125
rb1805,20171228,20171227,210608500,3788.0,321276,2655584,12154649360.0,3788.0,386,3787.0,356
rb1805,20171228,20171227,210609000,3788.0,321374,2655636,12158361300.0,3788.0,379,3787.0,445
rb1805,20171228,20171227,210609500,3787.0,321376,2655636,12158437040.0,3788.0,362,3787.0,449
rb1805,20171228,20171227,210610000,3788.0,321912,2655338,12178735580.0,3788.0,366,3787.0,193
rb1805,20171228,20171227,210610500,3787.0,322350,2655084,12195322680.0,3787.0,35,3786.0,987
rb1805,20171228,20171227,210611000,3786.0,322478,2655052,12200169780.0,3787.0,7,3786.0,971
rb1805,20171228,20171227,210611500,3787.0,322530,2655054,12202138960.0,3788.0,396,3787.0,1
rb1805,20171228,20171227,210612000,3788.0,322542,2655062,12202593480.0,3788.0,393,3787.0,2
rb1805,20171228,20171227,210612500,3788.0,322578,2655090,12203957140.0,3788.0,383,3787.0,3
rb1805,20171228,20171227,210613000,3788.0,322584,2655092,12204184400.0,3788.0,384,3787.0,20
rb1805,20171228,20171227,210613500,3787.0,322702,2655106,12208653480.0,3787.0,213,3786.0,982
rb1805,20171228,20171227,210614000,3787.0,322934,2654888,12217439280.0,3787.0,352,3786.0,980
rb1805,20171228,20171227,210614500,3787.0,323392,2654858,12234783740.0,3787.0,298,3786.0,981
rb1805,20171228,20171227,210615000,3786.0,323454,2654854,12237131660.0,3787.0,280,3786.0,992
rb1805,20171228,20171227,210615500,3786.0,323538,2654846,12240312700.0,3787.0,244,3786.0,990
rb1805,20171228,20171227,210616000,3787.0,323646,2654822,12244402420.0,3787.0,214,3786.0,978
rb1805,20171228,20171227,210616500,3786.0,323734,2654832,12247734600.0,3787.0,192,3786.0,957
rb1805,20171228,20171227,210617000,3786.0,323776,2654856,12249325060.0,3787.0,176,3786.0,954
rb1805,20171228,20171227,210617500,3787.0,324134,2655040,12262882500.0,3788.0,431,3787.0,302
rb1805,20171228,20171227,210618000,3787.0,324286,2655158,12268638780.0,3788.0,431,3787.0,242
rb1805,20171228,20171227,210618500,3787.0,324792,2655114,12287801020.0,3788.0,432,3787.0,1
rb1805,20171228,20171227,210619000,3786.0,324828,2655108,12289164280.0,3787.0,320,3786.0,1085
rb1805,20171228,20171227,210619500,3787.0,324844,2655100,12289770160.0,3787.0,327,3786.0,1086
rb1805,20171228,20171227,210620000,3787.0,325010,2655088,12296056120.0,3787.0,331,3786.0,1068
rb1805,20171228,20171227,210620500,3787.0,325078,2655082,12298631080.0,3787.0,313,3786.0,1061
rb1805,20171228,20171227,210621000,3787.0,325106,2655084,12299691200.0,3787.0,316,3786.0,1051
rb1805,20171228,20171227,210621500,3787.0,325150,2655070,12301357460.0,3787.0,276,3786.0,1051
rb1805,20171228,20171227,210622000,3787.0,325182,2655048,12302569280.0,3787.0,273,3786.0,1055
rb1805,20171228,20171227,210622500,3786.0,325436,2654938,12312188140.0,3787.0,170,3786.0,1048
rb1805,20171228,20171227,210623000,3787.0,325462,2654936,12313172740.0,3787.0,166,3786.0,1053
rb1805,20171228,20171227,210623500,3787.0,325490,2654928,12314233100.0,3787.0,144,3786.0,1058
rb1805,20171228,20171227,210624000,3787.0,325518,2654940,12315293440.0,3787.0,134,3786.0,1066
rb1805,20171228,20171227,210624500,3787.0,325642,2655000,12319989300.0,3787.0,76,3786.0,1085
rb1805,20171228,20171227,210625000,3786.0,325842,2654928,12327563020.0,3787.0,9,3786.0,1072
rb1805,20171228,20171227,210625500,3787.0,325966,2654954,12332258300.0,3788.0,429,3787.0,21
rb1805,20171228,20171227,210626000,3787.0,326130,2654884,12338468980.0,3788.0,439,3787.0,17
rb1805,20171228,20171227,210626500,3787.0,326154,2654884,12339377860.0,3788.0,441,3787.0,7
rb1805,20171228,20171227,210627000,3787.0,326202,2654894,12341195620.0,3787.0,13,3786.0,1056
rb1805,20171228,20171227,210627500,3787.0,326250,2654884,12343013340.0,3787.0,12,3786.0,1061
rb1805,20171228,20171227,210628000,3787.0,326280,2654886,12344149400.0,3787.0,9,3786.0,1062
rb1805,20171228,20171227,210628500,3787.0,326340,2654916,12346421240.0,3787.0,51,3786.0,1034
rb1805,20171228,20171227,210629000,3787.0,326396,2654946,12348541940.0,3787.0,230,3786.0,1041
rb1805,20171228,20171227,210629500,3786.0,326442,2654978,12350283800.0,3787.0,267,3786.0,1033
rb1805,20171228,20171227,210630000,3787.0,326604,2654902,12356417720.0,3787.0,264,3786.0,978
rb1805,20171228,20171227,210630500,3787.0,326634,2654898,12357553720.0,3787.0,288,3786.0,975
rb1805,20171228,20171227,210631000,3786.0,326740,2654814,12361567720.0,3787.0,256,3786.0,964
rb1805,20171228,20171227,210631500,3786.0,326830,2654800,12364975960.0,3787.0,466,3786.0,1025
rb1805,20171228,20171227,210632000,3787.0,326862,2654798,12366187640.0,3787.0,710,3786.0,1044
rb1805,20171228,20171227,210632500,3786.0,327270,2654804,12381634880.0,3787.0,693,3786.0,853
rb1805,20171228,20171227,210633000,3786.0,327334,2654788,12384058040.0,3787.0,688,3786.0,827
rb1805,20171228,20171227,210633500,3786.0,327524,2654868,12391251700.0,3787.0,678,3786.0,762
rb1805,20171228,20171227,210634000,3786.0,327778,2654764,12400868600.0,3787.0,661,3786.0,658
rb1805,20171228,20171227,210634500,3787.0,328012,2654570,12409728080.0,3787.0,653,3786.0,553
rb1805,20171228,20171227,210635000,3786.0,328120,2654562,12413817500.0,3787.0,626,3786.0,530
rb1805,20171228,20171227,210635500,3787.0,328292,2654574,12420329640.0,3787.0,616,3786.0,457
rb1805,20171228,20171227,210636000,3786.0,328514,2654648,12428734620.0,3787.0,637,3786.0,377
rb1805,20171228,20171227,210636500,3786.0,328956,2654790,12445468780.0,3787.0,637,3786.0,159
rb1805,20171228,20171227,210637000,3786.0,329278,2654930,12457659700.0,3786.0,142,3785.0,1379
rb1805,20171228,20171227,210637500,3785.0,329286,2654932,12457962560.0,3786.0,179,3785.0,1367
rb1805,20171228,20171227,210638000,3785.0,329774,2655348,12476437560.0,3786.0,5,3785.0,1355
rb1805,20171228,20171227,210638500,3785.0,330176,2655392,12491658660.0,3786.0,1,3785.0,1297
rb1805,20171228,20171227,210639000,3786.0,330188,2655396,12492113020.0,3787.0,517,3786.0,18
rb1805,20171228,20171227,210639500,3787.0,330234,2655434,12493854580.0,3787.0,536,3786.0,6
rb1805,20171228,20171227,210640000,3786.0,330272,2655436,12495293220.0,3787.0,516,3785.0,1286
rb1805,20171228,20171227,210640500,3786.0,330352,2655440,12498321840.0,3786.0,41,3785.0,1259
rb1805,20171228,20171227,210641000,3785.0,330366,2655450,12498851840.0,3786.0,44,3785.0,1260
rb1805,20171228,20171227,210641500,3785.0,330516,2655494,12504529920.0,3786.0,59,3785.0,1218
rb1805,20171228,20171227,210642000,3786.0,330542,2655498,12505514200.0,3786.0,42,3785.0,1217
rb1805,20171228,20171227,210642500,3785.0,330678,2655462,12510663020.0,3786.0,2,3785.0,1234
rb1805,20171228,20171227,210643000,3785.0,330734,2655504,12512783200.0,3787.0,517,3786.0,1
rb1805,20171228,20171227,210643500,3786.0,330994,2655738,12522624360.0,3786.0,31,3785.0,1119
rb1805,20171228,20171227,210644000,3786.0,331014,2655742,12523381520.0,3786.0,29,3785.0,1137
rb1805,20171228,20171227,210644500,3787.0,331126,2655770,12527621780.0,3787.0,519,3786.0,51
rb1805,20171228,20171227,210645000,3787.0,331192,2655820,12530120580.0,3787.0,532,3786.0,47
rb1805,20171228,20171227,210645500,3786.0,331218,2655822,12531105060.0,3787.0,526,3786.0,207
rb1805,20171228,20171227,210646000,3786.0,331244,2655830,12532089460.0,3787.0,524,3786.0,632
rb1805,20171228,20171227,210646500,3786.0,331284,2655800,12533604240.0,3787.0,495,3786.0,679
rb1805,20171228,20171227,210647000,3786.0,331476,2655874,12540874420.0,3787.0,441,3786.0,676
rb1805,20171228,20171227,210647500,3786.0,331604,2655814,12545720500.0,3787.0,440,3786.0,641
rb1805,20171228,20171227,210648000,3787.0,331656,2655788,12547689600.0,3787.0,423,3786.0,661
rb1805,20171228,20171227,210648500,3787.0,331674,2655802,12548371100.0,3787.0,424,3786.0,722
rb1805,20171228,20171227,210649000,3786.0,331720,2655826,12550112780.0,3787.0,424,3786.0,710
rb1805,20171228,20171227,210649500,3786.0,331730,2655828,12550491420.0,3787.0,433,3786.0,712
rb1805,20171228,20171227,210650000,3786.0,331788,2655870,12552687420.0,3787.0,429,3786.0,710
rb1805,20171228,20171227,210650500,3787.0,331792,2655872,12552838880.0,3787.0,440,3786.0,721
rb1805,20171228,20171227,210651000,3786.0,331826,2655866,12554126320.0,3787.0,431,3786.0,732
rb1805,20171228,20171227,210651500,3786.0,331878,2655888,12556095120.0,3787.0,427,3786.0,716
rb1805,20171228,20171227,210652000,3787.0,332042,2655904,12562304360.0,3787.0,417,3786.0,655
rb1805,20171228,20171227,210652500,3787.0,332074,2655898,12563516000.0,3787.0,416,3786.0,647
rb1805,20171228,20171227,210653000,3786.0,332178,2655814,12567453500.0,3787.0,413,3786.0,607
rb1805,20171228,20171227,210653500,3786.0,332194,2655806,12568059340.0,3787.0,410,3786.0,606
rb1805,20171228,20171227,210654000,3787.0,332232,2655784,12569498380.0,3787.0,394,3786.0,614
rb1805,20171228,20171227,210654500,3786.0,332270,2655774,12570937260.0,3787.0,386,3786.0,639
rb1805,20171228,20171227,210655000,3787.0,332322,2655768,12572906180.0,3787.0,393,3786.0,655
rb1805,20171228,20171227,210655500,3787.0,332404,2655764,12576011400.0,3787.0,361,3786.0,650
rb1805,20171228,20171227,210656000,3787.0,332576,2655648,12582524880.0,3787.0,294,3786.0,642
rb1805,20171228,20171227,210656500,3786.0,332688,2655644,12586765240.0,3787.0,292,3786.0,593
rb1805,20171228,20171227,210657000,3787.0,332760,2655622,12589491840.0,3787.0,286,3786.0,591
rb1805,20171228,20171227,210657500,3786.0,332840,2655546,12592521400.0,3787.0,285,3786.0,591
rb1805,20171228,20171227,210658000,3786.0,332900,2655524,12594793400.0,3787.0,269,3786.0,584
rb1805,20171228,20171227,210658500,3786.0,332984,2655482,12597973760.0,3787.0,268,3786.0,556
rb1805,20171228,20171227,210659000,3787.0,333602,2655672,12621371340.0,3787.0,265,3786.0,253
rb1805,20171228,20171227,210659500,3786.0,333624,2655670,12622204280.0,3787.0,297,3786.0,255
rb1805,20171228,20171227,210700000,3786.0,333628,2655670,12622355740.0,3787.0,320,3786.0,314
rb1805,20171228,20171227,210700500,3786.0,333668,2655658,12623870200.0,3787.0,288,3786.0,357
rb1805,20171228,20171227,210701000,3787.0,333710,2655648,12625460540.0,3787.0,277,3786.0,356
rb1805,20171228,20171227,210701500,3787.0,333764,2655662,12627505040.0,3787.0,277,3786.0,345
rb1805,20171228,20171227,210702000,3786.0,333776,2655660,12627959440.0,3787.0,274,3786.0,348
rb1805,20171228,20171227,210702500,3787.0,333806,2655662,12629095500.0,3787.0,272,3786.0,362
rb1805,20171228,20171227,210703000,3786.0,334152,2655876,12642195180.0,3787.0,266,3786.0,195
rb1805,20171228,20171227,210703500,3787.0,334158,2655878,12642422380.0,3787.0,287,3786.0,189
rb1805,20171228,20171227,210704000,3786.0,334168,2655884,12642800980.0,3787.0,288,3786.0,205
rb1805,20171228,20171227,210704500,3786.0,334212,2655908,12644466940.0,3787.0,282,3786.0,194
rb1805,20171228,20171227,210705000,3787.0,334324,2655964,12648707760.0,3787.0,267,3786.0,201
rb1805,20171228,20171227,210705500,3786.0,334332,2655966,12649010660.0,3787.0,265,3786.0,224
rb1805,20171228,20171227,210706000,3787.0,334738,2656082,12664383980.0,3787.0,137,3786.0,156
rb1805,20171228,20171227,210706500,3787.0,334866,2656094,12669230280.0,3787.0,127,3786.0,123
rb1805,20171228,20171227,210707000,3786.0,335262,2656200,12684225040.0,3787.0,47,3786.0,125
rb1805,20171228,20171227,210707500,3787.0,335370,2656266,12688314760.0,3788.0,645,3787.0,59
rb1805,20171228,20171227,210708000,3788.0,335382,2656278,12688769300.0,3788.0,641,3787.0,65
rb1805,20171228,20171227,210708500,3787.0,335466,2656354,12691950500.0,3788.0,637,3787.0,36
rb1805,20171228,20171227,210709000,3787.0,335472,2656358,12692177720.0,3788.0,637,3787.0,36
rb1805,20171228,20171227,210709500,3787.0,335496,2656380,12693086640.0,3788.0,635,3787.0,27
rb1805,20171228,20171227,210710000,3787.0,335502,2656384,12693313860.0,3788.0,635,3787.0,24
rb1805,20171228,20171227,210710500,3787.0,335558,2656434,12695434780.0,3788.0,625,3787.0,11
rb1805,20171228,20171227,210711000,3787.0,335568,2656444,12695813480.0,3788.0,618,3787.0,8
rb1805,20171228,20171227,210711500,3787.0,335626,2656428,12698009960.0,3787.0,163,3786.0,163
rb1805,20171228,20171227,210712000,3787.0,335666,2656442,12699524760.0,3787.0,211,3786.0,133
rb1805,20171228,20171227,210712500,3787.0,335670,2656444,12699676240.0,3787.0,220,3786.0,133
rb1805,20171228,20171227,210713000,3787.0,335688,2656448,12700357900.0,3787.0,218,3786.0,138
rb1805,20171228,20171227,210713500,3786.0,335706,2656446,12701039420.0,3787.0,222,3786.0,132
rb1805,20171228,20171227,210714000,3787.0,335742,2656468,12702402480.0,3787.0,218,3786.0,122
rb1805,20171228,20171227,210714500,3787.0,335778,2656490,12703765680.0,3787.0,208,3786.0,137
rb1805,20171228,20171227,210715000,3787.0,335786,2656496,12704068620.0,3787.0,205,3786.0,145
rb1805,20171228,20171227,210715500,3787.0,335820,2656502,12705356100.0,3787.0,214,3786.0,144
rb1805,20171228,20171227,210716000,3786.0,335870,2656498,12707249360.0,3787.0,203,3786.0,139
rb1805,20171228,20171227,210716500,3787.0,335916,2656520,12708991360.0,3787.0,182,3786.0,147
rb1805,20171228,20171227,210717000,3787.0,335924,2656526,12709294300.0,3787.0,180,3786.0,150
rb1805,20171228,20171227,210717500,3787.0,335930,2656532,12709521520.0,3787.0,198,3786.0,181
rb1805,20171228,20171227,210718000,3786.0,336072,2656594,12714897820.0,3787.0,231,3786.0,120
rb1805,20171228,20171227,210718500,3787.0,336174,2656628,12718760300.0,3787.0,216,3786.0,111
rb1805,20171228,20171227,210719000,3787.0,336242,2656636,12721335060.0,3787.0,203,3786.0,108
rb1805,20171228,20171227,210719500,3786.0,336456,2656694,12729438840.0,3787.0,121,3786.0,93
rb1805,20171228,20171227,210720000,3786.0,336460,2656696,12729590280.0,3787.0,150,3786.0,122
rb1805,20171228,20171227,210720500,3786.0,336468,2656694,12729893200.0,3787.0,150,3786.0,120
rb1805,20171228,20171227,210721000,3787.0,336470,2656694,12729968940.0,3787.0,149,3786.0,125
rb1805,20171228,20171227,210721500,3787.0,336488,2656694,12730650560.0,3787.0,152,3786.0,226
rb1805,20171228,20171227,210722000,3786.0,337248,2657274,12759424180.0,3786.0,93,3785.0,1495
rb1805,20171228,20171227,210722500,3786.0,337304,2657280,12761544340.0,3786.0,73,3785.0,1543
rb1805,20171228,20171227,210723000,3786.0,337468,2657282,12767753540.0,3787.0,256,3786.0,6
rb1805,20171228,20171227,210723500,3786.0,337518,2657264,12769646540.0,3786.0,5,3785.0,1535
rb1805,20171228,20171227,210724000,3786.0,337618,2657258,12773433200.0,3786.0,8,3785.0,1538
rb1805,20171228,20171227,210724500,3785.0,337648,2657268,12774568860.0,3787.0,351,3786.0,4
rb1805,20171228,20171227,210725000,3786.0,338004,2657094,12788048340.0,3787.0,291,3786.0,125
rb1805,20171228,20171227,210725500,3786.0,338380,2656972,12802283880.0,3786.0,422,3785.0,1512
rb1805,20171228,20171227,210726000,3786.0,338448,2656932,12804858360.0,3786.0,391,3785.0,1513
rb1805,20171228,20171227,210726500,3786.0,338472,2656914,12805766980.0,3786.0,384,3785.0,1513
rb1805,20171228,20171227,210727000,3786.0,338502,2656888,12806902780.0,3786.0,486,3785.0,1521
rb1805,20171228,20171227,210727500,3786.0,338522,2656878,12807659920.0,3786.0,530,3785.0,1538
rb1805,20171228,20171227,210728000,3786.0,338600,2656860,12810613000.0,3786.0,536,3785.0,1518
rb1805,20171228,20171227,210728500,3785.0,338666,2656860,12813111560.0,3786.0,536,3785.0,1509
rb1805,20171228,20171227,210729000,3785.0,338740,2656816,12815913160.0,3786.0,504,3785.0,1603
rb1805,20171228,20171227,210729500,3786.0,338812,2656788,12818639040.0,3786.0,484,3785.0,1612
rb1805,20171228,20171227,210730000,3786.0,338888,2656824,12821515780.0,3786.0,478,3785.0,1607
rb1805,20171228,20171227,210730500,3786.0,338930,2656844,12823105620.0,3786.0,648,3785.0,1611
rb1805,20171228,20171227,210731000,3786.0,339086,2656870,12829011240.0,3786.0,614,3785.0,1595
rb1805,20171228,20171227,210731500,3786.0,339106,2656870,12829768420.0,3786.0,607,3785.0,1586
rb1805,20171228,20171227,210732000,3786.0,339180,2656866,12832569860.0,3786.0,580,3785.0,1579
rb1805,20171228,20171227,210732500,3785.0,339212,2656878,12833781180.0,3786.0,555,3785.0,1583
rb1805,20171228,20171227,210733000,3786.0,339238,2656878,12834765460.0,3786.0,545,3785.0,1578
rb1805,20171228,20171227,210733500,3786.0,340320,2656368,12875729960.0,3787.0,254,3785.0,1579
rb1805,20171228,20171227,210734000,3786.0,340328,2656372,12876032840.0,3787.0,234,3785.0,1580
rb1805,20171228,20171227,210734500,3785.0,340390,2656356,12878379620.0,3787.0,236,3786.0,10
rb1805,20171228,20171227,210735000,3785.0,340432,2656336,12879969320.0,3787.0,256,3786.0,121
rb1805,20171228,20171227,210735500,3786.0,340450,2656350,12880650840.0,3787.0,238,3786.0,209
rb1805,20171228,20171227,210736000,3786.0,340456,2656352,12880878020.0,3787.0,244,3786.0,294
rb1805,20171228,20171227,210736500,3786.0,340488,2656348,12882089740.0,3787.0,235,3786.0,308
rb1805,20171228,20171227,210737000,3787.0,340546,2656386,12884286180.0,3787.0,188,3786.0,310
rb1805,20171228,20171227,210737500,3787.0,340578,2656390,12885497880.0,3787.0,177,3786.0,306
rb1805,20171228,20171227,210738000,3786.0,340592,2656386,12886027920.0,3787.0,178,3786.0,317
rb1805,20171228,20171227,210738500,3786.0,340668,2656404,12888905840.0,3787.0,148,3786.0,310
rb1805,20171228,20171227,210739000,3786.0,340678,2656406,12889284480.0,3787.0,148,3786.0,324
rb1805,20171228,20171227,210739500,3786.0,340690,2656400,12889738800.0,3787.0,252,3786.0,320
rb1805,20171228,20171227,210740000,3787.0,340706,2656402,12890344580.0,3787.0,272,3786.0,329
rb1805,20171228,20171227,210740500,3786.0,340736,2656402,12891480380.0,3787.0,273,3786.0,315
rb1805,20171228,20171227,210741000,3786.0,341372,2656076,12915559340.0,3786.0,186,3785.0,1648
rb1805,20171228,20171227,210741500,3786.0,341434,2656060,12917906660.0,3786.0,248,3785.0,1648
rb1805,20171228,20171227,210742000,3786.0,341444,2656056,12918285260.0,3786.0,323,3785.0,1651
rb1805,20171228,20171227,210742500,3786.0,341868,2656162,12934337900.0,3786.0,111,3785.0,1656
rb1805,20171228,20171227,210743000,3786.0,342128,2656218,12944181500.0,3787.0,280,3786.0,5
rb1805,20171228,20171227,210743500,3787.0,342150,2656232,12945014600.0,3787.0,286,3786.0,24
rb1805,20171228,20171227,210744000,3786.0,342412,2656088,12954932760.0,3786.0,476,3785.0,1624
rb1805,20171228,20171227,210744500,3785.0,342614,2656078,12962580400.0,3786.0,379,3785.0,1625
rb1805,20171228,20171227,210745000,3785.0,342636,2656066,12963413280.0,3786.0,374,3785.0,1623
rb1805,20171228,20171227,210745500,3786.0,342676,2656060,12964927600.0,3786.0,361,3785.0,1620
rb1805,20171228,20171227,210746000,3786.0,342704,2656056,12965987680.0,3786.0,351,3785.0,1634
rb1805,20171228,20171227,210746500,3786.0,342724,2656046,12966744880.0,3786.0,342,3785.0,1634
rb1805,20171228,20171227,210747000,3786.0,342740,2656040,12967350580.0,3786.0,337,3785.0,1631
rb1805,20171228,20171227,210747500,3786.0,343470,2656000,12994988280.0,3786.0,8,3785.0,1626
rb1805,20171228,20171227,210748000,3786.0,343512,2656042,12996578400.0,3787.0,309,3786.0,241
rb1805,20171228,20171227,210748500,3786.0,343522,2656052,12996957000.0,3787.0,290,3786.0,258
rb1805,20171228,20171227,210749000,3786.0,343590,2656120,12999531680.0,3787.0,282,3786.0,237
rb1805,20171228,20171227,210749500,3786.0,343594,2656124,12999683120.0,3787.0,282,3786.0,78
rb1805,20171228,20171227,210750000,3787.0,343632,2656162,13001121900.0,3787.0,308,3786.0,92
rb1805,20171228,20171227,210750500,3786.0,343648,2656172,13001727700.0,3787.0,306,3786.0,101
rb1805,20171228,20171227,210751000,3787.0,343672,2656188,13002636360.0,3787.0,308,3786.0,96
rb1805,20171228,20171227,210751500,3786.0,343734,2656218,13004983920.0,3787.0,298,3786.0,100
rb1805,20171228,20171227,210752000,3787.0,343742,2656226,13005286860.0,3787.0,299,3786.0,110
rb1805,20171228,20171227,210752500,3786.0,344340,2656102,13027929140.0,3786.0,305,3785.0,1644
rb1805,20171228,20171227,210753000,3786.0,344358,2656090,13028610620.0,3786.0,323,3785.0,1644
rb1805,20171228,20171227,210753500,3786.0,344434,2656026,13031487980.0,3786.0,291,3785.0,1652
rb1805,20171228,20171227,210754000,3785.0,344456,2656014,13032320840.0,3786.0,286,3785.0,1669
rb1805,20171228,20171227,210754500,3786.0,344478,2655998,13033153760.0,3786.0,275,3785.0,1660
rb1805,20171228,20171227,210755000,3785.0,344908,2655578,13049433480.0,3786.0,66,3785.0,1661
rb1805,20171228,20171227,210755500,3786.0,345070,2655618,13055566820.0,3786.0,35,3785.0,1666
rb1805,20171228,20171227,210756000,3786.0,345140,2655566,13058217020.0,3787.0,256,3786.0,8
rb1805,20171228,20171227,210756500,3787.0,345156,2655572,13058822820.0,3787.0,257,3786.0,12
rb1805,20171228,20171227,210757000,3786.0,345220,2655556,13061245880.0,3786.0,474,3785.0,1685
rb1805,20171228,20171227,210757500,3786.0,345346,2655526,13066016040.0,3786.0,441,3785.0,1657
rb1805,20171228,20171227,210758000,3786.0,345348,2655526,13066091760.0,3786.0,444,3785.0,1657
rb1805,20171228,20171227,210758500,3786.0,345494,2655404,13071619180.0,3786.0,479,3785.0,1651
rb1805,20171228,20171227,210759000,3786.0,345500,2655402,13071846340.0,3786.0,484,3785.0,1656
rb1805,20171228,20171227,210759500,3785.0,345518,2655400,13072527800.0,3786.0,468,3785.0,1656
rb1805,20171228,20171227,210800000,3786.0,345538,2655398,13073284980.0,3786.0,546,3785.0,1657
rb1805,20171228,20171227,210800500,3785.0,345632,2655438,13076843080.0,3786.0,652,3785.0,1680
rb1805,20171228,20171227,210801000,3785.0,345712,2655490,13079871240.0,3786.0,675,3785.0,1673
rb1805,20171228,20171227,210801500,3785.0,345804,2655508,13083353620.0,3786.0,667,3785.0,1647
rb1805,20171228,20171227,210802000,3785.0,345818,2655514,13083883520.0,3786.0,684,3785.0,1645
rb1805,20171228,20171227,210802500,3785.0,345888,2655508,13086533320.0,3786.0,668,3785.0,1624
rb1805,20171228,20171227,210803000,3785.0,346148,2655460,13096374440.0,3786.0,662,3785.0,1496
rb1805,20171228,20171227,210803500,3785.0,346248,2655488,13100159480.0,3786.0,691,3785.0,1473
rb1805,20171228,20171227,210804000,3786.0,346296,2655458,13101976760.0,3786.0,668,3785.0,1483
rb1805,20171228,20171227,210804500,3785.0,346314,2655444,13102658160.0,3786.0,646,3785.0,1481
rb1805,20171228,20171227,210805000,3786.0,346320,2655438,13102885300.0,3786.0,644,3785.0,1483
rb1805,20171228,20171227,210805500,3785.0,346330,2655438,13103263840.0,3786.0,627,3785.0,1494
rb1805,20171228,20171227,210806000,3786.0,346384,2655398,13105308200.0,3786.0,590,3785.0,1500
rb1805,20171228,20171227,210806500,3786.0,346442,2655396,13107503600.0,3786.0,585,3785.0,1479
rb1805,20171228,20171227,210807000,3785.0,346456,2655394,13108033600.0,3786.0,602,3785.0,1480
rb1805,20171228,20171227,210807500,3785.0,346478,2655384,13108866420.0,3786.0,596,3785.0,1474
rb1805,20171228,20171227,210808000,3786.0,346486,2655380,13109169300.0,3786.0,580,3785.0,1474
rb1805,20171228,20171227,210808500,3785.0,346532,2655390,13110910540.0,3786.0,577,3785.0,1465
rb1805,20171228,20171227,210809000,3786.0,346540,2655384,13111213420.0,3786.0,575,3785.0,1468
rb1805,20171228,20171227,210809500,3785.0,346564,2655380,13112121840.0,3786.0,574,3785.0,1458
rb1805,20171228,20171227,210810000,3786.0,346580,2655378,13112727540.0,3786.0,592,3785.0,1469
rb1805,20171228,20171227,210810500,3785.0,346594,2655364,13113257540.0,3786.0,589,3785.0,1469
rb1805,20171228,20171227,210811000,3785.0,346608,2655362,13113787500.0,3786.0,589,3785.0,1465
rb1805,20171228,20171227,210811500,3786.0,346956,2655354,13126962660.0,3786.0,421,3785.0,1474
rb1805,20171228,20171227,210812000,3786.0,346970,2655342,13127492620.0,3786.0,424,3785.0,1482
rb1805,20171228,20171227,210812500,3785.0,346980,2655338,13127871180.0,3786.0,421,3785.0,1482
rb1805,20171228,20171227,210813000,3786.0,347028,2655342,13129688060.0,3786.0,416,3785.0,1465
rb1805,20171228,20171227,210813500,3786.0,347042,2655342,13130218080.0,3786.0,412,3785.0,1466
rb1805,20171228,20171227,210814000,3785.0,347112,2655360,13132868000.0,3786.0,392,3785.0,1453
rb1805,20171228,20171227,210814500,3785.0,347124,2655366,13133322260.0,3786.0,401,3785.0,1461
rb1805,20171228,20171227,210815000,3786.0,347558,2655146,13149749220.0,3786.0,400,3785.0,1254
rb1805,20171228,20171227,210815500,3786.0,347586,2655170,13150809120.0,3786.0,418,3785.0,1257
rb1805,20171228,20171227,210816000,3786.0,347830,2655330,13160044600.0,3786.0,300,3785.0,1141
rb1805,20171228,20171227,210816500,3786.0,347864,2655362,13161331740.0,3786.0,288,3785.0,1146
rb1805,20171228,20171227,210817000,3786.0,347912,2655392,13163148900.0,3786.0,274,3785.0,1139
rb1805,20171228,20171227,210817500,3785.0,348066,2655404,13168979280.0,3786.0,180,3785.0,1077
rb1805,20171228,20171227,210818000,3786.0,348520,2655752,13186166780.0,3787.0,428,3786.0,442
rb1805,20171228,20171227,210818500,3786.0,348574,2655802,13188211260.0,3787.0,406,3786.0,430
rb1805,20171228,20171227,210819000,3786.0,348674,2655852,13191997560.0,3787.0,410,3786.0,486
rb1805,20171228,20171227,210819500,3786.0,348678,2655856,13192149020.0,3787.0,409,3786.0,510
rb1805,20171228,20171227,210820000,3786.0,348688,2655866,13192527640.0,3787.0,408,3786.0,512
rb1805,20171228,20171227,210820500,3786.0,348712,2655890,13193436280.0,3787.0,408,3786.0,526
rb1805,20171228,20171227,210821000,3787.0,348726,2655902,13193966440.0,3787.0,402,3786.0,539
rb1805,20171228,20171227,210821500,3787.0,349738,2655826,13232280860.0,3787.0,401,3786.0,52
rb1805,20171228,20171227,210822000,3786.0,349850,2655850,13236521180.0,3786.0,50,3785.0,1068
rb1805,20171228,20171227,210822500,3786.0,349948,2655852,13240231440.0,3786.0,3,3785.0,1072
rb1805,20171228,20171227,210823000,3786.0,350008,2655844,13242503180.0,3786.0,63,3785.0,1092
rb1805,20171228,20171227,210823500,3786.0,350114,2655864,13246516340.0,3786.0,46,3785.0,1093
rb1805,20171228,20171227,210824000,3786.0,350156,2655848,13248106460.0,3786.0,25,3785.0,1092
rb1805,20171228,20171227,210824500,3786.0,350194,2655838,13249545120.0,3786.0,8,3785.0,1092
rb1805,20171228,20171227,210825000,3787.0,350226,2655852,13250756720.0,3787.0,400,3786.0,20
rb1805,20171228,20171227,210825500,3787.0,350534,2655940,13262417680.0,3787.0,396,3786.0,41
rb1805,20171228,20171227,210826000,3786.0,350640,2655930,13266430840.0,3786.0,497,3785.0,1099
rb1805,20171228,20171227,210826500,3786.0,350876,2655774,13275365800.0,3786.0,405,3785.0,1114
rb1805,20171228,20171227,210827000,3786.0,350938,2655764,13277713120.0,3786.0,374,3785.0,1116
rb1805,20171228,20171227,210827500,3786.0,350974,2655760,13279076080.0,3786.0,345,3785.0,1170
rb1805,20171228,20171227,210828000,3785.0,351220,2655544,13288389520.0,3786.0,232,3785.0,1166
rb1805,20171228,20171227,210828500,3786.0,351302,2655548,13291493940.0,3786.0,209,3785.0,1165
rb1805,20171228,20171227,210829000,3786.0,351352,2655540,13293386940.0,3786.0,276,3785.0,1168
rb1805,20171228,20171227,210829500,3786.0,351386,2655538,13294674120.0,3786.0,263,3785.0,1165
rb1805,20171228,20171227,210830000,3786.0,351420,2655518,13295961360.0,3786.0,261,3785.0,1166
rb1805,20171228,20171227,210830500,3786.0,351468,2655494,13297778600.0,3786.0,249,3785.0,1170
rb1805,20171228,20171227,210831000,3785.0,351524,2655482,13299898600.0,3786.0,239,3785.0,1172
rb1805,20171228,20171227,210831500,3786.0,351760,2655438,13308833320.0,3786.0,134,3785.0,1160
rb1805,20171228,20171227,210832000,3786.0,351778,2655446,13309514800.0,3786.0,192,3785.0,1152
rb1805,20171228,20171227,210832500,3786.0,352026,2655458,13318904080.0,3786.0,70,3785.0,1145
rb1805,20171228,20171227,210833000,3786.0,353044,2654866,13357435560.0,3786.0,62,3785.0,646
rb1805,20171228,20171227,210833500,3786.0,353110,2654868,13359934260.0,3786.0,122,3785.0,627
rb1805,20171228,20171227,210834000,3785.0,353170,2654900,13362205520.0,3786.0,270,3785.0,610
rb1805,20171228,20171227,210834500,3785.0,354454,2655184,13410804720.0,3785.0,97,3784.0,1019
rb1805,20171228,20171227,210835000,3786.0,354764,2655112,13422537740.0,3786.0,437,3784.0,997
rb1805,20171228,20171227,210835500,3785.0,354786,2655110,13423370440.0,3785.0,14,3784.0,1001
rb1805,20171228,20171227,210836000,3784.0,354802,2655108,13423975980.0,3785.0,33,3784.0,1021
rb1805,20171228,20171227,210836500,3785.0,355188,2655082,13438583040.0,3785.0,2,3784.0,875
rb1805,20171228,20171227,210837000,3785.0,355208,2655082,13439339980.0,3785.0,12,3784.0,852
rb1805,20171228,20171227,210837500,3785.0,355252,2655086,13441005300.0,3785.0,30,3784.0,848
rb1805,20171228,20171227,210838000,3785.0,355278,2655106,13441989280.0,3785.0,47,3784.0,842
rb1805,20171228,20171227,210838500,3784.0,356318,2655054,13481343080.0,3785.0,59,3784.0,335
rb1805,20171228,20171227,210839000,3785.0,356368,2655104,13483235520.0,3785.0,53,3784.0,331
rb1805,20171228,20171227,210839500,3785.0,356438,2655148,13485884540.0,3785.0,67,3784.0,308
rb1805,20171228,20171227,210840000,3784.0,356454,2655136,13486490000.0,3785.0,73,3784.0,304
rb1805,20171228,20171227,210840500,3784.0,356478,2655130,13487398240.0,3785.0,71,3784.0,333
rb1805,20171228,20171227,210841000,3784.0,356518,2655114,13488912040.0,3785.0,63,3784.0,339
rb1805,20171228,20171227,210841500,3784.0,357218,2654606,13515400140.0,3784.0,175,3783.0,1009
rb1805,20171228,20171227,210842000,3784.0,357368,2654592,13521075920.0,3784.0,115,3783.0,1024
rb1805,20171228,20171227,210842500,3784.0,357420,2654594,13523043560.0,3784.0,99,3783.0,1023
rb1805,20171228,20171227,210843000,3785.0,357642,2654568,13531444060.0,3785.0,92,3784.0,31
rb1805,20171228,20171227,210843500,3785.0,357698,2654558,13533563200.0,3785.0,93,3784.0,124
rb1805,20171228,20171227,210844000,3784.0,357844,2654482,13539089100.0,3785.0,36,3784.0,146
rb1805,20171228,20171227,210844500,3784.0,357870,2654474,13540073000.0,3785.0,36,3784.0,152
rb1805,20171228,20171227,210845000,3784.0,357932,2654474,13542419080.0,3785.0,48,3784.0,126
rb1805,20171228,20171227,210845500,3784.0,358152,2654616,13550743900.0,3785.0,76,3784.0,3
rb1805,20171228,20171227,210846000,3784.0,358172,2654604,13551500700.0,3784.0,75,3783.0,1113
rb1805,20171228,20171227,210846500,3783.0,359238,2653974,13591827720.0,3784.0,85,3783.0,591
rb1805,20171228,20171227,210847000,3784.0,359660,2653738,13607793560.0,3784.0,109,3783.0,443
rb1805,20171228,20171227,210847500,3783.0,359676,2653750,13608398980.0,3784.0,112,3783.0,462
rb1805,20171228,20171227,210848000,3784.0,359748,2653804,13611122940.0,3784.0,120,3783.0,448
rb1805,20171228,20171227,210848500,3783.0,359824,2653826,13613998300.0,3784.0,111,3783.0,425
rb1805,20171228,20171227,210849000,3783.0,360022,2653902,13621489760.0,3784.0,105,3783.0,390
rb1805,20171228,20171227,210849500,3784.0,360074,2653910,13623457180.0,3784.0,120,3783.0,420
rb1805,20171228,20171227,210850000,3783.0,360138,2653908,13625878520.0,3784.0,123,3783.0,404
rb1805,20171228,20171227,210850500,3783.0,360996,2653354,13658336740.0,3783.0,111,3782.0,1009
rb1805,20171228,20171227,210851000,3782.0,361196,2653196,13665902660.0,3783.0,2,3782.0,1011
rb1805,20171228,20171227,210851500,3783.0,361434,2653192,13674906280.0,3784.0,170,3783.0,170
rb1805,20171228,20171227,210852000,3783.0,361558,2653198,13679597300.0,3784.0,189,3783.0,118
rb1805,20171228,20171227,210852500,3783.0,361674,2653266,13683985620.0,3784.0,209,3783.0,101
rb1805,20171228,20171227,210853000,3783.0,361742,2653278,13686558300.0,3784.0,198,3783.0,101
rb1805,20171228,20171227,210853500,3783.0,361892,2653256,13692232920.0,3784.0,192,3783.0,182
rb1805,20171228,20171227,210854000,3783.0,361988,2653296,13695864640.0,3784.0,203,3783.0,152
rb1805,20171228,20171227,210854500,3783.0,362226,2653292,13704868240.0,3784.0,202,3783.0,78
rb1805,20171228,20171227,210855000,3783.0,362446,2653194,13713190840.0,3783.0,429,3782.0,1044
rb1805,20171228,20171227,210855500,3782.0,362514,2653164,13715763260.0,3783.0,491,3782.0,1027
rb1805,20171228,20171227,210856000,3783.0,362796,2653156,13726429120.0,3783.0,505,3782.0,926
rb1805,20171228,20171227,210856500,3783.0,362908,2653124,13730665080.0,3783.0,521,3782.0,870
rb1805,20171228,20171227,210857000,3783.0,363824,2652622,13765314100.0,3783.0,531,3782.0,707
rb1805,20171228,20171227,210857500,3783.0,363872,2652612,13767129760.0,3783.0,533,3782.0,721
rb1805,20171228,20171227,210858000,3783.0,364042,2652680,13773560480.0,3783.0,489,3782.0,736
rb1805,20171228,20171227,210858500,3783.0,364146,2652686,13777494080.0,3783.0,476,3782.0,717
rb1805,20171228,20171227,210859000,3782.0,364178,2652686,13778704500.0,3783.0,468,3782.0,715
rb1805,20171228,20171227,210859500,3782.0,365650,2652454,13834375800.0,3782.0,117,3781.0,644
rb1805,20171228,20171227,210900000,3782.0,366114,2652588,13851924560.0,3782.0,11,3781.0,644
rb1805,20171228,20171227,210900500,3783.0,366820,2652820,13878623060.0,3783.0,580,3781.0,526
rb1805,20171228,20171227,210901000,3783.0,367032,2652942,13886639520.0,3782.0,10,3781.0,498
