instrument,tradingday,calendarday,time,lastp,volume,openinterest,turnover,ask1,asksz1,bid1,bidsz1
rb1805,20170811,20170810,184825500,3804.0,0,175654,0.0,0.0,0,0.0,0
rb1805,20170811,20170810,205900500,3783.0,130,175666,4917900.0,3790.0,44,3781.0,12
rb1805,20170811,20170810,210000500,3784.0,158,175652,5977320.0,3790.0,43,3784.0,13
rb1805,20170811,20170810,210001000,3781.0,218,175648,8247220.0,3785.0,2,3781.0,5
rb1805,20170811,20170810,210001500,3781.0,324,175666,12251220.0,3781.0,3,3773.0,3
rb1805,20170811,20170810,210002000,3781.0,396,175680,14969020.0,3781.0,4,3774.0,3
rb1805,20170811,20170810,210002500,3774.0,510,175698,19268580.0,3774.0,16,3766.0,6
rb1805,20170811,20170810,210003000,3769.0,528,175684,19947320.0,3780.0,3,3769.0,9
rb1805,20170811,20170810,210003500,3780.0,556,175688,21003960.0,3780.0,1,3778.0,1
rb1805,20170811,20170810,210004000,3778.0,562,175688,21230640.0,3778.0,101,3777.0,1
rb1805,20170811,20170810,210004500,3776.0,594,175682,22437160.0,3776.0,5,3765.0,10
rb1805,20170811,20170810,210005000,3771.0,610,175682,23041160.0,3776.0,3,3770.0,1
rb1805,20170811,20170810,210005500,3773.0,618,175678,23343000.0,3774.0,8,3772.0,2
rb1805,20170811,20170810,210006000,3774.0,652,175670,24625520.0,3772.0,1,3768.0,1
rb1805,20170811,20170810,210006500,3768.0,670,175676,25304120.0,3771.0,28,3768.0,5
rb1805,20170811,20170810,210007000,3768.0,680,175676,25680920.0,3768.0,8,3766.0,4
rb1805,20170811,20170810,210007500,3768.0,760,175698,28695400.0,3766.0,98,3765.0,9
rb1805,20170811,20170810,210008000,3766.0,830,175662,31331440.0,3766.0,91,3765.0,5
rb1805,20170811,20170810,210008500,3766.0,922,175640,34796020.0,3765.0,3,3764.0,1
rb1805,20170811,20170810,210009000,3765.0,958,175622,36151700.0,3766.0,39,3765.0,2
rb1805,20170811,20170810,210009500,3762.0,984,175614,37130300.0,3766.0,48,3762.0,49
rb1805,20170811,20170810,210010000,3764.0,1034,175616,39011880.0,3764.0,2,3763.0,7
rb1805,20170811,20170810,210010500,3760.0,1206,175632,45482940.0,3761.0,2,3760.0,21
rb1805,20170811,20170810,210011000,3761.0,1316,175608,49619180.0,3759.0,28,3758.0,7
rb1805,20170811,20170810,210011500,3757.0,1338,175600,50445900.0,3757.0,11,3756.0,7
rb1805,20170811,20170810,210012000,3757.0,1370,175594,51647880.0,3757.0,6,3755.0,7
rb1805,20170811,20170810,210012500,3755.0,1392,175596,52474080.0,3756.0,10,3755.0,5
rb1805,20170811,20170810,210013000,3756.0,1414,175590,53300280.0,3755.0,3,3754.0,1
rb1805,20170811,20170810,210013500,3759.0,1462,175552,55103540.0,3759.0,23,3757.0,1
rb1805,20170811,20170810,210014000,3754.0,1472,175550,55479080.0,3757.0,18,3754.0,2
rb1805,20170811,20170810,210014500,3756.0,1474,175548,55554200.0,3757.0,2,3754.0,1
rb1805,20170811,20170810,210015000,3756.0,1480,175548,55779560.0,3756.0,2,3753.0,2
rb1805,20170811,20170810,210015500,3759.0,1482,175548,55854740.0,3759.0,22,3757.0,6
rb1805,20170811,20170810,210016000,3756.0,1498,175550,56455820.0,3757.0,2,3756.0,1
rb1805,20170811,20170810,210016500,3756.0,1502,175552,56606060.0,3757.0,2,3755.0,4
rb1805,20170811,20170810,210017000,3756.0,1506,175552,56756300.0,3759.0,20,3757.0,1
rb1805,20170811,20170810,210017500,3757.0,1526,175544,57507740.0,3759.0,19,3757.0,3
rb1805,20170811,20170810,210018000,3757.0,1532,175542,57733160.0,3757.0,1,3756.0,1
rb1805,20170811,20170810,210018500,3756.0,1536,175542,57883420.0,3758.0,2,3755.0,4
rb1805,20170811,20170810,210019000,3758.0,1542,175542,58108860.0,3759.0,19,3756.0,1
rb1805,20170811,20170810,210019500,3758.0,1542,175542,58108860.0,3759.0,19,3758.0,1
rb1805,20170811,20170810,210020000,3759.0,1548,175538,58334400.0,3759.0,16,3758.0,3
rb1805,20170811,20170810,210020500,3759.0,1586,175502,59762760.0,3760.0,1,3757.0,16
rb1805,20170811,20170810,210021000,3759.0,1586,175502,59762760.0,3760.0,1,3758.0,2
rb1805,20170811,20170810,210021500,3760.0,1588,175502,59837960.0,3761.0,7,3760.0,1
rb1805,20170811,20170810,210022000,3759.0,1596,175510,60138680.0,3761.0,7,3760.0,4
rb1805,20170811,20170810,210022500,3761.0,1600,175510,60289120.0,3761.0,5,3760.0,4
rb1805,20170811,20170810,210023000,3761.0,1610,175502,60665220.0,3762.0,3,3760.0,5
rb1805,20170811,20170810,210023500,3761.0,1616,175502,60890880.0,3761.0,7,3760.0,15
rb1805,20170811,20170810,210024000,3761.0,1624,175502,61191740.0,3761.0,4,3760.0,23
rb1805,20170811,20170810,210024500,3761.0,1626,175502,61266960.0,3761.0,3,3760.0,23
rb1805,20170811,20170810,210025000,3763.0,1634,175498,61567880.0,3763.0,4,3761.0,1
rb1805,20170811,20170810,210025500,3762.0,1642,175498,61868840.0,3763.0,2,3762.0,6
rb1805,20170811,20170810,210026000,3762.0,1642,175498,61868840.0,3763.0,2,3762.0,7
rb1805,20170811,20170810,210026500,3761.0,1686,175498,63523860.0,3763.0,1,3761.0,2
rb1805,20170811,20170810,210027000,3763.0,1688,175496,63599120.0,3765.0,37,3762.0,5
rb1805,20170811,20170810,210027500,3763.0,1688,175496,63599120.0,3765.0,35,3763.0,2
rb1805,20170811,20170810,210028000,3764.0,1694,175498,63824920.0,3764.0,5,3763.0,2
rb1805,20170811,20170810,210028500,3764.0,1702,175498,64126020.0,3764.0,2,3763.0,4
rb1805,20170811,20170810,210029000,3761.0,1736,175484,65405500.0,3765.0,35,3761.0,5
rb1805,20170811,20170810,210029500,3762.0,1796,175504,67663980.0,3763.0,3,3762.0,10
rb1805,20170811,20170810,210030000,3765.0,1806,175496,68040320.0,3763.0,1,3762.0,3
rb1805,20170811,20170810,210030500,3764.0,1810,175494,68190860.0,3764.0,2,3763.0,11
rb1805,20170811,20170810,210031000,3765.0,1814,175492,68341440.0,3765.0,13,3764.0,4
rb1805,20170811,20170810,210031500,3764.0,1818,175492,68492020.0,3765.0,9,3764.0,3
rb1805,20170811,20170810,210032000,3765.0,1820,175492,68567320.0,3765.0,8,3764.0,4
rb1805,20170811,20170810,210032500,3765.0,1828,175490,68868480.0,3765.0,6,3764.0,2
rb1805,20170811,20170810,210033000,3765.0,1828,175490,68868480.0,3765.0,6,3764.0,7
rb1805,20170811,20170810,210033500,3765.0,1828,175490,68868480.0,3765.0,6,3764.0,7
rb1805,20170811,20170810,210034000,3765.0,1840,175502,69320280.0,3766.0,88,3765.0,5
rb1805,20170811,20170810,210034500,3765.0,1840,175502,69320280.0,3766.0,89,3765.0,6
rb1805,20170811,20170810,210035000,3765.0,1840,175502,69320280.0,3766.0,89,3765.0,27
rb1805,20170811,20170810,210035500,3765.0,1860,175502,70073280.0,3766.0,89,3765.0,17
rb1805,20170811,20170810,210036000,3765.0,1864,175502,70223880.0,3766.0,90,3765.0,15
rb1805,20170811,20170810,210036500,3765.0,1890,175522,71202780.0,3766.0,90,3765.0,2
rb1805,20170811,20170810,210037000,3765.0,1894,175524,71353380.0,3765.0,105,3764.0,3
rb1805,20170811,20170810,210037500,3765.0,1896,175524,71428680.0,3765.0,102,3764.0,5
rb1805,20170811,20170810,210038000,3764.0,1904,175530,71729800.0,3764.0,18,3763.0,7
rb1805,20170811,20170810,210038500,3764.0,1910,175532,71955640.0,3764.0,3,3763.0,7
rb1805,20170811,20170810,210039000,3765.0,1918,175534,72256780.0,3765.0,101,3764.0,10
rb1805,20170811,20170810,210039500,3764.0,1922,175538,72407340.0,3765.0,98,3764.0,2
rb1805,20170811,20170810,210040000,3765.0,1956,175534,73687040.0,3765.0,92,3763.0,1
rb1805,20170811,20170810,210040500,3765.0,1958,175536,73762340.0,3765.0,91,3764.0,20
rb1805,20170811,20170810,210041000,3765.0,1958,175536,73762340.0,3765.0,94,3764.0,20
rb1805,20170811,20170810,210041500,3765.0,1958,175536,73762340.0,3765.0,96,3764.0,22
rb1805,20170811,20170810,210042000,3765.0,2006,175562,75569100.0,3765.0,104,3763.0,1
rb1805,20170811,20170810,210042500,3765.0,2008,175564,75644400.0,3765.0,129,3763.0,1
rb1805,20170811,20170810,210043000,3765.0,2016,175560,75945540.0,3765.0,128,3762.0,1
rb1805,20170811,20170810,210043500,3765.0,2056,175600,77451540.0,3765.0,105,3762.0,1
rb1805,20170811,20170810,210044000,3765.0,2058,175600,77526840.0,3765.0,79,3763.0,5
rb1805,20170811,20170810,210044500,3765.0,2062,175602,77677400.0,3765.0,78,3763.0,3
rb1805,20170811,20170810,210045000,3765.0,2064,175602,77752700.0,3765.0,78,3763.0,4
rb1805,20170811,20170810,210045500,3765.0,2064,175602,77752700.0,3765.0,78,3763.0,3
rb1805,20170811,20170810,210046000,3763.0,2070,175608,77978480.0,3763.0,17,3762.0,2
rb1805,20170811,20170810,210046500,3765.0,2112,175610,79559100.0,3765.0,76,3763.0,8
rb1805,20170811,20170810,210047000,3765.0,2114,175610,79634400.0,3765.0,73,3764.0,5
rb1805,20170811,20170810,210047500,3764.0,2124,175620,80010800.0,3765.0,83,3763.0,8
rb1805,20170811,20170810,210048000,3764.0,2166,175652,81592000.0,3765.0,67,3763.0,2
rb1805,20170811,20170810,210048500,3762.0,2182,175646,82194000.0,3762.0,44,3761.0,11
rb1805,20170811,20170810,210049000,3762.0,2246,175610,84601680.0,3762.0,12,3761.0,12
rb1805,20170811,20170810,210049500,3762.0,2252,175608,84827400.0,3762.0,9,3761.0,13
rb1805,20170811,20170810,210050000,3762.0,2254,175606,84902640.0,3762.0,8,3761.0,12
rb1805,20170811,20170810,210050500,3762.0,2270,175594,85504560.0,3762.0,1,3761.0,13
rb1805,20170811,20170810,210051000,3763.0,2292,175576,86332400.0,3763.0,90,3762.0,6
rb1805,20170811,20170810,210051500,3763.0,2460,175526,92654180.0,3763.0,9,3762.0,1
rb1805,20170811,20170810,210052000,3764.0,2484,175508,93557320.0,3765.0,58,3763.0,11
rb1805,20170811,20170810,210052500,3763.0,2486,175508,93632580.0,3765.0,58,3762.0,2
rb1805,20170811,20170810,210053000,3765.0,2488,175508,93707880.0,3765.0,57,3764.0,2
rb1805,20170811,20170810,210053500,3765.0,2488,175508,93707880.0,3765.0,57,3764.0,2
rb1805,20170811,20170810,210054000,3763.0,2490,175506,93783140.0,3765.0,57,3762.0,6
rb1805,20170811,20170810,210054500,3765.0,2494,175510,93933740.0,3765.0,55,3763.0,1
rb1805,20170811,20170810,210055000,3765.0,2500,175510,94159620.0,3765.0,53,3763.0,2
rb1805,20170811,20170810,210055500,3765.0,2504,175514,94310220.0,3765.0,51,3763.0,8
rb1805,20170811,20170810,210056000,3765.0,2512,175520,94611420.0,3765.0,47,3764.0,1
rb1805,20170811,20170810,210056500,3765.0,2512,175520,94611420.0,3765.0,47,3764.0,7
rb1805,20170811,20170810,210057000,3763.0,2536,175542,95514960.0,3764.0,9,3763.0,1
rb1805,20170811,20170810,210057500,3764.0,2542,175540,95740800.0,3764.0,6,3763.0,9
rb1805,20170811,20170810,210058000,3765.0,2558,175528,96343080.0,3765.0,35,3764.0,3
rb1805,20170811,20170810,210058500,3765.0,2608,175564,98225500.0,3765.0,12,3763.0,3
rb1805,20170811,20170810,210059000,3764.0,2610,175564,98300780.0,3765.0,12,3763.0,10
rb1805,20170811,20170810,210059500,3765.0,2612,175566,98376080.0,3765.0,11,3764.0,3
rb1805,20170811,20170810,210100000,3765.0,2612,175566,98376080.0,3765.0,11,3764.0,6
rb1805,20170811,20170810,210100500,3765.0,2612,175566,98376080.0,3765.0,12,3764.0,5
rb1805,20170811,20170810,210101000,3765.0,2612,175566,98376080.0,3765.0,12,3764.0,5
rb1805,20170811,20170810,210101500,3765.0,2620,175570,98677280.0,3765.0,8,3764.0,6
rb1805,20170811,20170810,210102000,3765.0,2622,175572,98752580.0,3765.0,7,3764.0,6
rb1805,20170811,20170810,210102500,3765.0,2636,175568,99279680.0,3766.0,91,3765.0,7
rb1805,20170811,20170810,210103000,3765.0,2636,175568,99279680.0,3766.0,88,3765.0,11
rb1805,20170811,20170810,210103500,3766.0,2680,175564,100936720.0,3766.0,66,3765.0,30
rb1805,20170811,20170810,210104000,3766.0,2688,175564,101238000.0,3766.0,62,3765.0,31
rb1805,20170811,20170810,210104500,3765.0,2692,175566,101388620.0,3766.0,61,3765.0,13
rb1805,20170811,20170810,210105000,3766.0,2698,175564,101614580.0,3766.0,58,3765.0,32
rb1805,20170811,20170810,210105500,3766.0,2814,175560,105983140.0,3769.0,49,3766.0,10
rb1805,20170811,20170810,210106000,3766.0,2814,175560,105983140.0,3769.0,8,3766.0,33
rb1805,20170811,20170810,210106500,3766.0,2814,175560,105983140.0,3769.0,8,3766.0,27
rb1805,20170811,20170810,210107000,3766.0,2814,175560,105983140.0,3768.0,3,3767.0,3
rb1805,20170811,20170810,210107500,3766.0,2816,175562,106058460.0,3768.0,3,3766.0,26
rb1805,20170811,20170810,210108000,3766.0,2816,175562,106058460.0,3769.0,11,3766.0,26
rb1805,20170811,20170810,210108500,3766.0,2818,175562,106133780.0,3769.0,8,3766.0,27
rb1805,20170811,20170810,210109000,3766.0,2818,175562,106133780.0,3769.0,8,3766.0,27
rb1805,20170811,20170810,210109500,3766.0,2818,175562,106133780.0,3768.0,4,3766.0,21
rb1805,20170811,20170810,210110000,3766.0,2862,175558,107790860.0,3766.0,39,3765.0,18
rb1805,20170811,20170810,210110500,3768.0,2948,175552,111029780.0,3768.0,1,3766.0,32
rb1805,20170811,20170810,210111000,3769.0,2960,175544,111482000.0,3769.0,7,3768.0,7
rb1805,20170811,20170810,210111500,3769.0,2960,175544,111482000.0,3769.0,4,3768.0,7
rb1805,20170811,20170810,210112000,3768.0,2980,175530,112235600.0,3768.0,17,3766.0,7
rb1805,20170811,20170810,210112500,3768.0,3034,175510,114269240.0,3768.0,26,3765.0,26
rb1805,20170811,20170810,210113000,3769.0,3116,175432,117359300.0,3770.0,3,3769.0,70
rb1805,20170811,20170810,210113500,3770.0,3122,175428,117585460.0,3770.0,2,3769.0,69
rb1805,20170811,20170810,210114000,3770.0,3124,175428,117660860.0,3770.0,1,3769.0,70
rb1805,20170811,20170810,210114500,3769.0,3166,175396,119244060.0,3771.0,1,3769.0,60
rb1805,20170811,20170810,210115000,3771.0,3168,175398,119319480.0,3772.0,50,3769.0,60
rb1805,20170811,20170810,210115500,3770.0,3174,175394,119545700.0,3771.0,6,3770.0,1
rb1805,20170811,20170810,210116000,3771.0,3176,175394,119621120.0,3771.0,14,3770.0,1
rb1805,20170811,20170810,210116500,3771.0,3182,175390,119847380.0,3771.0,16,3770.0,1
rb1805,20170811,20170810,210117000,3771.0,3186,175388,119998200.0,3771.0,15,3770.0,1
rb1805,20170811,20170810,210117500,3771.0,3186,175388,119998200.0,3771.0,18,3769.0,63
rb1805,20170811,20170810,210118000,3771.0,3198,175390,120450720.0,3771.0,14,3769.0,63
rb1805,20170811,20170810,210118500,3771.0,3198,175390,120450720.0,3771.0,5,3770.0,5
rb1805,20170811,20170810,210119000,3771.0,3202,175388,120601560.0,3771.0,3,3770.0,5
rb1805,20170811,20170810,210119500,3771.0,3206,175386,120752400.0,3771.0,1,3770.0,5
rb1805,20170811,20170810,210120000,3771.0,3208,175386,120827820.0,3772.0,53,3770.0,6
rb1805,20170811,20170810,210120500,3771.0,3212,175384,120978640.0,3771.0,3,3770.0,6
rb1805,20170811,20170810,210121000,3771.0,3212,175384,120978640.0,3771.0,1,3770.0,6
rb1805,20170811,20170810,210121500,3771.0,3212,175384,120978640.0,3771.0,1,3770.0,6
rb1805,20170811,20170810,210122000,3772.0,3216,175384,121129500.0,3772.0,50,3771.0,2
rb1805,20170811,20170810,210122500,3772.0,3216,175384,121129500.0,3772.0,50,3771.0,7
rb1805,20170811,20170810,210123000,3772.0,3216,175384,121129500.0,3772.0,57,3771.0,8
rb1805,20170811,20170810,210123500,3772.0,3216,175384,121129500.0,3772.0,57,3771.0,10
rb1805,20170811,20170810,210124000,3772.0,3216,175384,121129500.0,3772.0,67,3771.0,15
rb1805,20170811,20170810,210124500,3771.0,3236,175378,121883720.0,3772.0,69,3771.0,6
rb1805,20170811,20170810,210125000,3772.0,3238,175378,121959160.0,3772.0,60,3771.0,7
rb1805,20170811,20170810,210125500,3772.0,3240,175378,122034600.0,3772.0,59,3771.0,7
rb1805,20170811,20170810,210126000,3771.0,3244,175376,122185460.0,3772.0,58,3771.0,7
rb1805,20170811,20170810,210126500,3772.0,3250,175372,122411780.0,3772.0,54,3771.0,15
rb1805,20170811,20170810,210127000,3772.0,3266,175372,123015300.0,3772.0,46,3771.0,27
rb1805,20170811,20170810,210127500,3772.0,3306,175372,124524100.0,3772.0,26,3771.0,27
rb1805,20170811,20170810,210128000,3771.0,3308,175370,124599520.0,3772.0,26,3771.0,26
rb1805,20170811,20170810,210128500,3772.0,3312,175368,124750400.0,3772.0,34,3771.0,26
rb1805,20170811,20170810,210129000,3772.0,3324,175368,125203040.0,3772.0,28,3771.0,26
rb1805,20170811,20170810,210129500,3772.0,3380,175392,127315360.0,3772.0,1,3771.0,45
rb1805,20170811,20170810,210130000,3772.0,3382,175392,127390800.0,3774.0,31,3773.0,1
rb1805,20170811,20170810,210130500,3773.0,3384,175392,127466260.0,3773.0,26,3772.0,1
rb1805,20170811,20170810,210131000,3773.0,3384,175392,127466260.0,3773.0,26,3772.0,19
rb1805,20170811,20170810,210131500,3773.0,3384,175392,127466260.0,3773.0,35,3772.0,27
rb1805,20170811,20170810,210132000,3773.0,3384,175392,127466260.0,3773.0,35,3772.0,30
rb1805,20170811,20170810,210132500,3773.0,3384,175392,127466260.0,3773.0,35,3772.0,30
rb1805,20170811,20170810,210133000,3773.0,3390,175386,127692640.0,3773.0,32,3772.0,30
rb1805,20170811,20170810,210133500,3773.0,3422,175374,128899780.0,3773.0,5,3772.0,20
rb1805,20170811,20170810,210134000,3773.0,3430,175374,129201600.0,3773.0,2,3772.0,19
rb1805,20170811,20170810,210134500,3774.0,3462,175376,130408940.0,3774.0,33,3773.0,7
rb1805,20170811,20170810,210135000,3773.0,3478,175376,131012640.0,3773.0,13,3772.0,12
rb1805,20170811,20170810,210135500,3773.0,3488,175374,131389940.0,3773.0,16,3772.0,13
rb1805,20170811,20170810,210136000,3773.0,3494,175374,131616320.0,3773.0,13,3772.0,20
rb1805,20170811,20170810,210136500,3773.0,3498,175370,131767240.0,3773.0,11,3772.0,20
rb1805,20170811,20170810,210137000,3773.0,3498,175370,131767240.0,3773.0,4,3772.0,21
rb1805,20170811,20170810,210137500,3773.0,3502,175370,131918160.0,3773.0,2,3772.0,28
rb1805,20170811,20170810,210138000,3773.0,3520,175364,132597300.0,3774.0,40,3773.0,11
rb1805,20170811,20170810,210138500,3773.0,3542,175342,133427360.0,3774.0,40,3773.0,1
rb1805,20170811,20170810,210139000,3773.0,3544,175342,133502820.0,3773.0,2,3772.0,21
rb1805,20170811,20170810,210139500,3773.0,3546,175340,133578280.0,3773.0,21,3772.0,21
rb1805,20170811,20170810,210140000,3773.0,3552,175338,133804660.0,3773.0,18,3772.0,21
rb1805,20170811,20170810,210140500,3773.0,3552,175338,133804660.0,3773.0,18,3772.0,22
rb1805,20170811,20170810,210141000,3773.0,3554,175338,133880120.0,3773.0,18,3772.0,22
rb1805,20170811,20170810,210141500,3773.0,3558,175336,134031040.0,3773.0,16,3772.0,29
rb1805,20170811,20170810,210142000,3773.0,3594,175302,135389320.0,3774.0,44,3773.0,51
rb1805,20170811,20170810,210142500,3774.0,3722,175242,140219680.0,3775.0,7,3774.0,54
rb1805,20170811,20170810,210143000,3774.0,3830,175150,144295600.0,3775.0,7,3773.0,33
rb1805,20170811,20170810,210143500,3774.0,3832,175150,144371080.0,3774.0,5,3773.0,33
rb1805,20170811,20170810,210144000,3774.0,3832,175150,144371080.0,3774.0,5,3773.0,40
rb1805,20170811,20170810,210144500,3774.0,3842,175160,144748480.0,3775.0,7,3774.0,9
rb1805,20170811,20170810,210145000,3775.0,3844,175160,144823980.0,3775.0,6,3774.0,9
rb1805,20170811,20170810,210145500,3775.0,3844,175160,144823980.0,3775.0,7,3774.0,9
rb1805,20170811,20170810,210146000,3775.0,3846,175162,144899480.0,3775.0,3,3774.0,10
rb1805,20170811,20170810,210146500,3775.0,3846,175162,144899480.0,3775.0,3,3774.0,13
rb1805,20170811,20170810,210147000,3775.0,3856,175160,145276980.0,3778.0,102,3774.0,20
rb1805,20170811,20170810,210147500,3775.0,3856,175160,145276980.0,3776.0,1,3774.0,28
rb1805,20170811,20170810,210148000,3774.0,3858,175162,145352460.0,3775.0,1,3774.0,27
rb1805,20170811,20170810,210148500,3774.0,3858,175162,145352460.0,3775.0,1,3774.0,20
rb1805,20170811,20170810,210149000,3774.0,3858,175162,145352460.0,3775.0,1,3774.0,20
rb1805,20170811,20170810,210149500,3775.0,3860,175160,145427960.0,3776.0,2,3774.0,20
rb1805,20170811,20170810,210150000,3775.0,3860,175160,145427960.0,3776.0,12,3774.0,20
rb1805,20170811,20170810,210150500,3774.0,3862,175160,145503440.0,3776.0,12,3774.0,22
rb1805,20170811,20170810,210151500,3774.0,3862,175160,145503440.0,3775.0,1,3774.0,22
rb1805,20170811,20170810,210152000,3775.0,3864,175158,145578940.0,3776.0,12,3775.0,2
rb1805,20170811,20170810,210152500,3776.0,3884,175160,146334140.0,3776.0,2,3775.0,2
rb1805,20170811,20170810,210153000,3775.0,3890,175158,146560640.0,3775.0,2,3774.0,19
rb1805,20170811,20170810,210153500,3775.0,3890,175158,146560640.0,3775.0,2,3774.0,19
rb1805,20170811,20170810,210154000,3775.0,3890,175158,146560640.0,3775.0,2,3774.0,19
rb1805,20170811,20170810,210154500,3775.0,3890,175158,146560640.0,3775.0,2,3774.0,24
rb1805,20170811,20170810,210155500,3775.0,3892,175158,146636140.0,3775.0,3,3774.0,24
rb1805,20170811,20170810,210156000,3775.0,3898,175158,146862640.0,3776.0,4,3775.0,20
rb1805,20170811,20170810,210156500,3776.0,3902,175156,147013660.0,3776.0,3,3775.0,19
rb1805,20170811,20170810,210157000,3777.0,3912,175150,147391300.0,3777.0,1,3776.0,47
rb1805,20170811,20170810,210157500,3776.0,3942,175122,148524100.0,3778.0,102,3776.0,32
rb1805,20170811,20170810,210158000,3776.0,3954,175110,148977220.0,3778.0,108,3776.0,26
rb1805,20170811,20170810,210158500,3777.0,4000,175068,150714200.0,3778.0,108,3776.0,6
rb1805,20170811,20170810,210159000,3776.0,4004,175068,150865240.0,3778.0,108,3776.0,6
rb1805,20170811,20170810,210159500,3776.0,4006,175066,150940760.0,3777.0,10,3776.0,5
rb1805,20170811,20170810,210200000,3777.0,4020,175072,151469540.0,3777.0,3,3776.0,16
rb1805,20170811,20170810,210200500,3777.0,4024,175070,151620620.0,3778.0,105,3777.0,2
rb1805,20170811,20170810,210201000,3777.0,4024,175070,151620620.0,3777.0,6,3776.0,16
rb1805,20170811,20170810,210201500,3776.0,4040,175058,152224920.0,3778.0,105,3776.0,15
rb1805,20170811,20170810,210202000,3776.0,4040,175058,152224920.0,3778.0,105,3777.0,2
rb1805,20170811,20170810,210202500,3776.0,4040,175058,152224920.0,3778.0,115,3777.0,3
rb1805,20170811,20170810,210203000,3776.0,4040,175058,152224920.0,3778.0,112,3777.0,13
rb1805,20170811,20170810,210203500,3778.0,4042,175056,152300480.0,3778.0,112,3777.0,20
rb1805,20170811,20170810,210204000,3777.0,4044,175058,152376020.0,3778.0,112,3777.0,19
rb1805,20170811,20170810,210204500,3778.0,4078,175056,153660540.0,3778.0,95,3777.0,19
rb1805,20170811,20170810,210205000,3778.0,4090,175052,154113900.0,3778.0,89,3777.0,19
rb1805,20170811,20170810,210205500,3778.0,4204,175048,158420820.0,3778.0,32,3777.0,27
rb1805,20170811,20170810,210206000,3778.0,4264,175050,160687620.0,3778.0,2,3777.0,27
rb1805,20170811,20170810,210206500,3778.0,4268,175048,160838740.0,3779.0,3,3778.0,10
rb1805,20170811,20170810,210207000,3780.0,4270,175048,160914340.0,3780.0,2,3778.0,18
rb1805,20170811,20170810,210207500,3780.0,4270,175048,160914340.0,3780.0,2,3778.0,19
rb1805,20170811,20170810,210208000,3780.0,4270,175048,160914340.0,3779.0,1,3778.0,26
rb1805,20170811,20170810,210208500,3780.0,4270,175048,160914340.0,3779.0,1,3778.0,26
rb1805,20170811,20170810,210209000,3780.0,4270,175048,160914340.0,3779.0,1,3778.0,28
rb1805,20170811,20170810,210209500,3779.0,4276,175044,161141080.0,3780.0,2,3779.0,3
rb1805,20170811,20170810,210210000,3779.0,4276,175044,161141080.0,3780.0,2,3779.0,3
rb1805,20170811,20170810,210210500,3780.0,4282,175044,161367860.0,3781.0,2,3780.0,98
rb1805,20170811,20170810,210211000,3780.0,4282,175044,161367860.0,3781.0,5,3780.0,98
rb1805,20170811,20170810,210211500,3780.0,4288,175048,161594660.0,3781.0,2,3780.0,95
rb1805,20170811,20170810,210212000,3780.0,4332,175088,163257860.0,3781.0,2,3780.0,74
rb1805,20170811,20170810,210212500,3780.0,4332,175088,163257860.0,3781.0,2,3780.0,79
rb1805,20170811,20170810,210213000,3781.0,4336,175088,163409100.0,3782.0,2,3781.0,98
rb1805,20170811,20170810,210213500,3781.0,4336,175088,163409100.0,3782.0,2,3781.0,105
rb1805,20170811,20170810,210214000,3781.0,4350,175076,163938440.0,3782.0,2,3781.0,100
rb1805,20170811,20170810,210214500,3781.0,4350,175076,163938440.0,3782.0,2,3781.0,104
rb1805,20170811,20170810,210215000,3782.0,4356,175080,164165360.0,3783.0,2,3781.0,111
rb1805,20170811,20170810,210215500,3782.0,4356,175080,164165360.0,3783.0,5,3782.0,19
rb1805,20170811,20170810,210216000,3782.0,4376,175060,164921760.0,3783.0,5,3782.0,10
rb1805,20170811,20170810,210216500,3783.0,4378,175060,164997420.0,3783.0,1,3782.0,10
rb1805,20170811,20170810,210217000,3783.0,4380,175062,165073080.0,3783.0,5,3782.0,13
rb1805,20170811,20170810,210217500,3783.0,4380,175062,165073080.0,3783.0,5,3782.0,16
rb1805,20170811,20170810,210218000,3782.0,4402,175066,165905140.0,3783.0,4,3782.0,3
rb1805,20170811,20170810,210218500,3782.0,4404,175068,165980780.0,3783.0,4,3782.0,5
rb1805,20170811,20170810,210219000,3783.0,4408,175072,166132100.0,3783.0,2,3782.0,2
rb1805,20170811,20170810,210219500,3783.0,4408,175072,166132100.0,3783.0,2,3782.0,2
rb1805,20170811,20170810,210220000,3782.0,4410,175072,166207740.0,3783.0,14,3782.0,1
rb1805,20170811,20170810,210220500,3782.0,4418,175070,166510300.0,3782.0,34,3781.0,102
rb1805,20170811,20170810,210221000,3782.0,4418,175070,166510300.0,3782.0,33,3781.0,96
rb1805,20170811,20170810,210221500,3782.0,4424,175070,166737220.0,3782.0,30,3781.0,99
rb1805,20170811,20170810,210222000,3781.0,4438,175070,167266600.0,3782.0,28,3781.0,91
rb1805,20170811,20170810,210222500,3782.0,4442,175066,167417880.0,3782.0,26,3781.0,93
rb1805,20170811,20170810,210223000,3782.0,4464,175046,168249720.0,3782.0,32,3781.0,80
rb1805,20170811,20170810,210223500,3782.0,4466,175044,168325360.0,3782.0,34,3781.0,80
rb1805,20170811,20170810,210224000,3782.0,4470,175042,168476640.0,3782.0,22,3781.0,82
rb1805,20170811,20170810,210224500,3781.0,4500,175012,169610940.0,3782.0,25,3781.0,71
rb1805,20170811,20170810,210225000,3782.0,4528,174992,170669700.0,3782.0,21,3781.0,61
rb1805,20170811,20170810,210225500,3782.0,4528,174992,170669700.0,3782.0,18,3781.0,64
rb1805,20170811,20170810,210226000,3782.0,4530,174992,170745340.0,3782.0,7,3781.0,63
rb1805,20170811,20170810,210226500,3782.0,4538,174990,171047900.0,3782.0,4,3781.0,63
rb1805,20170811,20170810,210227000,3781.0,4540,174990,171123520.0,3782.0,4,3781.0,59
rb1805,20170811,20170810,210227500,3781.0,4540,174990,171123520.0,3782.0,13,3781.0,59
rb1805,20170811,20170810,210228000,3781.0,4540,174990,171123520.0,3782.0,13,3781.0,59
rb1805,20170811,20170810,210228500,3782.0,4542,174990,171199160.0,3782.0,12,3781.0,60
rb1805,20170811,20170810,210229000,3781.0,4562,174970,171955360.0,3782.0,25,3781.0,50
rb1805,20170811,20170810,210229500,3781.0,4586,174946,172862800.0,3782.0,27,3781.0,39
rb1805,20170811,20170810,210230000,3782.0,4590,174944,173014080.0,3782.0,35,3781.0,39
rb1805,20170811,20170810,210230500,3782.0,4590,174944,173014080.0,3782.0,18,3781.0,39
rb1805,20170811,20170810,210231000,3782.0,4592,174944,173089720.0,3782.0,14,3781.0,39
rb1805,20170811,20170810,210231500,3782.0,4592,174944,173089720.0,3782.0,17,3781.0,39
rb1805,20170811,20170810,210232000,3782.0,4594,174946,173165360.0,3782.0,15,3781.0,39
rb1805,20170811,20170810,210232500,3782.0,4596,174946,173241000.0,3782.0,15,3781.0,38
rb1805,20170811,20170810,210233000,3782.0,4596,174946,173241000.0,3782.0,15,3781.0,38
rb1805,20170811,20170810,210233500,3782.0,4596,174946,173241000.0,3782.0,15,3781.0,49
rb1805,20170811,20170810,210234000,3781.0,4598,174946,173316620.0,3782.0,15,3781.0,48
rb1805,20170811,20170810,210234500,3782.0,4624,174926,174299780.0,3782.0,10,3781.0,40
rb1805,20170811,20170810,210235000,3782.0,4624,174926,174299780.0,3782.0,15,3781.0,42
rb1805,20170811,20170810,210235500,3781.0,4644,174906,175055980.0,3782.0,13,3781.0,33
rb1805,20170811,20170810,210236000,3781.0,4644,174906,175055980.0,3782.0,13,3781.0,33
rb1805,20170811,20170810,210236500,3781.0,4644,174906,175055980.0,3782.0,13,3781.0,35
rb1805,20170811,20170810,210237000,3781.0,4684,174888,176568380.0,3782.0,20,3781.0,15
rb1805,20170811,20170810,210237500,3781.0,4684,174888,176568380.0,3782.0,30,3781.0,15
rb1805,20170811,20170810,210238000,3781.0,4686,174890,176644000.0,3782.0,24,3781.0,14
rb1805,20170811,20170810,210238500,3781.0,4696,174898,177022100.0,3782.0,13,3781.0,9
rb1805,20170811,20170810,210239000,3781.0,4696,174898,177022100.0,3782.0,14,3781.0,9
rb1805,20170811,20170810,210240000,3781.0,4696,174898,177022100.0,3782.0,15,3781.0,9
rb1805,20170811,20170810,210240500,3781.0,4696,174898,177022100.0,3782.0,15,3781.0,9
rb1805,20170811,20170810,210241000,3782.0,4700,174902,177173380.0,3782.0,13,3781.0,9
rb1805,20170811,20170810,210241500,3781.0,4718,174898,177853960.0,3782.0,14,3781.0,9
rb1805,20170811,20170810,210242000,3782.0,4720,174900,177929600.0,3782.0,14,3781.0,9
rb1805,20170811,20170810,210242500,3781.0,4722,174902,178005220.0,3782.0,14,3781.0,13
rb1805,20170811,20170810,210243000,3782.0,4726,174906,178156500.0,3782.0,12,3781.0,13
rb1805,20170811,20170810,210243500,3781.0,4728,174908,178232120.0,3782.0,12,3781.0,12
rb1805,20170811,20170810,210244000,3781.0,4728,174908,178232120.0,3782.0,12,3781.0,12
rb1805,20170811,20170810,210245000,3781.0,4728,174908,178232120.0,3782.0,12,3781.0,12
rb1805,20170811,20170810,210245500,3781.0,4736,174914,178534600.0,3782.0,22,3781.0,8
rb1805,20170811,20170810,210246000,3781.0,4738,174914,178610220.0,3782.0,22,3781.0,8
rb1805,20170811,20170810,210246500,3781.0,4740,174916,178685840.0,3782.0,22,3781.0,7
rb1805,20170811,20170810,210247000,3781.0,4754,174920,179215280.0,3782.0,17,3781.0,6
rb1805,20170811,20170810,210247500,3781.0,4754,174920,179215280.0,3782.0,18,3781.0,6
rb1805,20170811,20170810,210248000,3782.0,4760,174918,179442200.0,3782.0,15,3781.0,6
rb1805,20170811,20170810,210248500,3782.0,4764,174918,179593460.0,3782.0,14,3781.0,1
rb1805,20170811,20170810,210249000,3781.0,4766,174916,179669080.0,3781.0,20,3780.0,91
rb1805,20170811,20170810,210249500,3781.0,4766,174916,179669080.0,3781.0,20,3780.0,91
rb1805,20170811,20170810,210250000,3781.0,4766,174916,179669080.0,3781.0,20,3780.0,95
rb1805,20170811,20170810,210250500,3781.0,4766,174916,179669080.0,3781.0,20,3780.0,95
rb1805,20170811,20170810,210251000,3781.0,4768,174916,179744700.0,3781.0,19,3780.0,95
rb1805,20170811,20170810,210251500,3780.0,4772,174920,179895900.0,3781.0,20,3780.0,93
rb1805,20170811,20170810,210252000,3780.0,4784,174920,180349500.0,3781.0,20,3780.0,87
rb1805,20170811,20170810,210252500,3780.0,4814,174920,181483600.0,3781.0,15,3780.0,77
rb1805,20170811,20170810,210253000,3780.0,4814,174920,181483600.0,3781.0,16,3780.0,77
rb1805,20170811,20170810,210253500,3780.0,4816,174920,181559200.0,3781.0,19,3780.0,78
rb1805,20170811,20170810,210254000,3781.0,4858,174926,183147180.0,3782.0,12,3781.0,8
rb1805,20170811,20170810,210254500,3781.0,4874,174940,183752140.0,3781.0,38,3780.0,76
rb1805,20170811,20170810,210255000,3780.0,5020,175058,189270940.0,3780.0,7,3779.0,6
rb1805,20170811,20170810,210255500,3780.0,5024,175060,189422140.0,3780.0,5,3779.0,6
rb1805,20170811,20170810,210256000,3780.0,5024,175060,189422140.0,3780.0,6,3779.0,10
rb1805,20170811,20170810,210256500,3780.0,5024,175060,189422140.0,3780.0,6,3779.0,13
rb1805,20170811,20170810,210257000,3778.0,5060,175038,190782560.0,3779.0,4,3778.0,15
rb1805,20170811,20170810,210257500,3779.0,5068,175038,191084880.0,3780.0,9,3779.0,1
rb1805,20170811,20170810,210258000,3779.0,5068,175038,191084880.0,3780.0,9,3779.0,1
rb1805,20170811,20170810,210258500,3779.0,5068,175038,191084880.0,3780.0,10,3779.0,1
rb1805,20170811,20170810,210259000,3779.0,5068,175038,191084880.0,3780.0,11,3779.0,1
rb1805,20170811,20170810,210259500,3779.0,5068,175038,191084880.0,3780.0,11,3779.0,1
rb1805,20170811,20170810,210300000,3779.0,5068,175038,191084880.0,3780.0,11,3779.0,4
rb1805,20170811,20170810,210300500,3780.0,5078,175048,191462880.0,3780.0,4,3779.0,6
rb1805,20170811,20170810,210301000,3779.0,5086,175042,191765200.0,3779.0,2,3778.0,13
rb1805,20170811,20170810,210301500,3778.0,5090,175038,191916320.0,3779.0,2,3778.0,11
rb1805,20170811,20170810,210302000,3780.0,5104,175044,192445480.0,3781.0,6,3780.0,5
rb1805,20170811,20170810,210302500,3780.0,5106,175044,192521080.0,3781.0,6,3780.0,4
rb1805,20170811,20170810,210303000,3780.0,5106,175044,192521080.0,3781.0,6,3780.0,5
rb1805,20170811,20170810,210303500,3780.0,5106,175044,192521080.0,3781.0,3,3780.0,5
rb1805,20170811,20170810,210304500,3780.0,5106,175044,192521080.0,3781.0,3,3780.0,13
rb1805,20170811,20170810,210305000,3780.0,5116,175054,192899080.0,3781.0,7,3779.0,3
rb1805,20170811,20170810,210305500,3780.0,5118,175054,192974680.0,3781.0,10,3780.0,16
rb1805,20170811,20170810,210306000,3780.0,5138,175054,193730680.0,3781.0,8,3780.0,9
rb1805,20170811,20170810,210306500,3780.0,5138,175054,193730680.0,3780.0,1,3779.0,4
rb1805,20170811,20170810,210307000,3780.0,5138,175054,193730680.0,3780.0,11,3779.0,4
rb1805,20170811,20170810,210307500,3780.0,5140,175054,193806280.0,3780.0,10,3779.0,4
rb1805,20170811,20170810,210308000,3780.0,5144,175054,193957480.0,3780.0,8,3779.0,4
rb1805,20170811,20170810,210308500,3780.0,5144,175054,193957480.0,3780.0,8,3779.0,11
rb1805,20170811,20170810,210309000,3779.0,5148,175054,194108640.0,3780.0,8,3779.0,9
rb1805,20170811,20170810,210309500,3780.0,5152,175054,194259820.0,3780.0,7,3779.0,8
rb1805,20170811,20170810,210310000,3780.0,5152,175054,194259820.0,3780.0,8,3779.0,8
rb1805,20170811,20170810,210310500,3779.0,5160,175052,194562140.0,3780.0,8,3779.0,2
rb1805,20170811,20170810,210311000,3779.0,5164,175048,194713300.0,3779.0,3,3778.0,12
rb1805,20170811,20170810,210311500,3779.0,5166,175048,194788880.0,3779.0,2,3778.0,15
rb1805,20170811,20170810,210312000,3779.0,5170,175048,194940040.0,3780.0,8,3779.0,1
rb1805,20170811,20170810,210312500,3779.0,5170,175048,194940040.0,3780.0,8,3779.0,11
rb1805,20170811,20170810,210313000,3780.0,5188,175036,195620440.0,3781.0,15,3780.0,23
rb1805,20170811,20170810,210313500,3780.0,5192,175032,195771640.0,3781.0,15,3780.0,21
rb1805,20170811,20170810,210314000,3780.0,5196,175032,195922840.0,3781.0,12,3780.0,19
rb1805,20170811,20170810,210314500,3780.0,5236,175032,197434840.0,3780.0,4,3779.0,10
rb1805,20170811,20170810,210315000,3780.0,5236,175032,197434840.0,3780.0,2,3779.0,10
rb1805,20170811,20170810,210315500,3780.0,5236,175032,197434840.0,3780.0,3,3779.0,10
rb1805,20170811,20170810,210316000,3780.0,5236,175032,197434840.0,3780.0,3,3779.0,10
rb1805,20170811,20170810,210316500,3780.0,5236,175032,197434840.0,3780.0,3,3779.0,3
rb1805,20170811,20170810,210317000,3780.0,5236,175032,197434840.0,3780.0,3,3779.0,4
rb1805,20170811,20170810,210317500,3780.0,5236,175032,197434840.0,3780.0,3,3779.0,4
rb1805,20170811,20170810,210318000,3780.0,5244,175034,197737240.0,3781.0,20,3780.0,6
rb1805,20170811,20170810,210318500,3781.0,5254,175026,198115340.0,3781.0,15,3780.0,7
rb1805,20170811,20170810,210319000,3781.0,5254,175026,198115340.0,3781.0,15,3780.0,7
rb1805,20170811,20170810,210319500,3780.0,5256,175028,198190940.0,3781.0,15,3780.0,6
rb1805,20170811,20170810,210320000,3780.0,5262,175028,198417740.0,3781.0,18,3780.0,3
rb1805,20170811,20170810,210320500,3780.0,5272,175026,198795740.0,3780.0,9,3779.0,5
rb1805,20170811,20170810,210321000,3780.0,5272,175026,198795740.0,3780.0,10,3779.0,5
rb1805,20170811,20170810,210321500,3780.0,5272,175026,198795740.0,3780.0,10,3779.0,5
rb1805,20170811,20170810,210322000,3780.0,5272,175026,198795740.0,3780.0,13,3779.0,5
rb1805,20170811,20170810,210322500,3780.0,5276,175022,198946940.0,3780.0,13,3779.0,5
rb1805,20170811,20170810,210323000,3780.0,5276,175022,198946940.0,3780.0,14,3779.0,2
rb1805,20170811,20170810,210323500,3779.0,5278,175022,199022520.0,3780.0,15,3779.0,1
rb1805,20170811,20170810,210324000,3779.0,5284,175022,199249260.0,3779.0,4,3778.0,22
rb1805,20170811,20170810,210324500,3779.0,5284,175022,199249260.0,3779.0,1,3778.0,18
rb1805,20170811,20170810,210325000,3780.0,5286,175020,199324860.0,3780.0,14,3778.0,18
rb1805,20170811,20170810,210325500,3778.0,5288,175018,199400420.0,3780.0,13,3778.0,17
rb1805,20170811,20170810,210326000,3778.0,5288,175018,199400420.0,3780.0,10,3778.0,17
rb1805,20170811,20170810,210326500,3778.0,5288,175018,199400420.0,3780.0,10,3779.0,1
rb1805,20170811,20170810,210327000,3778.0,5288,175018,199400420.0,3780.0,13,3779.0,3
rb1805,20170811,20170810,210327500,3779.0,5292,175018,199551580.0,3780.0,13,3779.0,1
rb1805,20170811,20170810,210328000,3779.0,5292,175018,199551580.0,3780.0,14,3779.0,1
rb1805,20170811,20170810,210328500,3779.0,5292,175018,199551580.0,3780.0,14,3779.0,1
rb1805,20170811,20170810,210329000,3780.0,5310,175022,200231980.0,3780.0,5,3779.0,1
rb1805,20170811,20170810,210329500,3779.0,5314,175026,200383140.0,3780.0,9,3778.0,17
rb1805,20170811,20170810,210330000,3779.0,5318,175022,200534300.0,3780.0,7,3779.0,5
rb1805,20170811,20170810,210330500,3779.0,5318,175022,200534300.0,3780.0,4,3779.0,8
rb1805,20170811,20170810,210331000,3779.0,5318,175022,200534300.0,3780.0,4,3779.0,8
rb1805,20170811,20170810,210331500,3780.0,5326,175026,200836700.0,3781.0,20,3780.0,1
rb1805,20170811,20170810,210332000,3780.0,5338,175026,201290300.0,3781.0,13,3779.0,8
rb1805,20170811,20170810,210332500,3780.0,5338,175026,201290300.0,3781.0,9,3780.0,1
rb1805,20170811,20170810,210333000,3780.0,5338,175026,201290300.0,3781.0,12,3780.0,3
rb1805,20170811,20170810,210333500,3781.0,5356,175030,201970880.0,3782.0,10,3780.0,12
rb1805,20170811,20170810,210334000,3781.0,5356,175030,201970880.0,3781.0,20,3780.0,9
rb1805,20170811,20170810,210334500,3781.0,5356,175030,201970880.0,3781.0,23,3780.0,4
rb1805,20170811,20170810,210335000,3780.0,5358,175030,202046480.0,3781.0,24,3780.0,3
rb1805,20170811,20170810,210335500,3780.0,5360,175028,202122080.0,3781.0,24,3780.0,2
rb1805,20170811,20170810,210336000,3780.0,5364,175030,202273280.0,3780.0,6,3779.0,10
rb1805,20170811,20170810,210336500,3780.0,5376,175030,202726880.0,3781.0,21,3780.0,11
rb1805,20170811,20170810,210337000,3780.0,5376,175030,202726880.0,3781.0,20,3780.0,7
rb1805,20170811,20170810,210337500,3780.0,5376,175030,202726880.0,3781.0,20,3780.0,10
rb1805,20170811,20170810,210338000,3780.0,5376,175030,202726880.0,3781.0,20,3780.0,26
rb1805,20170811,20170810,210338500,3781.0,5404,175002,203785560.0,3781.0,6,3780.0,31
rb1805,20170811,20170810,210339000,3781.0,5416,175002,204239280.0,3782.0,12,3781.0,8
rb1805,20170811,20170810,210339500,3782.0,5428,175004,204693120.0,3782.0,6,3781.0,1
rb1805,20170811,20170810,210340000,3782.0,5428,175004,204693120.0,3782.0,6,3781.0,9
rb1805,20170811,20170810,210340500,3782.0,5442,175012,205222600.0,3783.0,15,3782.0,5
rb1805,20170811,20170810,210341000,3782.0,5442,175012,205222600.0,3783.0,8,3781.0,9
rb1805,20170811,20170810,210341500,3782.0,5442,175012,205222600.0,3783.0,5,3782.0,2
rb1805,20170811,20170810,210342000,3783.0,5452,175020,205600900.0,3784.0,10,3782.0,5
rb1805,20170811,20170810,210342500,3783.0,5452,175020,205600900.0,3783.0,1,3782.0,5
rb1805,20170811,20170810,210343000,3783.0,5454,175020,205676560.0,3784.0,13,3782.0,5
rb1805,20170811,20170810,210343500,3783.0,5454,175020,205676560.0,3784.0,18,3782.0,7
rb1805,20170811,20170810,210344000,3783.0,5454,175020,205676560.0,3784.0,16,3782.0,7
rb1805,20170811,20170810,210344500,3783.0,5454,175020,205676560.0,3784.0,16,3783.0,2
rb1805,20170811,20170810,210345000,3783.0,5454,175020,205676560.0,3784.0,18,3783.0,2
rb1805,20170811,20170810,210345500,3783.0,5454,175020,205676560.0,3784.0,16,3783.0,2
rb1805,20170811,20170810,210346000,3783.0,5454,175020,205676560.0,3784.0,16,3783.0,3
rb1805,20170811,20170810,210346500,3783.0,5454,175020,205676560.0,3784.0,13,3783.0,3
rb1805,20170811,20170810,210347000,3783.0,5470,175020,206281840.0,3783.0,2,3782.0,8
rb1805,20170811,20170810,210347500,3783.0,5478,175020,206584480.0,3784.0,10,3783.0,1
rb1805,20170811,20170810,210348000,3783.0,5478,175020,206584480.0,3783.0,2,3782.0,11
rb1805,20170811,20170810,210348500,3783.0,5482,175024,206735800.0,3784.0,16,3783.0,6
rb1805,20170811,20170810,210349000,3783.0,5482,175024,206735800.0,3784.0,13,3783.0,18
rb1805,20170811,20170810,210349500,3783.0,5482,175024,206735800.0,3784.0,13,3783.0,19
rb1805,20170811,20170810,210350000,3783.0,5482,175024,206735800.0,3784.0,13,3783.0,18
rb1805,20170811,20170810,210350500,3784.0,5486,175024,206887160.0,3784.0,18,3783.0,18
rb1805,20170811,20170810,210351000,3784.0,5486,175024,206887160.0,3784.0,20,3783.0,18
rb1805,20170811,20170810,210351500,3784.0,5486,175024,206887160.0,3784.0,18,3783.0,19
rb1805,20170811,20170810,210352000,3784.0,5486,175024,206887160.0,3784.0,18,3783.0,19
rb1805,20170811,20170810,210352500,3784.0,5486,175024,206887160.0,3784.0,11,3783.0,19
rb1805,20170811,20170810,210353000,3784.0,5492,175030,207114200.0,3784.0,8,3783.0,22
rb1805,20170811,20170810,210353500,3784.0,5494,175032,207189880.0,3784.0,8,3783.0,22
rb1805,20170811,20170810,210354000,3784.0,5494,175032,207189880.0,3784.0,8,3783.0,24
rb1805,20170811,20170810,210354500,3784.0,5510,175028,207795320.0,3785.0,10,3784.0,1
rb1805,20170811,20170810,210355000,3784.0,5510,175028,207795320.0,3785.0,7,3784.0,2
rb1805,20170811,20170810,210355500,3784.0,5510,175028,207795320.0,3785.0,7,3784.0,4
rb1805,20170811,20170810,210356000,3784.0,5510,175028,207795320.0,3785.0,7,3784.0,4
rb1805,20170811,20170810,210356500,3785.0,5512,175028,207871020.0,3785.0,13,3784.0,4
rb1805,20170811,20170810,210357000,3784.0,5520,175030,208173740.0,3784.0,2,3783.0,27
rb1805,20170811,20170810,210357500,3784.0,5522,175030,208249420.0,3784.0,8,3783.0,22
rb1805,20170811,20170810,210358500,3784.0,5524,175030,208325100.0,3784.0,7,3783.0,22
rb1805,20170811,20170810,210359000,3784.0,5526,175030,208400780.0,3785.0,17,3783.0,24
rb1805,20170811,20170810,210359500,3784.0,5526,175030,208400780.0,3785.0,14,3783.0,29
rb1805,20170811,20170810,210400000,3784.0,5526,175030,208400780.0,3785.0,14,3783.0,33
rb1805,20170811,20170810,210400500,3783.0,5566,175036,209913980.0,3784.0,45,3783.0,28
rb1805,20170811,20170810,210401000,3784.0,5662,175036,213546620.0,3785.0,14,3784.0,153
rb1805,20170811,20170810,210401500,3784.0,5672,175026,213925020.0,3785.0,7,3784.0,155
rb1805,20170811,20170810,210402000,3784.0,5672,175026,213925020.0,3785.0,7,3784.0,151
rb1805,20170811,20170810,210402500,3784.0,5688,175026,214530460.0,3785.0,7,3784.0,153
rb1805,20170811,20170810,210403000,3785.0,5692,175030,214681860.0,3785.0,5,3784.0,156
rb1805,20170811,20170810,210403500,3785.0,5702,175032,215060360.0,3786.0,2,3785.0,8
rb1805,20170811,20170810,210404000,3786.0,5706,175030,215211800.0,3787.0,3,3786.0,14
rb1805,20170811,20170810,210404500,3786.0,5706,175030,215211800.0,3787.0,5,3786.0,15
rb1805,20170811,20170810,210405000,3787.0,5712,175026,215439020.0,3788.0,11,3787.0,11
rb1805,20170811,20170810,210405500,3784.0,5900,175074,222556340.0,3789.0,19,3784.0,124
rb1805,20170811,20170810,210406000,3784.0,5900,175074,222556340.0,3789.0,28,3785.0,7
rb1805,20170811,20170810,210406500,3784.0,5900,175074,222556340.0,3788.0,3,3787.0,1
rb1805,20170811,20170810,210407000,3788.0,5908,175080,222859380.0,3788.0,3,3787.0,1
rb1805,20170811,20170810,210407500,3788.0,6070,175088,228989740.0,3788.0,2,3784.0,54
rb1805,20170811,20170810,210408000,3786.0,6074,175088,229141160.0,3786.0,2,3785.0,3
rb1805,20170811,20170810,210408500,3786.0,6076,175088,229216880.0,3788.0,10,3786.0,4
rb1805,20170811,20170810,210409000,3788.0,6078,175086,229292640.0,3788.0,11,3786.0,2
rb1805,20170811,20170810,210409500,3788.0,6078,175086,229292640.0,3788.0,8,3787.0,2
rb1805,20170811,20170810,210410000,3788.0,6078,175086,229292640.0,3788.0,1,3787.0,2
rb1805,20170811,20170810,210410500,3788.0,6078,175086,229292640.0,3788.0,8,3787.0,4
rb1805,20170811,20170810,210411000,3788.0,6096,175088,229974480.0,3788.0,1,3787.0,7
rb1805,20170811,20170810,210411500,3788.0,6098,175088,230050240.0,3789.0,29,3788.0,3
rb1805,20170811,20170810,210412000,3788.0,6120,175088,230883460.0,3788.0,2,3786.0,9
rb1805,20170811,20170810,210412500,3787.0,6122,175088,230959200.0,3789.0,29,3787.0,3
rb1805,20170811,20170810,210413000,3787.0,6122,175088,230959200.0,3789.0,29,3788.0,1
rb1805,20170811,20170810,210413500,3787.0,6122,175088,230959200.0,3789.0,24,3788.0,1
rb1805,20170811,20170810,210414000,3788.0,6124,175088,231034960.0,3789.0,22,3788.0,2
rb1805,20170811,20170810,210414500,3789.0,6164,175088,232550560.0,3790.0,17,3789.0,14
rb1805,20170811,20170810,210415000,3789.0,6174,175078,232929460.0,3790.0,19,3789.0,10
rb1805,20170811,20170810,210415500,3789.0,6176,175078,233005240.0,3790.0,23,3789.0,1
rb1805,20170811,20170810,210416000,3789.0,6176,175078,233005240.0,3790.0,22,3789.0,1
rb1805,20170811,20170810,210416500,3790.0,6178,175078,233081040.0,3790.0,20,3789.0,1
rb1805,20170811,20170810,210417000,3790.0,6178,175078,233081040.0,3790.0,21,3789.0,8
rb1805,20170811,20170810,210417500,3790.0,6178,175078,233081040.0,3790.0,18,3789.0,8
rb1805,20170811,20170810,210418000,3790.0,6180,175078,233156840.0,3790.0,17,3789.0,10
rb1805,20170811,20170810,210418500,3790.0,6200,175058,233914840.0,3790.0,8,3789.0,10
rb1805,20170811,20170810,210419000,3790.0,6200,175058,233914840.0,3790.0,8,3789.0,8
rb1805,20170811,20170810,210419500,3790.0,6216,175064,234521240.0,3791.0,7,3790.0,2
rb1805,20170811,20170810,210420000,3788.0,6242,175080,235506360.0,3789.0,33,3788.0,22
rb1805,20170811,20170810,210420500,3788.0,6370,175184,240355820.0,3788.0,49,3787.0,7
rb1805,20170811,20170810,210421000,3789.0,6478,175274,244446960.0,3789.0,35,3788.0,13
rb1805,20170811,20170810,210421500,3789.0,6500,175290,245280540.0,3789.0,24,3788.0,14
rb1805,20170811,20170810,210422000,3789.0,6504,175294,245432100.0,3789.0,22,3788.0,14
rb1805,20170811,20170810,210422500,3789.0,6548,175334,247099260.0,3790.0,1,3789.0,1
rb1805,20170811,20170810,210423000,3790.0,6550,175332,247175060.0,3791.0,10,3789.0,2
rb1805,20170811,20170810,210423500,3788.0,6590,175372,248690600.0,3791.0,9,3788.0,30
rb1805,20170811,20170810,210424000,3788.0,6590,175372,248690600.0,3791.0,9,3790.0,5
rb1805,20170811,20170810,210424500,3788.0,6590,175372,248690600.0,3791.0,12,3790.0,5
rb1805,20170811,20170810,210425000,3788.0,6590,175372,248690600.0,3791.0,12,3790.0,5
rb1805,20170811,20170810,210425500,3791.0,6592,175370,248766420.0,3791.0,11,3790.0,5
rb1805,20170811,20170810,210426000,3791.0,6594,175370,248842240.0,3791.0,10,3790.0,5
rb1805,20170811,20170810,210426500,3790.0,6606,175366,249297120.0,3791.0,6,3790.0,3
rb1805,20170811,20170810,210427000,3791.0,6608,175364,249372940.0,3791.0,2,3790.0,3
rb1805,20170811,20170810,210427500,3790.0,6614,175366,249600380.0,3792.0,10,3790.0,2
rb1805,20170811,20170810,210428000,3790.0,6618,175366,249751980.0,3790.0,5,3789.0,16
rb1805,20170811,20170810,210428500,3790.0,6630,175360,250206760.0,3792.0,23,3790.0,4
rb1805,20170811,20170810,210429000,3791.0,6634,175358,250358400.0,3792.0,21,3791.0,6
rb1805,20170811,20170810,210429500,3789.0,6686,175378,252328920.0,3790.0,1,3788.0,30
rb1805,20170811,20170810,210430000,3791.0,6690,175374,252480540.0,3791.0,10,3790.0,2
rb1805,20170811,20170810,210430500,3791.0,6690,175374,252480540.0,3791.0,10,3790.0,6
rb1805,20170811,20170810,210431000,3791.0,6690,175374,252480540.0,3791.0,5,3790.0,5
rb1805,20170811,20170810,210431500,3791.0,6702,175364,252935460.0,3792.0,24,3790.0,16
rb1805,20170811,20170810,210432000,3791.0,6702,175364,252935460.0,3792.0,25,3790.0,9
rb1805,20170811,20170810,210432500,3791.0,6702,175364,252935460.0,3792.0,22,3790.0,18
rb1805,20170811,20170810,210433000,3791.0,6702,175364,252935460.0,3792.0,23,3790.0,18
rb1805,20170811,20170810,210433500,3791.0,6702,175364,252935460.0,3792.0,34,3790.0,11
rb1805,20170811,20170810,210434000,3791.0,6702,175364,252935460.0,3791.0,1,3790.0,17
rb1805,20170811,20170810,210434500,3791.0,6704,175362,253011280.0,3792.0,34,3791.0,1
rb1805,20170811,20170810,210435000,3790.0,6714,175360,253390280.0,3792.0,34,3790.0,15
rb1805,20170811,20170810,210435500,3790.0,6714,175360,253390280.0,3792.0,34,3790.0,16
rb1805,20170811,20170810,210436000,3792.0,6724,175360,253769480.0,3792.0,29,3791.0,5
rb1805,20170811,20170810,210436500,3791.0,6726,175360,253845300.0,3792.0,29,3791.0,4
rb1805,20170811,20170810,210437000,3790.0,6738,175356,254300200.0,3791.0,5,3790.0,8
rb1805,20170811,20170810,210437500,3790.0,6738,175356,254300200.0,3792.0,32,3790.0,10
rb1805,20170811,20170810,210438000,3792.0,6760,175354,255134240.0,3792.0,41,3790.0,10
rb1805,20170811,20170810,210438500,3792.0,6760,175354,255134240.0,3792.0,41,3790.0,8
rb1805,20170811,20170810,210439000,3792.0,6764,175356,255285920.0,3792.0,43,3790.0,9
rb1805,20170811,20170810,210439500,3792.0,6764,175356,255285920.0,3791.0,1,3790.0,7
rb1805,20170811,20170810,210440000,3790.0,6776,175348,255740720.0,3791.0,3,3790.0,1
rb1805,20170811,20170810,210440500,3790.0,6780,175344,255892320.0,3790.0,2,3789.0,6
rb1805,20170811,20170810,210441000,3790.0,6784,175342,256043920.0,3790.0,11,3789.0,3
rb1805,20170811,20170810,210441500,3789.0,6792,175336,256347040.0,3789.0,3,3788.0,21
rb1805,20170811,20170810,210442000,3789.0,6796,175336,256498600.0,3789.0,4,3788.0,23
rb1805,20170811,20170810,210442500,3789.0,6804,175336,256801680.0,3789.0,2,3788.0,19
rb1805,20170811,20170810,210443000,3788.0,6806,175338,256877440.0,3790.0,19,3788.0,21
rb1805,20170811,20170810,210443500,3788.0,6806,175338,256877440.0,3790.0,11,3788.0,20
rb1805,20170811,20170810,210444000,3788.0,6806,175338,256877440.0,3790.0,12,3788.0,20
rb1805,20170811,20170810,210444500,3788.0,6806,175338,256877440.0,3790.0,11,3788.0,20
rb1805,20170811,20170810,210445000,3788.0,6806,175338,256877440.0,3790.0,11,3788.0,18
rb1805,20170811,20170810,210445500,3788.0,6806,175338,256877440.0,3790.0,22,3788.0,20
rb1805,20170811,20170810,210446000,3788.0,6816,175348,257256240.0,3790.0,21,3788.0,18
rb1805,20170811,20170810,210446500,3788.0,6820,175352,257407760.0,3790.0,21,3788.0,16
rb1805,20170811,20170810,210447000,3790.0,6830,175362,257786760.0,3790.0,16,3789.0,4
rb1805,20170811,20170810,210447500,3790.0,6830,175362,257786760.0,3790.0,16,3789.0,6
rb1805,20170811,20170810,210448000,3790.0,6830,175362,257786760.0,3790.0,19,3789.0,4
rb1805,20170811,20170810,210448500,3789.0,6842,175364,258241440.0,3789.0,4,3788.0,13
rb1805,20170811,20170810,210449000,3788.0,6868,175364,259226320.0,3789.0,8,3787.0,6
rb1805,20170811,20170810,210449500,3788.0,6870,175362,259302080.0,3788.0,3,3787.0,1
rb1805,20170811,20170810,210450000,3788.0,6878,175356,259605120.0,3788.0,3,3787.0,4
rb1805,20170811,20170810,210450500,3788.0,6882,175352,259756640.0,3788.0,1,3787.0,4
rb1805,20170811,20170810,210451000,3788.0,6886,175350,259908160.0,3789.0,10,3788.0,2
rb1805,20170811,20170810,210451500,3789.0,6890,175352,260059700.0,3789.0,2,3788.0,14
rb1805,20170811,20170810,210452000,3788.0,6918,175380,261120340.0,3789.0,7,3787.0,4
rb1805,20170811,20170810,210452500,3789.0,6920,175378,261196120.0,3789.0,3,3787.0,7
rb1805,20170811,20170810,210453000,3787.0,6922,175380,261271860.0,3789.0,3,3787.0,6
rb1805,20170811,20170810,210453500,3788.0,6930,175378,261574880.0,3789.0,3,3787.0,5
rb1805,20170811,20170810,210454000,3789.0,6932,175378,261650660.0,3788.0,1,3787.0,11
rb1805,20170811,20170810,210454500,3788.0,6934,175380,261726420.0,3789.0,2,3788.0,5
rb1805,20170811,20170810,210455000,3788.0,6946,175370,262180980.0,3789.0,8,3787.0,2
rb1805,20170811,20170810,210455500,3788.0,6946,175370,262180980.0,3789.0,15,3787.0,2
rb1805,20170811,20170810,210456000,3788.0,6946,175370,262180980.0,3789.0,16,3786.0,4
rb1805,20170811,20170810,210456500,3788.0,6946,175370,262180980.0,3788.0,3,3786.0,7
rb1805,20170811,20170810,210457000,3786.0,6948,175372,262256700.0,3787.0,4,3786.0,12
rb1805,20170811,20170810,210457500,3787.0,6952,175374,262408180.0,3788.0,3,3786.0,12
rb1805,20170811,20170810,210458000,3786.0,6960,175378,262711080.0,3788.0,2,3786.0,9
rb1805,20170811,20170810,210458500,3786.0,6960,175378,262711080.0,3788.0,2,3787.0,1
rb1805,20170811,20170810,210459000,3788.0,6970,175382,263089880.0,3788.0,1,3787.0,7
rb1805,20170811,20170810,210459500,3788.0,6970,175382,263089880.0,3788.0,1,3787.0,3
rb1805,20170811,20170810,210500000,3788.0,6976,175386,263317160.0,3789.0,14,3788.0,5
rb1805,20170811,20170810,210500500,3787.0,6992,175384,263923180.0,3788.0,12,3785.0,11
rb1805,20170811,20170810,210501000,3787.0,6992,175384,263923180.0,3788.0,14,3786.0,4
rb1805,20170811,20170810,210501500,3788.0,7006,175396,264453500.0,3788.0,7,3786.0,10
rb1805,20170811,20170810,210502000,3786.0,7008,175398,264529220.0,3788.0,7,3786.0,9
rb1805,20170811,20170810,210503000,3786.0,7008,175398,264529220.0,3788.0,7,3786.0,9
rb1805,20170811,20170810,210503500,3786.0,7008,175398,264529220.0,3788.0,7,3787.0,2
rb1805,20170811,20170810,210504000,3787.0,7024,175394,265135140.0,3787.0,1,3786.0,5
rb1805,20170811,20170810,210504500,3787.0,7028,175396,265286620.0,3788.0,4,3787.0,10
rb1805,20170811,20170810,210505000,3787.0,7030,175396,265362360.0,3788.0,4,3787.0,7
rb1805,20170811,20170810,210505500,3787.0,7044,175398,265892540.0,3787.0,2,3786.0,5
rb1805,20170811,20170810,210506000,3787.0,7044,175398,265892540.0,3787.0,4,3786.0,5
rb1805,20170811,20170810,210506500,3786.0,7054,175398,266271260.0,3788.0,4,3786.0,4
rb1805,20170811,20170810,210507000,3786.0,7054,175398,266271260.0,3788.0,4,3786.0,4
rb1805,20170811,20170810,210507500,3786.0,7054,175398,266271260.0,3788.0,15,3786.0,6
rb1805,20170811,20170810,210508000,3786.0,7054,175398,266271260.0,3788.0,18,3786.0,4
rb1805,20170811,20170810,210508500,3786.0,7062,175398,266574140.0,3786.0,4,3785.0,12
rb1805,20170811,20170810,210509000,3786.0,7062,175398,266574140.0,3786.0,1,3785.0,12
rb1805,20170811,20170810,210509500,3785.0,7064,175400,266649840.0,3786.0,7,3785.0,11
rb1805,20170811,20170810,210510000,3785.0,7064,175400,266649840.0,3786.0,7,3785.0,11
rb1805,20170811,20170810,210510500,3786.0,7068,175398,266801280.0,3786.0,4,3785.0,11
rb1805,20170811,20170810,210511000,3785.0,7078,175396,267179860.0,3787.0,5,3785.0,10
rb1805,20170811,20170810,210511500,3785.0,7078,175396,267179860.0,3787.0,6,3786.0,1
rb1805,20170811,20170810,210512000,3785.0,7092,175396,267709780.0,3786.0,1,3785.0,4
rb1805,20170811,20170810,210512500,3787.0,7096,175398,267861240.0,3787.0,8,3785.0,4
rb1805,20170811,20170810,210513000,3787.0,7096,175398,267861240.0,3787.0,8,3785.0,3
rb1805,20170811,20170810,210513500,3785.0,7100,175400,268012680.0,3787.0,9,3786.0,1
rb1805,20170811,20170810,210514000,3786.0,7102,175400,268088400.0,3786.0,3,3785.0,3
rb1805,20170811,20170810,210514500,3785.0,7108,175400,268315500.0,3786.0,10,3784.0,45
rb1805,20170811,20170810,210515000,3785.0,7108,175400,268315500.0,3786.0,9,3784.0,45
rb1805,20170811,20170810,210515500,3785.0,7108,175400,268315500.0,3786.0,12,3784.0,45
rb1805,20170811,20170810,210516000,3784.0,7116,175392,268618220.0,3785.0,1,3784.0,41
rb1805,20170811,20170810,210516500,3784.0,7116,175392,268618220.0,3785.0,1,3784.0,42
rb1805,20170811,20170810,210517000,3784.0,7116,175392,268618220.0,3785.0,1,3784.0,42
rb1805,20170811,20170810,210518000,3784.0,7116,175392,268618220.0,3785.0,1,3784.0,42
rb1805,20170811,20170810,210518500,3784.0,7122,175390,268845320.0,3786.0,16,3784.0,41
rb1805,20170811,20170810,210519000,3784.0,7124,175388,268921000.0,3786.0,12,3784.0,40
rb1805,20170811,20170810,210519500,3784.0,7204,175410,271948200.0,3784.0,42,3783.0,6
rb1805,20170811,20170810,210520000,3784.0,7206,175410,272023880.0,3784.0,41,3783.0,9
rb1805,20170811,20170810,210520500,3784.0,7212,175412,272250920.0,3784.0,38,3783.0,8
rb1805,20170811,20170810,210521000,3784.0,7212,175412,272250920.0,3784.0,38,3783.0,8
rb1805,20170811,20170810,210521500,3784.0,7226,175412,272780680.0,3784.0,31,3783.0,11
rb1805,20170811,20170810,210522000,3784.0,7226,175412,272780680.0,3784.0,31,3783.0,11
rb1805,20170811,20170810,210522500,3784.0,7226,175412,272780680.0,3784.0,31,3783.0,11
rb1805,20170811,20170810,210523000,3784.0,7226,175412,272780680.0,3784.0,31,3783.0,11
rb1805,20170811,20170810,210523500,3784.0,7226,175412,272780680.0,3784.0,34,3783.0,11
rb1805,20170811,20170810,210524000,3783.0,7246,175420,273537280.0,3784.0,31,3783.0,1
rb1805,20170811,20170810,210524500,3783.0,7252,175424,273764260.0,3783.0,1,3782.0,8
rb1805,20170811,20170810,210525000,3783.0,7252,175424,273764260.0,3783.0,3,3782.0,8
rb1805,20170811,20170810,210525500,3783.0,7254,175426,273839920.0,3783.0,2,3782.0,8
rb1805,20170811,20170810,210526000,3783.0,7256,175426,273915580.0,3783.0,4,3782.0,5
rb1805,20170811,20170810,210526500,3783.0,7256,175426,273915580.0,3783.0,4,3782.0,6
rb1805,20170811,20170810,210527000,3783.0,7256,175426,273915580.0,3783.0,7,3782.0,6
rb1805,20170811,20170810,210527500,3783.0,7260,175430,274066900.0,3783.0,5,3782.0,6
rb1805,20170811,20170810,210528000,3783.0,7262,175430,274142560.0,3783.0,4,3782.0,6
rb1805,20170811,20170810,210528500,3783.0,7264,175430,274218220.0,3783.0,3,3782.0,6
rb1805,20170811,20170810,210529000,3783.0,7264,175430,274218220.0,3783.0,2,3782.0,6
rb1805,20170811,20170810,210529500,3783.0,7264,175430,274218220.0,3783.0,2,3782.0,6
rb1805,20170811,20170810,210530000,3783.0,7264,175430,274218220.0,3783.0,2,3782.0,6
rb1805,20170811,20170810,210530500,3783.0,7264,175430,274218220.0,3783.0,2,3782.0,6
rb1805,20170811,20170810,210531000,3783.0,7264,175430,274218220.0,3783.0,2,3782.0,6
rb1805,20170811,20170810,210531500,3781.0,7330,175476,276714120.0,3782.0,3,3781.0,8
rb1805,20170811,20170810,210532000,3782.0,7336,175480,276941080.0,3784.0,2,3782.0,2
rb1805,20170811,20170810,210532500,3782.0,7336,175480,276941080.0,3784.0,3,3782.0,2
rb1805,20170811,20170810,210533000,3782.0,7336,175480,276941080.0,3784.0,6,3781.0,8
rb1805,20170811,20170810,210533500,3782.0,7336,175480,276941080.0,3784.0,14,3781.0,8
rb1805,20170811,20170810,210534000,3782.0,7336,175480,276941080.0,3783.0,4,3782.0,1
rb1805,20170811,20170810,210534500,3782.0,7338,175480,277016720.0,3783.0,4,3781.0,2
rb1805,20170811,20170810,210535000,3782.0,7338,175480,277016720.0,3783.0,4,3781.0,2
rb1805,20170811,20170810,210535500,3781.0,7340,175482,277092340.0,3783.0,4,3782.0,1
rb1805,20170811,20170810,210536000,3782.0,7342,175484,277167980.0,3782.0,2,3781.0,7
rb1805,20170811,20170810,210536500,3782.0,7344,175484,277243620.0,3783.0,5,3781.0,7
rb1805,20170811,20170810,210537000,3782.0,7344,175484,277243620.0,3783.0,15,3782.0,2
rb1805,20170811,20170810,210537500,3782.0,7348,175488,277394900.0,3782.0,3,3781.0,2
rb1805,20170811,20170810,210538000,3782.0,7350,175488,277470540.0,3782.0,1,3781.0,2
rb1805,20170811,20170810,210538500,3782.0,7352,175488,277546180.0,3782.0,1,3781.0,2
rb1805,20170811,20170810,210539000,3782.0,7352,175488,277546180.0,3782.0,8,3781.0,2
rb1805,20170811,20170810,210539500,3781.0,7356,175490,277697420.0,3782.0,12,3780.0,19
rb1805,20170811,20170810,210540000,3781.0,7356,175490,277697420.0,3782.0,8,3780.0,19
rb1805,20170811,20170810,210540500,3782.0,7368,175488,278151260.0,3782.0,2,3780.0,19
rb1805,20170811,20170810,210541000,3782.0,7368,175488,278151260.0,3782.0,3,3781.0,2
rb1805,20170811,20170810,210541500,3780.0,7374,175492,278378100.0,3781.0,6,3780.0,18
rb1805,20170811,20170810,210542000,3781.0,7376,175492,278453720.0,3781.0,7,3780.0,18
rb1805,20170811,20170810,210542500,3781.0,7380,175494,278604960.0,3781.0,15,3780.0,12
rb1805,20170811,20170810,210543000,3780.0,7386,175494,278831760.0,3781.0,15,3780.0,6
rb1805,20170811,20170810,210543500,3780.0,7400,175506,279360960.0,3780.0,6,3779.0,11
rb1805,20170811,20170810,210544000,3779.0,7402,175506,279436540.0,3780.0,3,3779.0,10
rb1805,20170811,20170810,210544500,3779.0,7420,175520,280116760.0,3780.0,6,3778.0,18
rb1805,20170811,20170810,210545000,3780.0,7426,175526,280343560.0,3779.0,19,3778.0,15
rb1805,20170811,20170810,210545500,3779.0,7458,175530,281552840.0,3779.0,3,3778.0,15
rb1805,20170811,20170810,210546000,3779.0,7460,175530,281628420.0,3779.0,2,3778.0,15
rb1805,20170811,20170810,210546500,3779.0,7464,175530,281779580.0,3780.0,5,3778.0,15
rb1805,20170811,20170810,210547000,3779.0,7464,175530,281779580.0,3779.0,1,3778.0,15
rb1805,20170811,20170810,210547500,3778.0,7486,175526,282610760.0,3780.0,4,3778.0,13
rb1805,20170811,20170810,210548000,3778.0,7486,175526,282610760.0,3780.0,11,3779.0,1
rb1805,20170811,20170810,210548500,3779.0,7492,175532,282837480.0,3779.0,8,3778.0,5
rb1805,20170811,20170810,210549000,3778.0,7498,175534,283064180.0,3779.0,7,3778.0,3
rb1805,20170811,20170810,210549500,3778.0,7506,175540,283366420.0,3778.0,76,3777.0,37
rb1805,20170811,20170810,210550000,3778.0,7658,175692,289108980.0,3779.0,6,3777.0,36
rb1805,20170811,20170810,210550500,3778.0,7660,175692,289184540.0,3778.0,40,3777.0,36
rb1805,20170811,20170810,210551000,3778.0,7674,175706,289713460.0,3778.0,34,3777.0,36
rb1805,20170811,20170810,210551500,3778.0,7674,175706,289713460.0,3778.0,34,3777.0,36
rb1805,20170811,20170810,210552000,3778.0,7680,175708,289940120.0,3778.0,32,3777.0,28
rb1805,20170811,20170810,210552500,3777.0,7686,175710,290166740.0,3778.0,35,3777.0,25
rb1805,20170811,20170810,210553000,3777.0,7694,175710,290468920.0,3778.0,41,3777.0,22
rb1805,20170811,20170810,210553500,3777.0,7694,175710,290468920.0,3778.0,41,3777.0,22
rb1805,20170811,20170810,210554000,3777.0,7706,175710,290922160.0,3778.0,41,3777.0,21
rb1805,20170811,20170810,210554500,3778.0,7722,175710,291526600.0,3778.0,35,3777.0,19
rb1805,20170811,20170810,210555000,3777.0,7760,175726,292961860.0,3777.0,9,3776.0,5
rb1805,20170811,20170810,210555500,3777.0,7764,175728,293112920.0,3777.0,15,3776.0,4
rb1805,20170811,20170810,210556000,3777.0,7770,175728,293339540.0,3777.0,12,3776.0,4
rb1805,20170811,20170810,210556500,3776.0,7780,175728,293717140.0,3777.0,13,3775.0,21
rb1805,20170811,20170810,210557000,3776.0,7780,175728,293717140.0,3777.0,2,3776.0,2
rb1805,20170811,20170810,210557500,3777.0,7784,175732,293868220.0,3778.0,34,3777.0,4
rb1805,20170811,20170810,210558000,3777.0,7792,175734,294170380.0,3777.0,41,3776.0,2
rb1805,20170811,20170810,210558500,3777.0,7874,175814,297267520.0,3778.0,28,3777.0,8
rb1805,20170811,20170810,210559000,3777.0,7874,175814,297267520.0,3778.0,28,3777.0,17
rb1805,20170811,20170810,210559500,3778.0,7880,175820,297494200.0,3778.0,22,3777.0,127
rb1805,20170811,20170810,210600000,3778.0,7924,175836,299156520.0,3779.0,6,3778.0,19
rb1805,20170811,20170810,210600500,3777.0,7988,175870,301574020.0,3778.0,3,3777.0,109
rb1805,20170811,20170810,210601000,3777.0,8002,175876,302102860.0,3780.0,12,3777.0,107
rb1805,20170811,20170810,210601500,3777.0,8008,175876,302329480.0,3780.0,12,3777.0,111
rb1805,20170811,20170810,210602000,3777.0,8008,175876,302329480.0,3780.0,12,3777.0,111
rb1805,20170811,20170810,210602500,3777.0,8012,175876,302480580.0,3780.0,13,3777.0,111
rb1805,20170811,20170810,210603000,3777.0,8012,175876,302480580.0,3780.0,13,3778.0,2
rb1805,20170811,20170810,210603500,3777.0,8012,175876,302480580.0,3780.0,16,3778.0,2
rb1805,20170811,20170810,210604000,3777.0,8016,175880,302631660.0,3780.0,16,3778.0,5
rb1805,20170811,20170810,210604500,3777.0,8016,175880,302631660.0,3780.0,16,3778.0,5
rb1805,20170811,20170810,210605000,3780.0,8020,175880,302782860.0,3780.0,7,3778.0,5
rb1805,20170811,20170810,210605500,3780.0,8020,175880,302782860.0,3780.0,7,3778.0,5
rb1805,20170811,20170810,210606000,3778.0,8032,175890,303236220.0,3778.0,1,3777.0,105
rb1805,20170811,20170810,210606500,3778.0,8034,175892,303311780.0,3780.0,13,3778.0,1
rb1805,20170811,20170810,210607000,3778.0,8036,175894,303387340.0,3779.0,7,3778.0,1
rb1805,20170811,20170810,210607500,3778.0,8038,175896,303462900.0,3778.0,6,3777.0,106
rb1805,20170811,20170810,210608000,3778.0,8046,175896,303765140.0,3779.0,7,3777.0,106
rb1805,20170811,20170810,210608500,3778.0,8046,175896,303765140.0,3779.0,7,3777.0,107
rb1805,20170811,20170810,210609000,3778.0,8046,175896,303765140.0,3779.0,4,3777.0,107
rb1805,20170811,20170810,210609500,3778.0,8046,175896,303765140.0,3779.0,14,3777.0,107
rb1805,20170811,20170810,210610000,3779.0,8060,175898,304294200.0,3780.0,13,3779.0,14
rb1805,20170811,20170810,210610500,3779.0,8106,175944,306032540.0,3780.0,9,3779.0,1
rb1805,20170811,20170810,210611000,3779.0,8168,175996,308375520.0,3780.0,9,3779.0,1
rb1805,20170811,20170810,210611500,3779.0,8170,175994,308451100.0,3779.0,1,3778.0,7
rb1805,20170811,20170810,210612000,3779.0,8172,175992,308526680.0,3780.0,9,3778.0,3
rb1805,20170811,20170810,210612500,3780.0,8190,175998,309207080.0,3781.0,14,3780.0,11
rb1805,20170811,20170810,210613000,3780.0,8212,176002,310038680.0,3780.0,5,3779.0,4
rb1805,20170811,20170810,210613500,3780.0,8222,176004,310416680.0,3781.0,8,3779.0,4
rb1805,20170811,20170810,210614000,3780.0,8222,176004,310416680.0,3781.0,3,3780.0,1
rb1805,20170811,20170810,210614500,3780.0,8222,176004,310416680.0,3781.0,3,3780.0,1
rb1805,20170811,20170810,210615000,3780.0,8222,176004,310416680.0,3781.0,3,3780.0,1
rb1805,20170811,20170810,210615500,3780.0,8222,176004,310416680.0,3781.0,3,3780.0,6
rb1805,20170811,20170810,210616000,3780.0,8222,176004,310416680.0,3781.0,3,3780.0,7
rb1805,20170811,20170810,210616500,3780.0,8222,176004,310416680.0,3781.0,3,3780.0,7
rb1805,20170811,20170810,210617000,3780.0,8222,176004,310416680.0,3781.0,3,3780.0,7
rb1805,20170811,20170810,210617500,3780.0,8236,176004,310945880.0,3780.0,251,3779.0,5
rb1805,20170811,20170810,210618000,3780.0,8320,176002,314121080.0,3780.0,209,3779.0,2
rb1805,20170811,20170810,210618500,3779.0,8324,176002,314272240.0,3780.0,216,3778.0,6
rb1805,20170811,20170810,210619000,3779.0,8324,176002,314272240.0,3780.0,216,3778.0,6
rb1805,20170811,20170810,210619500,3780.0,8326,176002,314347840.0,3780.0,215,3778.0,7
rb1805,20170811,20170810,210620000,3780.0,8326,176002,314347840.0,3780.0,215,3778.0,10
rb1805,20170811,20170810,210620500,3780.0,8424,176000,318052240.0,3780.0,159,3778.0,7
rb1805,20170811,20170810,210621000,3780.0,8424,176000,318052240.0,3780.0,159,3779.0,5
rb1805,20170811,20170810,210621500,3780.0,8426,176000,318127840.0,3780.0,158,3779.0,6
rb1805,20170811,20170810,210622000,3780.0,8428,176000,318203440.0,3780.0,157,3779.0,6
rb1805,20170811,20170810,210622500,3780.0,8428,176000,318203440.0,3780.0,157,3779.0,6
rb1805,20170811,20170810,210623000,3780.0,8434,176000,318430240.0,3780.0,154,3779.0,6
rb1805,20170811,20170810,210623500,3780.0,8436,176000,318505840.0,3780.0,153,3779.0,6
rb1805,20170811,20170810,210624000,3780.0,8478,176000,320093440.0,3780.0,132,3779.0,6
rb1805,20170811,20170810,210624500,3780.0,8478,176000,320093440.0,3780.0,132,3779.0,6
rb1805,20170811,20170810,210625000,3780.0,8478,176000,320093440.0,3780.0,132,3779.0,6
rb1805,20170811,20170810,210625500,3780.0,8478,176000,320093440.0,3780.0,132,3779.0,6
rb1805,20170811,20170810,210626000,3779.0,8482,176000,320244600.0,3780.0,132,3779.0,4
rb1805,20170811,20170810,210626500,3779.0,8494,176004,320698120.0,3779.0,76,3778.0,5
rb1805,20170811,20170810,210627000,3779.0,8572,176066,323645740.0,3779.0,41,3778.0,5
rb1805,20170811,20170810,210627500,3779.0,8572,176066,323645740.0,3779.0,41,3778.0,4
rb1805,20170811,20170810,210628000,3779.0,8572,176066,323645740.0,3779.0,41,3778.0,4
rb1805,20170811,20170810,210628500,3778.0,8576,176064,323796860.0,3779.0,41,3778.0,2
rb1805,20170811,20170810,210629000,3779.0,8684,176048,327877920.0,3780.0,132,3779.0,50
rb1805,20170811,20170810,210629500,3779.0,8738,176038,329918580.0,3780.0,132,3779.0,23
rb1805,20170811,20170810,210630000,3779.0,8740,176036,329994160.0,3780.0,133,3779.0,22
rb1805,20170811,20170810,210630500,3779.0,8762,176014,330825540.0,3780.0,133,3779.0,11
rb1805,20170811,20170810,210631000,3779.0,8764,176014,330901120.0,3780.0,133,3779.0,10
rb1805,20170811,20170810,210631500,3779.0,8784,175994,331656920.0,3779.0,11,3777.0,12
rb1805,20170811,20170810,210632000,3779.0,8784,175994,331656920.0,3779.0,11,3778.0,1
rb1805,20170811,20170810,210632500,3779.0,8784,175994,331656920.0,3779.0,11,3778.0,1
rb1805,20170811,20170810,210633000,3778.0,8786,175994,331732480.0,3778.0,9,3777.0,8
rb1805,20170811,20170810,210633500,3778.0,8804,175998,332412520.0,3779.0,11,3778.0,1
rb1805,20170811,20170810,210634000,3778.0,8804,175998,332412520.0,3779.0,16,3778.0,1
rb1805,20170811,20170810,210634500,3778.0,8804,175998,332412520.0,3779.0,17,3778.0,1
rb1805,20170811,20170810,210635000,3778.0,8806,175998,332488080.0,3778.0,39,3777.0,10
rb1805,20170811,20170810,210635500,3778.0,8806,175998,332488080.0,3778.0,39,3777.0,10
rb1805,20170811,20170810,210636000,3778.0,8808,176000,332563640.0,3778.0,39,3777.0,7
rb1805,20170811,20170810,210636500,3778.0,8808,176000,332563640.0,3778.0,38,3777.0,8
rb1805,20170811,20170810,210637000,3778.0,8808,176000,332563640.0,3778.0,38,3777.0,8
rb1805,20170811,20170810,210637500,3778.0,8808,176000,332563640.0,3778.0,38,3777.0,8
rb1805,20170811,20170810,210638000,3778.0,8808,176000,332563640.0,3778.0,39,3777.0,8
rb1805,20170811,20170810,210638500,3777.0,8834,176020,333545760.0,3778.0,41,3776.0,12
rb1805,20170811,20170810,210639000,3777.0,8834,176020,333545760.0,3778.0,41,3776.0,3
rb1805,20170811,20170810,210639500,3777.0,8834,176020,333545760.0,3778.0,33,3776.0,13
rb1805,20170811,20170810,210640000,3776.0,8836,176022,333621280.0,3778.0,33,3776.0,12
rb1805,20170811,20170810,210640500,3776.0,8836,176022,333621280.0,3778.0,33,3777.0,1
rb1805,20170811,20170810,210641000,3777.0,8838,176024,333696820.0,3778.0,33,3776.0,12
rb1805,20170811,20170810,210641500,3777.0,8838,176024,333696820.0,3778.0,33,3776.0,16
rb1805,20170811,20170810,210642000,3777.0,8838,176024,333696820.0,3778.0,33,3776.0,12
rb1805,20170811,20170810,210642500,3777.0,8838,176024,333696820.0,3778.0,33,3776.0,12
rb1805,20170811,20170810,210643000,3777.0,8842,176024,333847900.0,3777.0,1,3776.0,2
rb1805,20170811,20170810,210643500,3777.0,8844,176022,333923440.0,3778.0,41,3776.0,5
rb1805,20170811,20170810,210644000,3777.0,8844,176022,333923440.0,3778.0,41,3776.0,2
rb1805,20170811,20170810,210644500,3777.0,8844,176022,333923440.0,3778.0,42,3776.0,2
rb1805,20170811,20170810,210645000,3778.0,8854,176032,334301240.0,3778.0,37,3776.0,2
rb1805,20170811,20170810,210645500,3778.0,8854,176032,334301240.0,3778.0,37,3776.0,2
rb1805,20170811,20170810,210646000,3776.0,8858,176032,334452280.0,3778.0,37,3775.0,24
rb1805,20170811,20170810,210646500,3776.0,8858,176032,334452280.0,3778.0,37,3776.0,10
rb1805,20170811,20170810,210647000,3776.0,8858,176032,334452280.0,3778.0,37,3776.0,13
rb1805,20170811,20170810,210647500,3776.0,8858,176032,334452280.0,3778.0,37,3776.0,13
rb1805,20170811,20170810,210648000,3776.0,8858,176032,334452280.0,3778.0,37,3776.0,13
rb1805,20170811,20170810,210648500,3776.0,8860,176034,334527800.0,3778.0,37,3776.0,12
rb1805,20170811,20170810,210649000,3776.0,8870,176034,334905400.0,3778.0,37,3776.0,4
rb1805,20170811,20170810,210649500,3778.0,8874,176036,335056480.0,3778.0,36,3776.0,3
rb1805,20170811,20170810,210651000,3776.0,8882,176034,335358560.0,3776.0,126,3775.0,27
rb1805,20170811,20170810,210651500,3776.0,8884,176032,335434080.0,3776.0,125,3775.0,27
rb1805,20170811,20170810,210652000,3776.0,8906,176032,336264800.0,3776.0,114,3775.0,20
rb1805,20170811,20170810,210652500,3776.0,8906,176032,336264800.0,3776.0,114,3775.0,20
rb1805,20170811,20170810,210653000,3776.0,8906,176032,336264800.0,3776.0,114,3775.0,20
rb1805,20170811,20170810,210653500,3776.0,8906,176032,336264800.0,3776.0,114,3775.0,20
rb1805,20170811,20170810,210654000,3776.0,8906,176032,336264800.0,3776.0,114,3775.0,17
rb1805,20170811,20170810,210654500,3776.0,8906,176032,336264800.0,3776.0,114,3775.0,17
rb1805,20170811,20170810,210655000,3776.0,8906,176032,336264800.0,3776.0,114,3775.0,18
rb1805,20170811,20170810,210655500,3776.0,8908,176030,336340320.0,3776.0,113,3775.0,19
rb1805,20170811,20170810,210656000,3776.0,8912,176030,336491360.0,3776.0,111,3775.0,19
rb1805,20170811,20170810,210656500,3776.0,9134,175926,344874080.0,3778.0,36,3776.0,1
rb1805,20170811,20170810,210657000,3776.0,9134,175926,344874080.0,3778.0,36,3775.0,23
rb1805,20170811,20170810,210657500,3776.0,9134,175926,344874080.0,3777.0,8,3776.0,1
rb1805,20170811,20170810,210658000,3775.0,9174,175960,346384100.0,3777.0,8,3775.0,1
rb1805,20170811,20170810,210658500,3775.0,9174,175960,346384100.0,3776.0,1,3775.0,1
rb1805,20170811,20170810,210659000,3776.0,9178,175958,346535120.0,3776.0,5,3774.0,20
rb1805,20170811,20170810,210659500,3776.0,9178,175958,346535120.0,3776.0,5,3774.0,23
rb1805,20170811,20170810,210700000,3776.0,9178,175958,346535120.0,3776.0,5,3775.0,3
rb1805,20170811,20170810,210700500,3776.0,9188,175956,346912720.0,3777.0,3,3776.0,1
rb1805,20170811,20170810,210701000,3776.0,9188,175956,346912720.0,3777.0,3,3775.0,7
rb1805,20170811,20170810,210701500,3776.0,9188,175956,346912720.0,3776.0,1,3775.0,5
rb1805,20170811,20170810,210702000,3776.0,9188,175956,346912720.0,3776.0,1,3775.0,6
rb1805,20170811,20170810,210702500,3776.0,9190,175956,346988240.0,3777.0,18,3775.0,9
rb1805,20170811,20170810,210703000,3776.0,9190,175956,346988240.0,3777.0,17,3775.0,7
rb1805,20170811,20170810,210703500,3776.0,9192,175958,347063760.0,3777.0,18,3775.0,7
rb1805,20170811,20170810,210704000,3776.0,9192,175958,347063760.0,3777.0,13,3775.0,7
rb1805,20170811,20170810,210704500,3776.0,9192,175958,347063760.0,3777.0,13,3776.0,1
rb1805,20170811,20170810,210705000,3776.0,9192,175958,347063760.0,3777.0,13,3776.0,1
rb1805,20170811,20170810,210705500,3776.0,9192,175958,347063760.0,3777.0,13,3776.0,1
rb1805,20170811,20170810,210706000,3776.0,9192,175958,347063760.0,3777.0,13,3776.0,1
rb1805,20170811,20170810,210706500,3776.0,9192,175958,347063760.0,3777.0,40,3776.0,1
rb1805,20170811,20170810,210707500,3776.0,9194,175958,347139280.0,3776.0,1,3775.0,7
rb1805,20170811,20170810,210708000,3776.0,9196,175960,347214800.0,3777.0,41,3775.0,7
rb1805,20170811,20170810,210708500,3777.0,9198,175962,347290340.0,3777.0,39,3775.0,7
rb1805,20170811,20170810,210709000,3777.0,9208,175972,347668040.0,3777.0,34,3775.0,7
rb1805,20170811,20170810,210710000,3777.0,9208,175972,347668040.0,3777.0,34,3775.0,7
rb1805,20170811,20170810,210710500,3775.0,9210,175974,347743540.0,3777.0,34,3776.0,1
rb1805,20170811,20170810,210711000,3775.0,9210,175974,347743540.0,3777.0,30,3776.0,1
rb1805,20170811,20170810,210711500,3775.0,9210,175974,347743540.0,3777.0,30,3776.0,4
rb1805,20170811,20170810,210712000,3777.0,9212,175976,347819080.0,3777.0,29,3776.0,4
rb1805,20170811,20170810,210712500,3777.0,9212,175976,347819080.0,3777.0,29,3776.0,5
rb1805,20170811,20170810,210713000,3776.0,9214,175978,347894600.0,3777.0,29,3776.0,4
rb1805,20170811,20170810,210713500,3776.0,9214,175978,347894600.0,3777.0,29,3776.0,4
rb1805,20170811,20170810,210714000,3776.0,9214,175978,347894600.0,3777.0,29,3776.0,4
rb1805,20170811,20170810,210714500,3776.0,9214,175978,347894600.0,3777.0,29,3776.0,6
rb1805,20170811,20170810,210715000,3777.0,9226,175988,348347740.0,3777.0,28,3776.0,1
rb1805,20170811,20170810,210715500,3777.0,9226,175988,348347740.0,3777.0,28,3776.0,1
rb1805,20170811,20170810,210716000,3777.0,9230,175986,348498820.0,3777.0,26,3776.0,1
rb1805,20170811,20170810,210716500,3777.0,9230,175986,348498820.0,3777.0,36,3776.0,1
rb1805,20170811,20170810,210717000,3777.0,9230,175986,348498820.0,3777.0,38,3776.0,1
rb1805,20170811,20170810,210717500,3777.0,9230,175986,348498820.0,3777.0,42,3776.0,1
rb1805,20170811,20170810,210718000,3777.0,9232,175986,348574360.0,3777.0,43,3776.0,1
rb1805,20170811,20170810,210718500,3777.0,9332,175986,352351360.0,3777.0,1,3776.0,1
rb1805,20170811,20170810,210719000,3777.0,9332,175986,352351360.0,3777.0,1,3776.0,4
rb1805,20170811,20170810,210719500,3777.0,9332,175986,352351360.0,3777.0,2,3776.0,4
rb1805,20170811,20170810,210720000,3777.0,9336,175986,352502440.0,3778.0,20,3776.0,4
rb1805,20170811,20170810,210720500,3777.0,9336,175986,352502440.0,3778.0,20,3777.0,1
rb1805,20170811,20170810,210721000,3777.0,9336,175986,352502440.0,3778.0,13,3777.0,1
rb1805,20170811,20170810,210722000,3777.0,9336,175986,352502440.0,3778.0,18,3777.0,1
rb1805,20170811,20170810,210722500,3777.0,9336,175986,352502440.0,3778.0,18,3777.0,2
rb1805,20170811,20170810,210723500,3777.0,9336,175986,352502440.0,3778.0,18,3777.0,2
rb1805,20170811,20170810,210724000,3777.0,9336,175986,352502440.0,3778.0,18,3777.0,3
rb1805,20170811,20170810,210724500,3777.0,9338,175986,352577980.0,3778.0,22,3777.0,2
rb1805,20170811,20170810,210725000,3777.0,9340,175988,352653520.0,3778.0,22,3777.0,2
rb1805,20170811,20170810,210725500,3777.0,9340,175988,352653520.0,3778.0,25,3777.0,2
rb1805,20170811,20170810,210726000,3777.0,9340,175988,352653520.0,3778.0,22,3777.0,3
rb1805,20170811,20170810,210726500,3777.0,9340,175988,352653520.0,3778.0,24,3777.0,3
rb1805,20170811,20170810,210727000,3778.0,9350,175998,353031320.0,3778.0,19,3777.0,3
rb1805,20170811,20170810,210727500,3777.0,9354,176000,353182400.0,3778.0,19,3777.0,5
rb1805,20170811,20170810,210728000,3777.0,9354,176000,353182400.0,3778.0,19,3777.0,5
rb1805,20170811,20170810,210728500,3777.0,9354,176000,353182400.0,3778.0,19,3777.0,8
rb1805,20170811,20170810,210729000,3777.0,9354,176000,353182400.0,3778.0,22,3777.0,9
rb1805,20170811,20170810,210729500,3777.0,9358,176002,353333480.0,3778.0,22,3777.0,8
rb1805,20170811,20170810,210730000,3778.0,9362,176004,353484600.0,3778.0,20,3777.0,8
rb1805,20170811,20170810,210730500,3778.0,9362,176004,353484600.0,3778.0,20,3777.0,9
rb1805,20170811,20170810,210731000,3778.0,9362,176004,353484600.0,3778.0,20,3777.0,9
rb1805,20170811,20170810,210731500,3778.0,9364,176004,353560160.0,3778.0,12,3777.0,9
rb1805,20170811,20170810,210732000,3777.0,9370,176000,353786780.0,3778.0,15,3777.0,6
rb1805,20170811,20170810,210732500,3777.0,9370,176000,353786780.0,3778.0,15,3777.0,3
rb1805,20170811,20170810,210733000,3777.0,9376,176006,354013400.0,3778.0,21,3776.0,3
rb1805,20170811,20170810,210734500,3777.0,9376,176006,354013400.0,3778.0,21,3776.0,12
rb1805,20170811,20170810,210735000,3777.0,9376,176006,354013400.0,3778.0,21,3776.0,12
rb1805,20170811,20170810,210735500,3777.0,9376,176006,354013400.0,3778.0,21,3776.0,19
rb1805,20170811,20170810,210736000,3778.0,9378,176008,354088960.0,3778.0,20,3776.0,19
rb1805,20170811,20170810,210736500,3778.0,9378,176008,354088960.0,3777.0,4,3776.0,10
rb1805,20170811,20170810,210737000,3777.0,9388,175998,354466660.0,3778.0,27,3777.0,4
rb1805,20170811,20170810,210737500,3777.0,9388,175998,354466660.0,3777.0,3,3776.0,11
rb1805,20170811,20170810,210738000,3777.0,9388,175998,354466660.0,3777.0,3,3776.0,7
rb1805,20170811,20170810,210738500,3777.0,9394,175998,354693280.0,3778.0,18,3777.0,21
rb1805,20170811,20170810,210739000,3777.0,9394,175998,354693280.0,3778.0,16,3777.0,21
rb1805,20170811,20170810,210739500,3777.0,9394,175998,354693280.0,3778.0,23,3777.0,18
rb1805,20170811,20170810,210740000,3778.0,9402,175998,354995520.0,3778.0,19,3777.0,18
rb1805,20170811,20170810,210740500,3778.0,9440,175994,356431160.0,3779.0,86,3778.0,10
rb1805,20170811,20170810,210741000,3778.0,9440,175994,356431160.0,3779.0,88,3777.0,18
rb1805,20170811,20170810,210741500,3778.0,9440,175994,356431160.0,3778.0,1,3777.0,18
rb1805,20170811,20170810,210742000,3778.0,9440,175994,356431160.0,3778.0,1,3777.0,18
rb1805,20170811,20170810,210743000,3778.0,9440,175994,356431160.0,3778.0,2,3777.0,19
rb1805,20170811,20170810,210744500,3778.0,9440,175994,356431160.0,3778.0,2,3777.0,19
rb1805,20170811,20170810,210745000,3778.0,9440,175994,356431160.0,3778.0,2,3777.0,19
rb1805,20170811,20170810,210745500,3778.0,9442,175996,356506720.0,3778.0,1,3777.0,19
rb1805,20170811,20170810,210746000,3778.0,9442,175996,356506720.0,3778.0,1,3777.0,19
rb1805,20170811,20170810,210746500,3778.0,9444,175996,356582280.0,3778.0,1,3777.0,20
rb1805,20170811,20170810,210747000,3778.0,9446,175998,356657840.0,3779.0,88,3778.0,4
rb1805,20170811,20170810,210747500,3778.0,9446,175998,356657840.0,3779.0,88,3778.0,4
rb1805,20170811,20170810,210748000,3778.0,9446,175998,356657840.0,3779.0,88,3778.0,4
rb1805,20170811,20170810,210749000,3779.0,9448,176000,356733420.0,3779.0,87,3778.0,4
rb1805,20170811,20170810,210749500,3779.0,9458,176000,357111320.0,3779.0,80,3778.0,11
rb1805,20170811,20170810,210750000,3779.0,9494,176000,358471760.0,3779.0,62,3778.0,14
rb1805,20170811,20170810,210750500,3779.0,9604,176038,362628660.0,3779.0,7,3778.0,14
rb1805,20170811,20170810,210751000,3779.0,9618,176052,363157720.0,3780.0,12,3779.0,32
rb1805,20170811,20170810,210751500,3780.0,9642,176060,364064920.0,3780.0,1,3779.0,15
rb1805,20170811,20170810,210752000,3780.0,9644,176062,364140520.0,3781.0,14,3780.0,5
rb1805,20170811,20170810,210752500,3780.0,9646,176064,364216120.0,3781.0,11,3780.0,3
rb1805,20170811,20170810,210753000,3780.0,9646,176064,364216120.0,3781.0,14,3780.0,3
rb1805,20170811,20170810,210753500,3780.0,9646,176064,364216120.0,3781.0,14,3780.0,3
rb1805,20170811,20170810,210754000,3780.0,9646,176064,364216120.0,3781.0,14,3780.0,3
rb1805,20170811,20170810,210754500,3780.0,9646,176064,364216120.0,3781.0,14,3780.0,3
rb1805,20170811,20170810,210755000,3780.0,9646,176064,364216120.0,3781.0,11,3780.0,3
rb1805,20170811,20170810,210755500,3781.0,9656,176074,364594220.0,3781.0,6,3780.0,3
rb1805,20170811,20170810,210756000,3781.0,9656,176074,364594220.0,3782.0,3,3780.0,3
rb1805,20170811,20170810,210756500,3781.0,9656,176074,364594220.0,3782.0,3,3780.0,6
rb1805,20170811,20170810,210757000,3781.0,9656,176074,364594220.0,3782.0,3,3780.0,13
rb1805,20170811,20170810,210757500,3781.0,9656,176074,364594220.0,3782.0,3,3780.0,16
rb1805,20170811,20170810,210758000,3781.0,9656,176074,364594220.0,3782.0,3,3781.0,4
rb1805,20170811,20170810,210758500,3781.0,9656,176074,364594220.0,3782.0,6,3781.0,5
rb1805,20170811,20170810,210759000,3781.0,9656,176074,364594220.0,3782.0,6,3781.0,5
rb1805,20170811,20170810,210759500,3781.0,9656,176074,364594220.0,3782.0,7,3781.0,5
rb1805,20170811,20170810,210800000,3782.0,9658,176074,364669860.0,3782.0,6,3781.0,5
rb1805,20170811,20170810,210800500,3782.0,9658,176074,364669860.0,3782.0,3,3781.0,8
rb1805,20170811,20170810,210801000,3782.0,9658,176074,364669860.0,3782.0,3,3781.0,15
rb1805,20170811,20170810,210801500,3782.0,9660,176072,364745500.0,3782.0,3,3781.0,18
rb1805,20170811,20170810,210802000,3782.0,9666,176074,364972420.0,3783.0,6,3782.0,6
rb1805,20170811,20170810,210802500,3782.0,9666,176074,364972420.0,3783.0,6,3782.0,3
rb1805,20170811,20170810,210803000,3782.0,9672,176072,365199340.0,3782.0,2,3781.0,8
rb1805,20170811,20170810,210803500,3782.0,9676,176068,365350620.0,3783.0,6,3782.0,1
rb1805,20170811,20170810,210804000,3782.0,9678,176070,365426260.0,3783.0,6,3782.0,1
rb1805,20170811,20170810,210804500,3782.0,9678,176070,365426260.0,3783.0,6,3782.0,1
rb1805,20170811,20170810,210805500,3782.0,9680,176070,365501900.0,3783.0,6,3782.0,1
rb1805,20170811,20170810,210806000,3783.0,9684,176070,365653200.0,3783.0,5,3782.0,3
rb1805,20170811,20170810,210806500,3782.0,9688,176070,365804480.0,3783.0,20,3782.0,1
rb1805,20170811,20170810,210807000,3782.0,9688,176070,365804480.0,3783.0,23,3782.0,3
rb1805,20170811,20170810,210807500,3783.0,9692,176068,365955800.0,3783.0,21,3782.0,3
rb1805,20170811,20170810,210808000,3783.0,9692,176068,365955800.0,3783.0,21,3782.0,3
rb1805,20170811,20170810,210809000,3782.0,9698,176068,366182720.0,3782.0,4,3781.0,4
rb1805,20170811,20170810,210809500,3782.0,9698,176068,366182720.0,3782.0,4,3781.0,5
rb1805,20170811,20170810,210810000,3782.0,9698,176068,366182720.0,3782.0,4,3781.0,5
rb1805,20170811,20170810,210810500,3782.0,9700,176070,366258360.0,3782.0,9,3781.0,5
rb1805,20170811,20170810,210811000,3782.0,9700,176070,366258360.0,3782.0,3,3781.0,7
rb1805,20170811,20170810,210811500,3782.0,9700,176070,366258360.0,3782.0,3,3781.0,7
rb1805,20170811,20170810,210812000,3782.0,9702,176072,366334000.0,3782.0,3,3781.0,7
rb1805,20170811,20170810,210812500,3782.0,9704,176072,366409640.0,3782.0,2,3781.0,4
rb1805,20170811,20170810,210813000,3782.0,9704,176072,366409640.0,3782.0,3,3781.0,4
rb1805,20170811,20170810,210813500,3782.0,9704,176072,366409640.0,3782.0,3,3781.0,4
rb1805,20170811,20170810,210814000,3781.0,9708,176072,366560880.0,3781.0,10,3780.0,14
rb1805,20170811,20170810,210814500,3781.0,9708,176072,366560880.0,3781.0,12,3780.0,4
rb1805,20170811,20170810,210815000,3781.0,9710,176070,366636500.0,3781.0,11,3780.0,4
rb1805,20170811,20170810,210816500,3781.0,9710,176070,366636500.0,3781.0,11,3780.0,4
rb1805,20170811,20170810,210817000,3780.0,9712,176068,366712100.0,3781.0,18,3780.0,3
rb1805,20170811,20170810,210817500,3780.0,9720,176064,367014520.0,3781.0,22,3780.0,3
rb1805,20170811,20170810,210818000,3780.0,9722,176064,367090120.0,3780.0,3,3779.0,3
rb1805,20170811,20170810,210818500,3780.0,9722,176064,367090120.0,3781.0,22,3779.0,4
rb1805,20170811,20170810,210819000,3780.0,9722,176064,367090120.0,3781.0,22,3779.0,4
rb1805,20170811,20170810,210819500,3780.0,9722,176064,367090120.0,3781.0,22,3779.0,11
rb1805,20170811,20170810,210820000,3781.0,9724,176064,367165740.0,3781.0,17,3779.0,11
rb1805,20170811,20170810,210820500,3779.0,9726,176064,367241320.0,3781.0,16,3779.0,10
rb1805,20170811,20170810,210821000,3779.0,9726,176064,367241320.0,3781.0,13,3779.0,10
rb1805,20170811,20170810,210822500,3779.0,9726,176064,367241320.0,3781.0,13,3779.0,10
rb1805,20170811,20170810,210823000,3779.0,9726,176064,367241320.0,3781.0,12,3780.0,7
rb1805,20170811,20170810,210823500,3779.0,9726,176064,367241320.0,3781.0,12,3780.0,7
rb1805,20170811,20170810,210824000,3779.0,9726,176064,367241320.0,3781.0,14,3780.0,7
rb1805,20170811,20170810,210824500,3781.0,9748,176072,368073140.0,3781.0,3,3780.0,7
rb1805,20170811,20170810,210825000,3781.0,9748,176072,368073140.0,3781.0,3,3780.0,7
rb1805,20170811,20170810,210825500,3781.0,9748,176072,368073140.0,3781.0,3,3780.0,7
rb1805,20170811,20170810,210826500,3780.0,9752,176076,368224360.0,3781.0,2,3780.0,6
rb1805,20170811,20170810,210827000,3780.0,9752,176076,368224360.0,3781.0,2,3780.0,6
rb1805,20170811,20170810,210827500,3780.0,9752,176076,368224360.0,3781.0,2,3780.0,6
rb1805,20170811,20170810,210828000,3780.0,9752,176076,368224360.0,3781.0,2,3780.0,6
rb1805,20170811,20170810,210828500,3781.0,9754,176074,368299980.0,3781.0,1,3780.0,6
rb1805,20170811,20170810,210829000,3780.0,9760,176080,368526780.0,3781.0,2,3779.0,22
rb1805,20170811,20170810,210829500,3780.0,9760,176080,368526780.0,3781.0,2,3779.0,22
rb1805,20170811,20170810,210831000,3781.0,9762,176078,368602400.0,3781.0,1,3779.0,22
rb1805,20170811,20170810,210832500,3781.0,9762,176078,368602400.0,3781.0,1,3779.0,22
rb1805,20170811,20170810,210833000,3781.0,9762,176078,368602400.0,3781.0,1,3779.0,21
rb1805,20170811,20170810,210833500,3781.0,9762,176078,368602400.0,3781.0,2,3779.0,21
rb1805,20170811,20170810,210834000,3781.0,9762,176078,368602400.0,3781.0,1,3779.0,21
rb1805,20170811,20170810,210835000,3781.0,9762,176078,368602400.0,3781.0,1,3780.0,1
rb1805,20170811,20170810,210835500,3781.0,9762,176078,368602400.0,3781.0,5,3780.0,1
rb1805,20170811,20170810,210836000,3781.0,9762,176078,368602400.0,3781.0,7,3780.0,1
rb1805,20170811,20170810,210836500,3781.0,9762,176078,368602400.0,3781.0,6,3780.0,2
rb1805,20170811,20170810,210838000,3781.0,9762,176078,368602400.0,3781.0,7,3780.0,2
rb1805,20170811,20170810,210838500,3781.0,9776,176082,369131660.0,3781.0,4,3779.0,20
rb1805,20170811,20170810,210839000,3781.0,9776,176082,369131660.0,3781.0,4,3779.0,20
rb1805,20170811,20170810,210839500,3781.0,9776,176082,369131660.0,3781.0,3,3779.0,63
rb1805,20170811,20170810,210840000,3781.0,9776,176082,369131660.0,3781.0,3,3779.0,63
rb1805,20170811,20170810,210841500,3781.0,9776,176082,369131660.0,3781.0,3,3779.0,63
rb1805,20170811,20170810,210842000,3781.0,9776,176082,369131660.0,3781.0,3,3779.0,64
rb1805,20170811,20170810,210842500,3781.0,9776,176082,369131660.0,3781.0,4,3779.0,64
rb1805,20170811,20170810,210843500,3781.0,9776,176082,369131660.0,3781.0,4,3779.0,64
rb1805,20170811,20170810,210844000,3781.0,9776,176082,369131660.0,3781.0,4,3779.0,64
rb1805,20170811,20170810,210844500,3781.0,9776,176082,369131660.0,3781.0,4,3780.0,5
rb1805,20170811,20170810,210845000,3781.0,9776,176082,369131660.0,3781.0,7,3780.0,5
rb1805,20170811,20170810,210845500,3780.0,9786,176092,369509660.0,3781.0,9,3779.0,64
rb1805,20170811,20170810,210846000,3780.0,9786,176092,369509660.0,3781.0,6,3779.0,64
rb1805,20170811,20170810,210846500,3780.0,9786,176092,369509660.0,3781.0,6,3779.0,64
rb1805,20170811,20170810,210847000,3780.0,9786,176092,369509660.0,3781.0,6,3779.0,63
rb1805,20170811,20170810,210848000,3779.0,9788,176092,369585240.0,3781.0,6,3779.0,62
rb1805,20170811,20170810,210848500,3779.0,9788,176092,369585240.0,3781.0,6,3779.0,63
rb1805,20170811,20170810,210849000,3779.0,9788,176092,369585240.0,3781.0,6,3779.0,63
rb1805,20170811,20170810,210849500,3779.0,9788,176092,369585240.0,3781.0,6,3779.0,63
rb1805,20170811,20170810,210850000,3779.0,9788,176092,369585240.0,3781.0,10,3779.0,56
rb1805,20170811,20170810,210850500,3779.0,9788,176092,369585240.0,3781.0,10,3779.0,56
rb1805,20170811,20170810,210851000,3779.0,9788,176092,369585240.0,3781.0,10,3780.0,1
rb1805,20170811,20170810,210851500,3779.0,9788,176092,369585240.0,3781.0,12,3780.0,3
rb1805,20170811,20170810,210852000,3780.0,9792,176092,369736440.0,3781.0,12,3780.0,2
rb1805,20170811,20170810,210852500,3780.0,9796,176094,369887640.0,3780.0,6,3779.0,56
rb1805,20170811,20170810,210853000,3780.0,9796,176094,369887640.0,3781.0,13,3780.0,1
rb1805,20170811,20170810,210853500,3780.0,9798,176096,369963240.0,3780.0,9,3779.0,55
rb1805,20170811,20170810,210854000,3780.0,9798,176096,369963240.0,3780.0,1,3779.0,55
rb1805,20170811,20170810,210854500,3780.0,9798,176096,369963240.0,3781.0,13,3779.0,55
rb1805,20170811,20170810,210855000,3780.0,9798,176096,369963240.0,3781.0,12,3779.0,54
rb1805,20170811,20170810,210856000,3780.0,9798,176096,369963240.0,3781.0,12,3780.0,1
rb1805,20170811,20170810,210856500,3780.0,9798,176096,369963240.0,3781.0,8,3780.0,4
rb1805,20170811,20170810,210857000,3780.0,9798,176096,369963240.0,3781.0,8,3780.0,4
rb1805,20170811,20170810,210857500,3780.0,9798,176096,369963240.0,3781.0,8,3780.0,5
rb1805,20170811,20170810,210858000,3780.0,9798,176096,369963240.0,3781.0,9,3780.0,5
rb1805,20170811,20170810,210858500,3781.0,9800,176096,370038860.0,3781.0,8,3780.0,5
rb1805,20170811,20170810,210859000,3781.0,9800,176096,370038860.0,3781.0,8,3780.0,5
rb1805,20170811,20170810,210859500,3780.0,9802,176096,370114460.0,3781.0,8,3780.0,4
rb1805,20170811,20170810,210900500,3780.0,9802,176096,370114460.0,3781.0,8,3780.0,4
rb1805,20170811,20170810,210901000,3781.0,9804,176096,370190080.0,3781.0,7,3780.0,4
rb1805,20170811,20170810,210901500,3781.0,9806,176096,370265700.0,3781.0,6,3780.0,2
rb1805,20170811,20170810,210902000,3781.0,9818,176104,370719420.0,3782.0,11,3781.0,44
rb1805,20170811,20170810,210902500,3781.0,9818,176104,370719420.0,3782.0,6,3781.0,45
rb1805,20170811,20170810,210903000,3781.0,9820,176104,370795040.0,3782.0,3,3781.0,44
rb1805,20170811,20170810,210903500,3781.0,9820,176104,370795040.0,3782.0,5,3781.0,44
rb1805,20170811,20170810,210904000,3781.0,9820,176104,370795040.0,3782.0,6,3781.0,44
rb1805,20170811,20170810,210905000,3781.0,9820,176104,370795040.0,3782.0,6,3781.0,44
rb1805,20170811,20170810,210905500,3781.0,9820,176104,370795040.0,3782.0,6,3781.0,44
rb1805,20170811,20170810,210906000,3781.0,9820,176104,370795040.0,3782.0,4,3781.0,44
rb1805,20170811,20170810,210906500,3781.0,9820,176104,370795040.0,3782.0,4,3781.0,47
rb1805,20170811,20170810,210907500,3781.0,9820,176104,370795040.0,3782.0,4,3781.0,47
rb1805,20170811,20170810,210908000,3781.0,9820,176104,370795040.0,3782.0,4,3781.0,47
rb1805,20170811,20170810,210910000,3781.0,9820,176104,370795040.0,3782.0,4,3781.0,47
rb1805,20170811,20170810,210910500,3781.0,9820,176104,370795040.0,3782.0,4,3781.0,47
rb1805,20170811,20170810,210911000,3781.0,9820,176104,370795040.0,3782.0,5,3781.0,47
rb1805,20170811,20170810,210911500,3782.0,9826,176104,371021960.0,3782.0,2,3781.0,47
rb1805,20170811,20170810,210912500,3782.0,9826,176104,371021960.0,3782.0,2,3781.0,47
rb1805,20170811,20170810,210913000,3782.0,9826,176104,371021960.0,3782.0,4,3781.0,47
rb1805,20170811,20170810,210914000,3782.0,9826,176104,371021960.0,3782.0,5,3781.0,47
rb1805,20170811,20170810,210914500,3782.0,9826,176104,371021960.0,3782.0,4,3781.0,47
rb1805,20170811,20170810,210915000,3782.0,9826,176104,371021960.0,3782.0,4,3781.0,47
rb1805,20170811,20170810,210915500,3782.0,9826,176104,371021960.0,3782.0,4,3781.0,47
rb1805,20170811,20170810,210916000,3782.0,9826,176104,371021960.0,3782.0,4,3781.0,44
rb1805,20170811,20170810,210916500,3782.0,9826,176104,371021960.0,3782.0,6,3781.0,49
rb1805,20170811,20170810,210917500,3781.0,9856,176104,372156260.0,3782.0,12,3781.0,34
rb1805,20170811,20170810,210918500,3781.0,9856,176104,372156260.0,3782.0,6,3781.0,34
rb1805,20170811,20170810,210919500,3781.0,9856,176104,372156260.0,3782.0,12,3781.0,34
rb1805,20170811,20170810,210920000,3781.0,9856,176104,372156260.0,3782.0,12,3781.0,34
rb1805,20170811,20170810,210921000,3781.0,9856,176104,372156260.0,3782.0,12,3781.0,34
rb1805,20170811,20170810,210921500,3781.0,9858,176104,372231880.0,3782.0,12,3781.0,33
rb1805,20170811,20170810,210922000,3781.0,9858,176104,372231880.0,3782.0,10,3781.0,33
rb1805,20170811,20170810,210923500,3781.0,9858,176104,372231880.0,3782.0,14,3781.0,33
rb1805,20170811,20170810,210924000,3782.0,9862,176102,372383160.0,3782.0,12,3781.0,33
rb1805,20170811,20170810,210924500,3782.0,9872,176104,372761360.0,3782.0,3,3781.0,33
rb1805,20170811,20170810,210925000,3782.0,9872,176104,372761360.0,3783.0,32,3781.0,35
rb1805,20170811,20170810,210925500,3782.0,9872,176104,372761360.0,3782.0,7,3781.0,33
rb1805,20170811,20170810,210926000,3782.0,9872,176104,372761360.0,3782.0,7,3781.0,33
rb1805,20170811,20170810,210926500,3782.0,9876,176104,372912640.0,3782.0,5,3781.0,33
rb1805,20170811,20170810,210927500,3782.0,9876,176104,372912640.0,3782.0,5,3781.0,33
rb1805,20170811,20170810,210928000,3782.0,9876,176104,372912640.0,3782.0,5,3781.0,36
rb1805,20170811,20170810,210928500,3782.0,9888,176102,373366480.0,3783.0,36,3782.0,8
rb1805,20170811,20170810,210929000,3782.0,9888,176102,373366480.0,3783.0,24,3782.0,13
rb1805,20170811,20170810,210929500,3782.0,9898,176102,373744680.0,3783.0,30,3782.0,8
rb1805,20170811,20170810,210930000,3782.0,9898,176102,373744680.0,3783.0,25,3782.0,8
rb1805,20170811,20170810,210930500,3782.0,9898,176102,373744680.0,3783.0,30,3782.0,8
rb1805,20170811,20170810,210931000,3782.0,9900,176100,373820320.0,3783.0,30,3782.0,7
rb1805,20170811,20170810,210931500,3782.0,9900,176100,373820320.0,3783.0,29,3782.0,7
rb1805,20170811,20170810,210932500,3783.0,9902,176102,373895980.0,3783.0,29,3782.0,10
rb1805,20170811,20170810,210933000,3783.0,9902,176102,373895980.0,3783.0,29,3782.0,12
rb1805,20170811,20170810,210933500,3783.0,9904,176102,373971640.0,3783.0,28,3782.0,12
rb1805,20170811,20170810,210934000,3783.0,9904,176102,373971640.0,3783.0,23,3782.0,13
rb1805,20170811,20170810,210934500,3783.0,9904,176102,373971640.0,3783.0,29,3782.0,13
rb1805,20170811,20170810,210935500,3783.0,9904,176102,373971640.0,3783.0,29,3782.0,13
rb1805,20170811,20170810,210936000,3783.0,9904,176102,373971640.0,3783.0,29,3782.0,13
rb1805,20170811,20170810,210937500,3783.0,9904,176102,373971640.0,3783.0,29,3782.0,13
rb1805,20170811,20170810,210938000,3781.0,9966,176108,376316120.0,3782.0,1,3781.0,21
rb1805,20170811,20170810,210938500,3781.0,9966,176108,376316120.0,3782.0,1,3781.0,20
rb1805,20170811,20170810,210939000,3781.0,9966,176108,376316120.0,3782.0,11,3781.0,20
rb1805,20170811,20170810,210939500,3781.0,9966,176108,376316120.0,3782.0,10,3781.0,20
rb1805,20170811,20170810,210940000,3782.0,9974,176114,376618680.0,3782.0,2,3781.0,17
rb1805,20170811,20170810,210940500,3782.0,9974,176114,376618680.0,3783.0,25,3781.0,20
rb1805,20170811,20170810,210941000,3782.0,9974,176114,376618680.0,3783.0,28,3782.0,1
rb1805,20170811,20170810,210941500,3782.0,9974,176114,376618680.0,3783.0,33,3782.0,1
rb1805,20170811,20170810,210942000,3782.0,9976,176116,376694320.0,3783.0,33,3781.0,17
rb1805,20170811,20170810,210942500,3782.0,9976,176116,376694320.0,3783.0,33,3781.0,17
rb1805,20170811,20170810,210943000,3783.0,9978,176118,376769980.0,3783.0,35,3781.0,17
rb1805,20170811,20170810,210943500,3783.0,9978,176118,376769980.0,3782.0,2,3781.0,17
rb1805,20170811,20170810,210944000,3781.0,10012,176126,378055520.0,3782.0,16,3780.0,15
rb1805,20170811,20170810,210944500,3781.0,10012,176126,378055520.0,3782.0,21,3780.0,12
rb1805,20170811,20170810,210945000,3781.0,10012,176126,378055520.0,3782.0,21,3780.0,14
rb1805,20170811,20170810,210945500,3781.0,10012,176126,378055520.0,3782.0,23,3780.0,14
rb1805,20170811,20170810,210947500,3781.0,10012,176126,378055520.0,3782.0,23,3780.0,14
rb1805,20170811,20170810,210948000,3782.0,10014,176128,378131160.0,3782.0,22,3780.0,14
rb1805,20170811,20170810,210949000,3782.0,10036,176124,378963200.0,3782.0,13,3780.0,14
rb1805,20170811,20170810,210949500,3782.0,10036,176124,378963200.0,3781.0,6,3780.0,14
rb1805,20170811,20170810,210950000,3780.0,10040,176122,379114400.0,3781.0,6,3780.0,13
rb1805,20170811,20170810,210950500,3780.0,10050,176128,379492400.0,3781.0,6,3780.0,8
rb1805,20170811,20170810,210951000,3780.0,10054,176128,379643600.0,3781.0,6,3780.0,6
rb1805,20170811,20170810,210951500,3780.0,10066,176130,380097200.0,3780.0,2,3779.0,53
rb1805,20170811,20170810,210952000,3780.0,10066,176130,380097200.0,3780.0,2,3779.0,55
rb1805,20170811,20170810,210952500,3780.0,10068,176128,380172800.0,3780.0,2,3779.0,55
rb1805,20170811,20170810,210953000,3780.0,10072,176128,380324000.0,3781.0,15,3780.0,3
rb1805,20170811,20170810,210953500,3780.0,10076,176128,380475220.0,3781.0,14,3780.0,3
rb1805,20170811,20170810,210954000,3780.0,10084,176128,380777640.0,3780.0,2,3779.0,55
rb1805,20170811,20170810,210954500,3780.0,10088,176124,380928840.0,3781.0,13,3779.0,55
rb1805,20170811,20170810,210955000,3780.0,10088,176124,380928840.0,3780.0,5,3779.0,55
rb1805,20170811,20170810,210955500,3779.0,10090,176126,381004420.0,3781.0,18,3779.0,55
rb1805,20170811,20170810,210956000,3779.0,10090,176126,381004420.0,3780.0,6,3779.0,55
rb1805,20170811,20170810,210956500,3779.0,10090,176126,381004420.0,3780.0,1,3779.0,55
rb1805,20170811,20170810,210957000,3779.0,10090,176126,381004420.0,3780.0,6,3779.0,55
rb1805,20170811,20170810,210957500,3779.0,10090,176126,381004420.0,3780.0,6,3779.0,55
rb1805,20170811,20170810,210958000,3780.0,10092,176126,381080020.0,3780.0,5,3779.0,55
rb1805,20170811,20170810,210958500,3780.0,10102,176126,381458020.0,3781.0,16,3780.0,1
rb1805,20170811,20170810,210959000,3780.0,10102,176126,381458020.0,3781.0,3,3780.0,5
rb1805,20170811,20170810,210959500,3780.0,10102,176126,381458020.0,3781.0,3,3780.0,8
rb1805,20170811,20170810,211000000,3781.0,10108,176120,381684880.0,3782.0,9,3780.0,15
rb1805,20170811,20170810,211000500,3780.0,10110,176118,381760480.0,3782.0,12,3780.0,11
rb1805,20170811,20170810,211001000,3780.0,10110,176118,381760480.0,3782.0,13,3780.0,4
rb1805,20170811,20170810,211001500,3780.0,10122,176118,382214160.0,3780.0,6,3779.0,63
rb1805,20170811,20170810,211002000,3780.0,10134,176118,382667760.0,3782.0,10,3780.0,6
rb1805,20170811,20170810,211002500,3780.0,10136,176118,382743360.0,3781.0,3,3780.0,5
rb1805,20170811,20170810,211003000,3781.0,10142,176112,382970220.0,3782.0,2,3780.0,1
rb1805,20170811,20170810,211003500,3781.0,10142,176112,382970220.0,3782.0,5,3780.0,1
rb1805,20170811,20170810,211004000,3780.0,10158,176110,383575020.0,3781.0,3,3780.0,4
rb1805,20170811,20170810,211004500,3780.0,10158,176110,383575020.0,3781.0,3,3780.0,7
rb1805,20170811,20170810,211005000,3780.0,10158,176110,383575020.0,3781.0,3,3780.0,26
rb1805,20170811,20170810,211005500,3780.0,10158,176110,383575020.0,3781.0,3,3780.0,26
rb1805,20170811,20170810,211006000,3780.0,10166,176106,383877480.0,3782.0,7,3780.0,25
rb1805,20170811,20170810,211007500,3780.0,10166,176106,383877480.0,3782.0,10,3780.0,26
rb1805,20170811,20170810,211008000,3780.0,10166,176106,383877480.0,3782.0,10,3780.0,23
rb1805,20170811,20170810,211008500,3780.0,10166,176106,383877480.0,3782.0,13,3780.0,23
rb1805,20170811,20170810,211009000,3780.0,10166,176106,383877480.0,3782.0,13,3780.0,23
rb1805,20170811,20170810,211009500,3780.0,10166,176106,383877480.0,3782.0,6,3780.0,36
rb1805,20170811,20170810,211010000,3780.0,10166,176106,383877480.0,3782.0,6,3780.0,37
rb1805,20170811,20170810,211010500,3780.0,10166,176106,383877480.0,3782.0,6,3780.0,40
rb1805,20170811,20170810,211011000,3780.0,10166,176106,383877480.0,3782.0,6,3780.0,41
rb1805,20170811,20170810,211011500,3780.0,10172,176106,384104280.0,3782.0,7,3780.0,40
rb1805,20170811,20170810,211012000,3780.0,10178,176112,384331080.0,3782.0,7,3780.0,40
rb1805,20170811,20170810,211012500,3780.0,10178,176112,384331080.0,3782.0,7,3780.0,40
rb1805,20170811,20170810,211013500,3780.0,10178,176112,384331080.0,3782.0,7,3780.0,41
rb1805,20170811,20170810,211016500,3780.0,10178,176112,384331080.0,3782.0,7,3780.0,41
rb1805,20170811,20170810,211017000,3782.0,10180,176112,384406720.0,3782.0,6,3780.0,41
rb1805,20170811,20170810,211017500,3782.0,10180,176112,384406720.0,3782.0,6,3780.0,44
rb1805,20170811,20170810,211018000,3782.0,10180,176112,384406720.0,3782.0,6,3780.0,45
rb1805,20170811,20170810,211018500,3782.0,10180,176112,384406720.0,3782.0,6,3780.0,45
rb1805,20170811,20170810,211019000,3782.0,10180,176112,384406720.0,3782.0,7,3780.0,47
rb1805,20170811,20170810,211020000,3782.0,10182,176112,384482360.0,3782.0,6,3780.0,47
rb1805,20170811,20170810,211020500,3782.0,10182,176112,384482360.0,3782.0,6,3780.0,43
rb1805,20170811,20170810,211021000,3782.0,10188,176112,384709280.0,3782.0,3,3780.0,42
rb1805,20170811,20170810,211021500,3782.0,10188,176112,384709280.0,3782.0,3,3780.0,41
rb1805,20170811,20170810,211022000,3782.0,10188,176112,384709280.0,3782.0,3,3780.0,39
