instrument,tradingday,calendarday,time,lastp,volume,openinterest,turnover,ask1,asksz1,bid1,bidsz1
rb1805,20170822,20170821,190200500,3814.0,0,238684,0.0,0.0,0,0.0,0
rb1805,20170822,20170821,205900500,3817.0,172,238794,6565240.0,3817.0,3,3816.0,1
rb1805,20170822,20170821,210000500,3819.0,204,238800,7787080.0,3820.0,20,3819.0,11
rb1805,20170822,20170821,210001000,3825.0,318,238806,12141980.0,3825.0,19,3820.0,6
rb1805,20170822,20170821,210001500,3821.0,484,238878,18483200.0,3821.0,2,3819.0,1
rb1805,20170822,20170821,210002000,3821.0,606,238900,23141980.0,3822.0,8,3821.0,8
rb1805,20170822,20170821,210002500,3820.0,684,238886,26121880.0,3820.0,4,3817.0,3
rb1805,20170822,20170821,210003000,3817.0,744,238888,28411760.0,3819.0,10,3817.0,9
rb1805,20170822,20170821,210003500,3817.0,840,238862,32075320.0,3816.0,3,3813.0,1
rb1805,20170822,20170821,210004000,3818.0,898,238838,34288160.0,3818.0,7,3814.0,3
rb1805,20170822,20170821,210004500,3817.0,922,238824,35204220.0,3817.0,1,3815.0,3
rb1805,20170822,20170821,210005000,3818.0,954,238814,36425660.0,3819.0,6,3816.0,4
rb1805,20170822,20170821,210005500,3819.0,994,238806,37952820.0,3821.0,28,3819.0,1
rb1805,20170822,20170821,210006000,3818.0,1028,238808,39250420.0,3818.0,2,3814.0,2
rb1805,20170822,20170821,210006500,3818.0,1034,238810,39479500.0,3817.0,1,3816.0,5
rb1805,20170822,20170821,210007000,3817.0,1064,238806,40624380.0,3817.0,6,3815.0,18
rb1805,20170822,20170821,210007500,3817.0,1074,238814,41006020.0,3817.0,3,3815.0,17
rb1805,20170822,20170821,210008000,3816.0,1080,238818,41235020.0,3818.0,6,3816.0,3
rb1805,20170822,20170821,210008500,3819.0,1102,238812,42075180.0,3820.0,3,3817.0,6
rb1805,20170822,20170821,210009000,3819.0,1112,238806,42457200.0,3820.0,3,3818.0,1
rb1805,20170822,20170821,210009500,3818.0,1132,238816,43221080.0,3819.0,9,3818.0,7
rb1805,20170822,20170821,210010000,3819.0,1174,238826,44825060.0,3821.0,10,3819.0,3
rb1805,20170822,20170821,210010500,3819.0,1186,238826,45283500.0,3821.0,6,3819.0,1
rb1805,20170822,20170821,210011000,3819.0,1218,238812,46505580.0,3819.0,11,3818.0,7
rb1805,20170822,20170821,210011500,3819.0,1260,238792,48109460.0,3820.0,4,3817.0,3
rb1805,20170822,20170821,210012000,3817.0,1262,238794,48185800.0,3819.0,16,3817.0,7
rb1805,20170822,20170821,210012500,3819.0,1266,238794,48338560.0,3819.0,14,3817.0,7
rb1805,20170822,20170821,210013000,3819.0,1270,238792,48491320.0,3819.0,13,3817.0,7
rb1805,20170822,20170821,210013500,3819.0,1306,238806,49866240.0,3820.0,1,3819.0,1
rb1805,20170822,20170821,210014000,3819.0,1306,238806,49866240.0,3820.0,4,3819.0,5
rb1805,20170822,20170821,210014500,3819.0,1328,238816,50706520.0,3821.0,17,3819.0,2
rb1805,20170822,20170821,210015000,3821.0,1342,238816,51241320.0,3821.0,13,3819.0,9
rb1805,20170822,20170821,210015500,3820.0,1346,238812,51394120.0,3821.0,13,3820.0,13
rb1805,20170822,20170821,210016000,3820.0,1352,238806,51623320.0,3821.0,13,3820.0,10
rb1805,20170822,20170821,210016500,3820.0,1384,238778,52845960.0,3821.0,1,3820.0,9
rb1805,20170822,20170821,210017000,3820.0,1384,238778,52845960.0,3821.0,1,3820.0,7
rb1805,20170822,20170821,210017500,3821.0,1388,238780,52998800.0,3822.0,1,3821.0,4
rb1805,20170822,20170821,210018000,3821.0,1388,238780,52998800.0,3822.0,1,3821.0,4
rb1805,20170822,20170821,210018500,3821.0,1392,238782,53151640.0,3822.0,1,3821.0,3
rb1805,20170822,20170821,210019000,3821.0,1396,238786,53304480.0,3822.0,2,3821.0,1
rb1805,20170822,20170821,210019500,3821.0,1400,238784,53457320.0,3822.0,6,3821.0,5
rb1805,20170822,20170821,210020000,3820.0,1426,238780,54450620.0,3821.0,10,3820.0,7
rb1805,20170822,20170821,210020500,3820.0,1440,238778,54985420.0,3821.0,11,3819.0,36
rb1805,20170822,20170821,210021000,3821.0,1448,238776,55291100.0,3821.0,9,3820.0,1
rb1805,20170822,20170821,210021500,3820.0,1450,238776,55367500.0,3820.0,1,3819.0,37
rb1805,20170822,20170821,210022000,3819.0,1464,238778,55902300.0,3821.0,5,3819.0,38
rb1805,20170822,20170821,210022500,3821.0,1472,238782,56207980.0,3821.0,1,3820.0,1
rb1805,20170822,20170821,210023000,3821.0,1474,238782,56284400.0,3822.0,61,3821.0,1
rb1805,20170822,20170821,210023500,3821.0,1508,238806,57583540.0,3821.0,48,3820.0,8
rb1805,20170822,20170821,210024000,3821.0,1508,238806,57583540.0,3821.0,3,3820.0,10
rb1805,20170822,20170821,210024500,3820.0,1514,238806,57812740.0,3821.0,49,3820.0,11
rb1805,20170822,20170821,210025000,3821.0,1518,238806,57965560.0,3821.0,48,3820.0,2
rb1805,20170822,20170821,210025500,3822.0,1754,238904,66984520.0,3823.0,3,3820.0,2
rb1805,20170822,20170821,210026000,3823.0,1760,238910,67213900.0,3822.0,1,3821.0,9
rb1805,20170822,20170821,210026500,3821.0,1764,238906,67366740.0,3822.0,1,3821.0,48
rb1805,20170822,20170821,210027000,3821.0,1776,238908,67825300.0,3822.0,2,3821.0,44
rb1805,20170822,20170821,210027500,3822.0,1786,238906,68207460.0,3823.0,1,3822.0,54
rb1805,20170822,20170821,210028000,3822.0,1786,238906,68207460.0,3823.0,1,3822.0,54
rb1805,20170822,20170821,210028500,3823.0,2004,238900,76538720.0,3824.0,5,3823.0,37
rb1805,20170822,20170821,210029000,3823.0,2082,238978,79520600.0,3823.0,52,3822.0,7
rb1805,20170822,20170821,210029500,3822.0,2098,238976,80132120.0,3821.0,1,3820.0,72
rb1805,20170822,20170821,210030000,3821.0,2112,238972,80667080.0,3822.0,4,3820.0,79
rb1805,20170822,20170821,210030500,3821.0,2120,238976,80972780.0,3821.0,4,3820.0,79
rb1805,20170822,20170821,210031000,3821.0,2128,238980,81278460.0,3822.0,9,3821.0,3
rb1805,20170822,20170821,210031500,3821.0,2128,238980,81278460.0,3822.0,7,3821.0,3
rb1805,20170822,20170821,210032000,3821.0,2128,238980,81278460.0,3822.0,7,3821.0,8
rb1805,20170822,20170821,210032500,3821.0,2138,238982,81660600.0,3822.0,6,3820.0,77
rb1805,20170822,20170821,210033000,3822.0,2174,238984,83036280.0,3823.0,6,3822.0,4
rb1805,20170822,20170821,210033500,3821.0,2186,238994,83494900.0,3822.0,9,3820.0,72
rb1805,20170822,20170821,210034000,3821.0,2186,238994,83494900.0,3822.0,13,3820.0,68
rb1805,20170822,20170821,210034500,3821.0,2186,238994,83494900.0,3822.0,13,3820.0,68
rb1805,20170822,20170821,210035000,3820.0,2188,238994,83571300.0,3822.0,18,3820.0,67
rb1805,20170822,20170821,210035500,3821.0,2190,238994,83647720.0,3821.0,7,3820.0,67
rb1805,20170822,20170821,210036000,3821.0,2192,238996,83724140.0,3821.0,35,3820.0,67
rb1805,20170822,20170821,210036500,3821.0,2208,238986,84335500.0,3822.0,102,3821.0,4
rb1805,20170822,20170821,210037000,3820.0,2220,238986,84793920.0,3821.0,8,3820.0,64
rb1805,20170822,20170821,210037500,3820.0,2230,238986,85175920.0,3821.0,9,3820.0,103
rb1805,20170822,20170821,210038000,3821.0,2246,238970,85787280.0,3822.0,95,3821.0,1
rb1805,20170822,20170821,210038500,3821.0,2252,238968,86016540.0,3822.0,95,3820.0,112
rb1805,20170822,20170821,210039000,3821.0,2252,238968,86016540.0,3821.0,8,3820.0,113
rb1805,20170822,20170821,210039500,3820.0,2262,238968,86398540.0,3821.0,9,3820.0,108
rb1805,20170822,20170821,210040000,3821.0,2280,238958,87086320.0,3822.0,135,3821.0,3
rb1805,20170822,20170821,210040500,3822.0,2550,238888,97405720.0,3823.0,14,3822.0,8
rb1805,20170822,20170821,210041000,3822.0,2582,238872,98628980.0,3823.0,15,3822.0,3
rb1805,20170822,20170821,210041500,3822.0,2584,238870,98705420.0,3823.0,15,3822.0,2
rb1805,20170822,20170821,210042000,3823.0,2614,238870,99852320.0,3823.0,11,3822.0,3
rb1805,20170822,20170821,210042500,3823.0,2638,238890,100769820.0,3824.0,13,3822.0,3
rb1805,20170822,20170821,210043000,3822.0,2640,238890,100846260.0,3824.0,13,3822.0,3
rb1805,20170822,20170821,210043500,3822.0,2640,238890,100846260.0,3824.0,14,3822.0,3
rb1805,20170822,20170821,210044000,3822.0,2644,238890,100999160.0,3823.0,3,3822.0,2
rb1805,20170822,20170821,210044500,3822.0,2646,238892,101075600.0,3823.0,5,3822.0,1
rb1805,20170822,20170821,210045000,3822.0,2648,238894,101152040.0,3822.0,4,3821.0,28
rb1805,20170822,20170821,210045500,3821.0,2654,238896,101381340.0,3822.0,6,3821.0,21
rb1805,20170822,20170821,210046000,3822.0,2658,238896,101534200.0,3822.0,4,3821.0,20
rb1805,20170822,20170821,210046500,3821.0,2660,238896,101610620.0,3822.0,4,3821.0,26
rb1805,20170822,20170821,210047000,3822.0,2664,238896,101763500.0,3822.0,8,3821.0,26
rb1805,20170822,20170821,210047500,3822.0,2668,238896,101916380.0,3822.0,26,3821.0,27
rb1805,20170822,20170821,210048000,3821.0,2680,238896,102374900.0,3822.0,26,3821.0,21
rb1805,20170822,20170821,210048500,3821.0,2682,238898,102451320.0,3822.0,26,3821.0,20
rb1805,20170822,20170821,210049000,3822.0,2692,238898,102833480.0,3822.0,24,3821.0,18
rb1805,20170822,20170821,210049500,3822.0,2704,238902,103292040.0,3822.0,22,3821.0,14
rb1805,20170822,20170821,210050000,3821.0,2718,238906,103826980.0,3822.0,23,3821.0,5
rb1805,20170822,20170821,210050500,3821.0,2720,238906,103903400.0,3822.0,24,3821.0,4
rb1805,20170822,20170821,210051000,3822.0,2728,238910,104209120.0,3822.0,23,3821.0,2
rb1805,20170822,20170821,210051500,3822.0,2738,238916,104591260.0,3822.0,21,3820.0,89
rb1805,20170822,20170821,210052000,3822.0,2738,238916,104591260.0,3822.0,21,3821.0,10
rb1805,20170822,20170821,210052500,3822.0,2738,238916,104591260.0,3822.0,21,3821.0,10
rb1805,20170822,20170821,210053000,3822.0,2744,238922,104820580.0,3822.0,18,3821.0,10
rb1805,20170822,20170821,210053500,3822.0,2746,238924,104897020.0,3822.0,17,3821.0,10
rb1805,20170822,20170821,210054000,3821.0,2760,238912,105431960.0,3822.0,17,3821.0,3
rb1805,20170822,20170821,210054500,3821.0,2766,238910,105661220.0,3821.0,28,3820.0,86
rb1805,20170822,20170821,210055000,3821.0,2772,238908,105890480.0,3821.0,19,3820.0,77
rb1805,20170822,20170821,210055500,3821.0,2788,238892,106501840.0,3821.0,22,3820.0,78
rb1805,20170822,20170821,210056000,3821.0,2828,238896,108030240.0,3821.0,2,3820.0,77
rb1805,20170822,20170821,210056500,3821.0,2832,238896,108183080.0,3822.0,20,3821.0,1
rb1805,20170822,20170821,210057000,3820.0,2836,238898,108335900.0,3821.0,5,3820.0,76
rb1805,20170822,20170821,210057500,3820.0,2838,238898,108412300.0,3821.0,6,3820.0,75
rb1805,20170822,20170821,210058000,3820.0,2840,238898,108488700.0,3821.0,4,3820.0,74
rb1805,20170822,20170821,210058500,3820.0,2844,238900,108641500.0,3821.0,5,3820.0,72
rb1805,20170822,20170821,210059000,3820.0,2846,238900,108717900.0,3821.0,4,3820.0,71
rb1805,20170822,20170821,210059500,3821.0,2864,238894,109405680.0,3822.0,19,3821.0,11
rb1805,20170822,20170821,210100000,3822.0,2872,238902,109711440.0,3822.0,15,3821.0,19
rb1805,20170822,20170821,210100500,3821.0,2880,238896,110017120.0,3822.0,16,3821.0,15
rb1805,20170822,20170821,210101000,3822.0,2888,238904,110322880.0,3822.0,12,3821.0,15
rb1805,20170822,20170821,210101500,3822.0,2894,238908,110552200.0,3822.0,9,3821.0,15
rb1805,20170822,20170821,210102000,3821.0,2932,238904,112004220.0,3821.0,15,3820.0,72
rb1805,20170822,20170821,210102500,3822.0,2980,238912,113838480.0,3823.0,54,3822.0,4
rb1805,20170822,20170821,210103000,3822.0,2988,238920,114144240.0,3822.0,12,3821.0,19
rb1805,20170822,20170821,210103500,3822.0,2998,238924,114526440.0,3822.0,3,3821.0,19
rb1805,20170822,20170821,210104000,3821.0,3000,238926,114602860.0,3822.0,16,3821.0,18
rb1805,20170822,20170821,210104500,3821.0,3056,238926,116742620.0,3821.0,32,3820.0,72
rb1805,20170822,20170821,210105000,3821.0,3068,238914,117201140.0,3821.0,28,3820.0,72
rb1805,20170822,20170821,210105500,3821.0,3126,238914,119417320.0,3822.0,21,3821.0,3
rb1805,20170822,20170821,210106000,3821.0,3140,238918,119952160.0,3821.0,16,3820.0,68
rb1805,20170822,20170821,210106500,3821.0,3144,238918,120105000.0,3821.0,14,3820.0,68
rb1805,20170822,20170821,210107000,3821.0,3146,238918,120181420.0,3821.0,17,3820.0,68
rb1805,20170822,20170821,210107500,3820.0,3156,238918,120563420.0,3821.0,17,3820.0,63
rb1805,20170822,20170821,210108000,3821.0,3160,238922,120716260.0,3821.0,18,3820.0,62
rb1805,20170822,20170821,210108500,3821.0,3162,238924,120792680.0,3821.0,17,3820.0,63
rb1805,20170822,20170821,210109000,3820.0,3174,238924,121251080.0,3821.0,18,3820.0,58
rb1805,20170822,20170821,210109500,3820.0,3186,238924,121709500.0,3821.0,17,3820.0,52
rb1805,20170822,20170821,210110000,3820.0,3188,238924,121785900.0,3821.0,17,3820.0,51
rb1805,20170822,20170821,210110500,3820.0,3188,238924,121785900.0,3821.0,17,3820.0,51
rb1805,20170822,20170821,210111000,3821.0,3204,238922,122397260.0,3821.0,9,3820.0,51
rb1805,20170822,20170821,210111500,3820.0,3214,238928,122779280.0,3821.0,16,3820.0,47
rb1805,20170822,20170821,210112000,3820.0,3244,238944,123925280.0,3821.0,16,3820.0,32
rb1805,20170822,20170821,210112500,3820.0,3314,238964,126599340.0,3820.0,3,3819.0,8
rb1805,20170822,20170821,210113000,3820.0,3332,238974,127286940.0,3821.0,15,3820.0,3
rb1805,20170822,20170821,210113500,3820.0,3338,238980,127516140.0,3820.0,12,3819.0,9
rb1805,20170822,20170821,210114000,3820.0,3338,238980,127516140.0,3820.0,6,3819.0,8
rb1805,20170822,20170821,210114500,3820.0,3338,238980,127516140.0,3820.0,6,3819.0,9
rb1805,20170822,20170821,210115000,3819.0,3340,238982,127592520.0,3820.0,16,3819.0,8
rb1805,20170822,20170821,210115500,3819.0,3342,238982,127668900.0,3820.0,16,3819.0,9
rb1805,20170822,20170821,210116000,3819.0,3344,238982,127745280.0,3820.0,17,3819.0,8
rb1805,20170822,20170821,210116500,3819.0,3344,238982,127745280.0,3820.0,17,3819.0,18
rb1805,20170822,20170821,210117000,3819.0,3352,238986,128050800.0,3820.0,17,3819.0,15
rb1805,20170822,20170821,210117500,3819.0,3354,238988,128127180.0,3820.0,17,3819.0,15
rb1805,20170822,20170821,210118000,3819.0,3354,238988,128127180.0,3820.0,17,3819.0,15
rb1805,20170822,20170821,210118500,3819.0,3356,238986,128203560.0,3820.0,17,3819.0,20
rb1805,20170822,20170821,210119000,3819.0,3360,238986,128356320.0,3820.0,17,3819.0,18
rb1805,20170822,20170821,210119500,3819.0,3360,238986,128356320.0,3820.0,17,3819.0,18
rb1805,20170822,20170821,210120000,3819.0,3360,238986,128356320.0,3820.0,17,3819.0,25
rb1805,20170822,20170821,210120500,3819.0,3388,238986,129425900.0,3820.0,4,3819.0,39
rb1805,20170822,20170821,210121000,3819.0,3398,238980,129807880.0,3821.0,25,3819.0,38
rb1805,20170822,20170821,210121500,3819.0,3418,238980,130571680.0,3820.0,50,3819.0,28
rb1805,20170822,20170821,210122000,3819.0,3418,238980,130571680.0,3820.0,50,3819.0,28
rb1805,20170822,20170821,210122500,3820.0,3438,239000,131335680.0,3820.0,40,3819.0,28
rb1805,20170822,20170821,210123000,3820.0,3440,239000,131412080.0,3820.0,39,3819.0,28
rb1805,20170822,20170821,210123500,3820.0,3440,239000,131412080.0,3820.0,39,3819.0,21
rb1805,20170822,20170821,210124000,3819.0,3482,238960,133016060.0,3819.0,29,3818.0,5
rb1805,20170822,20170821,210124500,3819.0,3512,238944,134161600.0,3819.0,22,3818.0,5
rb1805,20170822,20170821,210125000,3819.0,3538,238954,135154320.0,3819.0,60,3817.0,35
rb1805,20170822,20170821,210125500,3819.0,3538,238954,135154320.0,3818.0,12,3817.0,37
rb1805,20170822,20170821,210126000,3817.0,3570,238962,136375760.0,3818.0,9,3817.0,21
rb1805,20170822,20170821,210126500,3818.0,3576,238960,136604800.0,3818.0,8,3817.0,69
rb1805,20170822,20170821,210127000,3817.0,3580,238960,136757480.0,3818.0,8,3817.0,67
rb1805,20170822,20170821,210127500,3817.0,3590,238950,137139180.0,3818.0,8,3817.0,67
rb1805,20170822,20170821,210128000,3817.0,3618,238968,138208140.0,3819.0,67,3817.0,63
rb1805,20170822,20170821,210128500,3817.0,3618,238968,138208140.0,3819.0,67,3818.0,1
rb1805,20170822,20170821,210129000,3818.0,3620,238970,138284500.0,3818.0,4,3817.0,61
rb1805,20170822,20170821,210129500,3818.0,3670,238952,140193500.0,3819.0,40,3818.0,3
rb1805,20170822,20170821,210130000,3818.0,3678,238954,140498940.0,3819.0,40,3817.0,63
rb1805,20170822,20170821,210130500,3818.0,3680,238954,140575300.0,3819.0,55,3818.0,1
rb1805,20170822,20170821,210131000,3819.0,3682,238954,140651680.0,3819.0,39,3818.0,1
rb1805,20170822,20170821,210131500,3819.0,3682,238954,140651680.0,3819.0,39,3818.0,1
rb1805,20170822,20170821,210132000,3819.0,3682,238954,140651680.0,3819.0,39,3818.0,3
rb1805,20170822,20170821,210132500,3819.0,3682,238954,140651680.0,3819.0,39,3818.0,6
rb1805,20170822,20170821,210133000,3819.0,3682,238954,140651680.0,3819.0,39,3818.0,8
rb1805,20170822,20170821,210133500,3818.0,3700,238954,141339080.0,3819.0,31,3818.0,7
rb1805,20170822,20170821,210134000,3819.0,3710,238952,141720980.0,3819.0,26,3818.0,7
rb1805,20170822,20170821,210134500,3819.0,3756,238946,143477720.0,3819.0,3,3818.0,37
rb1805,20170822,20170821,210135000,3819.0,3784,238944,144547120.0,3820.0,37,3819.0,39
rb1805,20170822,20170821,210135500,3819.0,3784,238944,144547120.0,3820.0,37,3819.0,31
rb1805,20170822,20170821,210136000,3819.0,3786,238946,144623500.0,3820.0,37,3819.0,36
rb1805,20170822,20170821,210136500,3820.0,3860,238996,147450300.0,3821.0,26,3820.0,73
rb1805,20170822,20170821,210137000,3820.0,3920,238976,149742300.0,3821.0,23,3820.0,42
rb1805,20170822,20170821,210137500,3821.0,3954,238980,151041440.0,3821.0,2,3820.0,22
rb1805,20170822,20170821,210138000,3821.0,3958,238978,151194280.0,3822.0,20,3821.0,5
rb1805,20170822,20170821,210138500,3821.0,3960,238980,151270700.0,3822.0,13,3821.0,34
rb1805,20170822,20170821,210139000,3822.0,3994,238976,152570180.0,3823.0,52,3822.0,17
rb1805,20170822,20170821,210139500,3822.0,4068,238926,155399160.0,3823.0,17,3822.0,8
rb1805,20170822,20170821,210140000,3822.0,4080,238926,155857860.0,3823.0,14,3822.0,8
rb1805,20170822,20170821,210140500,3823.0,4108,238928,156928300.0,3824.0,18,3823.0,27
rb1805,20170822,20170821,210141000,3824.0,4120,238934,157387180.0,3824.0,12,3823.0,19
rb1805,20170822,20170821,210141500,3825.0,4166,238916,159146440.0,3825.0,146,3824.0,1
rb1805,20170822,20170821,210142000,3823.0,4194,238930,160217140.0,3825.0,146,3823.0,96
rb1805,20170822,20170821,210142500,3825.0,4198,238934,160370140.0,3825.0,144,3824.0,3
rb1805,20170822,20170821,210143000,3825.0,4214,238922,160982000.0,3825.0,144,3823.0,88
rb1805,20170822,20170821,210143500,3825.0,4256,238928,162588500.0,3825.0,123,3824.0,4
rb1805,20170822,20170821,210144000,3824.0,4258,238928,162664980.0,3825.0,123,3824.0,18
rb1805,20170822,20170821,210144500,3825.0,4372,238846,167025440.0,3825.0,68,3824.0,16
rb1805,20170822,20170821,210145000,3825.0,4372,238846,167025440.0,3825.0,68,3824.0,36
rb1805,20170822,20170821,210145500,3825.0,4510,238818,172303920.0,3826.0,7,3825.0,2
rb1805,20170822,20170821,210146000,3826.0,4526,238814,172916080.0,3827.0,5,3826.0,1
rb1805,20170822,20170821,210146500,3826.0,4578,238782,174906080.0,3827.0,2,3825.0,19
rb1805,20170822,20170821,210147000,3827.0,4608,238768,176054020.0,3828.0,12,3827.0,32
rb1805,20170822,20170821,210147500,3827.0,4706,238738,179804440.0,3827.0,1,3825.0,31
rb1805,20170822,20170821,210148000,3827.0,4728,238758,180646340.0,3827.0,6,3826.0,10
rb1805,20170822,20170821,210148500,3826.0,4740,238762,181105540.0,3827.0,2,3826.0,8
rb1805,20170822,20170821,210149000,3827.0,4766,238780,182100520.0,3827.0,27,3826.0,6
rb1805,20170822,20170821,210149500,3826.0,4782,238786,182712680.0,3826.0,8,3825.0,21
rb1805,20170822,20170821,210150000,3825.0,4798,238802,183324820.0,3826.0,3,3825.0,12
rb1805,20170822,20170821,210150500,3826.0,4802,238804,183477860.0,3826.0,10,3825.0,12
rb1805,20170822,20170821,210151000,3826.0,4816,238806,184013420.0,3826.0,7,3825.0,8
rb1805,20170822,20170821,210151500,3825.0,4842,238814,185007940.0,3825.0,38,3824.0,17
rb1805,20170822,20170821,210152000,3824.0,4884,238806,186614020.0,3824.0,25,3823.0,9
rb1805,20170822,20170821,210152500,3823.0,4904,238796,187378620.0,3823.0,1,3822.0,12
rb1805,20170822,20170821,210153000,3822.0,4906,238796,187455060.0,3823.0,3,3822.0,4
rb1805,20170822,20170821,210153500,3823.0,4910,238800,187607980.0,3823.0,7,3822.0,4
rb1805,20170822,20170821,210154000,3823.0,4924,238788,188143200.0,3824.0,10,3822.0,10
rb1805,20170822,20170821,210154500,3822.0,4932,238790,188448960.0,3824.0,10,3822.0,6
rb1805,20170822,20170821,210155000,3822.0,4932,238790,188448960.0,3824.0,2,3823.0,4
rb1805,20170822,20170821,210155500,3822.0,4932,238790,188448960.0,3824.0,6,3823.0,4
rb1805,20170822,20170821,210156000,3823.0,4936,238788,188601880.0,3824.0,8,3823.0,3
rb1805,20170822,20170821,210156500,3824.0,4948,238782,189060760.0,3825.0,17,3824.0,1
rb1805,20170822,20170821,210157000,3823.0,4954,238786,189290200.0,3825.0,16,3823.0,2
rb1805,20170822,20170821,210157500,3823.0,4954,238786,189290200.0,3824.0,3,3823.0,2
rb1805,20170822,20170821,210158000,3823.0,4954,238786,189290200.0,3824.0,2,3823.0,6
rb1805,20170822,20170821,210158500,3824.0,4980,238784,190284420.0,3825.0,26,3824.0,88
rb1805,20170822,20170821,210159000,3825.0,4984,238784,190437420.0,3825.0,24,3824.0,88
rb1805,20170822,20170821,210159500,3825.0,4984,238784,190437420.0,3825.0,14,3824.0,88
rb1805,20170822,20170821,210200000,3824.0,4990,238788,190666860.0,3825.0,14,3824.0,85
rb1805,20170822,20170821,210200500,3824.0,4996,238788,190896300.0,3825.0,11,3824.0,82
rb1805,20170822,20170821,210201000,3824.0,4996,238788,190896300.0,3825.0,11,3824.0,82
rb1805,20170822,20170821,210201500,3825.0,5022,238776,191890800.0,3826.0,30,3825.0,2
rb1805,20170822,20170821,210202000,3825.0,5026,238774,192043800.0,3825.0,22,3824.0,83
rb1805,20170822,20170821,210202500,3825.0,5042,238766,192655800.0,3825.0,14,3824.0,83
rb1805,20170822,20170821,210203000,3825.0,5054,238766,193114800.0,3825.0,13,3824.0,88
rb1805,20170822,20170821,210203500,3825.0,5080,238754,194109300.0,3826.0,27,3825.0,30
rb1805,20170822,20170821,210204000,3825.0,5086,238760,194338800.0,3826.0,28,3825.0,37
rb1805,20170822,20170821,210204500,3826.0,5092,238762,194568320.0,3826.0,28,3825.0,40
rb1805,20170822,20170821,210205000,3825.0,5098,238768,194797820.0,3826.0,28,3825.0,37
rb1805,20170822,20170821,210205500,3826.0,5102,238772,194950860.0,3826.0,27,3825.0,39
rb1805,20170822,20170821,210206000,3826.0,5134,238794,196175120.0,3826.0,11,3825.0,36
rb1805,20170822,20170821,210206500,3825.0,5138,238796,196328120.0,3826.0,13,3825.0,34
rb1805,20170822,20170821,210207000,3826.0,5156,238812,197016800.0,3826.0,6,3825.0,39
rb1805,20170822,20170821,210207500,3826.0,5164,238816,197322880.0,3826.0,8,3825.0,25
rb1805,20170822,20170821,210208000,3825.0,5170,238818,197552400.0,3826.0,7,3825.0,23
rb1805,20170822,20170821,210208500,3826.0,5174,238818,197705420.0,3826.0,7,3825.0,22
rb1805,20170822,20170821,210209000,3826.0,5200,238822,198699960.0,3826.0,9,3825.0,12
rb1805,20170822,20170821,210209500,3825.0,5232,238844,199923940.0,3825.0,2,3824.0,86
rb1805,20170822,20170821,210210000,3825.0,5254,238844,200765440.0,3825.0,2,3824.0,86
rb1805,20170822,20170821,210210500,3825.0,5254,238844,200765440.0,3825.0,3,3824.0,86
rb1805,20170822,20170821,210211000,3825.0,5256,238846,200841940.0,3825.0,7,3824.0,86
rb1805,20170822,20170821,210211500,3825.0,5266,238848,201224440.0,3825.0,2,3824.0,86
rb1805,20170822,20170821,210212000,3826.0,5286,238838,201989540.0,3826.0,9,3824.0,86
rb1805,20170822,20170821,210212500,3824.0,5288,238838,202066020.0,3826.0,19,3824.0,85
rb1805,20170822,20170821,210213000,3826.0,5312,238838,202983860.0,3826.0,24,3825.0,1
rb1805,20170822,20170821,210213500,3825.0,5324,238850,203442860.0,3825.0,16,3824.0,75
rb1805,20170822,20170821,210214000,3824.0,5504,238872,210325780.0,3824.0,8,3822.0,9
rb1805,20170822,20170821,210214500,3824.0,5506,238872,210402260.0,3824.0,11,3822.0,9
rb1805,20170822,20170821,210215000,3822.0,5524,238878,211090220.0,3822.0,1,3821.0,18
rb1805,20170822,20170821,210215500,3822.0,5526,238880,211166660.0,3824.0,33,3822.0,2
rb1805,20170822,20170821,210216000,3822.0,5542,238864,211778180.0,3823.0,19,3822.0,7
rb1805,20170822,20170821,210216500,3822.0,5552,238864,212160380.0,3823.0,40,3822.0,2
rb1805,20170822,20170821,210217000,3822.0,5560,238864,212466140.0,3822.0,8,3821.0,9
rb1805,20170822,20170821,210217500,3822.0,5570,238854,212848340.0,3822.0,1,3821.0,10
rb1805,20170822,20170821,210218000,3822.0,5574,238852,213001220.0,3822.0,9,3821.0,9
rb1805,20170822,20170821,210218500,3822.0,5574,238852,213001220.0,3822.0,9,3821.0,10
rb1805,20170822,20170821,210219000,3822.0,5576,238852,213077660.0,3822.0,11,3821.0,7
rb1805,20170822,20170821,210219500,3821.0,5578,238854,213154080.0,3822.0,11,3821.0,8
rb1805,20170822,20170821,210220000,3822.0,5582,238854,213306960.0,3822.0,9,3821.0,8
rb1805,20170822,20170821,210220500,3822.0,5584,238854,213383400.0,3822.0,8,3821.0,8
rb1805,20170822,20170821,210221000,3822.0,5602,238836,214071360.0,3822.0,2,3821.0,11
rb1805,20170822,20170821,210221500,3822.0,5606,238836,214224240.0,3823.0,34,3822.0,11
rb1805,20170822,20170821,210222000,3822.0,5606,238836,214224240.0,3823.0,27,3822.0,12
rb1805,20170822,20170821,210222500,3822.0,5630,238828,215141520.0,3823.0,37,3821.0,37
rb1805,20170822,20170821,210223000,3822.0,5630,238828,215141520.0,3822.0,1,3821.0,37
rb1805,20170822,20170821,210223500,3822.0,5636,238826,215370840.0,3822.0,2,3821.0,42
rb1805,20170822,20170821,210224000,3822.0,5646,238830,215753040.0,3823.0,31,3822.0,23
rb1805,20170822,20170821,210224500,3823.0,5696,238832,217664540.0,3824.0,15,3823.0,6
rb1805,20170822,20170821,210225000,3824.0,5730,238832,218964700.0,3825.0,19,3824.0,4
rb1805,20170822,20170821,210225500,3824.0,5764,238838,220265180.0,3825.0,3,3824.0,14
rb1805,20170822,20170821,210226000,3825.0,5772,238838,220571180.0,3826.0,30,3825.0,11
rb1805,20170822,20170821,210226500,3825.0,5776,238836,220724180.0,3826.0,29,3825.0,15
rb1805,20170822,20170821,210227000,3825.0,5816,238800,222254180.0,3825.0,23,3824.0,18
rb1805,20170822,20170821,210227500,3826.0,5860,238768,223937300.0,3826.0,24,3824.0,18
rb1805,20170822,20170821,210228000,3827.0,5922,238784,226309560.0,3826.0,1,3825.0,7
rb1805,20170822,20170821,210228500,3826.0,5988,238790,228835600.0,3828.0,9,3825.0,26
rb1805,20170822,20170821,210229000,3828.0,6026,238784,230290200.0,3828.0,2,3826.0,18
rb1805,20170822,20170821,210229500,3829.0,6034,238786,230596440.0,3829.0,13,3828.0,2
rb1805,20170822,20170821,210230000,3830.0,6088,238780,232664000.0,3830.0,24,3827.0,2
rb1805,20170822,20170821,210230500,3833.0,6314,238816,241321320.0,3834.0,16,3830.0,4
rb1805,20170822,20170821,210231000,3833.0,6420,238818,245382840.0,3833.0,12,3832.0,2
rb1805,20170822,20170821,210231500,3832.0,6472,238836,247375040.0,3832.0,14,3830.0,3
rb1805,20170822,20170821,210232000,3830.0,6482,238836,247758040.0,3830.0,5,3829.0,2
rb1805,20170822,20170821,210232500,3826.0,6504,238834,248600120.0,3830.0,13,3826.0,21
rb1805,20170822,20170821,210233000,3827.0,6522,238824,249289220.0,3829.0,3,3827.0,3
rb1805,20170822,20170821,210233500,3829.0,6548,238840,250284760.0,3829.0,9,3827.0,3
rb1805,20170822,20170821,210234000,3826.0,6598,238822,252197820.0,3828.0,1,3826.0,1
rb1805,20170822,20170821,210234500,3826.0,6598,238822,252197820.0,3828.0,7,3826.0,4
rb1805,20170822,20170821,210235000,3826.0,6598,238822,252197820.0,3828.0,7,3826.0,6
rb1805,20170822,20170821,210235500,3828.0,6618,238824,252963180.0,3828.0,7,3825.0,14
rb1805,20170822,20170821,210236000,3828.0,6618,238824,252963180.0,3828.0,9,3826.0,7
rb1805,20170822,20170821,210236500,3829.0,6650,238818,254188280.0,3829.0,23,3826.0,9
rb1805,20170822,20170821,210237000,3829.0,6650,238818,254188280.0,3829.0,21,3827.0,16
rb1805,20170822,20170821,210237500,3827.0,6664,238828,254724300.0,3829.0,15,3827.0,7
rb1805,20170822,20170821,210238000,3827.0,6666,238826,254800840.0,3829.0,16,3827.0,7
rb1805,20170822,20170821,210238500,3827.0,6672,238828,255030540.0,3829.0,14,3827.0,6
rb1805,20170822,20170821,210239000,3827.0,6672,238828,255030540.0,3828.0,1,3827.0,10
rb1805,20170822,20170821,210239500,3828.0,6682,238828,255413340.0,3829.0,15,3828.0,3
rb1805,20170822,20170821,210240000,3828.0,6752,238822,258093820.0,3830.0,3,3829.0,1
rb1805,20170822,20170821,210240500,3830.0,6802,238834,260008540.0,3831.0,5,3830.0,1
rb1805,20170822,20170821,210241000,3829.0,6860,238852,262230620.0,3830.0,1,3829.0,1
rb1805,20170822,20170821,210241500,3833.0,6872,238844,262690280.0,3833.0,9,3830.0,2
rb1805,20170822,20170821,210242000,3831.0,6894,238858,263533500.0,3833.0,3,3830.0,14
rb1805,20170822,20170821,210242500,3832.0,6898,238860,263686760.0,3832.0,5,3831.0,5
rb1805,20170822,20170821,210243000,3831.0,6902,238862,263840000.0,3832.0,17,3831.0,3
rb1805,20170822,20170821,210243500,3831.0,6902,238862,263840000.0,3831.0,1,3830.0,23
rb1805,20170822,20170821,210244000,3831.0,6932,238844,264989300.0,3832.0,20,3831.0,3
rb1805,20170822,20170821,210244500,3831.0,6962,238836,266138380.0,3831.0,2,3830.0,9
rb1805,20170822,20170821,210245000,3832.0,6974,238834,266598140.0,3832.0,24,3831.0,6
rb1805,20170822,20170821,210245500,3830.0,6996,238822,267440920.0,3831.0,6,3830.0,8
rb1805,20170822,20170821,210246000,3831.0,7040,238802,269126560.0,3832.0,12,3831.0,1
rb1805,20170822,20170821,210246500,3831.0,7044,238800,269279800.0,3832.0,13,3830.0,23
rb1805,20170822,20170821,210247000,3831.0,7066,238814,270122720.0,3831.0,12,3830.0,27
rb1805,20170822,20170821,210247500,3831.0,7090,238834,271042160.0,3832.0,10,3831.0,25
rb1805,20170822,20170821,210248000,3831.0,7110,238826,271808360.0,3832.0,10,3831.0,18
rb1805,20170822,20170821,210248500,3831.0,7114,238830,271961620.0,3832.0,9,3831.0,17
rb1805,20170822,20170821,210249000,3832.0,7132,238824,272651380.0,3832.0,12,3831.0,19
rb1805,20170822,20170821,210249500,3831.0,7154,238832,273494440.0,3833.0,29,3832.0,1
rb1805,20170822,20170821,210250000,3832.0,7216,238858,275869980.0,3833.0,25,3832.0,5
rb1805,20170822,20170821,210250500,3832.0,7236,238858,276636380.0,3832.0,16,3831.0,4
rb1805,20170822,20170821,210251000,3831.0,7254,238860,277326080.0,3832.0,11,3831.0,1
rb1805,20170822,20170821,210251500,3831.0,7266,238860,277785800.0,3831.0,2,3830.0,37
rb1805,20170822,20170821,210252000,3830.0,7274,238856,278092240.0,3832.0,5,3830.0,26
rb1805,20170822,20170821,210252500,3832.0,7294,238856,278858640.0,3833.0,27,3830.0,30
rb1805,20170822,20170821,210253000,3831.0,7298,238856,279011860.0,3831.0,8,3830.0,31
rb1805,20170822,20170821,210253500,3831.0,7314,238872,279624820.0,3832.0,16,3830.0,32
rb1805,20170822,20170821,210254000,3830.0,7320,238870,279854640.0,3832.0,16,3830.0,30
rb1805,20170822,20170821,210254500,3830.0,7342,238870,280697480.0,3832.0,22,3830.0,27
rb1805,20170822,20170821,210255000,3832.0,7346,238870,280850760.0,3832.0,24,3830.0,31
rb1805,20170822,20170821,210255500,3832.0,7346,238870,280850760.0,3832.0,20,3831.0,8
rb1805,20170822,20170821,210256000,3832.0,7346,238870,280850760.0,3832.0,21,3831.0,9
rb1805,20170822,20170821,210256500,3831.0,7350,238868,281004020.0,3832.0,20,3831.0,8
rb1805,20170822,20170821,210257000,3831.0,7354,238864,281157260.0,3832.0,20,3831.0,9
rb1805,20170822,20170821,210257500,3832.0,7356,238862,281233900.0,3832.0,10,3831.0,9
rb1805,20170822,20170821,210258000,3831.0,7368,238854,281693720.0,3832.0,19,3831.0,9
rb1805,20170822,20170821,210258500,3831.0,7374,238848,281923580.0,3832.0,19,3831.0,6
rb1805,20170822,20170821,210259000,3831.0,7388,238842,282459940.0,3832.0,20,3831.0,1
rb1805,20170822,20170821,210259500,3831.0,7390,238842,282536560.0,3831.0,1,3830.0,35
rb1805,20170822,20170821,210300000,3831.0,7416,238840,283532640.0,3832.0,19,3831.0,1
rb1805,20170822,20170821,210300500,3831.0,7420,238836,283685880.0,3832.0,19,3831.0,1
rb1805,20170822,20170821,210301000,3832.0,7422,238836,283762520.0,3832.0,6,3831.0,2
rb1805,20170822,20170821,210301500,3832.0,7422,238836,283762520.0,3832.0,9,3831.0,3
rb1805,20170822,20170821,210302000,3831.0,7428,238840,283992380.0,3832.0,10,3830.0,47
rb1805,20170822,20170821,210302500,3832.0,7442,238840,284528820.0,3832.0,5,3831.0,5
rb1805,20170822,20170821,210303000,3831.0,7450,238840,284835300.0,3832.0,6,3831.0,3
rb1805,20170822,20170821,210303500,3831.0,7450,238840,284835300.0,3832.0,7,3831.0,3
rb1805,20170822,20170821,210304000,3832.0,7460,238840,285218420.0,3832.0,6,3831.0,1
rb1805,20170822,20170821,210304500,3832.0,7472,238834,285678260.0,3833.0,49,3832.0,1
rb1805,20170822,20170821,210305000,3832.0,7478,238834,285908180.0,3832.0,1,3831.0,18
rb1805,20170822,20170821,210305500,3832.0,7526,238818,287747900.0,3833.0,31,3831.0,21
rb1805,20170822,20170821,210306000,3833.0,7600,238776,290584340.0,3834.0,22,3832.0,6
rb1805,20170822,20170821,210306500,3833.0,7602,238774,290661000.0,3834.0,21,3833.0,2
rb1805,20170822,20170821,210307000,3834.0,7618,238766,291274420.0,3834.0,14,3833.0,28
rb1805,20170822,20170821,210307500,3835.0,7670,238758,293268300.0,3835.0,88,3834.0,52
rb1805,20170822,20170821,210308000,3836.0,7942,238786,303699760.0,3836.0,11,3835.0,13
rb1805,20170822,20170821,210308500,3836.0,8000,238798,305924940.0,3837.0,12,3836.0,1
rb1805,20170822,20170821,210309000,3838.0,8068,238790,308534480.0,3838.0,37,3837.0,2
rb1805,20170822,20170821,210309500,3837.0,8102,238776,309838960.0,3837.0,6,3836.0,12
rb1805,20170822,20170821,210310000,3837.0,8134,238786,311066960.0,3838.0,66,3837.0,15
rb1805,20170822,20170821,210310500,3837.0,8194,238740,313369520.0,3838.0,36,3837.0,4
rb1805,20170822,20170821,210311000,3836.0,8208,238742,313906660.0,3837.0,101,3836.0,25
rb1805,20170822,20170821,210311500,3836.0,8266,238770,316131540.0,3836.0,18,3835.0,59
rb1805,20170822,20170821,210312000,3836.0,8350,238742,319353200.0,3836.0,17,3835.0,26
rb1805,20170822,20170821,210312500,3836.0,8350,238742,319353200.0,3836.0,26,3835.0,16
rb1805,20170822,20170821,210313000,3835.0,8388,238766,320810480.0,3835.0,13,3834.0,50
rb1805,20170822,20170821,210313500,3835.0,8392,238766,320963880.0,3835.0,13,3834.0,43
rb1805,20170822,20170821,210314000,3834.0,8410,238764,321654100.0,3835.0,6,3834.0,39
rb1805,20170822,20170821,210314500,3835.0,8432,238766,322497800.0,3835.0,3,3834.0,39
rb1805,20170822,20170821,210315000,3834.0,8478,238752,324261500.0,3835.0,8,3834.0,29
rb1805,20170822,20170821,210315500,3834.0,8488,238756,324644940.0,3835.0,25,3834.0,23
rb1805,20170822,20170821,210316000,3834.0,8492,238756,324798320.0,3835.0,28,3834.0,22
rb1805,20170822,20170821,210316500,3835.0,8532,238766,326332320.0,3835.0,8,3834.0,18
rb1805,20170822,20170821,210317000,3835.0,8536,238770,326485720.0,3835.0,8,3834.0,18
rb1805,20170822,20170821,210317500,3835.0,8536,238770,326485720.0,3835.0,9,3834.0,21
rb1805,20170822,20170821,210318000,3834.0,8574,238800,327942960.0,3835.0,12,3834.0,18
rb1805,20170822,20170821,210318500,3834.0,8574,238800,327942960.0,3835.0,12,3834.0,18
rb1805,20170822,20170821,210319000,3834.0,8614,238832,329476560.0,3834.0,74,3833.0,21
rb1805,20170822,20170821,210319500,3834.0,8648,238848,330780000.0,3834.0,52,3833.0,12
rb1805,20170822,20170821,210320000,3834.0,8684,238812,332160240.0,3834.0,17,3833.0,12
rb1805,20170822,20170821,210320500,3834.0,8696,238824,332620320.0,3834.0,11,3833.0,12
rb1805,20170822,20170821,210321000,3834.0,8716,238832,333387120.0,3834.0,1,3833.0,12
rb1805,20170822,20170821,210321500,3834.0,8718,238834,333463800.0,3834.0,5,3833.0,12
rb1805,20170822,20170821,210322000,3834.0,8728,238836,333847200.0,3834.0,3,3833.0,19
rb1805,20170822,20170821,210322500,3834.0,8736,238834,334153920.0,3835.0,22,3833.0,19
rb1805,20170822,20170821,210323000,3834.0,8736,238834,334153920.0,3835.0,30,3834.0,1
rb1805,20170822,20170821,210323500,3833.0,8740,238836,334307260.0,3834.0,12,3833.0,12
rb1805,20170822,20170821,210324000,3833.0,8740,238836,334307260.0,3834.0,13,3833.0,12
rb1805,20170822,20170821,210324500,3834.0,8744,238834,334460600.0,3834.0,16,3833.0,11
rb1805,20170822,20170821,210325000,3834.0,8780,238836,335840840.0,3835.0,26,3834.0,28
rb1805,20170822,20170821,210325500,3834.0,8782,238836,335917520.0,3835.0,23,3834.0,11
rb1805,20170822,20170821,210326000,3834.0,8788,238838,336147560.0,3835.0,23,3834.0,8
rb1805,20170822,20170821,210326500,3834.0,8788,238838,336147560.0,3835.0,23,3834.0,8
rb1805,20170822,20170821,210327000,3835.0,8790,238838,336224260.0,3835.0,24,3834.0,8
rb1805,20170822,20170821,210327500,3835.0,8790,238838,336224260.0,3835.0,35,3834.0,9
rb1805,20170822,20170821,210328000,3835.0,8808,238836,336914400.0,3835.0,37,3834.0,1
rb1805,20170822,20170821,210328500,3834.0,8812,238838,337067760.0,3834.0,1,3833.0,24
rb1805,20170822,20170821,210329000,3833.0,8824,238844,337527720.0,3834.0,17,3833.0,7
rb1805,20170822,20170821,210329500,3834.0,8850,238838,338524560.0,3835.0,57,3834.0,26
rb1805,20170822,20170821,210330000,3833.0,8922,238842,341284840.0,3834.0,11,3833.0,4
rb1805,20170822,20170821,210330500,3833.0,8922,238842,341284840.0,3834.0,11,3833.0,4
rb1805,20170822,20170821,210331000,3833.0,8928,238848,341514820.0,3834.0,12,3833.0,1
rb1805,20170822,20170821,210331500,3833.0,8930,238850,341591480.0,3833.0,3,3832.0,15
rb1805,20170822,20170821,210332000,3833.0,8934,238846,341744780.0,3833.0,5,3832.0,16
rb1805,20170822,20170821,210332500,3834.0,9066,238898,346804720.0,3835.0,63,3834.0,50
rb1805,20170822,20170821,210333000,3834.0,9172,238990,350868680.0,3834.0,47,3832.0,11
rb1805,20170822,20170821,210333500,3832.0,9302,238950,355849220.0,3832.0,15,3830.0,30
rb1805,20170822,20170821,210334000,3831.0,9370,238990,358453660.0,3832.0,18,3829.0,9
rb1805,20170822,20170821,210334500,3831.0,9372,238992,358530280.0,3831.0,5,3829.0,18
rb1805,20170822,20170821,210335000,3831.0,9372,238992,358530280.0,3831.0,6,3830.0,28
rb1805,20170822,20170821,210335500,3830.0,9374,238992,358606880.0,3831.0,6,3830.0,27
rb1805,20170822,20170821,210336000,3830.0,9412,238970,360062440.0,3832.0,23,3830.0,20
rb1805,20170822,20170821,210336500,3832.0,9452,239000,361595240.0,3832.0,3,3830.0,21
rb1805,20170822,20170821,210337000,3832.0,9458,239000,361825160.0,3833.0,61,3832.0,13
rb1805,20170822,20170821,210337500,3833.0,9486,239000,362898400.0,3833.0,47,3832.0,20
rb1805,20170822,20170821,210338000,3833.0,9588,238940,366808060.0,3834.0,22,3833.0,21
rb1805,20170822,20170821,210338500,3834.0,9632,238916,368495020.0,3835.0,77,3834.0,79
rb1805,20170822,20170821,210339000,3835.0,9718,238968,371793120.0,3835.0,33,3834.0,92
rb1805,20170822,20170821,210339500,3836.0,9818,238986,375628360.0,3836.0,15,3835.0,2
rb1805,20170822,20170821,210340000,3836.0,9818,238986,375628360.0,3836.0,15,3835.0,41
rb1805,20170822,20170821,210340500,3836.0,9824,238992,375858520.0,3836.0,16,3835.0,47
rb1805,20170822,20170821,210341000,3836.0,9844,239006,376625720.0,3836.0,6,3835.0,47
rb1805,20170822,20170821,210341500,3836.0,9844,239006,376625720.0,3836.0,17,3835.0,47
rb1805,20170822,20170821,210342000,3836.0,9872,239028,377699780.0,3837.0,25,3836.0,2
rb1805,20170822,20170821,210342500,3836.0,9876,239028,377853220.0,3836.0,12,3835.0,30
rb1805,20170822,20170821,210343000,3836.0,9878,239028,377929940.0,3836.0,59,3835.0,27
rb1805,20170822,20170821,210343500,3835.0,9962,239042,381151340.0,3835.0,6,3834.0,85
rb1805,20170822,20170821,210344000,3835.0,9994,239046,382378380.0,3835.0,4,3834.0,77
rb1805,20170822,20170821,210344500,3834.0,10066,239026,385138860.0,3835.0,16,3834.0,41
rb1805,20170822,20170821,210345000,3834.0,10112,239022,386902500.0,3835.0,15,3834.0,18
rb1805,20170822,20170821,210345500,3834.0,10148,238988,388282740.0,3834.0,31,3833.0,18
rb1805,20170822,20170821,210346000,3833.0,10174,239002,389279320.0,3833.0,4,3832.0,9
rb1805,20170822,20170821,210346500,3834.0,10212,239018,390735880.0,3834.0,1,3833.0,6
rb1805,20170822,20170821,210347000,3833.0,10224,239018,391195840.0,3833.0,17,3832.0,4
rb1805,20170822,20170821,210347500,3832.0,10232,239010,391502400.0,3833.0,10,3830.0,19
rb1805,20170822,20170821,210348000,3832.0,10232,239010,391502400.0,3832.0,1,3831.0,3
rb1805,20170822,20170821,210348500,3831.0,10234,239010,391579020.0,3832.0,1,3831.0,3
rb1805,20170822,20170821,210349000,3831.0,10240,239006,391808880.0,3831.0,1,3830.0,23
rb1805,20170822,20170821,210349500,3831.0,10240,239006,391808880.0,3831.0,1,3830.0,20
rb1805,20170822,20170821,210350000,3831.0,10242,239006,391885500.0,3832.0,3,3831.0,4
rb1805,20170822,20170821,210350500,3832.0,10248,239008,392115380.0,3832.0,9,3831.0,2
rb1805,20170822,20170821,210351000,3831.0,10252,239010,392268620.0,3831.0,5,3830.0,17
rb1805,20170822,20170821,210351500,3831.0,10254,239010,392345240.0,3832.0,9,3831.0,50
rb1805,20170822,20170821,210352000,3831.0,10254,239010,392345240.0,3832.0,6,3831.0,57
rb1805,20170822,20170821,210352500,3832.0,10260,239012,392575160.0,3833.0,10,3832.0,5
rb1805,20170822,20170821,210353000,3832.0,10260,239012,392575160.0,3833.0,3,3832.0,5
rb1805,20170822,20170821,210353500,3832.0,10266,239018,392805080.0,3833.0,3,3832.0,2
rb1805,20170822,20170821,210354000,3832.0,10268,239020,392881720.0,3833.0,8,3832.0,1
rb1805,20170822,20170821,210354500,3832.0,10272,239024,393035000.0,3832.0,2,3831.0,61
rb1805,20170822,20170821,210355000,3832.0,10276,239024,393188280.0,3833.0,8,3832.0,4
rb1805,20170822,20170821,210355500,3832.0,10278,239022,393264920.0,3833.0,9,3832.0,1
rb1805,20170822,20170821,210356000,3832.0,10278,239022,393264920.0,3833.0,8,3832.0,4
rb1805,20170822,20170821,210356500,3832.0,10282,239020,393418200.0,3833.0,3,3832.0,2
rb1805,20170822,20170821,210357000,3832.0,10282,239020,393418200.0,3833.0,3,3832.0,11
rb1805,20170822,20170821,210357500,3833.0,10292,239020,393801500.0,3834.0,28,3833.0,4
rb1805,20170822,20170821,210358000,3833.0,10292,239020,393801500.0,3834.0,29,3833.0,2
rb1805,20170822,20170821,210358500,3833.0,10294,239020,393878160.0,3834.0,29,3833.0,1
rb1805,20170822,20170821,210359000,3834.0,10298,239020,394031500.0,3833.0,1,3832.0,11
rb1805,20170822,20170821,210359500,3833.0,10300,239018,394108160.0,3834.0,43,3833.0,1
rb1805,20170822,20170821,210400000,3833.0,10300,239018,394108160.0,3834.0,33,3833.0,1
rb1805,20170822,20170821,210400500,3834.0,10304,239018,394261500.0,3833.0,1,3832.0,16
rb1805,20170822,20170821,210401000,3833.0,10330,239022,395258080.0,3833.0,2,3832.0,15
rb1805,20170822,20170821,210401500,3834.0,10366,239058,396638200.0,3834.0,20,3833.0,1
rb1805,20170822,20170821,210402000,3833.0,10368,239058,396714860.0,3833.0,1,3832.0,7
rb1805,20170822,20170821,210402500,3832.0,10374,239054,396944820.0,3833.0,4,3832.0,4
rb1805,20170822,20170821,210403000,3833.0,10382,239062,397251460.0,3834.0,20,3833.0,7
rb1805,20170822,20170821,210403500,3833.0,10402,239068,398018020.0,3833.0,10,3832.0,2
rb1805,20170822,20170821,210404000,3833.0,10448,239096,399781200.0,3834.0,13,3833.0,27
rb1805,20170822,20170821,210404500,3833.0,10466,239106,400471140.0,3834.0,13,3833.0,18
rb1805,20170822,20170821,210405000,3833.0,10476,239116,400854440.0,3834.0,13,3833.0,13
rb1805,20170822,20170821,210405500,3833.0,10484,239124,401161080.0,3834.0,24,3833.0,9
rb1805,20170822,20170821,210406000,3833.0,10500,239128,401774380.0,3834.0,23,3833.0,2
rb1805,20170822,20170821,210406500,3833.0,10518,239146,402464300.0,3833.0,1,3832.0,2
rb1805,20170822,20170821,210407000,3833.0,10520,239146,402540960.0,3833.0,4,3832.0,2
rb1805,20170822,20170821,210407500,3833.0,10528,239146,402847600.0,3834.0,13,3833.0,26
rb1805,20170822,20170821,210408000,3833.0,10528,239146,402847600.0,3834.0,13,3833.0,15
rb1805,20170822,20170821,210408500,3833.0,10530,239148,402924260.0,3834.0,13,3833.0,14
rb1805,20170822,20170821,210409000,3834.0,10536,239150,403154260.0,3834.0,13,3833.0,12
rb1805,20170822,20170821,210409500,3833.0,10560,239162,404074180.0,3833.0,12,3832.0,3
rb1805,20170822,20170821,210410000,3833.0,10560,239162,404074180.0,3833.0,1,3832.0,3
rb1805,20170822,20170821,210410500,3833.0,10560,239162,404074180.0,3833.0,1,3832.0,3
rb1805,20170822,20170821,210411000,3833.0,10564,239164,404227500.0,3833.0,10,3832.0,3
rb1805,20170822,20170821,210411500,3833.0,10564,239164,404227500.0,3833.0,10,3832.0,3
rb1805,20170822,20170821,210412000,3833.0,10568,239164,404380800.0,3833.0,9,3832.0,2
rb1805,20170822,20170821,210412500,3832.0,10574,239164,404610720.0,3832.0,8,3831.0,179
rb1805,20170822,20170821,210413000,3832.0,10586,239166,405070560.0,3832.0,12,3831.0,179
rb1805,20170822,20170821,210413500,3832.0,10586,239166,405070560.0,3832.0,12,3831.0,179
rb1805,20170822,20170821,210414000,3832.0,10586,239166,405070560.0,3832.0,12,3831.0,179
rb1805,20170822,20170821,210414500,3832.0,10586,239166,405070560.0,3832.0,12,3831.0,179
rb1805,20170822,20170821,210415000,3832.0,10586,239166,405070560.0,3832.0,12,3831.0,176
rb1805,20170822,20170821,210415500,3832.0,10586,239166,405070560.0,3832.0,12,3831.0,176
rb1805,20170822,20170821,210416000,3831.0,10602,239166,405683520.0,3832.0,10,3831.0,154
rb1805,20170822,20170821,210416500,3831.0,10602,239166,405683520.0,3832.0,12,3831.0,154
rb1805,20170822,20170821,210417000,3831.0,10626,239190,406602960.0,3832.0,12,3831.0,142
rb1805,20170822,20170821,210417500,3831.0,10626,239190,406602960.0,3832.0,15,3831.0,142
rb1805,20170822,20170821,210418000,3832.0,10628,239190,406679600.0,3832.0,15,3831.0,142
rb1805,20170822,20170821,210418500,3832.0,10630,239190,406756240.0,3832.0,14,3831.0,142
rb1805,20170822,20170821,210419000,3831.0,10770,239186,412119640.0,3832.0,15,3831.0,72
rb1805,20170822,20170821,210419500,3831.0,10774,239182,412272880.0,3832.0,15,3831.0,70
rb1805,20170822,20170821,210420000,3831.0,10778,239178,412426120.0,3832.0,35,3831.0,68
rb1805,20170822,20170821,210420500,3831.0,10788,239168,412809220.0,3832.0,35,3831.0,63
rb1805,20170822,20170821,210421000,3831.0,10788,239168,412809220.0,3832.0,27,3831.0,63
rb1805,20170822,20170821,210421500,3831.0,10792,239166,412962480.0,3832.0,26,3831.0,69
rb1805,20170822,20170821,210422000,3831.0,10794,239166,413039100.0,3832.0,32,3831.0,68
rb1805,20170822,20170821,210422500,3831.0,10794,239166,413039100.0,3832.0,32,3831.0,68
rb1805,20170822,20170821,210423000,3831.0,10794,239166,413039100.0,3832.0,32,3831.0,68
rb1805,20170822,20170821,210423500,3832.0,10804,239158,413422300.0,3832.0,28,3831.0,68
rb1805,20170822,20170821,210424000,3831.0,10828,239154,414341940.0,3832.0,18,3831.0,67
rb1805,20170822,20170821,210424500,3832.0,10838,239144,414725140.0,3832.0,23,3831.0,68
rb1805,20170822,20170821,210425000,3832.0,10840,239144,414801780.0,3832.0,22,3831.0,61
rb1805,20170822,20170821,210425500,3831.0,10842,239142,414878400.0,3832.0,23,3831.0,61
rb1805,20170822,20170821,210426000,3833.0,10972,239048,419860380.0,3834.0,23,3832.0,55
rb1805,20170822,20170821,210426500,3833.0,10972,239048,419860380.0,3834.0,28,3833.0,8
rb1805,20170822,20170821,210427000,3833.0,10976,239044,420013720.0,3834.0,30,3833.0,14
rb1805,20170822,20170821,210427500,3833.0,11000,239040,420933840.0,3834.0,22,3833.0,17
rb1805,20170822,20170821,210428000,3834.0,11016,239028,421547260.0,3834.0,16,3833.0,18
rb1805,20170822,20170821,210428500,3833.0,11050,239010,422850800.0,3834.0,1,3833.0,25
rb1805,20170822,20170821,210429000,3833.0,11054,239010,423004140.0,3835.0,46,3834.0,3
rb1805,20170822,20170821,210429500,3835.0,11060,239006,423234220.0,3835.0,44,3834.0,17
rb1805,20170822,20170821,210430000,3835.0,11074,239016,423771120.0,3835.0,32,3834.0,19
rb1805,20170822,20170821,210430500,3835.0,11094,239000,424538120.0,3835.0,22,3834.0,19
rb1805,20170822,20170821,210431000,3835.0,11094,239000,424538120.0,3835.0,22,3834.0,19
rb1805,20170822,20170821,210431500,3835.0,11140,239006,426302220.0,3836.0,98,3835.0,17
rb1805,20170822,20170821,210432000,3834.0,11184,239038,427989520.0,3835.0,11,3834.0,10
rb1805,20170822,20170821,210432500,3834.0,11204,239018,428756320.0,3834.0,10,3833.0,14
rb1805,20170822,20170821,210433000,3834.0,11204,239018,428756320.0,3834.0,10,3833.0,2
rb1805,20170822,20170821,210433500,3834.0,11216,239030,429216400.0,3834.0,4,3833.0,5
rb1805,20170822,20170821,210434000,3834.0,11216,239030,429216400.0,3834.0,4,3833.0,8
rb1805,20170822,20170821,210434500,3834.0,11220,239030,429369740.0,3834.0,6,3833.0,7
rb1805,20170822,20170821,210435000,3834.0,11220,239030,429369740.0,3834.0,7,3833.0,7
rb1805,20170822,20170821,210435500,3834.0,11224,239034,429523100.0,3834.0,7,3833.0,7
rb1805,20170822,20170821,210436000,3833.0,11226,239034,429599760.0,3834.0,10,3833.0,3
rb1805,20170822,20170821,210436500,3833.0,11226,239034,429599760.0,3834.0,10,3833.0,3
rb1805,20170822,20170821,210437000,3834.0,11230,239038,429753120.0,3834.0,11,3833.0,3
rb1805,20170822,20170821,210437500,3833.0,11244,239030,430289820.0,3833.0,8,3832.0,31
rb1805,20170822,20170821,210438000,3833.0,11260,239014,430903100.0,3834.0,7,3833.0,7
rb1805,20170822,20170821,210438500,3833.0,11260,239014,430903100.0,3834.0,4,3833.0,8
rb1805,20170822,20170821,210439000,3833.0,11260,239014,430903100.0,3834.0,7,3833.0,12
rb1805,20170822,20170821,210439500,3833.0,11260,239014,430903100.0,3834.0,7,3833.0,12
rb1805,20170822,20170821,210440000,3833.0,11268,239010,431209740.0,3834.0,8,3833.0,8
rb1805,20170822,20170821,210440500,3833.0,11284,239016,431823020.0,3834.0,8,3833.0,1
rb1805,20170822,20170821,210441000,3833.0,11288,239020,431976340.0,3834.0,11,3832.0,38
rb1805,20170822,20170821,210441500,3832.0,11290,239020,432052980.0,3833.0,3,3832.0,12
rb1805,20170822,20170821,210442000,3833.0,11296,239026,432282960.0,3834.0,16,3833.0,42
rb1805,20170822,20170821,210442500,3833.0,11300,239026,432436280.0,3834.0,16,3833.0,41
rb1805,20170822,20170821,210443000,3833.0,11324,239030,433356200.0,3834.0,16,3833.0,29
rb1805,20170822,20170821,210443500,3833.0,11324,239030,433356200.0,3834.0,39,3833.0,29
rb1805,20170822,20170821,210444000,3833.0,11330,239030,433586180.0,3834.0,42,3833.0,26
rb1805,20170822,20170821,210444500,3833.0,11382,239082,435579340.0,3833.0,66,3832.0,6
rb1805,20170822,20170821,210445000,3832.0,11394,239086,436039180.0,3832.0,6,3831.0,129
rb1805,20170822,20170821,210445500,3831.0,11416,239100,436882280.0,3833.0,4,3831.0,121
rb1805,20170822,20170821,210446000,3834.0,11426,239108,437265600.0,3834.0,56,3832.0,6
rb1805,20170822,20170821,210446500,3834.0,11426,239108,437265600.0,3833.0,14,3832.0,6
rb1805,20170822,20170821,210447000,3834.0,11426,239108,437265600.0,3833.0,24,3832.0,6
rb1805,20170822,20170821,210447500,3834.0,11426,239108,437265600.0,3833.0,24,3832.0,6
rb1805,20170822,20170821,210448000,3834.0,11426,239108,437265600.0,3833.0,29,3832.0,6
rb1805,20170822,20170821,210448500,3834.0,11426,239108,437265600.0,3833.0,29,3832.0,6
rb1805,20170822,20170821,210449000,3834.0,11426,239108,437265600.0,3833.0,24,3832.0,6
rb1805,20170822,20170821,210449500,3832.0,11434,239112,437572220.0,3833.0,21,3832.0,5
rb1805,20170822,20170821,210450000,3832.0,11434,239112,437572220.0,3833.0,21,3832.0,8
rb1805,20170822,20170821,210450500,3833.0,11478,239078,439258740.0,3834.0,72,3833.0,4
rb1805,20170822,20170821,210451000,3833.0,11484,239074,439488720.0,3834.0,72,3833.0,1
rb1805,20170822,20170821,210451500,3832.0,11492,239072,439795320.0,3833.0,3,3832.0,18
rb1805,20170822,20170821,210452000,3832.0,11504,239072,440255180.0,3833.0,7,3832.0,7
rb1805,20170822,20170821,210452500,3832.0,11504,239072,440255180.0,3833.0,7,3832.0,2
rb1805,20170822,20170821,210453000,3832.0,11504,239072,440255180.0,3833.0,7,3832.0,2
rb1805,20170822,20170821,210453500,3832.0,11508,239074,440408460.0,3833.0,11,3831.0,72
rb1805,20170822,20170821,210454000,3832.0,11508,239074,440408460.0,3833.0,6,3831.0,80
rb1805,20170822,20170821,210454500,3832.0,11508,239074,440408460.0,3833.0,6,3832.0,20
rb1805,20170822,20170821,210455000,3832.0,11508,239074,440408460.0,3833.0,13,3832.0,22
rb1805,20170822,20170821,210455500,3832.0,11530,239074,441251500.0,3833.0,22,3832.0,11
rb1805,20170822,20170821,210456000,3832.0,11530,239074,441251500.0,3833.0,17,3832.0,11
rb1805,20170822,20170821,210456500,3832.0,11530,239074,441251500.0,3833.0,17,3832.0,11
rb1805,20170822,20170821,210457000,3832.0,11552,239052,442094540.0,3833.0,17,3831.0,79
rb1805,20170822,20170821,210457500,3831.0,11554,239050,442171160.0,3832.0,27,3831.0,68
rb1805,20170822,20170821,210458000,3831.0,11718,239096,448454000.0,3832.0,33,3830.0,25
rb1805,20170822,20170821,210458500,3830.0,11720,239096,448530600.0,3832.0,34,3830.0,22
rb1805,20170822,20170821,210459000,3830.0,11722,239096,448607200.0,3832.0,35,3830.0,21
rb1805,20170822,20170821,210459500,3830.0,11722,239096,448607200.0,3832.0,36,3830.0,21
rb1805,20170822,20170821,210500000,3830.0,11722,239096,448607200.0,3831.0,6,3830.0,21
rb1805,20170822,20170821,210500500,3830.0,11726,239094,448760400.0,3831.0,9,3830.0,19
rb1805,20170822,20170821,210501000,3831.0,11730,239096,448913640.0,3831.0,11,3830.0,20
rb1805,20170822,20170821,210501500,3831.0,11730,239096,448913640.0,3831.0,7,3830.0,20
rb1805,20170822,20170821,210502000,3831.0,11730,239096,448913640.0,3831.0,7,3830.0,20
rb1805,20170822,20170821,210502500,3830.0,11744,239094,449449840.0,3831.0,7,3830.0,13
rb1805,20170822,20170821,210503000,3829.0,11772,239106,450522220.0,3830.0,10,3829.0,19
rb1805,20170822,20170821,210503500,3829.0,11774,239106,450598800.0,3830.0,16,3829.0,9
rb1805,20170822,20170821,210504000,3829.0,11780,239102,450828540.0,3830.0,20,3829.0,6
rb1805,20170822,20170821,210504500,3829.0,11796,239098,451441180.0,3829.0,4,3828.0,41
rb1805,20170822,20170821,210505000,3829.0,11806,239098,451824080.0,3829.0,2,3828.0,39
rb1805,20170822,20170821,210505500,3828.0,11812,239100,452053800.0,3830.0,20,3828.0,37
rb1805,20170822,20170821,210506000,3828.0,11814,239100,452130360.0,3829.0,1,3828.0,50
rb1805,20170822,20170821,210506500,3830.0,11820,239098,452360140.0,3830.0,18,3828.0,50
rb1805,20170822,20170821,210507000,3830.0,11822,239100,452436740.0,3830.0,15,3829.0,1
rb1805,20170822,20170821,210507500,3829.0,11832,239098,452819660.0,3830.0,13,3829.0,1
rb1805,20170822,20170821,210508000,3828.0,11892,239052,455117080.0,3830.0,5,3829.0,3
rb1805,20170822,20170821,210508500,3829.0,11900,239044,455423400.0,3830.0,5,3829.0,25
rb1805,20170822,20170821,210509000,3830.0,11912,239044,455883000.0,3831.0,12,3830.0,25
rb1805,20170822,20170821,210509500,3830.0,11956,239038,457568440.0,3832.0,38,3831.0,22
rb1805,20170822,20170821,210510000,3831.0,11994,239020,459024500.0,3832.0,24,3831.0,17
rb1805,20170822,20170821,210510500,3831.0,12028,239016,460327040.0,3831.0,3,3830.0,12
rb1805,20170822,20170821,210511000,3831.0,12068,239044,461859700.0,3832.0,11,3831.0,13
rb1805,20170822,20170821,210511500,3832.0,12088,239044,462626100.0,3832.0,1,3831.0,20
rb1805,20170822,20170821,210512000,3832.0,12090,239044,462702740.0,3833.0,19,3832.0,5
rb1805,20170822,20170821,210512500,3833.0,12098,239048,463009320.0,3833.0,21,3832.0,3
rb1805,20170822,20170821,210513000,3833.0,12098,239048,463009320.0,3833.0,21,3831.0,25
rb1805,20170822,20170821,210513500,3833.0,12098,239048,463009320.0,3832.0,15,3831.0,20
rb1805,20170822,20170821,210514000,3832.0,12104,239046,463239220.0,3832.0,12,3831.0,19
rb1805,20170822,20170821,210514500,3832.0,12114,239044,463622340.0,3832.0,16,3831.0,15
rb1805,20170822,20170821,210515000,3831.0,12116,239044,463698960.0,3832.0,23,3831.0,14
rb1805,20170822,20170821,210515500,3831.0,12134,239054,464388540.0,3832.0,23,3831.0,5
rb1805,20170822,20170821,210516000,3831.0,12144,239056,464771640.0,3831.0,7,3830.0,35
rb1805,20170822,20170821,210516500,3831.0,12144,239056,464771640.0,3831.0,9,3830.0,26
rb1805,20170822,20170821,210517000,3831.0,12144,239056,464771640.0,3831.0,8,3830.0,12
rb1805,20170822,20170821,210517500,3831.0,12150,239054,465001460.0,3831.0,8,3830.0,10
rb1805,20170822,20170821,210518000,3831.0,12150,239054,465001460.0,3831.0,8,3830.0,10
rb1805,20170822,20170821,210518500,3830.0,12154,239056,465154660.0,3831.0,8,3830.0,33
rb1805,20170822,20170821,210519000,3831.0,12156,239056,465231280.0,3831.0,5,3830.0,33
rb1805,20170822,20170821,210519500,3831.0,12166,239046,465614380.0,3832.0,25,3831.0,2
rb1805,20170822,20170821,210520000,3832.0,12168,239046,465691020.0,3832.0,15,3831.0,9
rb1805,20170822,20170821,210520500,3831.0,12170,239046,465767640.0,3832.0,10,3831.0,8
rb1805,20170822,20170821,210521000,3831.0,12170,239046,465767640.0,3832.0,10,3831.0,9
rb1805,20170822,20170821,210521500,3831.0,12190,239058,466533840.0,3831.0,37,3830.0,33
rb1805,20170822,20170821,210522000,3830.0,12248,239108,468755240.0,3831.0,32,3830.0,6
rb1805,20170822,20170821,210522500,3830.0,12258,239118,469138240.0,3831.0,21,3830.0,2
rb1805,20170822,20170821,210523000,3831.0,12268,239124,469521340.0,3831.0,26,3830.0,3
rb1805,20170822,20170821,210523500,3830.0,12276,239130,469827740.0,3831.0,26,3830.0,3
rb1805,20170822,20170821,210524000,3830.0,12284,239132,470134140.0,3830.0,71,3829.0,23
rb1805,20170822,20170821,210524500,3829.0,12286,239132,470210720.0,3830.0,74,3829.0,21
rb1805,20170822,20170821,210525000,3830.0,12288,239134,470287320.0,3830.0,75,3829.0,21
rb1805,20170822,20170821,210525500,3830.0,12288,239134,470287320.0,3830.0,75,3829.0,6
rb1805,20170822,20170821,210526000,3830.0,12288,239134,470287320.0,3830.0,75,3829.0,6
rb1805,20170822,20170821,210526500,3829.0,12300,239128,470746800.0,3829.0,4,3828.0,75
rb1805,20170822,20170821,210527000,3829.0,12304,239128,470899960.0,3829.0,2,3828.0,87
rb1805,20170822,20170821,210527500,3830.0,12310,239130,471129720.0,3830.0,65,3829.0,2
rb1805,20170822,20170821,210528000,3830.0,12310,239130,471129720.0,3830.0,65,3829.0,7
rb1805,20170822,20170821,210528500,3830.0,12310,239130,471129720.0,3830.0,59,3829.0,8
rb1805,20170822,20170821,210529000,3830.0,12310,239130,471129720.0,3830.0,59,3829.0,8
rb1805,20170822,20170821,210529500,3830.0,12310,239130,471129720.0,3830.0,59,3829.0,12
rb1805,20170822,20170821,210530000,3829.0,12328,239142,471818940.0,3830.0,59,3829.0,3
rb1805,20170822,20170821,210530500,3829.0,12334,239148,472048680.0,3830.0,59,3828.0,73
rb1805,20170822,20170821,210531000,3829.0,12334,239148,472048680.0,3830.0,59,3829.0,1
rb1805,20170822,20170821,210531500,3828.0,12340,239148,472278380.0,3829.0,5,3828.0,72
rb1805,20170822,20170821,210532000,3829.0,12344,239144,472431540.0,3829.0,9,3828.0,73
rb1805,20170822,20170821,210532500,3829.0,12344,239144,472431540.0,3829.0,14,3828.0,73
rb1805,20170822,20170821,210533000,3829.0,12392,239148,474269100.0,3829.0,26,3828.0,55
rb1805,20170822,20170821,210533500,3828.0,12502,239106,478479900.0,3828.0,1,3827.0,24
rb1805,20170822,20170821,210534000,3828.0,12504,239104,478556460.0,3828.0,7,3827.0,19
rb1805,20170822,20170821,210534500,3828.0,12512,239104,478862660.0,3828.0,13,3827.0,22
rb1805,20170822,20170821,210535000,3827.0,12514,239102,478939200.0,3828.0,13,3827.0,21
rb1805,20170822,20170821,210535500,3826.0,12660,239016,484525780.0,3828.0,13,3826.0,40
rb1805,20170822,20170821,210536000,3828.0,12666,239012,484755420.0,3828.0,11,3826.0,45
rb1805,20170822,20170821,210536500,3828.0,12668,239010,484831980.0,3827.0,5,3826.0,50
rb1805,20170822,20170821,210537000,3827.0,12680,239010,485291220.0,3828.0,10,3827.0,3
rb1805,20170822,20170821,210537500,3827.0,12680,239010,485291220.0,3828.0,11,3827.0,8
rb1805,20170822,20170821,210538000,3827.0,12680,239010,485291220.0,3828.0,11,3827.0,14
rb1805,20170822,20170821,210538500,3827.0,12680,239010,485291220.0,3828.0,11,3827.0,14
rb1805,20170822,20170821,210539000,3827.0,12684,239006,485444300.0,3828.0,11,3827.0,12
rb1805,20170822,20170821,210539500,3827.0,12684,239006,485444300.0,3828.0,12,3827.0,12
rb1805,20170822,20170821,210540000,3827.0,12684,239006,485444300.0,3828.0,23,3827.0,31
rb1805,20170822,20170821,210540500,3827.0,12684,239006,485444300.0,3828.0,23,3827.0,32
rb1805,20170822,20170821,210541000,3827.0,12698,238992,485980080.0,3828.0,24,3827.0,20
rb1805,20170822,20170821,210541500,3827.0,12714,238976,486592400.0,3828.0,24,3827.0,12
rb1805,20170822,20170821,210542000,3827.0,12714,238976,486592400.0,3828.0,24,3827.0,13
rb1805,20170822,20170821,210542500,3827.0,12720,238974,486822060.0,3828.0,22,3827.0,12
rb1805,20170822,20170821,210543000,3827.0,12722,238974,486898600.0,3828.0,22,3827.0,11
rb1805,20170822,20170821,210543500,3827.0,12722,238974,486898600.0,3828.0,22,3827.0,12
rb1805,20170822,20170821,210544000,3827.0,12728,238972,487128260.0,3828.0,25,3827.0,11
rb1805,20170822,20170821,210544500,3827.0,12728,238972,487128260.0,3828.0,27,3827.0,11
rb1805,20170822,20170821,210545500,3827.0,12732,238968,487281340.0,3828.0,27,3827.0,9
rb1805,20170822,20170821,210546000,3827.0,12738,238968,487510980.0,3828.0,27,3827.0,7
rb1805,20170822,20170821,210546500,3828.0,12740,238968,487587540.0,3828.0,26,3827.0,8
rb1805,20170822,20170821,210547000,3828.0,12740,238968,487587540.0,3828.0,26,3827.0,8
rb1805,20170822,20170821,210547500,3828.0,12744,238966,487740660.0,3828.0,24,3827.0,22
rb1805,20170822,20170821,210548000,3828.0,12744,238966,487740660.0,3828.0,24,3827.0,34
rb1805,20170822,20170821,210548500,3827.0,12786,238936,489348000.0,3828.0,31,3827.0,28
rb1805,20170822,20170821,210549000,3827.0,12848,238882,491720740.0,3827.0,2,3826.0,69
rb1805,20170822,20170821,210549500,3827.0,12854,238880,491950360.0,3828.0,24,3827.0,16
rb1805,20170822,20170821,210550000,3828.0,12860,238876,492180040.0,3828.0,21,3827.0,14
rb1805,20170822,20170821,210550500,3828.0,12906,238852,493940920.0,3829.0,22,3827.0,15
rb1805,20170822,20170821,210551000,3828.0,12906,238852,493940920.0,3829.0,22,3828.0,1
rb1805,20170822,20170821,210551500,3828.0,12908,238854,494017480.0,3829.0,22,3827.0,15
rb1805,20170822,20170821,210552000,3828.0,12908,238854,494017480.0,3828.0,1,3827.0,14
rb1805,20170822,20170821,210552500,3828.0,12910,238854,494094040.0,3829.0,22,3828.0,5
rb1805,20170822,20170821,210553000,3827.0,12930,238844,494859540.0,3829.0,16,3827.0,11
rb1805,20170822,20170821,210553500,3827.0,12930,238844,494859540.0,3829.0,16,3827.0,15
rb1805,20170822,20170821,210554000,3827.0,12930,238844,494859540.0,3829.0,23,3828.0,1
rb1805,20170822,20170821,210554500,3827.0,12930,238844,494859540.0,3829.0,16,3828.0,10
rb1805,20170822,20170821,210555000,3829.0,12962,238814,496084820.0,3830.0,15,3829.0,67
rb1805,20170822,20170821,210555500,3830.0,12992,238808,497233820.0,3831.0,14,3830.0,15
rb1805,20170822,20170821,210556000,3831.0,13016,238812,498153260.0,3832.0,13,3831.0,10
rb1805,20170822,20170821,210556500,3831.0,13016,238812,498153260.0,3831.0,1,3830.0,4
rb1805,20170822,20170821,210557000,3831.0,13018,238812,498229880.0,3832.0,17,3831.0,3
rb1805,20170822,20170821,210557500,3831.0,13028,238812,498612980.0,3831.0,1,3830.0,11
rb1805,20170822,20170821,210558000,3831.0,13030,238810,498689600.0,3832.0,17,3830.0,11
rb1805,20170822,20170821,210558500,3831.0,13030,238810,498689600.0,3832.0,23,3830.0,12
rb1805,20170822,20170821,210559000,3831.0,13030,238810,498689600.0,3831.0,5,3830.0,12
rb1805,20170822,20170821,210559500,3830.0,13032,238808,498766200.0,3831.0,4,3830.0,8
rb1805,20170822,20170821,210600000,3831.0,13034,238808,498842820.0,3831.0,6,3830.0,6
rb1805,20170822,20170821,210600500,3830.0,13046,238816,499302500.0,3831.0,2,3830.0,5
rb1805,20170822,20170821,210601000,3830.0,13046,238816,499302500.0,3831.0,1,3830.0,5
rb1805,20170822,20170821,210601500,3832.0,13050,238820,499455760.0,3832.0,41,3830.0,18
rb1805,20170822,20170821,210602000,3830.0,13052,238822,499532360.0,3832.0,26,3830.0,17
rb1805,20170822,20170821,210602500,3830.0,13052,238822,499532360.0,3832.0,32,3830.0,20
rb1805,20170822,20170821,210603000,3832.0,13054,238824,499609000.0,3832.0,46,3830.0,20
rb1805,20170822,20170821,210603500,3830.0,13072,238826,500298560.0,3832.0,48,3830.0,9
rb1805,20170822,20170821,210604000,3831.0,13082,238836,500681660.0,3831.0,6,3830.0,6
rb1805,20170822,20170821,210604500,3830.0,13084,238836,500758260.0,3831.0,6,3830.0,5
rb1805,20170822,20170821,210605000,3830.0,13098,238846,501294460.0,3831.0,12,3829.0,40
rb1805,20170822,20170821,210605500,3830.0,13100,238844,501371060.0,3831.0,27,3829.0,40
rb1805,20170822,20170821,210606000,3830.0,13100,238844,501371060.0,3831.0,32,3829.0,41
rb1805,20170822,20170821,210606500,3830.0,13100,238844,501371060.0,3831.0,32,3830.0,5
rb1805,20170822,20170821,210607000,3830.0,13110,238850,501754060.0,3830.0,3,3829.0,31
rb1805,20170822,20170821,210607500,3830.0,13116,238848,501983860.0,3831.0,22,3830.0,10
rb1805,20170822,20170821,210608000,3830.0,13120,238848,502137060.0,3831.0,7,3830.0,6
rb1805,20170822,20170821,210608500,3830.0,13134,238848,502673260.0,3830.0,43,3829.0,32
rb1805,20170822,20170821,210609000,3830.0,13134,238848,502673260.0,3830.0,44,3829.0,25
rb1805,20170822,20170821,210609500,3830.0,13136,238848,502749860.0,3830.0,43,3829.0,25
rb1805,20170822,20170821,210610000,3830.0,13136,238848,502749860.0,3830.0,43,3829.0,5
rb1805,20170822,20170821,210610500,3830.0,13136,238848,502749860.0,3830.0,44,3829.0,5
rb1805,20170822,20170821,210611000,3830.0,13136,238848,502749860.0,3830.0,44,3829.0,6
rb1805,20170822,20170821,210612000,3829.0,13150,238856,503285920.0,3830.0,46,3829.0,6
rb1805,20170822,20170821,210612500,3829.0,13152,238858,503362500.0,3830.0,46,3829.0,5
rb1805,20170822,20170821,210613000,3829.0,13160,238860,503668820.0,3830.0,46,3829.0,2
rb1805,20170822,20170821,210613500,3830.0,13252,238862,507192420.0,3831.0,23,3830.0,5
rb1805,20170822,20170821,210614000,3830.0,13252,238862,507192420.0,3831.0,8,3830.0,5
rb1805,20170822,20170821,210614500,3830.0,13256,238866,507345640.0,3831.0,4,3830.0,4
rb1805,20170822,20170821,210615000,3830.0,13262,238868,507575440.0,3831.0,4,3830.0,1
rb1805,20170822,20170821,210615500,3830.0,13262,238868,507575440.0,3831.0,7,3830.0,1
rb1805,20170822,20170821,210616000,3830.0,13266,238868,507728640.0,3830.0,7,3829.0,10
rb1805,20170822,20170821,210616500,3830.0,13266,238868,507728640.0,3830.0,7,3829.0,9
rb1805,20170822,20170821,210617000,3829.0,13272,238868,507958380.0,3830.0,7,3829.0,7
rb1805,20170822,20170821,210617500,3830.0,13282,238868,508341360.0,3830.0,12,3829.0,7
rb1805,20170822,20170821,210618000,3830.0,13282,238868,508341360.0,3830.0,13,3829.0,13
rb1805,20170822,20170821,210618500,3829.0,13284,238868,508417940.0,3830.0,13,3829.0,12
rb1805,20170822,20170821,210619000,3829.0,13284,238868,508417940.0,3830.0,13,3829.0,13
rb1805,20170822,20170821,210619500,3829.0,13286,238868,508494520.0,3830.0,13,3829.0,12
rb1805,20170822,20170821,210620000,3829.0,13286,238868,508494520.0,3830.0,13,3829.0,12
rb1805,20170822,20170821,210620500,3829.0,13294,238866,508800840.0,3830.0,14,3829.0,8
rb1805,20170822,20170821,210621000,3829.0,13294,238866,508800840.0,3830.0,14,3829.0,8
rb1805,20170822,20170821,210621500,3829.0,13294,238866,508800840.0,3830.0,14,3829.0,8
rb1805,20170822,20170821,210622000,3830.0,13298,238862,508954040.0,3830.0,13,3829.0,8
rb1805,20170822,20170821,210622500,3829.0,13300,238862,509030620.0,3830.0,13,3829.0,9
rb1805,20170822,20170821,210623000,3829.0,13304,238860,509183780.0,3830.0,13,3829.0,7
rb1805,20170822,20170821,210623500,3829.0,13308,238862,509336960.0,3830.0,12,3829.0,9
rb1805,20170822,20170821,210624000,3829.0,13308,238862,509336960.0,3830.0,12,3829.0,9
rb1805,20170822,20170821,210624500,3830.0,13312,238866,509490160.0,3830.0,40,3829.0,18
rb1805,20170822,20170821,210625000,3829.0,13314,238868,509566740.0,3830.0,40,3829.0,17
rb1805,20170822,20170821,210625500,3829.0,13316,238870,509643320.0,3830.0,40,3829.0,13
rb1805,20170822,20170821,210626000,3830.0,13322,238870,509873120.0,3830.0,37,3829.0,14
rb1805,20170822,20170821,210626500,3830.0,13322,238870,509873120.0,3830.0,37,3829.0,21
rb1805,20170822,20170821,210627000,3830.0,13396,238866,512707320.0,3831.0,10,3829.0,21
rb1805,20170822,20170821,210627500,3830.0,13396,238866,512707320.0,3830.0,2,3829.0,21
rb1805,20170822,20170821,210628000,3829.0,13398,238866,512783900.0,3830.0,2,3829.0,20
rb1805,20170822,20170821,210628500,3829.0,13398,238866,512783900.0,3830.0,8,3829.0,21
rb1805,20170822,20170821,210629000,3829.0,13400,238866,512860480.0,3830.0,8,3829.0,16
rb1805,20170822,20170821,210629500,3829.0,13400,238866,512860480.0,3830.0,9,3829.0,16
rb1805,20170822,20170821,210630000,3830.0,13402,238868,512937080.0,3830.0,8,3829.0,16
rb1805,20170822,20170821,210630500,3829.0,13412,238878,513319980.0,3830.0,3,3829.0,11
rb1805,20170822,20170821,210631000,3829.0,13414,238880,513396560.0,3830.0,11,3829.0,10
rb1805,20170822,20170821,210631500,3829.0,13416,238880,513473140.0,3830.0,11,3829.0,6
rb1805,20170822,20170821,210632000,3829.0,13416,238880,513473140.0,3830.0,12,3829.0,6
rb1805,20170822,20170821,210632500,3829.0,13418,238880,513549720.0,3830.0,12,3829.0,10
rb1805,20170822,20170821,210633000,3829.0,13418,238880,513549720.0,3830.0,12,3829.0,13
rb1805,20170822,20170821,210633500,3829.0,13418,238880,513549720.0,3830.0,12,3829.0,13
rb1805,20170822,20170821,210634000,3830.0,13422,238884,513702920.0,3830.0,10,3829.0,13
rb1805,20170822,20170821,210634500,3830.0,13422,238884,513702920.0,3830.0,10,3829.0,13
rb1805,20170822,20170821,210635000,3830.0,13422,238884,513702920.0,3830.0,10,3829.0,13
rb1805,20170822,20170821,210635500,3830.0,13422,238884,513702920.0,3830.0,10,3829.0,13
rb1805,20170822,20170821,210636000,3830.0,13442,238898,514468920.0,3831.0,16,3830.0,10
rb1805,20170822,20170821,210636500,3830.0,13442,238898,514468920.0,3831.0,7,3830.0,10
rb1805,20170822,20170821,210637000,3830.0,13442,238898,514468920.0,3831.0,7,3830.0,10
rb1805,20170822,20170821,210637500,3829.0,13444,238898,514545500.0,3831.0,7,3829.0,21
rb1805,20170822,20170821,210638000,3829.0,13444,238898,514545500.0,3831.0,7,3829.0,23
rb1805,20170822,20170821,210638500,3829.0,13444,238898,514545500.0,3831.0,8,3829.0,23
rb1805,20170822,20170821,210639000,3829.0,13444,238898,514545500.0,3831.0,9,3829.0,24
rb1805,20170822,20170821,210639500,3829.0,13444,238898,514545500.0,3831.0,9,3829.0,24
rb1805,20170822,20170821,210640000,3831.0,13446,238896,514622120.0,3831.0,8,3829.0,30
rb1805,20170822,20170821,210640500,3831.0,13448,238896,514698740.0,3831.0,7,3829.0,30
rb1805,20170822,20170821,210641000,3831.0,13448,238896,514698740.0,3831.0,8,3830.0,6
rb1805,20170822,20170821,210641500,3831.0,13448,238896,514698740.0,3831.0,8,3830.0,6
rb1805,20170822,20170821,210642000,3831.0,13448,238896,514698740.0,3831.0,9,3830.0,6
rb1805,20170822,20170821,210642500,3831.0,13448,238896,514698740.0,3831.0,9,3830.0,7
rb1805,20170822,20170821,210643000,3831.0,13448,238896,514698740.0,3831.0,10,3830.0,8
rb1805,20170822,20170821,210643500,3830.0,13450,238894,514775340.0,3831.0,10,3830.0,7
rb1805,20170822,20170821,210644000,3830.0,13454,238892,514928540.0,3831.0,10,3830.0,6
rb1805,20170822,20170821,210644500,3830.0,13454,238892,514928540.0,3831.0,10,3830.0,6
rb1805,20170822,20170821,210645000,3830.0,13462,238894,515234940.0,3831.0,10,3830.0,2
rb1805,20170822,20170821,210645500,3830.0,13466,238898,515388140.0,3830.0,7,3829.0,31
rb1805,20170822,20170821,210646000,3830.0,13466,238898,515388140.0,3830.0,10,3829.0,31
rb1805,20170822,20170821,210646500,3830.0,13468,238896,515464740.0,3830.0,9,3829.0,31
rb1805,20170822,20170821,210647000,3830.0,13468,238896,515464740.0,3830.0,9,3829.0,31
rb1805,20170822,20170821,210647500,3831.0,13508,238902,516996940.0,3832.0,48,3830.0,10
rb1805,20170822,20170821,210648000,3831.0,13508,238902,516996940.0,3832.0,48,3830.0,10
rb1805,20170822,20170821,210648500,3831.0,13508,238902,516996940.0,3832.0,48,3830.0,12
rb1805,20170822,20170821,210649000,3831.0,13508,238902,516996940.0,3832.0,51,3830.0,13
rb1805,20170822,20170821,210649500,3831.0,13508,238902,516996940.0,3832.0,36,3830.0,13
rb1805,20170822,20170821,210650000,3831.0,13508,238902,516996940.0,3831.0,1,3830.0,13
rb1805,20170822,20170821,210650500,3831.0,13508,238902,516996940.0,3831.0,19,3830.0,14
rb1805,20170822,20170821,210651000,3831.0,13508,238902,516996940.0,3831.0,19,3830.0,14
rb1805,20170822,20170821,210651500,3830.0,13510,238900,517073540.0,3831.0,19,3830.0,13
rb1805,20170822,20170821,210652000,3830.0,13510,238900,517073540.0,3831.0,5,3830.0,13
rb1805,20170822,20170821,210652500,3830.0,13510,238900,517073540.0,3831.0,5,3830.0,14
rb1805,20170822,20170821,210653000,3830.0,13510,238900,517073540.0,3831.0,20,3830.0,14
rb1805,20170822,20170821,210653500,3831.0,13516,238904,517303360.0,3831.0,19,3830.0,13
rb1805,20170822,20170821,210654000,3831.0,13516,238904,517303360.0,3831.0,4,3830.0,13
rb1805,20170822,20170821,210654500,3831.0,13516,238904,517303360.0,3831.0,19,3830.0,13
rb1805,20170822,20170821,210655000,3831.0,13516,238904,517303360.0,3831.0,4,3830.0,13
rb1805,20170822,20170821,210655500,3831.0,13516,238904,517303360.0,3831.0,4,3830.0,13
rb1805,20170822,20170821,210656000,3831.0,13516,238904,517303360.0,3831.0,7,3830.0,14
rb1805,20170822,20170821,210656500,3830.0,13518,238906,517379960.0,3831.0,7,3830.0,13
rb1805,20170822,20170821,210657000,3830.0,13518,238906,517379960.0,3831.0,22,3830.0,13
rb1805,20170822,20170821,210657500,3830.0,13534,238906,517992760.0,3831.0,14,3830.0,5
rb1805,20170822,20170821,210658000,3830.0,13544,238912,518375760.0,3830.0,1,3829.0,36
rb1805,20170822,20170821,210658500,3830.0,13546,238912,518452360.0,3830.0,10,3829.0,30
rb1805,20170822,20170821,210659000,3830.0,13548,238914,518528960.0,3830.0,9,3829.0,30
rb1805,20170822,20170821,210659500,3830.0,13548,238914,518528960.0,3830.0,24,3829.0,30
rb1805,20170822,20170821,210700000,3829.0,13558,238922,518911860.0,3830.0,24,3829.0,25
rb1805,20170822,20170821,210700500,3829.0,13608,238934,520826360.0,3829.0,42,3828.0,20
rb1805,20170822,20170821,210701000,3829.0,13608,238934,520826360.0,3829.0,29,3828.0,21
rb1805,20170822,20170821,210701500,3829.0,13608,238934,520826360.0,3829.0,29,3828.0,20
rb1805,20170822,20170821,210702000,3828.0,13610,238934,520902920.0,3829.0,30,3828.0,19
rb1805,20170822,20170821,210702500,3828.0,13612,238932,520979480.0,3829.0,45,3828.0,18
rb1805,20170822,20170821,210703000,3828.0,13612,238932,520979480.0,3829.0,45,3828.0,14
rb1805,20170822,20170821,210703500,3828.0,13612,238932,520979480.0,3829.0,45,3828.0,34
rb1805,20170822,20170821,210704000,3828.0,13620,238924,521285720.0,3829.0,45,3828.0,30
rb1805,20170822,20170821,210704500,3828.0,13680,238966,523582520.0,3828.0,4,3827.0,64
rb1805,20170822,20170821,210705000,3828.0,13680,238966,523582520.0,3828.0,22,3827.0,63
rb1805,20170822,20170821,210705500,3828.0,13744,238998,526031820.0,3828.0,19,3827.0,33
rb1805,20170822,20170821,210706000,3827.0,13810,239064,528557640.0,3827.0,3,3826.0,56
rb1805,20170822,20170821,210706500,3827.0,13820,239062,528940260.0,3827.0,7,3826.0,52
rb1805,20170822,20170821,210707000,3826.0,13830,239062,529322860.0,3827.0,5,3826.0,47
rb1805,20170822,20170821,210707500,3826.0,13838,239060,529628940.0,3827.0,5,3826.0,44
rb1805,20170822,20170821,210708000,3826.0,13846,239064,529935020.0,3827.0,5,3826.0,40
rb1805,20170822,20170821,210708500,3826.0,13858,239060,530394140.0,3827.0,31,3826.0,34
rb1805,20170822,20170821,210709000,3826.0,13930,239114,533148840.0,3826.0,2,3825.0,73
rb1805,20170822,20170821,210709500,3826.0,13936,239118,533378360.0,3826.0,4,3825.0,71
rb1805,20170822,20170821,210710000,3825.0,13938,239118,533454860.0,3826.0,9,3825.0,70
rb1805,20170822,20170821,210710500,3825.0,14128,239238,540721880.0,3825.0,13,3824.0,9
rb1805,20170822,20170821,210711000,3825.0,14134,239244,540951380.0,3825.0,10,3824.0,13
rb1805,20170822,20170821,210711500,3824.0,14170,239258,542328300.0,3826.0,17,3824.0,8
rb1805,20170822,20170821,210712000,3823.0,14194,239248,543246020.0,3824.0,5,3823.0,4
rb1805,20170822,20170821,210712500,3824.0,14220,239252,544239960.0,3824.0,3,3822.0,13
rb1805,20170822,20170821,210713000,3823.0,14226,239250,544469360.0,3824.0,4,3823.0,2
rb1805,20170822,20170821,210713500,3823.0,14230,239246,544622280.0,3824.0,22,3822.0,14
rb1805,20170822,20170821,210714000,3823.0,14236,239248,544851660.0,3824.0,28,3823.0,1
rb1805,20170822,20170821,210714500,3824.0,14262,239238,545845520.0,3824.0,26,3822.0,5
rb1805,20170822,20170821,210715000,3822.0,14264,239236,545921960.0,3823.0,4,3822.0,3
rb1805,20170822,20170821,210715500,3823.0,14286,239240,546762960.0,3824.0,31,3823.0,2
rb1805,20170822,20170821,210716000,3822.0,14304,239244,547451060.0,3823.0,9,3822.0,4
rb1805,20170822,20170821,210716500,3823.0,14310,239242,547680440.0,3823.0,7,3822.0,4
rb1805,20170822,20170821,210717000,3823.0,14312,239242,547756900.0,3823.0,11,3822.0,8
rb1805,20170822,20170821,210717500,3822.0,14328,239248,548368520.0,3823.0,21,3822.0,6
rb1805,20170822,20170821,210718000,3822.0,14338,239248,548750800.0,3823.0,17,3822.0,11
rb1805,20170822,20170821,210718500,3822.0,14376,239220,550203500.0,3824.0,31,3822.0,18
rb1805,20170822,20170821,210719000,3823.0,14380,239222,550356440.0,3824.0,14,3822.0,18
rb1805,20170822,20170821,210719500,3822.0,14424,239224,552038760.0,3823.0,1,3822.0,34
rb1805,20170822,20170821,210720000,3823.0,14434,239220,552421060.0,3824.0,1,3823.0,77
rb1805,20170822,20170821,210720500,3823.0,14440,239218,552650480.0,3824.0,3,3823.0,71
rb1805,20170822,20170821,210721000,3824.0,14446,239212,552879920.0,3825.0,2,3824.0,4
rb1805,20170822,20170821,210721500,3824.0,14458,239210,553338880.0,3825.0,3,3824.0,4
rb1805,20170822,20170821,210722000,3824.0,14462,239210,553491860.0,3825.0,8,3824.0,3
rb1805,20170822,20170821,210722500,3824.0,14468,239210,553721300.0,3825.0,12,3824.0,4
rb1805,20170822,20170821,210723000,3825.0,14472,239208,553874300.0,3825.0,7,3824.0,4
rb1805,20170822,20170821,210723500,3824.0,14474,239210,553950780.0,3825.0,8,3824.0,31
rb1805,20170822,20170821,210724000,3825.0,14488,239212,554486280.0,3826.0,18,3825.0,21
rb1805,20170822,20170821,210724500,3825.0,14496,239212,554792320.0,3826.0,21,3825.0,29
rb1805,20170822,20170821,210725000,3826.0,14540,239204,556475760.0,3827.0,15,3826.0,52
rb1805,20170822,20170821,210725500,3827.0,14570,239222,557623860.0,3828.0,6,3827.0,15
rb1805,20170822,20170821,210726000,3828.0,14600,239210,558772260.0,3829.0,1,3826.0,24
rb1805,20170822,20170821,210726500,3827.0,14604,239206,558925340.0,3829.0,7,3827.0,7
rb1805,20170822,20170821,210727000,3827.0,14604,239206,558925340.0,3828.0,4,3827.0,7
rb1805,20170822,20170821,210727500,3828.0,14610,239206,559155000.0,3828.0,2,3826.0,20
rb1805,20170822,20170821,210728000,3828.0,14620,239212,559537800.0,3828.0,2,3826.0,20
rb1805,20170822,20170821,210728500,3827.0,14622,239212,559614340.0,3828.0,2,3826.0,20
rb1805,20170822,20170821,210729000,3826.0,14626,239212,559767380.0,3827.0,2,3826.0,18
rb1805,20170822,20170821,210729500,3826.0,14628,239212,559843900.0,3827.0,4,3826.0,11
rb1805,20170822,20170821,210730000,3827.0,14650,239206,560685660.0,3827.0,2,3826.0,2
rb1805,20170822,20170821,210730500,3826.0,14656,239208,560915220.0,3826.0,2,3825.0,27
rb1805,20170822,20170821,210731000,3826.0,14656,239208,560915220.0,3826.0,1,3825.0,27
rb1805,20170822,20170821,210731500,3826.0,14658,239208,560991740.0,3827.0,4,3825.0,27
rb1805,20170822,20170821,210732000,3826.0,14660,239206,561068260.0,3826.0,15,3825.0,26
rb1805,20170822,20170821,210732500,3826.0,14714,239248,563133780.0,3826.0,14,3824.0,35
rb1805,20170822,20170821,210733000,3826.0,14714,239248,563133780.0,3825.0,1,3824.0,36
rb1805,20170822,20170821,210733500,3826.0,14716,239246,563210300.0,3826.0,10,3824.0,33
rb1805,20170822,20170821,210734000,3826.0,14716,239246,563210300.0,3826.0,11,3825.0,1
rb1805,20170822,20170821,210734500,3825.0,14718,239246,563286800.0,3825.0,4,3824.0,33
rb1805,20170822,20170821,210735000,3824.0,14722,239246,563439760.0,3825.0,9,3824.0,31
rb1805,20170822,20170821,210735500,3824.0,14746,239252,564357760.0,3826.0,24,3824.0,5
rb1805,20170822,20170821,210736000,3825.0,14750,239252,564510760.0,3826.0,24,3824.0,5
rb1805,20170822,20170821,210736500,3825.0,14752,239250,564587260.0,3826.0,24,3824.0,5
rb1805,20170822,20170821,210737000,3825.0,14752,239250,564587260.0,3826.0,24,3824.0,7
rb1805,20170822,20170821,210737500,3825.0,14752,239250,564587260.0,3826.0,24,3824.0,7
rb1805,20170822,20170821,210738000,3824.0,14754,239250,564663740.0,3826.0,24,3825.0,1
rb1805,20170822,20170821,210738500,3824.0,14766,239240,565122720.0,3825.0,5,3824.0,5
rb1805,20170822,20170821,210739000,3824.0,14766,239240,565122720.0,3825.0,7,3824.0,7
rb1805,20170822,20170821,210739500,3824.0,14768,239240,565199200.0,3825.0,7,3824.0,6
rb1805,20170822,20170821,210740000,3824.0,14768,239240,565199200.0,3825.0,7,3824.0,6
rb1805,20170822,20170821,210740500,3824.0,14768,239240,565199200.0,3825.0,7,3824.0,6
rb1805,20170822,20170821,210741000,3824.0,14768,239240,565199200.0,3825.0,7,3824.0,6
rb1805,20170822,20170821,210741500,3824.0,14770,239238,565275680.0,3825.0,7,3824.0,7
rb1805,20170822,20170821,210742000,3824.0,14772,239238,565352160.0,3825.0,7,3824.0,6
rb1805,20170822,20170821,210742500,3825.0,14774,239236,565428660.0,3825.0,6,3824.0,6
rb1805,20170822,20170821,210743000,3824.0,14776,239236,565505140.0,3825.0,6,3824.0,9
rb1805,20170822,20170821,210743500,3824.0,14782,239236,565734580.0,3825.0,6,3824.0,3
rb1805,20170822,20170821,210744000,3825.0,14784,239236,565811080.0,3825.0,5,3824.0,3
rb1805,20170822,20170821,210744500,3825.0,14784,239236,565811080.0,3825.0,5,3824.0,13
rb1805,20170822,20170821,210745000,3824.0,14794,239242,566193480.0,3825.0,7,3824.0,12
rb1805,20170822,20170821,210745500,3824.0,14820,239224,567187720.0,3824.0,3,3823.0,19
rb1805,20170822,20170821,210746000,3824.0,14828,239226,567493640.0,3824.0,4,3823.0,19
rb1805,20170822,20170821,210746500,3824.0,14828,239226,567493640.0,3824.0,14,3823.0,19
rb1805,20170822,20170821,210747000,3823.0,14862,239250,568793460.0,3823.0,2,3822.0,67
rb1805,20170822,20170821,210747500,3824.0,14874,239254,569252240.0,3824.0,16,3822.0,60
rb1805,20170822,20170821,210748000,3822.0,14886,239256,569710980.0,3823.0,34,3822.0,59
rb1805,20170822,20170821,210748500,3822.0,14886,239256,569710980.0,3823.0,34,3822.0,59
rb1805,20170822,20170821,210749000,3822.0,14886,239256,569710980.0,3823.0,34,3822.0,60
rb1805,20170822,20170821,210749500,3823.0,14956,239256,572387080.0,3824.0,32,3822.0,83
rb1805,20170822,20170821,210750000,3824.0,14958,239258,572463560.0,3824.0,31,3822.0,63
rb1805,20170822,20170821,210750500,3824.0,14958,239258,572463560.0,3824.0,31,3822.0,63
rb1805,20170822,20170821,210751000,3823.0,14962,239256,572616480.0,3824.0,36,3823.0,1
rb1805,20170822,20170821,210751500,3823.0,14964,239254,572692940.0,3823.0,2,3822.0,63
rb1805,20170822,20170821,210752000,3823.0,14974,239258,573075220.0,3824.0,34,3823.0,5
rb1805,20170822,20170821,210752500,3823.0,14988,239264,573610440.0,3823.0,15,3822.0,76
rb1805,20170822,20170821,210753000,3823.0,15018,239264,574757340.0,3824.0,34,3823.0,32
rb1805,20170822,20170821,210753500,3824.0,15092,239256,577587100.0,3825.0,11,3823.0,44
rb1805,20170822,20170821,210754000,3824.0,15128,239242,578964060.0,3826.0,6,3824.0,38
rb1805,20170822,20170821,210754500,3825.0,15146,239240,579652680.0,3827.0,5,3825.0,3
rb1805,20170822,20170821,210755000,3824.0,15168,239230,580494220.0,3826.0,1,3825.0,20
rb1805,20170822,20170821,210755500,3826.0,15172,239232,580647260.0,3827.0,5,3826.0,6
rb1805,20170822,20170821,210756000,3826.0,15188,239224,581259420.0,3827.0,5,3825.0,20
rb1805,20170822,20170821,210756500,3825.0,15192,239220,581412420.0,3827.0,5,3825.0,37
rb1805,20170822,20170821,210757000,3825.0,15192,239220,581412420.0,3827.0,5,3825.0,42
rb1805,20170822,20170821,210757500,3825.0,15192,239220,581412420.0,3826.0,3,3825.0,46
rb1805,20170822,20170821,210758000,3825.0,15192,239220,581412420.0,3827.0,24,3825.0,57
rb1805,20170822,20170821,210758500,3825.0,15198,239220,581641920.0,3827.0,24,3825.0,43
rb1805,20170822,20170821,210759000,3825.0,15198,239220,581641920.0,3826.0,7,3825.0,29
rb1805,20170822,20170821,210759500,3825.0,15198,239220,581641920.0,3826.0,10,3825.0,24
rb1805,20170822,20170821,210800000,3825.0,15198,239220,581641920.0,3826.0,10,3825.0,24
rb1805,20170822,20170821,210800500,3825.0,15198,239220,581641920.0,3826.0,11,3825.0,24
rb1805,20170822,20170821,210801000,3825.0,15198,239220,581641920.0,3826.0,11,3825.0,24
rb1805,20170822,20170821,210801500,3825.0,15198,239220,581641920.0,3826.0,10,3825.0,24
rb1805,20170822,20170821,210802000,3825.0,15198,239220,581641920.0,3826.0,8,3825.0,24
rb1805,20170822,20170821,210802500,3825.0,15198,239220,581641920.0,3826.0,8,3825.0,24
rb1805,20170822,20170821,210803000,3825.0,15210,239224,582101020.0,3826.0,3,3825.0,19
rb1805,20170822,20170821,210803500,3825.0,15210,239224,582101020.0,3826.0,5,3825.0,19
rb1805,20170822,20170821,210804000,3826.0,15216,239222,582330580.0,3826.0,2,3825.0,23
rb1805,20170822,20170821,210804500,3826.0,15222,239222,582560140.0,3826.0,4,3825.0,20
rb1805,20170822,20170821,210805000,3826.0,15224,239224,582636660.0,3826.0,3,3825.0,20
rb1805,20170822,20170821,210805500,3826.0,15224,239224,582636660.0,3826.0,5,3825.0,20
rb1805,20170822,20170821,210806000,3826.0,15230,239226,582866180.0,3826.0,7,3825.0,18
rb1805,20170822,20170821,210806500,3826.0,15238,239230,583172260.0,3826.0,4,3825.0,18
rb1805,20170822,20170821,210807000,3826.0,15238,239230,583172260.0,3826.0,1,3825.0,18
rb1805,20170822,20170821,210807500,3826.0,15238,239230,583172260.0,3826.0,1,3825.0,27
rb1805,20170822,20170821,210808000,3826.0,15240,239230,583248780.0,3826.0,2,3825.0,23
rb1805,20170822,20170821,210808500,3826.0,15240,239230,583248780.0,3826.0,32,3825.0,23
rb1805,20170822,20170821,210809000,3826.0,15244,239230,583401820.0,3826.0,30,3825.0,18
rb1805,20170822,20170821,210809500,3826.0,15246,239230,583478340.0,3826.0,31,3825.0,18
rb1805,20170822,20170821,210810000,3826.0,15248,239230,583554860.0,3826.0,30,3825.0,18
rb1805,20170822,20170821,210810500,3826.0,15248,239230,583554860.0,3826.0,31,3825.0,18
rb1805,20170822,20170821,210811000,3826.0,15248,239230,583554860.0,3826.0,31,3825.0,18
rb1805,20170822,20170821,210811500,3826.0,15258,239230,583937460.0,3826.0,26,3825.0,18
rb1805,20170822,20170821,210812000,3826.0,15262,239230,584090500.0,3826.0,24,3825.0,22
rb1805,20170822,20170821,210812500,3826.0,15262,239230,584090500.0,3826.0,24,3825.0,22
rb1805,20170822,20170821,210813000,3825.0,15304,239236,585697000.0,3826.0,24,3825.0,1
rb1805,20170822,20170821,210813500,3825.0,15306,239236,585773500.0,3825.0,1,3824.0,29
rb1805,20170822,20170821,210814000,3826.0,15312,239236,586003020.0,3826.0,28,3825.0,2
rb1805,20170822,20170821,210814500,3825.0,15318,239232,586232520.0,3825.0,2,3824.0,34
rb1805,20170822,20170821,210815000,3825.0,15318,239232,586232520.0,3825.0,2,3824.0,34
rb1805,20170822,20170821,210815500,3824.0,15326,239232,586538440.0,3825.0,3,3824.0,24
rb1805,20170822,20170821,210816000,3824.0,15326,239232,586538440.0,3825.0,6,3824.0,21
rb1805,20170822,20170821,210816500,3824.0,15326,239232,586538440.0,3825.0,6,3824.0,16
rb1805,20170822,20170821,210817000,3825.0,15330,239236,586691440.0,3825.0,4,3824.0,16
rb1805,20170822,20170821,210817500,3824.0,15348,239230,587379760.0,3825.0,7,3824.0,7
rb1805,20170822,20170821,210818000,3824.0,15356,239234,587685680.0,3825.0,7,3824.0,3
rb1805,20170822,20170821,210818500,3825.0,15360,239238,587838660.0,3825.0,6,3824.0,8
rb1805,20170822,20170821,210819000,3825.0,15362,239238,587915160.0,3825.0,6,3824.0,8
rb1805,20170822,20170821,210819500,3824.0,15378,239240,588527000.0,3824.0,15,3823.0,12
rb1805,20170822,20170821,210820000,3824.0,15388,239246,588909400.0,3824.0,10,3823.0,9
rb1805,20170822,20170821,210820500,3823.0,15406,239250,589597540.0,3824.0,22,3822.0,85
rb1805,20170822,20170821,210821000,3823.0,15406,239250,589597540.0,3824.0,22,3822.0,85
rb1805,20170822,20170821,210821500,3824.0,15408,239250,589674020.0,3824.0,21,3822.0,85
rb1805,20170822,20170821,210822000,3824.0,15408,239250,589674020.0,3824.0,24,3822.0,82
rb1805,20170822,20170821,210822500,3822.0,15410,239252,589750460.0,3823.0,3,3822.0,81
rb1805,20170822,20170821,210823000,3822.0,15412,239250,589826900.0,3823.0,3,3822.0,78
rb1805,20170822,20170821,210823500,3822.0,15542,239352,594795500.0,3823.0,6,3822.0,13
rb1805,20170822,20170821,210824000,3822.0,15570,239378,595865660.0,3822.0,27,3821.0,89
rb1805,20170822,20170821,210824500,3822.0,15570,239378,595865660.0,3822.0,29,3821.0,89
rb1805,20170822,20170821,210825000,3821.0,15590,239392,596629880.0,3822.0,2,3821.0,80
rb1805,20170822,20170821,210825500,3821.0,15604,239396,597164840.0,3822.0,5,3821.0,74
rb1805,20170822,20170821,210826000,3822.0,15608,239394,597317720.0,3822.0,4,3821.0,74
rb1805,20170822,20170821,210826500,3821.0,15620,239398,597776280.0,3822.0,15,3821.0,70
rb1805,20170822,20170821,210827000,3821.0,15768,239532,603431360.0,3821.0,49,3820.0,133
rb1805,20170822,20170821,210827500,3821.0,15870,239532,607328780.0,3822.0,12,3821.0,90
rb1805,20170822,20170821,210828000,3822.0,15902,239526,608551820.0,3823.0,10,3822.0,11
rb1805,20170822,20170821,210828500,3822.0,15916,239526,609086900.0,3823.0,5,3822.0,14
rb1805,20170822,20170821,210829000,3822.0,15960,239498,610768440.0,3823.0,5,3821.0,70
rb1805,20170822,20170821,210829500,3823.0,15980,239498,611533040.0,3822.0,3,3821.0,7
rb1805,20170822,20170821,210830000,3821.0,16000,239484,612297480.0,3822.0,2,3821.0,8
rb1805,20170822,20170821,210830500,3822.0,16006,239484,612526800.0,3823.0,6,3822.0,2
rb1805,20170822,20170821,210831000,3822.0,16006,239484,612526800.0,3824.0,17,3822.0,13
rb1805,20170822,20170821,210831500,3822.0,16010,239484,612679680.0,3824.0,30,3822.0,13
rb1805,20170822,20170821,210832000,3822.0,16012,239482,612756120.0,3823.0,3,3822.0,11
rb1805,20170822,20170821,210832500,3822.0,16016,239480,612909000.0,3823.0,2,3822.0,15
rb1805,20170822,20170821,210833000,3822.0,16024,239486,613214840.0,3824.0,19,3823.0,2
rb1805,20170822,20170821,210833500,3823.0,16030,239486,613444220.0,3824.0,19,3823.0,10
rb1805,20170822,20170821,210834000,3824.0,16044,239486,613979580.0,3825.0,16,3824.0,7
rb1805,20170822,20170821,210834500,3825.0,16058,239478,614515080.0,3826.0,47,3825.0,17
rb1805,20170822,20170821,210835000,3826.0,16072,239464,615050720.0,3826.0,28,3825.0,8
rb1805,20170822,20170821,210835500,3825.0,16138,239478,617575820.0,3827.0,23,3825.0,5
rb1805,20170822,20170821,210836000,3825.0,16140,239476,617652320.0,3827.0,23,3826.0,2
rb1805,20170822,20170821,210836500,3826.0,16144,239474,617805360.0,3827.0,23,3826.0,7
rb1805,20170822,20170821,210837000,3826.0,16144,239474,617805360.0,3827.0,23,3826.0,8
rb1805,20170822,20170821,210837500,3826.0,16144,239474,617805360.0,3827.0,23,3826.0,8
rb1805,20170822,20170821,210838000,3826.0,16154,239484,618187960.0,3827.0,23,3826.0,3
rb1805,20170822,20170821,210838500,3825.0,16162,239480,618494020.0,3827.0,23,3825.0,14
rb1805,20170822,20170821,210839000,3825.0,16264,239558,622397400.0,3826.0,2,3825.0,13
rb1805,20170822,20170821,210839500,3825.0,16270,239558,622626940.0,3826.0,6,3825.0,12
rb1805,20170822,20170821,210840000,3825.0,16282,239556,623085940.0,3826.0,16,3824.0,80
rb1805,20170822,20170821,210840500,3825.0,16282,239556,623085940.0,3825.0,16,3824.0,70
rb1805,20170822,20170821,210841000,3825.0,16282,239556,623085940.0,3825.0,16,3824.0,52
rb1805,20170822,20170821,210841500,3825.0,16282,239556,623085940.0,3825.0,16,3824.0,47
rb1805,20170822,20170821,210842000,3824.0,16284,239554,623162420.0,3825.0,17,3824.0,46
rb1805,20170822,20170821,210842500,3824.0,16300,239554,623774260.0,3825.0,17,3824.0,38
rb1805,20170822,20170821,210843000,3824.0,16332,239528,624997940.0,3825.0,17,3824.0,22
rb1805,20170822,20170821,210843500,3824.0,16360,239508,626068680.0,3825.0,16,3824.0,9
rb1805,20170822,20170821,210844000,3824.0,16378,239508,626757000.0,3824.0,38,3823.0,6
rb1805,20170822,20170821,210844500,3823.0,16390,239514,627215760.0,3823.0,13,3822.0,31
rb1805,20170822,20170821,210845000,3823.0,16392,239516,627292220.0,3823.0,14,3822.0,47
rb1805,20170822,20170821,210845500,3823.0,16394,239516,627368680.0,3823.0,11,3822.0,47
rb1805,20170822,20170821,210846000,3823.0,16396,239516,627445140.0,3823.0,10,3822.0,47
rb1805,20170822,20170821,210846500,3822.0,16440,239514,629126820.0,3823.0,10,3822.0,25
rb1805,20170822,20170821,210847000,3822.0,16440,239514,629126820.0,3823.0,10,3822.0,25
rb1805,20170822,20170821,210847500,3822.0,16440,239514,629126820.0,3823.0,10,3822.0,26
rb1805,20170822,20170821,210848000,3822.0,16440,239514,629126820.0,3823.0,10,3822.0,21
rb1805,20170822,20170821,210848500,3823.0,16442,239514,629203280.0,3823.0,9,3822.0,21
rb1805,20170822,20170821,210849000,3823.0,16442,239514,629203280.0,3823.0,23,3822.0,21
rb1805,20170822,20170821,210849500,3823.0,16478,239520,630579280.0,3823.0,19,3822.0,7
rb1805,20170822,20170821,210850000,3822.0,16492,239520,631114360.0,3822.0,7,3821.0,32
rb1805,20170822,20170821,210850500,3822.0,16492,239520,631114360.0,3822.0,1,3821.0,17
rb1805,20170822,20170821,210851000,3822.0,16494,239520,631190800.0,3823.0,19,3822.0,2
rb1805,20170822,20170821,210851500,3822.0,16508,239514,631725880.0,3822.0,7,3821.0,17
rb1805,20170822,20170821,210852000,3822.0,16522,239500,632260960.0,3823.0,19,3822.0,16
rb1805,20170822,20170821,210852500,3822.0,16534,239496,632719640.0,3823.0,17,3822.0,14
rb1805,20170822,20170821,210853000,3822.0,16536,239498,632796080.0,3823.0,17,3822.0,3
rb1805,20170822,20170821,210853500,3822.0,16536,239498,632796080.0,3823.0,17,3822.0,8
rb1805,20170822,20170821,210854000,3823.0,16540,239500,632948980.0,3823.0,16,3822.0,7
rb1805,20170822,20170821,210854500,3823.0,16540,239500,632948980.0,3823.0,16,3822.0,6
rb1805,20170822,20170821,210855000,3822.0,16554,239488,633484060.0,3822.0,3,3821.0,15
rb1805,20170822,20170821,210855500,3823.0,16574,239488,634248600.0,3823.0,9,3822.0,9
rb1805,20170822,20170821,210856000,3822.0,16576,239488,634325040.0,3823.0,9,3822.0,8
rb1805,20170822,20170821,210856500,3822.0,16580,239488,634477940.0,3823.0,8,3822.0,17
rb1805,20170822,20170821,210857000,3822.0,16580,239488,634477940.0,3823.0,8,3822.0,17
rb1805,20170822,20170821,210857500,3823.0,16582,239488,634554400.0,3823.0,8,3822.0,17
rb1805,20170822,20170821,210858000,3823.0,16596,239488,635089620.0,3823.0,1,3822.0,19
rb1805,20170822,20170821,210858500,3823.0,16600,239490,635242540.0,3824.0,27,3823.0,4
rb1805,20170822,20170821,210859000,3823.0,16602,239492,635319000.0,3824.0,17,3823.0,11
rb1805,20170822,20170821,210859500,3824.0,16636,239468,636619160.0,3825.0,13,3824.0,40
rb1805,20170822,20170821,210900000,3825.0,16684,239444,638455160.0,3826.0,25,3825.0,8
rb1805,20170822,20170821,210900500,3825.0,16686,239446,638531660.0,3826.0,18,3825.0,11
rb1805,20170822,20170821,210901000,3825.0,16724,239460,639985500.0,3826.0,1,3825.0,7
rb1805,20170822,20170821,210901500,3826.0,16728,239460,640138540.0,3827.0,12,3826.0,1
rb1805,20170822,20170821,210902000,3826.0,16728,239460,640138540.0,3827.0,12,3825.0,10
rb1805,20170822,20170821,210902500,3826.0,16728,239460,640138540.0,3827.0,12,3825.0,12
rb1805,20170822,20170821,210903000,3825.0,16730,239460,640215040.0,3827.0,12,3825.0,11
rb1805,20170822,20170821,210903500,3825.0,16730,239460,640215040.0,3827.0,13,3826.0,1
rb1805,20170822,20170821,210904000,3826.0,16734,239456,640368080.0,3826.0,1,3825.0,5
rb1805,20170822,20170821,210904500,3826.0,16734,239456,640368080.0,3827.0,14,3824.0,15
rb1805,20170822,20170821,210905000,3826.0,16734,239456,640368080.0,3826.0,8,3824.0,15
rb1805,20170822,20170821,210905500,3826.0,16734,239456,640368080.0,3826.0,14,3824.0,22
rb1805,20170822,20170821,210906000,3824.0,16736,239454,640444560.0,3826.0,15,3824.0,14
rb1805,20170822,20170821,210906500,3826.0,16766,239448,641591800.0,3826.0,14,3823.0,30
rb1805,20170822,20170821,210907000,3826.0,16780,239448,642127440.0,3826.0,9,3823.0,30
rb1805,20170822,20170821,210907500,3826.0,16780,239448,642127440.0,3826.0,10,3823.0,30
rb1805,20170822,20170821,210908000,3826.0,16788,239456,642433520.0,3826.0,25,3824.0,4
rb1805,20170822,20170821,210908500,3824.0,16796,239448,642739440.0,3824.0,6,3823.0,35
rb1805,20170822,20170821,210909000,3824.0,16808,239448,643198320.0,3826.0,15,3823.0,27
rb1805,20170822,20170821,210909500,3824.0,16810,239448,643274800.0,3826.0,11,3824.0,5
rb1805,20170822,20170821,210910000,3824.0,16814,239444,643427760.0,3826.0,26,3824.0,3
rb1805,20170822,20170821,210910500,3824.0,16814,239444,643427760.0,3826.0,26,3824.0,15
rb1805,20170822,20170821,210911000,3824.0,16834,239438,644192560.0,3825.0,1,3824.0,7
rb1805,20170822,20170821,210911500,3825.0,16840,239442,644422060.0,3826.0,27,3824.0,14
rb1805,20170822,20170821,210912000,3826.0,16848,239446,644728140.0,3826.0,23,3824.0,19
rb1805,20170822,20170821,210912500,3824.0,16872,239436,645645900.0,3826.0,24,3824.0,7
rb1805,20170822,20170821,210913000,3824.0,16892,239424,646410700.0,3826.0,24,3824.0,7
rb1805,20170822,20170821,210913500,3824.0,16892,239424,646410700.0,3826.0,9,3824.0,15
rb1805,20170822,20170821,210914000,3824.0,16892,239424,646410700.0,3826.0,10,3824.0,15
rb1805,20170822,20170821,210914500,3824.0,16892,239424,646410700.0,3825.0,1,3824.0,16
rb1805,20170822,20170821,210915000,3825.0,16894,239422,646487200.0,3826.0,14,3824.0,35
rb1805,20170822,20170821,210915500,3824.0,16914,239406,647252000.0,3825.0,5,3824.0,27
rb1805,20170822,20170821,210916000,3825.0,16924,239396,647634500.0,3826.0,20,3824.0,33
rb1805,20170822,20170821,210916500,3825.0,16924,239396,647634500.0,3826.0,23,3824.0,33
rb1805,20170822,20170821,210917000,3825.0,16924,239396,647634500.0,3826.0,23,3824.0,40
rb1805,20170822,20170821,210917500,3825.0,16924,239396,647634500.0,3826.0,23,3825.0,9
rb1805,20170822,20170821,210918000,3825.0,16924,239396,647634500.0,3826.0,23,3825.0,9
rb1805,20170822,20170821,210918500,3824.0,16944,239378,648399480.0,3826.0,23,3824.0,42
rb1805,20170822,20170821,210919000,3824.0,16944,239378,648399480.0,3826.0,28,3825.0,5
rb1805,20170822,20170821,210919500,3824.0,16944,239378,648399480.0,3826.0,24,3825.0,5
rb1805,20170822,20170821,210920000,3826.0,16992,239360,650235960.0,3826.0,25,3825.0,10
rb1805,20170822,20170821,210920500,3825.0,17064,239300,652990480.0,3827.0,15,3825.0,32
rb1805,20170822,20170821,210921000,3827.0,17094,239276,654138540.0,3827.0,6,3825.0,71
rb1805,20170822,20170821,210921500,3827.0,17100,239272,654368140.0,3828.0,33,3826.0,5
rb1805,20170822,20170821,210922000,3828.0,17102,239272,654444700.0,3828.0,35,3827.0,6
rb1805,20170822,20170821,210922500,3827.0,17106,239270,654597800.0,3828.0,49,3827.0,5
rb1805,20170822,20170821,210923000,3827.0,17120,239260,655133580.0,3827.0,38,3826.0,12
rb1805,20170822,20170821,210923500,3827.0,17120,239260,655133580.0,3827.0,33,3826.0,12
rb1805,20170822,20170821,210924000,3827.0,17120,239260,655133580.0,3827.0,31,3826.0,12
rb1805,20170822,20170821,210924500,3827.0,17120,239260,655133580.0,3827.0,31,3826.0,12
rb1805,20170822,20170821,210925000,3827.0,17120,239260,655133580.0,3827.0,32,3826.0,12
rb1805,20170822,20170821,210926000,3827.0,17120,239260,655133580.0,3827.0,47,3826.0,12
rb1805,20170822,20170821,210926500,3827.0,17120,239260,655133580.0,3827.0,47,3826.0,12
rb1805,20170822,20170821,210927000,3827.0,17120,239260,655133580.0,3827.0,47,3826.0,13
rb1805,20170822,20170821,210927500,3827.0,17122,239260,655210120.0,3827.0,46,3826.0,13
rb1805,20170822,20170821,210928000,3826.0,17128,239262,655439700.0,3827.0,45,3826.0,11
rb1805,20170822,20170821,210928500,3826.0,17128,239262,655439700.0,3827.0,45,3826.0,11
rb1805,20170822,20170821,210929000,3827.0,17130,239260,655516240.0,3827.0,44,3826.0,12
rb1805,20170822,20170821,210929500,3826.0,17134,239262,655669280.0,3827.0,40,3826.0,10
rb1805,20170822,20170821,210930000,3827.0,17138,239262,655822360.0,3827.0,38,3826.0,10
rb1805,20170822,20170821,210930500,3827.0,17154,239246,656434680.0,3827.0,30,3826.0,18
rb1805,20170822,20170821,210931000,3827.0,17162,239250,656740840.0,3827.0,26,3826.0,18
rb1805,20170822,20170821,210931500,3827.0,17164,239248,656817380.0,3827.0,25,3826.0,19
rb1805,20170822,20170821,210932000,3827.0,17168,239248,656970440.0,3827.0,24,3826.0,18
rb1805,20170822,20170821,210932500,3827.0,17172,239244,657123520.0,3827.0,22,3826.0,18
rb1805,20170822,20170821,210933000,3827.0,17194,239244,657965460.0,3827.0,12,3826.0,11
rb1805,20170822,20170821,210933500,3826.0,17216,239240,658807200.0,3827.0,28,3826.0,1
rb1805,20170822,20170821,210934000,3826.0,17218,239240,658883720.0,3827.0,13,3825.0,142
rb1805,20170822,20170821,210934500,3826.0,17224,239240,659113280.0,3827.0,26,3826.0,1
rb1805,20170822,20170821,210935000,3826.0,17226,239240,659189800.0,3827.0,28,3825.0,145
rb1805,20170822,20170821,210935500,3826.0,17226,239240,659189800.0,3826.0,8,3825.0,145
rb1805,20170822,20170821,210936000,3826.0,17244,239238,659878480.0,3827.0,28,3825.0,145
rb1805,20170822,20170821,210936500,3827.0,17266,239236,660720400.0,3827.0,3,3825.0,147
rb1805,20170822,20170821,210937000,3826.0,17284,239218,661409080.0,3826.0,1,3825.0,147
rb1805,20170822,20170821,210937500,3826.0,17288,239218,661562120.0,3827.0,11,3826.0,4
rb1805,20170822,20170821,210938000,3826.0,17288,239218,661562120.0,3827.0,11,3826.0,3
rb1805,20170822,20170821,210938500,3826.0,17290,239216,661638640.0,3827.0,11,3826.0,1
rb1805,20170822,20170821,210939000,3826.0,17292,239214,661715160.0,3826.0,9,3825.0,147
rb1805,20170822,20170821,210939500,3826.0,17310,239214,662403840.0,3827.0,11,3826.0,6
rb1805,20170822,20170821,210940000,3826.0,17322,239214,662862960.0,3826.0,3,3825.0,115
rb1805,20170822,20170821,210940500,3826.0,17328,239214,663092520.0,3827.0,61,3825.0,115
rb1805,20170822,20170821,210941000,3826.0,17328,239214,663092520.0,3827.0,61,3825.0,115
rb1805,20170822,20170821,210941500,3825.0,17330,239212,663169020.0,3826.0,10,3825.0,115
rb1805,20170822,20170821,210942000,3825.0,17352,239214,664010720.0,3827.0,61,3825.0,109
rb1805,20170822,20170821,210942500,3825.0,17352,239214,664010720.0,3827.0,61,3825.0,109
