instrument,tradingday,calendarday,time,lastp,volume,openinterest,turnover,ask1,asksz1,bid1,bidsz1
rb1805,20170630,20170629,183354500,3029.0,0,79650,0.0,0.0,0,0.0,0
rb1805,20170630,20170629,205900500,3037.0,14,79638,425180.0,3038.0,1,3036.0,1
rb1805,20170630,20170629,210000500,3030.0,36,79640,1091900.0,3031.0,2,3025.0,1
rb1805,20170630,20170629,210001000,3030.0,36,79640,1091900.0,3028.0,3,3025.0,1
rb1805,20170630,20170629,210001500,3030.0,36,79640,1091900.0,3028.0,6,3025.0,1
rb1805,20170630,20170629,210002000,3030.0,36,79640,1091900.0,3028.0,9,3025.0,1
rb1805,20170630,20170629,210002500,3030.0,36,79640,1091900.0,3028.0,11,3025.0,1
rb1805,20170630,20170629,210003000,3030.0,36,79640,1091900.0,3028.0,9,3025.0,1
rb1805,20170630,20170629,210004000,3028.0,38,79640,1152460.0,3028.0,2,3025.0,1
rb1805,20170630,20170629,210004500,3028.0,38,79640,1152460.0,3028.0,2,3025.0,1
rb1805,20170630,20170629,210005000,3028.0,38,79640,1152460.0,3028.0,2,3025.0,1
rb1805,20170630,20170629,210005500,3020.0,58,79626,1756940.0,3028.0,2,3020.0,1
rb1805,20170630,20170629,210006000,3033.0,68,79632,2059980.0,3033.0,49,3021.0,1
rb1805,20170630,20170629,210006500,3033.0,68,79632,2059980.0,3029.0,9,3021.0,1
rb1805,20170630,20170629,210007000,3023.0,88,79612,2664580.0,3030.0,2,3021.0,1
rb1805,20170630,20170629,210007500,3023.0,88,79612,2664580.0,3030.0,2,3021.0,4
rb1805,20170630,20170629,210008000,3023.0,88,79612,2664580.0,3029.0,1,3021.0,3
rb1805,20170630,20170629,210008500,3023.0,88,79612,2664580.0,3029.0,1,3020.0,1
rb1805,20170630,20170629,210009000,3023.0,88,79612,2664580.0,3029.0,1,3021.0,3
rb1805,20170630,20170629,210009500,3021.0,94,79612,2845840.0,3021.0,3,3020.0,1
rb1805,20170630,20170629,210010000,3021.0,104,79618,3147940.0,3028.0,18,3021.0,4
rb1805,20170630,20170629,210010500,3021.0,104,79618,3147940.0,3027.0,1,3022.0,1
rb1805,20170630,20170629,210011000,3021.0,104,79618,3147940.0,3027.0,1,3022.0,1
rb1805,20170630,20170629,210011500,3021.0,104,79618,3147940.0,3027.0,1,3026.0,1
rb1805,20170630,20170629,210012000,3025.0,108,79614,3268940.0,3025.0,1,3021.0,1
rb1805,20170630,20170629,210012500,3025.0,108,79614,3268940.0,3025.0,1,3021.0,1
rb1805,20170630,20170629,210013000,3025.0,108,79614,3268940.0,3025.0,1,3021.0,1
rb1805,20170630,20170629,210013500,3025.0,110,79612,3329440.0,3030.0,18,3027.0,1
rb1805,20170630,20170629,210014000,3025.0,110,79612,3329440.0,3033.0,49,3027.0,1
rb1805,20170630,20170629,210014500,3027.0,112,79610,3389980.0,3030.0,3,3021.0,19
rb1805,20170630,20170629,210015000,3027.0,112,79610,3389980.0,3029.0,1,3021.0,19
rb1805,20170630,20170629,210015500,3027.0,112,79610,3389980.0,3029.0,1,3021.0,19
rb1805,20170630,20170629,210016000,3027.0,112,79610,3389980.0,3029.0,4,3021.0,19
rb1805,20170630,20170629,210016500,3027.0,112,79610,3389980.0,3029.0,4,3021.0,20
rb1805,20170630,20170629,210017000,3027.0,112,79610,3389980.0,3029.0,4,3021.0,20
rb1805,20170630,20170629,210017500,3027.0,112,79610,3389980.0,3029.0,12,3022.0,5
rb1805,20170630,20170629,210018500,3027.0,112,79610,3389980.0,3029.0,12,3022.0,5
rb1805,20170630,20170629,210019000,3027.0,112,79610,3389980.0,3028.0,8,3022.0,5
rb1805,20170630,20170629,210019500,3027.0,112,79610,3389980.0,3024.0,3,3023.0,1
rb1805,20170630,20170629,210020000,3027.0,112,79610,3389980.0,3032.0,19,3022.0,5
rb1805,20170630,20170629,210020500,3027.0,112,79610,3389980.0,3026.0,3,3023.0,1
rb1805,20170630,20170629,210021000,3023.0,116,79608,3510920.0,3023.0,14,3021.0,2
rb1805,20170630,20170629,210021500,3023.0,116,79608,3510920.0,3023.0,14,3021.0,2
rb1805,20170630,20170629,210022000,3023.0,128,79608,3873680.0,3023.0,8,3021.0,2
rb1805,20170630,20170629,210022500,3023.0,130,79608,3934140.0,3023.0,7,3021.0,3
rb1805,20170630,20170629,210023500,3023.0,134,79608,4055060.0,3023.0,5,3021.0,2
rb1805,20170630,20170629,210024500,3023.0,134,79608,4055060.0,3023.0,5,3021.0,2
rb1805,20170630,20170629,210026000,3021.0,140,79608,4236360.0,3021.0,2,3020.0,4
rb1805,20170630,20170629,210026500,3021.0,140,79608,4236360.0,3021.0,2,3020.0,4
rb1805,20170630,20170629,210027000,3020.0,152,79604,4598760.0,3020.0,1,3019.0,6
rb1805,20170630,20170629,210027500,3020.0,154,79604,4659160.0,3021.0,2,3019.0,6
rb1805,20170630,20170629,210028000,3021.0,158,79604,4780000.0,3028.0,18,3020.0,1
rb1805,20170630,20170629,210028500,3021.0,158,79604,4780000.0,3027.0,4,3020.0,1
rb1805,20170630,20170629,210029000,3021.0,158,79604,4780000.0,3027.0,4,3020.0,1
rb1805,20170630,20170629,210029500,3021.0,158,79604,4780000.0,3027.0,1,3020.0,1
rb1805,20170630,20170629,210030000,3021.0,158,79604,4780000.0,3028.0,18,3022.0,1
rb1805,20170630,20170629,210030500,3021.0,158,79604,4780000.0,3028.0,4,3022.0,1
rb1805,20170630,20170629,210031500,3021.0,158,79604,4780000.0,3028.0,4,3022.0,1
rb1805,20170630,20170629,210033000,3021.0,158,79604,4780000.0,3027.0,6,3022.0,1
rb1805,20170630,20170629,210033500,3021.0,158,79604,4780000.0,3027.0,6,3022.0,1
rb1805,20170630,20170629,210034000,3021.0,158,79604,4780000.0,3027.0,9,3022.0,1
rb1805,20170630,20170629,210034500,3021.0,158,79604,4780000.0,3026.0,1,3022.0,1
rb1805,20170630,20170629,210035000,3021.0,158,79604,4780000.0,3027.0,6,3022.0,1
rb1805,20170630,20170629,210035500,3021.0,158,79604,4780000.0,3026.0,1,3022.0,1
rb1805,20170630,20170629,210036000,3021.0,158,79604,4780000.0,3026.0,1,3022.0,2
rb1805,20170630,20170629,210036500,3021.0,158,79604,4780000.0,3026.0,1,3022.0,2
rb1805,20170630,20170629,210037000,3021.0,158,79604,4780000.0,3026.0,1,3022.0,2
rb1805,20170630,20170629,210038000,3021.0,158,79604,4780000.0,3026.0,1,3022.0,2
rb1805,20170630,20170629,210039000,3026.0,160,79602,4840520.0,3027.0,6,3022.0,2
rb1805,20170630,20170629,210039500,3026.0,160,79602,4840520.0,3025.0,1,3023.0,1
rb1805,20170630,20170629,210040000,3026.0,160,79602,4840520.0,3025.0,1,3023.0,1
rb1805,20170630,20170629,210040500,3026.0,160,79602,4840520.0,3025.0,1,3023.0,1
rb1805,20170630,20170629,210041000,3026.0,160,79602,4840520.0,3025.0,1,3023.0,1
rb1805,20170630,20170629,210041500,3026.0,160,79602,4840520.0,3025.0,1,3023.0,1
rb1805,20170630,20170629,210042000,3026.0,160,79602,4840520.0,3025.0,1,3023.0,1
rb1805,20170630,20170629,210044000,3026.0,160,79602,4840520.0,3025.0,1,3023.0,1
rb1805,20170630,20170629,210044500,3026.0,160,79602,4840520.0,3025.0,1,3023.0,1
rb1805,20170630,20170629,210045000,3026.0,160,79602,4840520.0,3025.0,1,3023.0,1
rb1805,20170630,20170629,210045500,3023.0,162,79602,4900980.0,3025.0,1,3022.0,2
rb1805,20170630,20170629,210047000,3023.0,162,79602,4900980.0,3025.0,2,3022.0,4
rb1805,20170630,20170629,210047500,3023.0,162,79602,4900980.0,3025.0,52,3022.0,4
rb1805,20170630,20170629,210048000,3023.0,162,79602,4900980.0,3024.0,2,3022.0,4
rb1805,20170630,20170629,210048500,3023.0,162,79602,4900980.0,3024.0,2,3022.0,4
rb1805,20170630,20170629,210050000,3023.0,162,79602,4900980.0,3024.0,2,3022.0,4
rb1805,20170630,20170629,210050500,3023.0,162,79602,4900980.0,3024.0,2,3022.0,4
rb1805,20170630,20170629,210052000,3023.0,162,79602,4900980.0,3024.0,2,3023.0,1
rb1805,20170630,20170629,210052500,3023.0,162,79602,4900980.0,3024.0,2,3022.0,4
rb1805,20170630,20170629,210053000,3023.0,162,79602,4900980.0,3024.0,2,3022.0,5
rb1805,20170630,20170629,210053500,3023.0,162,79602,4900980.0,3024.0,2,3022.0,5
rb1805,20170630,20170629,210054500,3023.0,162,79602,4900980.0,3024.0,2,3022.0,4
rb1805,20170630,20170629,210055000,3024.0,166,79602,5021940.0,3025.0,53,3024.0,8
rb1805,20170630,20170629,210055500,3024.0,166,79602,5021940.0,3025.0,53,3024.0,8
rb1805,20170630,20170629,210056000,3024.0,166,79602,5021940.0,3025.0,53,3024.0,8
rb1805,20170630,20170629,210057500,3024.0,166,79602,5021940.0,3025.0,53,3024.0,8
rb1805,20170630,20170629,210058000,3024.0,168,79602,5082420.0,3025.0,53,3024.0,7
rb1805,20170630,20170629,210058500,3024.0,168,79602,5082420.0,3025.0,53,3024.0,7
rb1805,20170630,20170629,210059500,3024.0,168,79602,5082420.0,3025.0,53,3024.0,7
rb1805,20170630,20170629,210100000,3024.0,168,79602,5082420.0,3025.0,53,3022.0,6
rb1805,20170630,20170629,210100500,3024.0,168,79602,5082420.0,3025.0,53,3023.0,2
rb1805,20170630,20170629,210101000,3024.0,168,79602,5082420.0,3025.0,53,3024.0,1
rb1805,20170630,20170629,210101500,3024.0,168,79602,5082420.0,3025.0,53,3024.0,1
rb1805,20170630,20170629,210102000,3024.0,168,79602,5082420.0,3025.0,53,3024.0,1
rb1805,20170630,20170629,210102500,3025.0,170,79602,5142920.0,3025.0,52,3024.0,6
rb1805,20170630,20170629,210103000,3025.0,170,79602,5142920.0,3025.0,52,3024.0,5
rb1805,20170630,20170629,210103500,3025.0,184,79590,5566420.0,3025.0,45,3024.0,5
rb1805,20170630,20170629,210104000,3025.0,184,79590,5566420.0,3025.0,45,3024.0,6
rb1805,20170630,20170629,210104500,3025.0,184,79590,5566420.0,3025.0,45,3024.0,6
rb1805,20170630,20170629,210105000,3024.0,186,79590,5626900.0,3025.0,45,3024.0,5
rb1805,20170630,20170629,210105500,3025.0,188,79590,5687400.0,3025.0,44,3024.0,8
rb1805,20170630,20170629,210106500,3025.0,188,79590,5687400.0,3025.0,44,3024.0,7
rb1805,20170630,20170629,210107000,3025.0,188,79590,5687400.0,3025.0,44,3024.0,8
rb1805,20170630,20170629,210107500,3025.0,188,79590,5687400.0,3025.0,44,3024.0,5
rb1805,20170630,20170629,210108000,3025.0,188,79590,5687400.0,3025.0,44,3024.0,4
rb1805,20170630,20170629,210108500,3025.0,188,79590,5687400.0,3025.0,44,3024.0,4
rb1805,20170630,20170629,210109000,3025.0,192,79590,5808400.0,3025.0,42,3024.0,4
rb1805,20170630,20170629,210109500,3025.0,194,79588,5868900.0,3025.0,41,3024.0,4
rb1805,20170630,20170629,210110000,3025.0,194,79588,5868900.0,3025.0,41,3024.0,4
rb1805,20170630,20170629,210110500,3025.0,196,79586,5929400.0,3025.0,40,3023.0,7
rb1805,20170630,20170629,210111000,3025.0,196,79586,5929400.0,3025.0,41,3023.0,10
rb1805,20170630,20170629,210111500,3025.0,196,79586,5929400.0,3025.0,45,3023.0,10
rb1805,20170630,20170629,210112000,3025.0,196,79586,5929400.0,3025.0,45,3023.0,10
rb1805,20170630,20170629,210112500,3025.0,196,79586,5929400.0,3025.0,45,3023.0,11
rb1805,20170630,20170629,210113000,3025.0,196,79586,5929400.0,3025.0,46,3023.0,8
rb1805,20170630,20170629,210113500,3025.0,196,79586,5929400.0,3025.0,46,3023.0,7
rb1805,20170630,20170629,210114000,3025.0,196,79586,5929400.0,3025.0,47,3023.0,15
rb1805,20170630,20170629,210114500,3025.0,196,79586,5929400.0,3025.0,42,3023.0,15
rb1805,20170630,20170629,210115000,3025.0,196,79586,5929400.0,3025.0,47,3023.0,8
rb1805,20170630,20170629,210115500,3025.0,196,79586,5929400.0,3025.0,47,3023.0,8
rb1805,20170630,20170629,210116000,3025.0,200,79586,6050400.0,3025.0,45,3023.0,9
rb1805,20170630,20170629,210116500,3025.0,200,79586,6050400.0,3025.0,45,3023.0,9
rb1805,20170630,20170629,210118000,3025.0,200,79586,6050400.0,3025.0,46,3023.0,9
rb1805,20170630,20170629,210118500,3025.0,200,79586,6050400.0,3025.0,46,3023.0,9
rb1805,20170630,20170629,210119000,3025.0,200,79586,6050400.0,3025.0,46,3023.0,10
rb1805,20170630,20170629,210119500,3025.0,200,79586,6050400.0,3025.0,46,3023.0,8
rb1805,20170630,20170629,210122000,3025.0,200,79586,6050400.0,3025.0,46,3023.0,9
rb1805,20170630,20170629,210123000,3023.0,226,79578,6836380.0,3023.0,87,3022.0,4
rb1805,20170630,20170629,210123500,3023.0,228,79578,6896840.0,3023.0,86,3022.0,4
rb1805,20170630,20170629,210124000,3023.0,228,79578,6896840.0,3023.0,86,3022.0,5
rb1805,20170630,20170629,210124500,3023.0,228,79578,6896840.0,3023.0,87,3022.0,4
rb1805,20170630,20170629,210125500,3023.0,228,79578,6896840.0,3023.0,87,3022.0,5
rb1805,20170630,20170629,210126000,3023.0,228,79578,6896840.0,3023.0,92,3022.0,4
rb1805,20170630,20170629,210126500,3023.0,228,79578,6896840.0,3023.0,92,3022.0,4
rb1805,20170630,20170629,210127500,3023.0,228,79578,6896840.0,3023.0,87,3022.0,4
rb1805,20170630,20170629,210128000,3023.0,228,79578,6896840.0,3023.0,87,3022.0,4
rb1805,20170630,20170629,210128500,3023.0,232,79578,7017760.0,3023.0,85,3022.0,4
rb1805,20170630,20170629,210129000,3023.0,232,79578,7017760.0,3023.0,85,3022.0,5
rb1805,20170630,20170629,210129500,3022.0,236,79580,7138640.0,3023.0,85,3022.0,3
rb1805,20170630,20170629,210130000,3023.0,260,79556,7864160.0,3023.0,72,3022.0,2
rb1805,20170630,20170629,210130500,3023.0,264,79554,7985080.0,3023.0,70,3022.0,2
rb1805,20170630,20170629,210131000,3023.0,264,79554,7985080.0,3023.0,71,3022.0,2
rb1805,20170630,20170629,210133000,3023.0,264,79554,7985080.0,3023.0,71,3022.0,2
rb1805,20170630,20170629,210133500,3023.0,264,79554,7985080.0,3023.0,71,3022.0,3
rb1805,20170630,20170629,210135000,3023.0,264,79554,7985080.0,3023.0,71,3022.0,3
rb1805,20170630,20170629,210135500,3022.0,266,79552,8045520.0,3023.0,71,3022.0,2
rb1805,20170630,20170629,210136000,3023.0,268,79550,8105980.0,3023.0,70,3022.0,2
rb1805,20170630,20170629,210136500,3023.0,274,79544,8287360.0,3023.0,67,3022.0,2
rb1805,20170630,20170629,210137500,3023.0,274,79544,8287360.0,3023.0,67,3022.0,2
rb1805,20170630,20170629,210138500,3023.0,274,79544,8287360.0,3023.0,72,3022.0,2
rb1805,20170630,20170629,210139000,3023.0,274,79544,8287360.0,3023.0,67,3022.0,2
rb1805,20170630,20170629,210140000,3023.0,274,79544,8287360.0,3023.0,72,3022.0,2
rb1805,20170630,20170629,210140500,3023.0,274,79544,8287360.0,3023.0,67,3022.0,2
rb1805,20170630,20170629,210141000,3023.0,280,79544,8468740.0,3023.0,64,3022.0,4
rb1805,20170630,20170629,210141500,3023.0,282,79542,8529200.0,3023.0,63,3022.0,4
rb1805,20170630,20170629,210142500,3023.0,282,79542,8529200.0,3023.0,63,3022.0,4
rb1805,20170630,20170629,210143000,3023.0,292,79542,8831500.0,3023.0,58,3022.0,4
rb1805,20170630,20170629,210143500,3023.0,292,79542,8831500.0,3023.0,58,3022.0,4
rb1805,20170630,20170629,210144000,3022.0,300,79540,9073260.0,3023.0,63,3021.0,4
rb1805,20170630,20170629,210144500,3022.0,300,79540,9073260.0,3023.0,63,3022.0,1
rb1805,20170630,20170629,210145000,3022.0,300,79540,9073260.0,3023.0,58,3022.0,21
rb1805,20170630,20170629,210146000,3022.0,320,79540,9677660.0,3023.0,58,3022.0,13
rb1805,20170630,20170629,210147500,3022.0,320,79540,9677660.0,3023.0,58,3022.0,13
rb1805,20170630,20170629,210148500,3022.0,320,79540,9677660.0,3023.0,63,3022.0,13
rb1805,20170630,20170629,210149500,3022.0,324,79544,9798540.0,3023.0,63,3022.0,11
rb1805,20170630,20170629,210150000,3022.0,342,79544,10342500.0,3023.0,63,3022.0,2
rb1805,20170630,20170629,210150500,3022.0,346,79548,10463380.0,3022.0,3,3021.0,4
rb1805,20170630,20170629,210151000,3022.0,346,79548,10463380.0,3023.0,62,3021.0,4
rb1805,20170630,20170629,210151500,3022.0,346,79548,10463380.0,3023.0,62,3021.0,4
rb1805,20170630,20170629,210152500,3022.0,346,79548,10463380.0,3023.0,62,3021.0,4
rb1805,20170630,20170629,210154500,3022.0,346,79548,10463380.0,3023.0,63,3021.0,4
rb1805,20170630,20170629,210155000,3022.0,346,79548,10463380.0,3023.0,62,3021.0,4
rb1805,20170630,20170629,210156000,3022.0,346,79548,10463380.0,3023.0,62,3021.0,4
rb1805,20170630,20170629,210158500,3022.0,346,79548,10463380.0,3023.0,63,3021.0,4
rb1805,20170630,20170629,210200000,3022.0,346,79548,10463380.0,3023.0,63,3021.0,5
rb1805,20170630,20170629,210201000,3022.0,346,79548,10463380.0,3023.0,63,3022.0,5
rb1805,20170630,20170629,210201500,3022.0,356,79554,10765580.0,3023.0,63,3021.0,5
rb1805,20170630,20170629,210202000,3022.0,356,79554,10765580.0,3023.0,63,3021.0,5
rb1805,20170630,20170629,210203500,3021.0,358,79554,10826000.0,3023.0,6,3021.0,4
rb1805,20170630,20170629,210204000,3021.0,366,79552,11067680.0,3021.0,6,3020.0,14
rb1805,20170630,20170629,210204500,3021.0,366,79552,11067680.0,3021.0,8,3020.0,14
rb1805,20170630,20170629,210205000,3020.0,368,79552,11128080.0,3021.0,8,3020.0,13
rb1805,20170630,20170629,210205500,3020.0,370,79552,11188480.0,3021.0,8,3020.0,12
rb1805,20170630,20170629,210206000,3020.0,374,79550,11309300.0,3021.0,12,3020.0,10
rb1805,20170630,20170629,210206500,3020.0,374,79550,11309300.0,3021.0,12,3020.0,10
rb1805,20170630,20170629,210207000,3019.0,396,79562,11973680.0,3020.0,94,3019.0,6
rb1805,20170630,20170629,210207500,3019.0,398,79560,12034060.0,3020.0,94,3019.0,5
rb1805,20170630,20170629,210208000,3019.0,400,79558,12094440.0,3020.0,94,3019.0,4
rb1805,20170630,20170629,210208500,3019.0,402,79556,12154820.0,3020.0,94,3019.0,3
rb1805,20170630,20170629,210209000,3018.0,412,79556,12456720.0,3020.0,98,3018.0,8
rb1805,20170630,20170629,210210000,3018.0,416,79554,12577440.0,3020.0,98,3018.0,7
rb1805,20170630,20170629,210210500,3020.0,418,79554,12637840.0,3020.0,97,3018.0,7
rb1805,20170630,20170629,210211000,3018.0,420,79554,12698200.0,3020.0,97,3018.0,6
rb1805,20170630,20170629,210211500,3018.0,422,79554,12758560.0,3020.0,97,3018.0,5
rb1805,20170630,20170629,210212000,3016.0,438,79560,13241340.0,3017.0,2,3016.0,2
rb1805,20170630,20170629,210212500,3017.0,444,79558,13422360.0,3020.0,97,3017.0,5
rb1805,20170630,20170629,210213000,3017.0,456,79558,13784400.0,3020.0,98,3016.0,2
rb1805,20170630,20170629,210213500,3017.0,456,79558,13784400.0,3020.0,7,3016.0,7
rb1805,20170630,20170629,210214000,3017.0,456,79558,13784400.0,3020.0,6,3016.0,7
rb1805,20170630,20170629,210214500,3017.0,456,79558,13784400.0,3020.0,6,3016.0,7
rb1805,20170630,20170629,210215000,3017.0,456,79558,13784400.0,3020.0,6,3016.0,2
rb1805,20170630,20170629,210215500,3017.0,456,79558,13784400.0,3020.0,7,3016.0,2
rb1805,20170630,20170629,210216000,3017.0,456,79558,13784400.0,3017.0,3,3016.0,2
rb1805,20170630,20170629,210216500,3017.0,456,79558,13784400.0,3017.0,3,3016.0,2
rb1805,20170630,20170629,210217500,3016.0,460,79558,13905060.0,3017.0,2,3016.0,1
rb1805,20170630,20170629,210218000,3016.0,462,79558,13965380.0,3016.0,90,3015.0,5
rb1805,20170630,20170629,210218500,3015.0,464,79558,14025680.0,3016.0,90,3015.0,4
rb1805,20170630,20170629,210219000,3015.0,472,79556,14266880.0,3015.0,9,3014.0,2
rb1805,20170630,20170629,210219500,3014.0,484,79548,14628660.0,3015.0,4,3014.0,1
rb1805,20170630,20170629,210220000,3014.0,486,79548,14688940.0,3015.0,4,3014.0,2
rb1805,20170630,20170629,210220500,3015.0,496,79548,14990440.0,3016.0,90,3015.0,2
rb1805,20170630,20170629,210221000,3015.0,496,79548,14990440.0,3016.0,90,3011.0,2
rb1805,20170630,20170629,210221500,3012.0,498,79546,15050680.0,3016.0,90,3012.0,6
rb1805,20170630,20170629,210222000,3012.0,506,79538,15291640.0,3015.0,15,3012.0,7
rb1805,20170630,20170629,210222500,3012.0,506,79538,15291640.0,3015.0,15,3013.0,2
rb1805,20170630,20170629,210223000,3013.0,510,79534,15412140.0,3015.0,15,3013.0,2
rb1805,20170630,20170629,210223500,3013.0,510,79534,15412140.0,3015.0,16,3013.0,2
rb1805,20170630,20170629,210224000,3013.0,514,79530,15532660.0,3015.0,16,3012.0,11
rb1805,20170630,20170629,210224500,3012.0,518,79528,15653160.0,3013.0,1,3012.0,13
rb1805,20170630,20170629,210225000,3013.0,522,79528,15773680.0,3013.0,1,3012.0,9
rb1805,20170630,20170629,210225500,3012.0,526,79528,15894180.0,3015.0,16,3012.0,9
rb1805,20170630,20170629,210226000,3012.0,528,79526,15954420.0,3014.0,2,3012.0,12
rb1805,20170630,20170629,210226500,3012.0,532,79526,16074940.0,3013.0,1,3012.0,7
rb1805,20170630,20170629,210227000,3013.0,534,79526,16135200.0,3014.0,1,3013.0,3
rb1805,20170630,20170629,210227500,3013.0,540,79522,16316020.0,3015.0,16,3013.0,6
rb1805,20170630,20170629,210228000,3013.0,542,79520,16376280.0,3015.0,16,3013.0,1
rb1805,20170630,20170629,210228500,3013.0,544,79518,16436540.0,3015.0,16,3012.0,1
rb1805,20170630,20170629,210229000,3013.0,546,79516,16496800.0,3015.0,16,3013.0,2
rb1805,20170630,20170629,210229500,3013.0,546,79516,16496800.0,3015.0,16,3013.0,2
rb1805,20170630,20170629,210230000,3013.0,548,79514,16557060.0,3015.0,16,3013.0,1
rb1805,20170630,20170629,210230500,3013.0,548,79514,16557060.0,3015.0,16,3013.0,1
rb1805,20170630,20170629,210231000,3013.0,552,79512,16677620.0,3015.0,15,3012.0,6
rb1805,20170630,20170629,210231500,3013.0,552,79512,16677620.0,3015.0,15,3013.0,2
rb1805,20170630,20170629,210232000,3013.0,556,79508,16798140.0,3013.0,88,3012.0,7
rb1805,20170630,20170629,210232500,3013.0,574,79500,17340480.0,3013.0,80,3012.0,7
rb1805,20170630,20170629,210233000,3012.0,576,79498,17400720.0,3013.0,80,3012.0,8
rb1805,20170630,20170629,210233500,3013.0,674,79420,20353460.0,3013.0,31,3012.0,8
rb1805,20170630,20170629,210234000,3013.0,674,79420,20353460.0,3013.0,31,3012.0,8
rb1805,20170630,20170629,210234500,3013.0,680,79414,20534240.0,3013.0,28,3012.0,8
rb1805,20170630,20170629,210235500,3013.0,690,79404,20835540.0,3013.0,23,3012.0,8
rb1805,20170630,20170629,210236000,3013.0,692,79402,20895800.0,3013.0,22,3012.0,4
rb1805,20170630,20170629,210236500,3013.0,696,79400,21016320.0,3013.0,20,3012.0,9
rb1805,20170630,20170629,210237000,3012.0,698,79400,21076560.0,3013.0,20,3012.0,3
rb1805,20170630,20170629,210237500,3013.0,702,79396,21197080.0,3013.0,18,3012.0,3
rb1805,20170630,20170629,210238000,3013.0,702,79396,21197080.0,3013.0,18,3012.0,3
rb1805,20170630,20170629,210238500,3012.0,704,79396,21257320.0,3012.0,8,3011.0,8
rb1805,20170630,20170629,210239000,3012.0,720,79380,21739240.0,3013.0,18,3011.0,8
rb1805,20170630,20170629,210239500,3012.0,720,79380,21739240.0,3013.0,18,3012.0,1
rb1805,20170630,20170629,210240000,3012.0,722,79382,21799480.0,3013.0,19,3011.0,10
rb1805,20170630,20170629,210240500,3012.0,722,79382,21799480.0,3013.0,18,3011.0,10
rb1805,20170630,20170629,210242000,3012.0,722,79382,21799480.0,3013.0,24,3011.0,5
rb1805,20170630,20170629,210242500,3012.0,722,79382,21799480.0,3012.0,2,3011.0,5
rb1805,20170630,20170629,210243000,3012.0,726,79382,21919960.0,3013.0,24,3012.0,1
rb1805,20170630,20170629,210243500,3012.0,728,79382,21980200.0,3012.0,3,3011.0,6
rb1805,20170630,20170629,210244000,3012.0,728,79382,21980200.0,3013.0,19,3011.0,8
rb1805,20170630,20170629,210244500,3013.0,732,79382,22100720.0,3013.0,22,3011.0,8
rb1805,20170630,20170629,210245000,3013.0,732,79382,22100720.0,3013.0,22,3011.0,8
rb1805,20170630,20170629,210245500,3013.0,732,79382,22100720.0,3013.0,22,3011.0,6
rb1805,20170630,20170629,210246000,3013.0,732,79382,22100720.0,3013.0,22,3011.0,6
rb1805,20170630,20170629,210246500,3013.0,732,79382,22100720.0,3013.0,22,3011.0,6
rb1805,20170630,20170629,210247000,3013.0,732,79382,22100720.0,3013.0,21,3011.0,6
rb1805,20170630,20170629,210248000,3013.0,732,79382,22100720.0,3013.0,21,3011.0,6
rb1805,20170630,20170629,210248500,3013.0,732,79382,22100720.0,3013.0,21,3011.0,7
rb1805,20170630,20170629,210249000,3011.0,734,79384,22160940.0,3013.0,21,3012.0,1
rb1805,20170630,20170629,210249500,3012.0,736,79384,22221180.0,3012.0,2,3011.0,6
rb1805,20170630,20170629,210250000,3012.0,736,79384,22221180.0,3013.0,21,3011.0,6
rb1805,20170630,20170629,210250500,3013.0,738,79382,22281440.0,3013.0,20,3011.0,6
rb1805,20170630,20170629,210251000,3013.0,738,79382,22281440.0,3013.0,6,3011.0,6
rb1805,20170630,20170629,210251500,3013.0,738,79382,22281440.0,3013.0,1,3011.0,11
rb1805,20170630,20170629,210252000,3013.0,738,79382,22281440.0,3013.0,1,3011.0,11
rb1805,20170630,20170629,210254500,3011.0,760,79364,22943860.0,3011.0,4,3010.0,20
rb1805,20170630,20170629,210255000,3013.0,772,79364,23305220.0,3015.0,16,3013.0,8
rb1805,20170630,20170629,210255500,3013.0,772,79364,23305220.0,3015.0,21,3013.0,8
rb1805,20170630,20170629,210256000,3013.0,774,79364,23365480.0,3015.0,21,3013.0,7
rb1805,20170630,20170629,210256500,3013.0,774,79364,23365480.0,3015.0,21,3013.0,8
rb1805,20170630,20170629,210257000,3013.0,774,79364,23365480.0,3015.0,21,3013.0,8
rb1805,20170630,20170629,210258500,3013.0,774,79364,23365480.0,3015.0,21,3013.0,8
rb1805,20170630,20170629,210259000,3013.0,778,79364,23486000.0,3015.0,21,3013.0,6
rb1805,20170630,20170629,210300000,3013.0,778,79364,23486000.0,3015.0,21,3013.0,6
rb1805,20170630,20170629,210300500,3015.0,780,79364,23546300.0,3015.0,20,3013.0,6
rb1805,20170630,20170629,210301500,3015.0,780,79364,23546300.0,3015.0,21,3013.0,6
rb1805,20170630,20170629,210302000,3015.0,780,79364,23546300.0,3015.0,21,3013.0,6
rb1805,20170630,20170629,210302500,3015.0,780,79364,23546300.0,3015.0,20,3013.0,6
rb1805,20170630,20170629,210303500,3015.0,780,79364,23546300.0,3015.0,15,3013.0,6
rb1805,20170630,20170629,210304000,3015.0,780,79364,23546300.0,3015.0,15,3013.0,6
rb1805,20170630,20170629,210305000,3015.0,780,79364,23546300.0,3015.0,15,3014.0,1
rb1805,20170630,20170629,210305500,3014.0,782,79362,23606580.0,3014.0,2,3013.0,6
rb1805,20170630,20170629,210306000,3014.0,784,79362,23666860.0,3015.0,16,3013.0,6
rb1805,20170630,20170629,210306500,3014.0,784,79362,23666860.0,3015.0,15,3013.0,6
rb1805,20170630,20170629,210308000,3014.0,784,79362,23666860.0,3015.0,15,3013.0,6
rb1805,20170630,20170629,210309500,3014.0,784,79362,23666860.0,3015.0,15,3013.0,6
rb1805,20170630,20170629,210310000,3014.0,784,79362,23666860.0,3015.0,15,3013.0,6
rb1805,20170630,20170629,210311500,3014.0,784,79362,23666860.0,3015.0,15,3013.0,7
rb1805,20170630,20170629,210313000,3014.0,784,79362,23666860.0,3014.0,1,3013.0,7
rb1805,20170630,20170629,210314500,3013.0,790,79356,23847640.0,3014.0,1,3013.0,4
rb1805,20170630,20170629,210315000,3013.0,790,79356,23847640.0,3014.0,1,3013.0,4
rb1805,20170630,20170629,210315500,3013.0,790,79356,23847640.0,3014.0,1,3013.0,4
rb1805,20170630,20170629,210316000,3013.0,790,79356,23847640.0,3014.0,1,3013.0,4
rb1805,20170630,20170629,210316500,3013.0,790,79356,23847640.0,3014.0,1,3013.0,4
rb1805,20170630,20170629,210317000,3013.0,842,79316,25414840.0,3013.0,13,3012.0,3
rb1805,20170630,20170629,210317500,3013.0,868,79290,26198220.0,3015.0,15,3012.0,3
rb1805,20170630,20170629,210318000,3013.0,868,79290,26198220.0,3013.0,1,3012.0,3
rb1805,20170630,20170629,210318500,3013.0,870,79288,26258480.0,3015.0,20,3012.0,3
rb1805,20170630,20170629,210319500,3013.0,870,79288,26258480.0,3015.0,22,3012.0,4
rb1805,20170630,20170629,210320000,3013.0,870,79288,26258480.0,3015.0,22,3012.0,4
rb1805,20170630,20170629,210320500,3013.0,870,79288,26258480.0,3015.0,22,3013.0,1
rb1805,20170630,20170629,210322000,3013.0,870,79288,26258480.0,3015.0,23,3013.0,3
rb1805,20170630,20170629,210322500,3013.0,870,79288,26258480.0,3015.0,23,3013.0,3
rb1805,20170630,20170629,210323000,3013.0,870,79288,26258480.0,3015.0,23,3013.0,3
rb1805,20170630,20170629,210323500,3013.0,870,79288,26258480.0,3015.0,23,3013.0,3
rb1805,20170630,20170629,210324000,3013.0,870,79288,26258480.0,3015.0,23,3013.0,3
rb1805,20170630,20170629,210324500,3013.0,870,79288,26258480.0,3015.0,24,3013.0,3
rb1805,20170630,20170629,210325000,3013.0,870,79288,26258480.0,3015.0,25,3013.0,3
rb1805,20170630,20170629,210325500,3013.0,870,79288,26258480.0,3015.0,25,3013.0,4
rb1805,20170630,20170629,210326000,3013.0,870,79288,26258480.0,3015.0,24,3013.0,4
rb1805,20170630,20170629,210326500,3013.0,870,79288,26258480.0,3015.0,11,3013.0,11
rb1805,20170630,20170629,210327000,3013.0,870,79288,26258480.0,3014.0,1,3013.0,11
rb1805,20170630,20170629,210327500,3014.0,872,79288,26318760.0,3015.0,11,3013.0,11
rb1805,20170630,20170629,210330500,3015.0,874,79288,26379060.0,3015.0,10,3013.0,11
rb1805,20170630,20170629,210331500,3015.0,874,79288,26379060.0,3015.0,10,3013.0,11
rb1805,20170630,20170629,210332000,3015.0,874,79288,26379060.0,3015.0,10,3013.0,12
rb1805,20170630,20170629,210332500,3015.0,874,79288,26379060.0,3015.0,10,3013.0,11
rb1805,20170630,20170629,210334000,3013.0,896,79296,27041920.0,3013.0,2,3012.0,6
rb1805,20170630,20170629,210334500,3013.0,900,79296,27162440.0,3015.0,10,3012.0,6
rb1805,20170630,20170629,210335000,3013.0,900,79296,27162440.0,3013.0,1,3012.0,6
rb1805,20170630,20170629,210335500,3013.0,902,79298,27222700.0,3015.0,10,3012.0,6
rb1805,20170630,20170629,210337000,3013.0,902,79298,27222700.0,3015.0,9,3012.0,6
rb1805,20170630,20170629,210338000,3013.0,902,79298,27222700.0,3015.0,9,3012.0,6
rb1805,20170630,20170629,210338500,3012.0,914,79298,27584140.0,3012.0,3,3011.0,7
rb1805,20170630,20170629,210339000,3012.0,914,79298,27584140.0,3012.0,1,3011.0,7
rb1805,20170630,20170629,210339500,3012.0,918,79298,27704620.0,3012.0,4,3011.0,10
rb1805,20170630,20170629,210340000,3011.0,920,79296,27764840.0,3012.0,4,3011.0,6
rb1805,20170630,20170629,210341000,3011.0,920,79296,27764840.0,3012.0,4,3011.0,6
rb1805,20170630,20170629,210341500,3012.0,922,79294,27825080.0,3012.0,3,3011.0,6
rb1805,20170630,20170629,210342000,3012.0,922,79294,27825080.0,3012.0,3,3011.0,6
rb1805,20170630,20170629,210342500,3012.0,922,79294,27825080.0,3012.0,3,3011.0,6
rb1805,20170630,20170629,210343000,3012.0,936,79304,28246640.0,3012.0,2,3010.0,25
rb1805,20170630,20170629,210343500,3012.0,936,79304,28246640.0,3011.0,3,3010.0,25
rb1805,20170630,20170629,210345000,3012.0,936,79304,28246640.0,3012.0,2,3010.0,25
rb1805,20170630,20170629,210345500,3011.0,948,79304,28607900.0,3011.0,1,3010.0,22
rb1805,20170630,20170629,210347500,3011.0,948,79304,28607900.0,3011.0,1,3010.0,23
rb1805,20170630,20170629,210348000,3010.0,950,79306,28668100.0,3011.0,1,3010.0,22
rb1805,20170630,20170629,210348500,3010.0,964,79306,29089520.0,3012.0,2,3010.0,16
rb1805,20170630,20170629,210349000,3010.0,964,79306,29089520.0,3012.0,3,3010.0,16
rb1805,20170630,20170629,210350000,3010.0,964,79306,29089520.0,3012.0,3,3010.0,16
rb1805,20170630,20170629,210350500,3010.0,964,79306,29089520.0,3012.0,2,3010.0,16
rb1805,20170630,20170629,210351000,3010.0,964,79306,29089520.0,3012.0,2,3010.0,16
rb1805,20170630,20170629,210351500,3010.0,974,79306,29390520.0,3011.0,3,3010.0,11
rb1805,20170630,20170629,210352500,3010.0,974,79306,29390520.0,3011.0,2,3010.0,11
rb1805,20170630,20170629,210353000,3010.0,980,79310,29571160.0,3012.0,2,3010.0,10
rb1805,20170630,20170629,210353500,3010.0,980,79310,29571160.0,3012.0,3,3010.0,10
rb1805,20170630,20170629,210354000,3012.0,982,79308,29631400.0,3012.0,1,3010.0,10
rb1805,20170630,20170629,210355500,3012.0,982,79308,29631400.0,3012.0,1,3010.0,10
rb1805,20170630,20170629,210356000,3012.0,982,79308,29631400.0,3012.0,2,3010.0,10
rb1805,20170630,20170629,210357500,3012.0,982,79308,29631400.0,3012.0,2,3011.0,1
rb1805,20170630,20170629,210358000,3012.0,982,79308,29631400.0,3012.0,1,3011.0,2
rb1805,20170630,20170629,210359500,3012.0,982,79308,29631400.0,3012.0,1,3011.0,2
rb1805,20170630,20170629,210400000,3011.0,986,79308,29751840.0,3013.0,1,3011.0,2
rb1805,20170630,20170629,210401000,3011.0,986,79308,29751840.0,3013.0,1,3011.0,1
rb1805,20170630,20170629,210401500,3011.0,986,79308,29751840.0,3013.0,1,3012.0,1
rb1805,20170630,20170629,210402000,3011.0,986,79308,29751840.0,3013.0,1,3012.0,1
rb1805,20170630,20170629,210403000,3011.0,986,79308,29751840.0,3013.0,1,3012.0,1
rb1805,20170630,20170629,210403500,3013.0,988,79306,29812100.0,3014.0,90,3012.0,1
rb1805,20170630,20170629,210404000,3013.0,988,79306,29812100.0,3014.0,91,3012.0,1
rb1805,20170630,20170629,210404500,3012.0,990,79306,29872340.0,3014.0,91,3011.0,6
rb1805,20170630,20170629,210405000,3012.0,1004,79306,30294020.0,3012.0,13,3011.0,7
rb1805,20170630,20170629,210405500,3012.0,1004,79306,30294020.0,3012.0,13,3011.0,8
rb1805,20170630,20170629,210406000,3011.0,1010,79308,30474680.0,3012.0,13,3011.0,5
rb1805,20170630,20170629,210406500,3011.0,1014,79304,30595120.0,3012.0,13,3011.0,3
rb1805,20170630,20170629,210407000,3011.0,1016,79304,30655340.0,3012.0,13,3011.0,3
rb1805,20170630,20170629,210408000,3011.0,1016,79304,30655340.0,3012.0,13,3011.0,3
rb1805,20170630,20170629,210408500,3012.0,1024,79312,30896300.0,3012.0,9,3011.0,4
rb1805,20170630,20170629,210411000,3012.0,1024,79312,30896300.0,3012.0,9,3011.0,6
rb1805,20170630,20170629,210411500,3012.0,1024,79312,30896300.0,3012.0,9,3011.0,6
rb1805,20170630,20170629,210412000,3012.0,1024,79312,30896300.0,3012.0,9,3011.0,6
rb1805,20170630,20170629,210412500,3012.0,1024,79312,30896300.0,3012.0,9,3011.0,6
rb1805,20170630,20170629,210413000,3012.0,1024,79312,30896300.0,3012.0,9,3011.0,6
rb1805,20170630,20170629,210413500,3012.0,1024,79312,30896300.0,3012.0,9,3011.0,6
rb1805,20170630,20170629,210414000,3011.0,1032,79306,31137180.0,3012.0,9,3011.0,2
rb1805,20170630,20170629,210415000,3011.0,1034,79306,31197400.0,3012.0,9,3011.0,1
rb1805,20170630,20170629,210415500,3012.0,1040,79312,31378120.0,3012.0,6,3011.0,1
rb1805,20170630,20170629,210416000,3012.0,1044,79316,31498600.0,3012.0,4,3011.0,1
rb1805,20170630,20170629,210416500,3012.0,1044,79316,31498600.0,3012.0,4,3011.0,1
rb1805,20170630,20170629,210417000,3011.0,1048,79314,31619040.0,3012.0,4,3010.0,10
rb1805,20170630,20170629,210418500,3011.0,1048,79314,31619040.0,3011.0,2,3010.0,10
rb1805,20170630,20170629,210419000,3011.0,1048,79314,31619040.0,3011.0,2,3010.0,11
rb1805,20170630,20170629,210419500,3011.0,1048,79314,31619040.0,3011.0,2,3010.0,13
rb1805,20170630,20170629,210421000,3010.0,1052,79316,31739460.0,3011.0,1,3010.0,12
rb1805,20170630,20170629,210421500,3011.0,1054,79316,31799680.0,3012.0,4,3010.0,12
rb1805,20170630,20170629,210422000,3011.0,1054,79316,31799680.0,3012.0,4,3011.0,8
rb1805,20170630,20170629,210423500,3011.0,1054,79316,31799680.0,3012.0,4,3011.0,9
rb1805,20170630,20170629,210424500,3012.0,1062,79324,32040640.0,3014.0,90,3011.0,9
rb1805,20170630,20170629,210425000,3012.0,1062,79324,32040640.0,3013.0,2,3012.0,2
rb1805,20170630,20170629,210425500,3012.0,1062,79324,32040640.0,3013.0,2,3012.0,2
rb1805,20170630,20170629,210426500,3012.0,1062,79324,32040640.0,3013.0,2,3012.0,7
rb1805,20170630,20170629,210427500,3012.0,1062,79324,32040640.0,3013.0,2,3012.0,7
rb1805,20170630,20170629,210428000,3012.0,1062,79324,32040640.0,3013.0,3,3012.0,7
rb1805,20170630,20170629,210428500,3012.0,1062,79324,32040640.0,3013.0,3,3012.0,7
rb1805,20170630,20170629,210429000,3012.0,1062,79324,32040640.0,3013.0,3,3012.0,7
rb1805,20170630,20170629,210429500,3013.0,1064,79326,32100900.0,3013.0,2,3012.0,7
rb1805,20170630,20170629,210430000,3012.0,1066,79326,32161140.0,3013.0,2,3012.0,6
rb1805,20170630,20170629,210430500,3012.0,1084,79342,32703360.0,3012.0,18,3011.0,1
rb1805,20170630,20170629,210431000,3012.0,1120,79342,33787680.0,3012.0,3,3011.0,1
rb1805,20170630,20170629,210431500,3012.0,1126,79338,33968400.0,3015.0,6,3011.0,1
rb1805,20170630,20170629,210432000,3012.0,1126,79338,33968400.0,3015.0,6,3013.0,1
rb1805,20170630,20170629,210432500,3013.0,1128,79336,34028660.0,3015.0,6,3013.0,2
rb1805,20170630,20170629,210433500,3013.0,1128,79336,34028660.0,3015.0,6,3011.0,1
rb1805,20170630,20170629,210434500,3011.0,1136,79332,34269620.0,3011.0,1,3010.0,9
rb1805,20170630,20170629,210435000,3013.0,1142,79330,34450360.0,3015.0,6,3011.0,6
rb1805,20170630,20170629,210435500,3013.0,1142,79330,34450360.0,3015.0,7,3013.0,1
rb1805,20170630,20170629,210436000,3013.0,1142,79330,34450360.0,3015.0,7,3013.0,1
rb1805,20170630,20170629,210436500,3015.0,1152,79330,34751860.0,3014.0,1,3013.0,6
rb1805,20170630,20170629,210437000,3015.0,1154,79330,34812160.0,3015.0,1,3013.0,6
rb1805,20170630,20170629,210437500,3015.0,1154,79330,34812160.0,3015.0,1,3013.0,6
rb1805,20170630,20170629,210438000,3015.0,1154,79330,34812160.0,3015.0,1,3013.0,6
rb1805,20170630,20170629,210439000,3015.0,1154,79330,34812160.0,3015.0,2,3013.0,6
rb1805,20170630,20170629,210439500,3015.0,1156,79332,34872460.0,3015.0,1,3013.0,6
rb1805,20170630,20170629,210440000,3015.0,1156,79332,34872460.0,3015.0,1,3013.0,11
rb1805,20170630,20170629,210442000,3015.0,1156,79332,34872460.0,3015.0,6,3013.0,11
rb1805,20170630,20170629,210442500,3015.0,1156,79332,34872460.0,3015.0,7,3013.0,12
rb1805,20170630,20170629,210444000,3015.0,1156,79332,34872460.0,3015.0,6,3013.0,12
rb1805,20170630,20170629,210444500,3015.0,1156,79332,34872460.0,3015.0,7,3013.0,12
rb1805,20170630,20170629,210445000,3015.0,1160,79332,34993060.0,3016.0,2,3013.0,12
rb1805,20170630,20170629,210445500,3015.0,1160,79332,34993060.0,3016.0,2,3014.0,2
rb1805,20170630,20170629,210446000,3015.0,1160,79332,34993060.0,3016.0,2,3014.0,7
rb1805,20170630,20170629,210446500,3015.0,1160,79332,34993060.0,3016.0,2,3014.0,7
rb1805,20170630,20170629,210447000,3014.0,1162,79334,35053340.0,3016.0,2,3014.0,6
rb1805,20170630,20170629,210447500,3014.0,1162,79334,35053340.0,3015.0,3,3014.0,6
rb1805,20170630,20170629,210448000,3014.0,1162,79334,35053340.0,3015.0,3,3014.0,7
rb1805,20170630,20170629,210448500,3014.0,1164,79336,35113620.0,3015.0,3,3014.0,6
rb1805,20170630,20170629,210449000,3014.0,1164,79336,35113620.0,3015.0,3,3014.0,6
rb1805,20170630,20170629,210449500,3014.0,1164,79336,35113620.0,3015.0,3,3014.0,6
rb1805,20170630,20170629,210450000,3014.0,1164,79336,35113620.0,3015.0,3,3014.0,1
rb1805,20170630,20170629,210450500,3014.0,1164,79336,35113620.0,3015.0,3,3014.0,1
rb1805,20170630,20170629,210451000,3014.0,1164,79336,35113620.0,3015.0,4,3014.0,1
rb1805,20170630,20170629,210452000,3014.0,1164,79336,35113620.0,3015.0,5,3014.0,1
rb1805,20170630,20170629,210453000,3015.0,1166,79338,35173920.0,3015.0,4,3013.0,12
rb1805,20170630,20170629,210453500,3015.0,1166,79338,35173920.0,3015.0,3,3013.0,12
rb1805,20170630,20170629,210454000,3015.0,1166,79338,35173920.0,3015.0,3,3013.0,12
rb1805,20170630,20170629,210454500,3015.0,1166,79338,35173920.0,3015.0,3,3014.0,1
rb1805,20170630,20170629,210455000,3015.0,1166,79338,35173920.0,3015.0,3,3014.0,1
rb1805,20170630,20170629,210456000,3014.0,1168,79340,35234200.0,3014.0,9,3013.0,12
rb1805,20170630,20170629,210457000,3014.0,1168,79340,35234200.0,3014.0,9,3013.0,17
rb1805,20170630,20170629,210457500,3014.0,1168,79340,35234200.0,3014.0,10,3013.0,17
rb1805,20170630,20170629,210458000,3014.0,1176,79344,35475320.0,3014.0,6,3013.0,17
rb1805,20170630,20170629,210458500,3014.0,1176,79344,35475320.0,3014.0,6,3013.0,12
rb1805,20170630,20170629,210459000,3014.0,1176,79344,35475320.0,3014.0,6,3013.0,12
rb1805,20170630,20170629,210459500,3014.0,1176,79344,35475320.0,3014.0,6,3013.0,12
rb1805,20170630,20170629,210500000,3014.0,1176,79344,35475320.0,3014.0,6,3013.0,17
rb1805,20170630,20170629,210500500,3014.0,1188,79344,35837000.0,3015.0,3,3013.0,17
rb1805,20170630,20170629,210501000,3014.0,1188,79344,35837000.0,3015.0,3,3014.0,1
rb1805,20170630,20170629,210502500,3014.0,1188,79344,35837000.0,3015.0,3,3014.0,1
rb1805,20170630,20170629,210503000,3013.0,1198,79354,36138320.0,3015.0,3,3013.0,13
rb1805,20170630,20170629,210503500,3013.0,1198,79354,36138320.0,3015.0,3,3013.0,13
rb1805,20170630,20170629,210505000,3013.0,1198,79354,36138320.0,3015.0,3,3013.0,13
rb1805,20170630,20170629,210506000,3015.0,1200,79356,36198620.0,3015.0,2,3013.0,13
rb1805,20170630,20170629,210507000,3015.0,1200,79356,36198620.0,3015.0,2,3013.0,13
rb1805,20170630,20170629,210507500,3014.0,1202,79356,36258900.0,3015.0,2,3014.0,4
rb1805,20170630,20170629,210509500,3014.0,1202,79356,36258900.0,3015.0,2,3014.0,4
rb1805,20170630,20170629,210510000,3014.0,1202,79356,36258900.0,3015.0,2,3014.0,4
rb1805,20170630,20170629,210510500,3014.0,1202,79356,36258900.0,3015.0,7,3014.0,4
rb1805,20170630,20170629,210511500,3014.0,1210,79356,36500020.0,3014.0,46,3013.0,8
rb1805,20170630,20170629,210512000,3014.0,1210,79356,36500020.0,3014.0,46,3013.0,8
rb1805,20170630,20170629,210512500,3015.0,1314,79366,39634700.0,3015.0,1,3013.0,8
rb1805,20170630,20170629,210513000,3015.0,1314,79366,39634700.0,3016.0,3,3013.0,8
rb1805,20170630,20170629,210513500,3015.0,1314,79366,39634700.0,3016.0,3,3013.0,8
rb1805,20170630,20170629,210514000,3015.0,1314,79366,39634700.0,3016.0,4,3013.0,8
rb1805,20170630,20170629,210514500,3015.0,1314,79366,39634700.0,3015.0,1,3013.0,8
rb1805,20170630,20170629,210516500,3015.0,1314,79366,39634700.0,3015.0,1,3013.0,8
rb1805,20170630,20170629,210519500,3015.0,1314,79366,39634700.0,3015.0,1,3013.0,8
rb1805,20170630,20170629,210520000,3015.0,1314,79366,39634700.0,3015.0,1,3013.0,8
rb1805,20170630,20170629,210520500,3015.0,1316,79366,39695000.0,3016.0,3,3013.0,8
rb1805,20170630,20170629,210521000,3015.0,1316,79366,39695000.0,3015.0,3,3013.0,8
rb1805,20170630,20170629,210521500,3015.0,1316,79366,39695000.0,3016.0,15,3013.0,8
rb1805,20170630,20170629,210522500,3015.0,1316,79366,39695000.0,3016.0,16,3013.0,8
rb1805,20170630,20170629,210523000,3015.0,1316,79366,39695000.0,3016.0,4,3014.0,1
rb1805,20170630,20170629,210523500,3015.0,1316,79366,39695000.0,3016.0,4,3014.0,6
rb1805,20170630,20170629,210524000,3015.0,1316,79366,39695000.0,3016.0,4,3014.0,6
rb1805,20170630,20170629,210525500,3015.0,1316,79366,39695000.0,3015.0,1,3014.0,6
rb1805,20170630,20170629,210526000,3015.0,1316,79366,39695000.0,3015.0,1,3014.0,1
rb1805,20170630,20170629,210526500,3015.0,1316,79366,39695000.0,3015.0,1,3014.0,2
rb1805,20170630,20170629,210527500,3015.0,1316,79366,39695000.0,3015.0,1,3014.0,2
rb1805,20170630,20170629,210528000,3015.0,1316,79366,39695000.0,3015.0,1,3014.0,2
rb1805,20170630,20170629,210529500,3015.0,1316,79366,39695000.0,3015.0,2,3014.0,2
rb1805,20170630,20170629,210531000,3015.0,1316,79366,39695000.0,3015.0,2,3014.0,2
rb1805,20170630,20170629,210531500,3015.0,1320,79364,39815600.0,3016.0,3,3015.0,6
rb1805,20170630,20170629,210532000,3015.0,1320,79364,39815600.0,3016.0,3,3014.0,2
rb1805,20170630,20170629,210532500,3015.0,1320,79364,39815600.0,3016.0,3,3015.0,1
rb1805,20170630,20170629,210534500,3015.0,1320,79364,39815600.0,3016.0,3,3015.0,1
rb1805,20170630,20170629,210535000,3015.0,1320,79364,39815600.0,3016.0,3,3015.0,2
rb1805,20170630,20170629,210536500,3015.0,1320,79364,39815600.0,3016.0,3,3015.0,2
rb1805,20170630,20170629,210537500,3015.0,1320,79364,39815600.0,3016.0,3,3015.0,3
rb1805,20170630,20170629,210538500,3015.0,1320,79364,39815600.0,3016.0,3,3015.0,3
rb1805,20170630,20170629,210539500,3015.0,1320,79364,39815600.0,3016.0,3,3015.0,3
rb1805,20170630,20170629,210540000,3015.0,1320,79364,39815600.0,3016.0,3,3015.0,4
rb1805,20170630,20170629,210542000,3015.0,1320,79364,39815600.0,3016.0,3,3015.0,4
rb1805,20170630,20170629,210543000,3015.0,1320,79364,39815600.0,3016.0,6,3015.0,4
rb1805,20170630,20170629,210543500,3015.0,1322,79364,39875900.0,3016.0,9,3015.0,3
rb1805,20170630,20170629,210544000,3015.0,1336,79364,40298000.0,3015.0,2,3014.0,2
rb1805,20170630,20170629,210544500,3014.0,1340,79368,40418560.0,3015.0,12,3013.0,8
rb1805,20170630,20170629,210545000,3014.0,1340,79368,40418560.0,3015.0,7,3013.0,3
rb1805,20170630,20170629,210545500,3014.0,1340,79368,40418560.0,3014.0,3,3013.0,3
rb1805,20170630,20170629,210546000,3013.0,1346,79368,40599340.0,3013.0,1,3012.0,4
rb1805,20170630,20170629,210546500,3013.0,1346,79368,40599340.0,3014.0,3,3012.0,4
rb1805,20170630,20170629,210547000,3013.0,1346,79368,40599340.0,3015.0,4,3012.0,4
rb1805,20170630,20170629,210547500,3013.0,1346,79368,40599340.0,3014.0,2,3012.0,10
rb1805,20170630,20170629,210548000,3013.0,1346,79368,40599340.0,3014.0,2,3012.0,9
rb1805,20170630,20170629,210548500,3013.0,1346,79368,40599340.0,3014.0,2,3012.0,9
rb1805,20170630,20170629,210549500,3013.0,1346,79368,40599340.0,3014.0,2,3012.0,9
rb1805,20170630,20170629,210551000,3013.0,1346,79368,40599340.0,3014.0,2,3012.0,9
rb1805,20170630,20170629,210551500,3014.0,1350,79364,40719900.0,3015.0,2,3014.0,2
rb1805,20170630,20170629,210552000,3015.0,1354,79362,40840480.0,3015.0,1,3014.0,1
rb1805,20170630,20170629,210554000,3015.0,1354,79362,40840480.0,3015.0,1,3014.0,1
rb1805,20170630,20170629,210554500,3014.0,1356,79362,40900760.0,3015.0,1,3012.0,8
rb1805,20170630,20170629,210555000,3014.0,1356,79362,40900760.0,3015.0,1,3013.0,2
rb1805,20170630,20170629,210557000,3014.0,1356,79362,40900760.0,3015.0,3,3013.0,2
rb1805,20170630,20170629,210557500,3015.0,1358,79362,40961060.0,3015.0,2,3013.0,2
rb1805,20170630,20170629,210558000,3015.0,1358,79362,40961060.0,3015.0,2,3013.0,2
rb1805,20170630,20170629,210558500,3015.0,1358,79362,40961060.0,3015.0,14,3013.0,2
rb1805,20170630,20170629,210559500,3015.0,1358,79362,40961060.0,3015.0,14,3013.0,2
rb1805,20170630,20170629,210600000,3015.0,1358,79362,40961060.0,3015.0,14,3013.0,2
rb1805,20170630,20170629,210601500,3015.0,1358,79362,40961060.0,3015.0,14,3013.0,2
rb1805,20170630,20170629,210602500,3015.0,1358,79362,40961060.0,3014.0,1,3013.0,2
rb1805,20170630,20170629,210603500,3015.0,1358,79362,40961060.0,3014.0,1,3013.0,2
rb1805,20170630,20170629,210605500,3014.0,1360,79362,41021340.0,3015.0,14,3013.0,2
rb1805,20170630,20170629,210607500,3014.0,1360,79362,41021340.0,3015.0,14,3014.0,101
rb1805,20170630,20170629,210609000,3014.0,1360,79362,41021340.0,3015.0,14,3014.0,101
rb1805,20170630,20170629,210609500,3014.0,1360,79362,41021340.0,3015.0,2,3014.0,101
rb1805,20170630,20170629,210611500,3014.0,1364,79366,41141900.0,3015.0,2,3014.0,99
rb1805,20170630,20170629,210612500,3014.0,1366,79366,41202180.0,3015.0,2,3014.0,98
rb1805,20170630,20170629,210613000,3014.0,1366,79366,41202180.0,3015.0,30,3014.0,98
rb1805,20170630,20170629,210613500,3014.0,1374,79366,41443300.0,3015.0,30,3014.0,94
rb1805,20170630,20170629,210614000,3014.0,1376,79366,41503580.0,3015.0,30,3014.0,93
rb1805,20170630,20170629,210614500,3014.0,1382,79372,41684420.0,3015.0,30,3014.0,90
rb1805,20170630,20170629,210615000,3014.0,1382,79372,41684420.0,3015.0,32,3014.0,90
rb1805,20170630,20170629,210616000,3014.0,1396,79378,42106380.0,3015.0,32,3014.0,83
rb1805,20170630,20170629,210617000,3014.0,1396,79378,42106380.0,3015.0,30,3014.0,83
rb1805,20170630,20170629,210617500,3014.0,1396,79378,42106380.0,3015.0,30,3014.0,84
rb1805,20170630,20170629,210618000,3014.0,1396,79378,42106380.0,3015.0,30,3014.0,84
rb1805,20170630,20170629,210620000,3014.0,1436,79378,43311980.0,3015.0,30,3014.0,69
rb1805,20170630,20170629,210621000,3014.0,1436,79378,43311980.0,3015.0,30,3014.0,73
rb1805,20170630,20170629,210622500,3014.0,1436,79378,43311980.0,3015.0,30,3014.0,73
rb1805,20170630,20170629,210623000,3014.0,1436,79378,43311980.0,3015.0,30,3014.0,73
rb1805,20170630,20170629,210624500,3014.0,1436,79378,43311980.0,3015.0,30,3014.0,67
rb1805,20170630,20170629,210625000,3014.0,1436,79378,43311980.0,3015.0,32,3014.0,67
rb1805,20170630,20170629,210631500,3014.0,1436,79378,43311980.0,3015.0,32,3014.0,73
rb1805,20170630,20170629,210633000,3014.0,1436,79378,43311980.0,3015.0,32,3014.0,67
rb1805,20170630,20170629,210634500,3014.0,1436,79378,43311980.0,3015.0,32,3014.0,68
rb1805,20170630,20170629,210636500,3014.0,1436,79378,43311980.0,3015.0,32,3014.0,67
rb1805,20170630,20170629,210638500,3014.0,1436,79378,43311980.0,3015.0,34,3014.0,67
rb1805,20170630,20170629,210640000,3014.0,1436,79378,43311980.0,3015.0,34,3014.0,67
rb1805,20170630,20170629,210643000,3014.0,1436,79378,43311980.0,3015.0,32,3014.0,67
rb1805,20170630,20170629,210643500,3015.0,1438,79376,43372280.0,3015.0,31,3014.0,68
rb1805,20170630,20170629,210644500,3015.0,1438,79376,43372280.0,3015.0,32,3014.0,68
rb1805,20170630,20170629,210645000,3015.0,1440,79374,43432580.0,3015.0,31,3014.0,67
rb1805,20170630,20170629,210646500,3015.0,1440,79374,43432580.0,3015.0,33,3014.0,67
rb1805,20170630,20170629,210653500,3015.0,1440,79374,43432580.0,3015.0,31,3014.0,67
rb1805,20170630,20170629,210654500,3015.0,1440,79374,43432580.0,3015.0,31,3014.0,67
rb1805,20170630,20170629,210655500,3015.0,1440,79374,43432580.0,3015.0,33,3014.0,67
rb1805,20170630,20170629,210657500,3015.0,1440,79374,43432580.0,3015.0,33,3014.0,68
rb1805,20170630,20170629,210659000,3014.0,1444,79374,43553140.0,3015.0,33,3014.0,66
rb1805,20170630,20170629,210659500,3015.0,1450,79368,43734040.0,3015.0,30,3014.0,67
rb1805,20170630,20170629,210700000,3015.0,1450,79368,43734040.0,3015.0,30,3014.0,66
rb1805,20170630,20170629,210700500,3015.0,1450,79368,43734040.0,3015.0,32,3014.0,65
rb1805,20170630,20170629,210701000,3015.0,1452,79366,43794340.0,3015.0,31,3014.0,65
rb1805,20170630,20170629,210703000,3015.0,1452,79366,43794340.0,3015.0,29,3014.0,65
rb1805,20170630,20170629,210706000,3015.0,1454,79366,43854640.0,3015.0,28,3014.0,65
rb1805,20170630,20170629,210708500,3015.0,1454,79366,43854640.0,3015.0,28,3014.0,65
rb1805,20170630,20170629,210710500,3015.0,1454,79366,43854640.0,3015.0,28,3014.0,66
rb1805,20170630,20170629,210711000,3015.0,1458,79364,43975240.0,3015.0,26,3014.0,66
rb1805,20170630,20170629,210713000,3015.0,1458,79364,43975240.0,3015.0,26,3014.0,66
rb1805,20170630,20170629,210713500,3015.0,1462,79360,44095840.0,3015.0,24,3014.0,66
rb1805,20170630,20170629,210714500,3015.0,1464,79358,44156140.0,3015.0,23,3014.0,66
rb1805,20170630,20170629,210717500,3015.0,1464,79358,44156140.0,3015.0,23,3014.0,65
rb1805,20170630,20170629,210720500,3015.0,1464,79358,44156140.0,3015.0,23,3014.0,65
rb1805,20170630,20170629,210722000,3015.0,1464,79358,44156140.0,3015.0,23,3014.0,67
rb1805,20170630,20170629,210723500,3015.0,1468,79354,44276740.0,3015.0,21,3014.0,67
rb1805,20170630,20170629,210726000,3015.0,1468,79354,44276740.0,3015.0,21,3014.0,67
rb1805,20170630,20170629,210726500,3015.0,1478,79348,44578240.0,3015.0,16,3014.0,72
rb1805,20170630,20170629,210729000,3015.0,1478,79348,44578240.0,3015.0,16,3014.0,67
rb1805,20170630,20170629,210731000,3015.0,1478,79348,44578240.0,3015.0,14,3014.0,68
rb1805,20170630,20170629,210731500,3015.0,1480,79348,44638540.0,3015.0,13,3014.0,68
rb1805,20170630,20170629,210734000,3015.0,1480,79348,44638540.0,3015.0,13,3014.0,68
rb1805,20170630,20170629,210734500,3015.0,1480,79348,44638540.0,3015.0,13,3014.0,68
rb1805,20170630,20170629,210735000,3015.0,1482,79348,44698840.0,3015.0,12,3014.0,68
rb1805,20170630,20170629,210736000,3015.0,1482,79348,44698840.0,3015.0,12,3014.0,68
rb1805,20170630,20170629,210737500,3015.0,1502,79332,45301820.0,3015.0,3,3014.0,67
rb1805,20170630,20170629,210738000,3015.0,1502,79332,45301820.0,3015.0,5,3014.0,66
rb1805,20170630,20170629,210740000,3015.0,1512,79338,45603320.0,3016.0,6,3014.0,66
rb1805,20170630,20170629,210742000,3015.0,1512,79338,45603320.0,3016.0,6,3014.0,66
rb1805,20170630,20170629,210744500,3015.0,1512,79338,45603320.0,3016.0,6,3015.0,1
rb1805,20170630,20170629,210745000,3015.0,1514,79340,45663620.0,3015.0,2,3014.0,66
rb1805,20170630,20170629,210745500,3015.0,1514,79340,45663620.0,3016.0,4,3014.0,66
rb1805,20170630,20170629,210748500,3014.0,1518,79340,45784180.0,3016.0,4,3014.0,64
rb1805,20170630,20170629,210749500,3014.0,1518,79340,45784180.0,3016.0,5,3014.0,64
rb1805,20170630,20170629,210750000,3014.0,1518,79340,45784180.0,3016.0,17,3014.0,64
rb1805,20170630,20170629,210750500,3016.0,1520,79340,45844500.0,3016.0,15,3014.0,64
rb1805,20170630,20170629,210751000,3015.0,1546,79332,46628580.0,3015.0,56,3014.0,69
rb1805,20170630,20170629,210751500,3015.0,1546,79332,46628580.0,3015.0,56,3014.0,69
rb1805,20170630,20170629,210752000,3015.0,1564,79330,47171280.0,3015.0,47,3014.0,69
rb1805,20170630,20170629,210752500,3015.0,1566,79330,47231580.0,3015.0,46,3014.0,69
rb1805,20170630,20170629,210753500,3015.0,1572,79330,47412480.0,3015.0,43,3014.0,69
rb1805,20170630,20170629,210754500,3015.0,1576,79330,47533080.0,3015.0,41,3014.0,69
rb1805,20170630,20170629,210755500,3015.0,1576,79330,47533080.0,3015.0,41,3014.0,69
rb1805,20170630,20170629,210756000,3015.0,1576,79330,47533080.0,3015.0,41,3014.0,69
rb1805,20170630,20170629,210756500,3015.0,1588,79318,47894880.0,3015.0,35,3014.0,69
rb1805,20170630,20170629,210758000,3015.0,1588,79318,47894880.0,3015.0,35,3014.0,70
rb1805,20170630,20170629,210759000,3015.0,1588,79318,47894880.0,3016.0,2,3014.0,65
rb1805,20170630,20170629,210801500,3015.0,1588,79318,47894880.0,3016.0,2,3014.0,65
rb1805,20170630,20170629,210804500,3015.0,1588,79318,47894880.0,3016.0,7,3014.0,65
rb1805,20170630,20170629,210806000,3015.0,1588,79318,47894880.0,3016.0,2,3014.0,71
rb1805,20170630,20170629,210808500,3016.0,1590,79318,47955200.0,3016.0,1,3014.0,71
rb1805,20170630,20170629,210809000,3016.0,1592,79316,48015520.0,3017.0,2,3015.0,2
rb1805,20170630,20170629,210809500,3016.0,1592,79316,48015520.0,3017.0,2,3015.0,7
rb1805,20170630,20170629,210810500,3016.0,1592,79316,48015520.0,3016.0,1,3015.0,7
rb1805,20170630,20170629,210811000,3016.0,1594,79316,48075840.0,3016.0,2,3015.0,7
rb1805,20170630,20170629,210811500,3016.0,1594,79316,48075840.0,3016.0,3,3015.0,8
rb1805,20170630,20170629,210812000,3016.0,1600,79314,48256800.0,3017.0,2,3016.0,8
rb1805,20170630,20170629,210812500,3017.0,1602,79312,48317140.0,3017.0,1,3016.0,3
rb1805,20170630,20170629,210813500,3017.0,1604,79314,48377480.0,3018.0,3,3017.0,4
rb1805,20170630,20170629,210814000,3017.0,1604,79314,48377480.0,3018.0,3,3017.0,5
rb1805,20170630,20170629,210814500,3017.0,1604,79314,48377480.0,3018.0,3,3017.0,5
rb1805,20170630,20170629,210815000,3017.0,1604,79314,48377480.0,3018.0,3,3016.0,6
rb1805,20170630,20170629,210815500,3018.0,1610,79314,48558560.0,3019.0,1,3018.0,4
rb1805,20170630,20170629,210816000,3018.0,1610,79314,48558560.0,3019.0,1,3016.0,6
rb1805,20170630,20170629,210816500,3018.0,1610,79314,48558560.0,3019.0,6,3017.0,3
rb1805,20170630,20170629,210817000,3018.0,1610,79314,48558560.0,3019.0,6,3018.0,1
rb1805,20170630,20170629,210817500,3018.0,1610,79314,48558560.0,3019.0,1,3018.0,1
rb1805,20170630,20170629,210818500,3018.0,1610,79314,48558560.0,3019.0,1,3018.0,1
rb1805,20170630,20170629,210820500,3018.0,1610,79314,48558560.0,3019.0,1,3018.0,1
rb1805,20170630,20170629,210821000,3018.0,1610,79314,48558560.0,3019.0,2,3018.0,1
rb1805,20170630,20170629,210821500,3018.0,1612,79314,48618920.0,3019.0,2,3017.0,2
rb1805,20170630,20170629,210822000,3019.0,1618,79312,48800040.0,3020.0,3,3019.0,18
rb1805,20170630,20170629,210822500,3019.0,1618,79312,48800040.0,3020.0,3,3019.0,18
rb1805,20170630,20170629,210824500,3019.0,1618,79312,48800040.0,3020.0,3,3019.0,18
rb1805,20170630,20170629,210826000,3019.0,1618,79312,48800040.0,3020.0,3,3019.0,18
rb1805,20170630,20170629,210826500,3019.0,1618,79312,48800040.0,3020.0,3,3019.0,38
rb1805,20170630,20170629,210827000,3019.0,1618,79312,48800040.0,3020.0,3,3019.0,38
rb1805,20170630,20170629,210827500,3020.0,1624,79310,48981240.0,3021.0,5,3020.0,15
rb1805,20170630,20170629,210828000,3020.0,1632,79306,49222840.0,3021.0,5,3020.0,11
rb1805,20170630,20170629,210828500,3020.0,1642,79296,49524840.0,3021.0,5,3020.0,11
rb1805,20170630,20170629,210829000,3021.0,1654,79294,49887340.0,3022.0,2,3021.0,15
rb1805,20170630,20170629,210829500,3021.0,1684,79300,50793640.0,3021.0,13,3020.0,11
rb1805,20170630,20170629,210830000,3021.0,1684,79300,50793640.0,3021.0,5,3020.0,11
rb1805,20170630,20170629,210830500,3021.0,1688,79304,50914480.0,3021.0,3,3020.0,11
rb1805,20170630,20170629,210831000,3020.0,1702,79308,51337280.0,3021.0,2,3020.0,4
rb1805,20170630,20170629,210831500,3020.0,1702,79308,51337280.0,3021.0,14,3020.0,4
rb1805,20170630,20170629,210832000,3020.0,1710,79306,51578880.0,3021.0,14,3019.0,20
rb1805,20170630,20170629,210833000,3020.0,1710,79306,51578880.0,3021.0,14,3019.0,20
rb1805,20170630,20170629,210833500,3020.0,1710,79306,51578880.0,3021.0,14,3019.0,24
rb1805,20170630,20170629,210834500,3021.0,1718,79314,51820560.0,3021.0,10,3019.0,24
rb1805,20170630,20170629,210835000,3021.0,1718,79314,51820560.0,3021.0,10,3019.0,24
rb1805,20170630,20170629,210835500,3021.0,1720,79316,51880980.0,3021.0,9,3019.0,24
rb1805,20170630,20170629,210836000,3021.0,1720,79316,51880980.0,3021.0,9,3019.0,24
rb1805,20170630,20170629,210837000,3021.0,1720,79316,51880980.0,3021.0,9,3019.0,24
rb1805,20170630,20170629,210837500,3021.0,1720,79316,51880980.0,3020.0,1,3019.0,24
rb1805,20170630,20170629,210838000,3021.0,1720,79316,51880980.0,3020.0,1,3019.0,24
rb1805,20170630,20170629,210838500,3021.0,1720,79316,51880980.0,3020.0,1,3019.0,24
rb1805,20170630,20170629,210840000,3021.0,1720,79316,51880980.0,3020.0,6,3019.0,20
rb1805,20170630,20170629,210840500,3021.0,1720,79316,51880980.0,3020.0,6,3019.0,20
rb1805,20170630,20170629,210841000,3021.0,1720,79316,51880980.0,3020.0,6,3019.0,20
rb1805,20170630,20170629,210841500,3021.0,1720,79316,51880980.0,3020.0,1,3019.0,20
rb1805,20170630,20170629,210842500,3021.0,1722,79316,51941400.0,3021.0,30,3019.0,20
rb1805,20170630,20170629,210844000,3021.0,1722,79316,51941400.0,3021.0,30,3020.0,2
rb1805,20170630,20170629,210844500,3021.0,1722,79316,51941400.0,3021.0,31,3020.0,2
rb1805,20170630,20170629,210845000,3021.0,1722,79316,51941400.0,3021.0,31,3020.0,3
rb1805,20170630,20170629,210845500,3021.0,1722,79316,51941400.0,3021.0,31,3020.0,3
rb1805,20170630,20170629,210846000,3021.0,1722,79316,51941400.0,3021.0,31,3020.0,3
rb1805,20170630,20170629,210846500,3021.0,1722,79316,51941400.0,3021.0,31,3020.0,3
rb1805,20170630,20170629,210847000,3020.0,1730,79322,52183000.0,3020.0,3,3019.0,20
rb1805,20170630,20170629,210847500,3020.0,1730,79322,52183000.0,3021.0,33,3019.0,20
rb1805,20170630,20170629,210848000,3021.0,1732,79324,52243420.0,3021.0,32,3019.0,20
rb1805,20170630,20170629,210848500,3021.0,1732,79324,52243420.0,3021.0,32,3019.0,20
rb1805,20170630,20170629,210850500,3021.0,1732,79324,52243420.0,3021.0,32,3019.0,20
rb1805,20170630,20170629,210851500,3021.0,1732,79324,52243420.0,3020.0,2,3019.0,20
rb1805,20170630,20170629,210853500,3021.0,1732,79324,52243420.0,3020.0,2,3019.0,20
rb1805,20170630,20170629,210854000,3021.0,1732,79324,52243420.0,3020.0,2,3019.0,20
rb1805,20170630,20170629,210854500,3021.0,1732,79324,52243420.0,3020.0,3,3019.0,20
rb1805,20170630,20170629,210855000,3021.0,1732,79324,52243420.0,3020.0,13,3019.0,20
rb1805,20170630,20170629,210859000,3021.0,1732,79324,52243420.0,3020.0,14,3019.0,20
rb1805,20170630,20170629,210859500,3020.0,1746,79312,52666220.0,3020.0,7,3019.0,20
rb1805,20170630,20170629,210900000,3020.0,1748,79312,52726620.0,3020.0,6,3019.0,20
rb1805,20170630,20170629,210900500,3020.0,1748,79312,52726620.0,3020.0,6,3018.0,5
rb1805,20170630,20170629,210901500,3020.0,1748,79312,52726620.0,3020.0,7,3018.0,5
rb1805,20170630,20170629,210902000,3020.0,1748,79312,52726620.0,3020.0,12,3018.0,1
rb1805,20170630,20170629,210902500,3020.0,1748,79312,52726620.0,3020.0,7,3018.0,1
rb1805,20170630,20170629,210903000,3020.0,1748,79312,52726620.0,3019.0,5,3018.0,1
rb1805,20170630,20170629,210903500,3020.0,1748,79312,52726620.0,3019.0,5,3018.0,1
rb1805,20170630,20170629,210904000,3020.0,1748,79312,52726620.0,3020.0,7,3018.0,1
rb1805,20170630,20170629,210904500,3020.0,1748,79312,52726620.0,3020.0,12,3018.0,1
rb1805,20170630,20170629,210905000,3020.0,1748,79312,52726620.0,3020.0,7,3018.0,1
rb1805,20170630,20170629,210905500,3020.0,1748,79312,52726620.0,3020.0,12,3018.0,1
rb1805,20170630,20170629,210906000,3020.0,1748,79312,52726620.0,3020.0,12,3018.0,1
rb1805,20170630,20170629,210907000,3020.0,1748,79312,52726620.0,3020.0,14,3018.0,1
rb1805,20170630,20170629,210909000,3020.0,1748,79312,52726620.0,3020.0,14,3018.0,2
rb1805,20170630,20170629,210909500,3020.0,1748,79312,52726620.0,3020.0,14,3018.0,2
rb1805,20170630,20170629,210910500,3020.0,1748,79312,52726620.0,3020.0,14,3018.0,2
rb1805,20170630,20170629,210911000,3020.0,1748,79312,52726620.0,3020.0,14,3018.0,2
rb1805,20170630,20170629,210912500,3020.0,1748,79312,52726620.0,3019.0,1,3018.0,2
rb1805,20170630,20170629,210913000,3018.0,1750,79314,52786980.0,3019.0,1,3018.0,1
rb1805,20170630,20170629,210915000,3018.0,1750,79314,52786980.0,3019.0,1,3018.0,5
rb1805,20170630,20170629,210915500,3019.0,1752,79312,52847360.0,3020.0,9,3019.0,1
rb1805,20170630,20170629,210916000,3019.0,1752,79312,52847360.0,3019.0,1,3018.0,5
rb1805,20170630,20170629,210916500,3019.0,1754,79312,52907740.0,3020.0,9,3019.0,1
rb1805,20170630,20170629,210917000,3019.0,1754,79312,52907740.0,3020.0,5,3018.0,1
rb1805,20170630,20170629,210917500,3019.0,1754,79312,52907740.0,3020.0,4,3018.0,1
rb1805,20170630,20170629,210918000,3019.0,1754,79312,52907740.0,3020.0,5,3018.0,1
rb1805,20170630,20170629,210918500,3019.0,1754,79312,52907740.0,3020.0,6,3018.0,1
rb1805,20170630,20170629,210919000,3019.0,1754,79312,52907740.0,3020.0,7,3018.0,1
rb1805,20170630,20170629,210919500,3019.0,1754,79312,52907740.0,3020.0,7,3018.0,5
rb1805,20170630,20170629,210920000,3019.0,1754,79312,52907740.0,3020.0,5,3018.0,5
rb1805,20170630,20170629,210920500,3019.0,1754,79312,52907740.0,3020.0,12,3018.0,1
rb1805,20170630,20170629,210921000,3019.0,1754,79312,52907740.0,3020.0,16,3018.0,1
rb1805,20170630,20170629,210922000,3019.0,1754,79312,52907740.0,3020.0,17,3018.0,1
rb1805,20170630,20170629,210923000,3019.0,1754,79312,52907740.0,3020.0,16,3018.0,5
rb1805,20170630,20170629,210923500,3019.0,1754,79312,52907740.0,3020.0,11,3018.0,5
rb1805,20170630,20170629,210924500,3020.0,1760,79312,53088940.0,3020.0,8,3018.0,5
rb1805,20170630,20170629,210926500,3020.0,1760,79312,53088940.0,3020.0,8,3018.0,5
rb1805,20170630,20170629,210928000,3020.0,1760,79312,53088940.0,3020.0,8,3018.0,5
rb1805,20170630,20170629,210928500,3020.0,1760,79312,53088940.0,3020.0,8,3018.0,5
rb1805,20170630,20170629,210929000,3020.0,1760,79312,53088940.0,3020.0,8,3018.0,6
rb1805,20170630,20170629,210930000,3020.0,1760,79312,53088940.0,3020.0,8,3018.0,6
rb1805,20170630,20170629,210932500,3020.0,1760,79312,53088940.0,3020.0,8,3018.0,6
rb1805,20170630,20170629,210935000,3020.0,1760,79312,53088940.0,3020.0,8,3018.0,6
rb1805,20170630,20170629,210937500,3020.0,1760,79312,53088940.0,3020.0,8,3018.0,6
rb1805,20170630,20170629,210938000,3020.0,1760,79312,53088940.0,3020.0,8,3018.0,6
rb1805,20170630,20170629,210940500,3020.0,1760,79312,53088940.0,3020.0,13,3018.0,8
rb1805,20170630,20170629,210941000,3018.0,1770,79322,53390740.0,3020.0,13,3018.0,3
rb1805,20170630,20170629,210941500,3018.0,1770,79322,53390740.0,3020.0,14,3018.0,3
rb1805,20170630,20170629,210942000,3018.0,1770,79322,53390740.0,3020.0,14,3018.0,3
rb1805,20170630,20170629,210943500,3018.0,1770,79322,53390740.0,3020.0,14,3019.0,1
rb1805,20170630,20170629,210944000,3019.0,1772,79324,53451120.0,3019.0,2,3018.0,3
rb1805,20170630,20170629,210944500,3019.0,1772,79324,53451120.0,3020.0,14,3018.0,3
rb1805,20170630,20170629,210945500,3019.0,1772,79324,53451120.0,3020.0,9,3018.0,3
rb1805,20170630,20170629,210947000,3019.0,1772,79324,53451120.0,3020.0,9,3018.0,3
rb1805,20170630,20170629,210948500,3019.0,1772,79324,53451120.0,3020.0,14,3018.0,3
rb1805,20170630,20170629,210950500,3019.0,1772,79324,53451120.0,3020.0,14,3018.0,3
rb1805,20170630,20170629,210951000,3019.0,1772,79324,53451120.0,3020.0,14,3018.0,3
rb1805,20170630,20170629,210952000,3019.0,1772,79324,53451120.0,3019.0,1,3018.0,3
rb1805,20170630,20170629,210953000,3019.0,1772,79324,53451120.0,3019.0,2,3018.0,3
rb1805,20170630,20170629,210954500,3019.0,1774,79322,53511500.0,3019.0,1,3018.0,3
rb1805,20170630,20170629,210956000,3019.0,1774,79322,53511500.0,3019.0,1,3018.0,1
rb1805,20170630,20170629,210957000,3019.0,1776,79322,53571880.0,3020.0,14,3018.0,1
rb1805,20170630,20170629,210957500,3019.0,1776,79322,53571880.0,3019.0,3,3018.0,1
rb1805,20170630,20170629,210958000,3018.0,1778,79322,53632240.0,3018.0,7,3017.0,6
rb1805,20170630,20170629,210958500,3018.0,1778,79322,53632240.0,3018.0,2,3017.0,1
rb1805,20170630,20170629,211002000,3018.0,1778,79322,53632240.0,3018.0,2,3017.0,1
rb1805,20170630,20170629,211002500,3018.0,1778,79322,53632240.0,3018.0,3,3017.0,1
rb1805,20170630,20170629,211003000,3018.0,1778,79322,53632240.0,3018.0,3,3017.0,1
rb1805,20170630,20170629,211004000,3018.0,1778,79322,53632240.0,3018.0,1,3017.0,1
rb1805,20170630,20170629,211006000,3018.0,1778,79322,53632240.0,3018.0,1,3017.0,1
rb1805,20170630,20170629,211006500,3018.0,1778,79322,53632240.0,3018.0,1,3017.0,2
rb1805,20170630,20170629,211007000,3018.0,1778,79322,53632240.0,3018.0,6,3017.0,2
rb1805,20170630,20170629,211011000,3018.0,1778,79322,53632240.0,3018.0,6,3017.0,2
rb1805,20170630,20170629,211012000,3018.0,1778,79322,53632240.0,3018.0,7,3017.0,2
rb1805,20170630,20170629,211012500,3018.0,1778,79322,53632240.0,3018.0,7,3017.0,2
rb1805,20170630,20170629,211013000,3018.0,1780,79324,53692600.0,3018.0,6,3017.0,2
rb1805,20170630,20170629,211014000,3018.0,1780,79324,53692600.0,3018.0,1,3017.0,2
rb1805,20170630,20170629,211016000,3017.0,1782,79324,53752940.0,3018.0,1,3017.0,1
rb1805,20170630,20170629,211016500,3018.0,1784,79326,53813300.0,3019.0,17,3018.0,9
rb1805,20170630,20170629,211017000,3018.0,1788,79326,53934020.0,3019.0,17,3018.0,7
rb1805,20170630,20170629,211017500,3018.0,1790,79326,53994380.0,3019.0,17,3018.0,6
rb1805,20170630,20170629,211018000,3018.0,1794,79328,54115100.0,3019.0,12,3018.0,4
rb1805,20170630,20170629,211018500,3018.0,1798,79328,54235820.0,3019.0,17,3018.0,2
rb1805,20170630,20170629,211019000,3018.0,1798,79328,54235820.0,3019.0,17,3018.0,2
rb1805,20170630,20170629,211021500,3018.0,1798,79328,54235820.0,3019.0,17,3018.0,2
rb1805,20170630,20170629,211023500,3018.0,1802,79332,54356540.0,3018.0,4,3017.0,1
rb1805,20170630,20170629,211024500,3017.0,1804,79332,54416880.0,3017.0,1,3016.0,5
rb1805,20170630,20170629,211025000,3017.0,1806,79330,54477220.0,3018.0,5,3017.0,1
rb1805,20170630,20170629,211025500,3017.0,1806,79330,54477220.0,3018.0,10,3016.0,5
rb1805,20170630,20170629,211026000,3017.0,1806,79330,54477220.0,3018.0,9,3016.0,5
rb1805,20170630,20170629,211030000,3017.0,1806,79330,54477220.0,3018.0,9,3016.0,5
rb1805,20170630,20170629,211031000,3017.0,1806,79330,54477220.0,3018.0,4,3016.0,5
rb1805,20170630,20170629,211031500,3017.0,1806,79330,54477220.0,3018.0,8,3016.0,5
rb1805,20170630,20170629,211032000,3016.0,1808,79330,54537540.0,3018.0,4,3016.0,4
rb1805,20170630,20170629,211036000,3016.0,1808,79330,54537540.0,3018.0,4,3016.0,4
rb1805,20170630,20170629,211036500,3016.0,1808,79330,54537540.0,3018.0,4,3016.0,4
rb1805,20170630,20170629,211037500,3016.0,1808,79330,54537540.0,3018.0,9,3016.0,4
rb1805,20170630,20170629,211039500,3016.0,1808,79330,54537540.0,3018.0,9,3016.0,4
rb1805,20170630,20170629,211040000,3016.0,1808,79330,54537540.0,3018.0,9,3016.0,5
rb1805,20170630,20170629,211043000,3016.0,1808,79330,54537540.0,3018.0,9,3016.0,6
rb1805,20170630,20170629,211044000,3016.0,1808,79330,54537540.0,3018.0,4,3016.0,6
rb1805,20170630,20170629,211045000,3016.0,1808,79330,54537540.0,3018.0,6,3016.0,6
rb1805,20170630,20170629,211045500,3016.0,1808,79330,54537540.0,3018.0,4,3016.0,6
rb1805,20170630,20170629,211046500,3016.0,1808,79330,54537540.0,3018.0,5,3016.0,6
rb1805,20170630,20170629,211047000,3016.0,1808,79330,54537540.0,3018.0,4,3016.0,6
rb1805,20170630,20170629,211047500,3016.0,1808,79330,54537540.0,3018.0,4,3016.0,6
rb1805,20170630,20170629,211049500,3016.0,1808,79330,54537540.0,3018.0,9,3016.0,6
rb1805,20170630,20170629,211050500,3016.0,1808,79330,54537540.0,3018.0,10,3016.0,6
rb1805,20170630,20170629,211051000,3016.0,1808,79330,54537540.0,3018.0,9,3016.0,6
rb1805,20170630,20170629,211052000,3016.0,1808,79330,54537540.0,3018.0,9,3016.0,6
rb1805,20170630,20170629,211053000,3016.0,1808,79330,54537540.0,3018.0,9,3016.0,6
rb1805,20170630,20170629,211055000,3016.0,1808,79330,54537540.0,3018.0,9,3016.0,6
rb1805,20170630,20170629,211102500,3016.0,1808,79330,54537540.0,3018.0,9,3016.0,6
rb1805,20170630,20170629,211105000,3018.0,1810,79332,54597900.0,3018.0,8,3016.0,6
rb1805,20170630,20170629,211106500,3018.0,1810,79332,54597900.0,3018.0,3,3016.0,6
rb1805,20170630,20170629,211107500,3018.0,1810,79332,54597900.0,3018.0,3,3016.0,6
rb1805,20170630,20170629,211110000,3018.0,1810,79332,54597900.0,3018.0,4,3016.0,6
rb1805,20170630,20170629,211110500,3018.0,1810,79332,54597900.0,3018.0,4,3016.0,6
rb1805,20170630,20170629,211112500,3018.0,1810,79332,54597900.0,3018.0,4,3016.0,7
rb1805,20170630,20170629,211115500,3018.0,1810,79332,54597900.0,3018.0,4,3016.0,7
rb1805,20170630,20170629,211116500,3018.0,1810,79332,54597900.0,3018.0,4,3016.0,7
rb1805,20170630,20170629,211117000,3018.0,1810,79332,54597900.0,3018.0,4,3016.0,7
rb1805,20170630,20170629,211118000,3018.0,1810,79332,54597900.0,3018.0,4,3016.0,9
rb1805,20170630,20170629,211118500,3018.0,1810,79332,54597900.0,3018.0,4,3016.0,9
rb1805,20170630,20170629,211120000,3018.0,1810,79332,54597900.0,3018.0,4,3016.0,9
rb1805,20170630,20170629,211122500,3018.0,1810,79332,54597900.0,3018.0,4,3016.0,10
rb1805,20170630,20170629,211123000,3018.0,1810,79332,54597900.0,3018.0,1,3016.0,10
rb1805,20170630,20170629,211124500,3018.0,1810,79332,54597900.0,3018.0,1,3016.0,10
rb1805,20170630,20170629,211126000,3018.0,1812,79334,54658260.0,3019.0,3,3016.0,10
rb1805,20170630,20170629,211126500,3018.0,1812,79334,54658260.0,3019.0,12,3017.0,2
rb1805,20170630,20170629,211128000,3018.0,1812,79334,54658260.0,3019.0,12,3017.0,2
rb1805,20170630,20170629,211129000,3019.0,1814,79336,54718640.0,3019.0,11,3017.0,2
rb1805,20170630,20170629,211133000,3019.0,1814,79336,54718640.0,3019.0,6,3017.0,2
rb1805,20170630,20170629,211134000,3019.0,1814,79336,54718640.0,3019.0,1,3017.0,2
rb1805,20170630,20170629,211135000,3019.0,1814,79336,54718640.0,3019.0,1,3017.0,2
rb1805,20170630,20170629,211135500,3019.0,1814,79336,54718640.0,3019.0,1,3017.0,4
rb1805,20170630,20170629,211136000,3019.0,1814,79336,54718640.0,3019.0,1,3017.0,5
rb1805,20170630,20170629,211136500,3019.0,1814,79336,54718640.0,3019.0,1,3017.0,7
rb1805,20170630,20170629,211137000,3019.0,1814,79336,54718640.0,3019.0,1,3017.0,7
rb1805,20170630,20170629,211141500,3019.0,1814,79336,54718640.0,3019.0,1,3018.0,1
rb1805,20170630,20170629,211143000,3019.0,1816,79338,54779020.0,3020.0,11,3019.0,2
rb1805,20170630,20170629,211143500,3019.0,1816,79338,54779020.0,3020.0,6,3019.0,1
rb1805,20170630,20170629,211144500,3019.0,1816,79338,54779020.0,3020.0,11,3019.0,1
rb1805,20170630,20170629,211145000,3019.0,1816,79338,54779020.0,3020.0,6,3019.0,1
rb1805,20170630,20170629,211148000,3020.0,1828,79334,55141420.0,3021.0,23,3020.0,2
rb1805,20170630,20170629,211148500,3020.0,1836,79338,55383020.0,3021.0,23,3020.0,6
rb1805,20170630,20170629,211149500,3020.0,1836,79338,55383020.0,3021.0,23,3020.0,6
rb1805,20170630,20170629,211150000,3020.0,1836,79338,55383020.0,3021.0,23,3020.0,6
rb1805,20170630,20170629,211150500,3020.0,1844,79344,55624620.0,3021.0,24,3020.0,2
rb1805,20170630,20170629,211152000,3020.0,1844,79344,55624620.0,3021.0,24,3020.0,2
rb1805,20170630,20170629,211152500,3020.0,1844,79344,55624620.0,3021.0,24,3020.0,2
rb1805,20170630,20170629,211154000,3020.0,1844,79344,55624620.0,3021.0,24,3020.0,2
rb1805,20170630,20170629,211154500,3020.0,1844,79344,55624620.0,3021.0,24,3020.0,3
rb1805,20170630,20170629,211156500,3020.0,1846,79344,55685020.0,3021.0,24,3020.0,8
rb1805,20170630,20170629,211157500,3020.0,1846,79344,55685020.0,3021.0,24,3020.0,8
rb1805,20170630,20170629,211158000,3020.0,1846,79344,55685020.0,3021.0,24,3020.0,8
rb1805,20170630,20170629,211158500,3020.0,1850,79342,55805820.0,3021.0,24,3020.0,6
rb1805,20170630,20170629,211200000,3020.0,1850,79342,55805820.0,3021.0,24,3020.0,6
rb1805,20170630,20170629,211201000,3020.0,1850,79342,55805820.0,3021.0,24,3020.0,6
rb1805,20170630,20170629,211201500,3020.0,1862,79336,56168220.0,3021.0,30,3019.0,1
rb1805,20170630,20170629,211202000,3020.0,1862,79336,56168220.0,3020.0,3,3019.0,1
rb1805,20170630,20170629,211202500,3020.0,1862,79336,56168220.0,3020.0,8,3019.0,1
rb1805,20170630,20170629,211203500,3020.0,1862,79336,56168220.0,3020.0,15,3019.0,1
rb1805,20170630,20170629,211204000,3020.0,1864,79338,56228620.0,3020.0,14,3019.0,1
rb1805,20170630,20170629,211204500,3020.0,1864,79338,56228620.0,3020.0,14,3019.0,1
rb1805,20170630,20170629,211205000,3020.0,1864,79338,56228620.0,3020.0,9,3019.0,1
rb1805,20170630,20170629,211205500,3020.0,1864,79338,56228620.0,3020.0,9,3019.0,1
rb1805,20170630,20170629,211206500,3020.0,1864,79338,56228620.0,3020.0,9,3019.0,1
rb1805,20170630,20170629,211209000,3020.0,1864,79338,56228620.0,3020.0,9,3019.0,1
rb1805,20170630,20170629,211209500,3020.0,1864,79338,56228620.0,3020.0,9,3019.0,1
rb1805,20170630,20170629,211210000,3020.0,1864,79338,56228620.0,3020.0,9,3019.0,1
rb1805,20170630,20170629,211211500,3019.0,1866,79340,56289000.0,3019.0,1,3018.0,2
rb1805,20170630,20170629,211212000,3019.0,1866,79340,56289000.0,3019.0,1,3018.0,2
rb1805,20170630,20170629,211212500,3019.0,1866,79340,56289000.0,3019.0,6,3018.0,2
rb1805,20170630,20170629,211213500,3019.0,1866,79340,56289000.0,3019.0,1,3018.0,2
rb1805,20170630,20170629,211215500,3019.0,1866,79340,56289000.0,3019.0,1,3018.0,2
rb1805,20170630,20170629,211216000,3019.0,1866,79340,56289000.0,3019.0,1,3018.0,2
rb1805,20170630,20170629,211216500,3019.0,1866,79340,56289000.0,3019.0,1,3018.0,2
rb1805,20170630,20170629,211217000,3019.0,1866,79340,56289000.0,3019.0,11,3018.0,2
rb1805,20170630,20170629,211218000,3019.0,1866,79340,56289000.0,3019.0,11,3018.0,2
rb1805,20170630,20170629,211218500,3019.0,1866,79340,56289000.0,3019.0,11,3018.0,2
rb1805,20170630,20170629,211221000,3019.0,1866,79340,56289000.0,3019.0,11,3018.0,2
rb1805,20170630,20170629,211221500,3019.0,1866,79340,56289000.0,3019.0,12,3018.0,2
rb1805,20170630,20170629,211223500,3019.0,1866,79340,56289000.0,3019.0,12,3018.0,2
rb1805,20170630,20170629,211224500,3019.0,1866,79340,56289000.0,3019.0,12,3018.0,2
rb1805,20170630,20170629,211226500,3019.0,1866,79340,56289000.0,3019.0,12,3018.0,1
rb1805,20170630,20170629,211227000,3019.0,1866,79340,56289000.0,3019.0,8,3018.0,1
rb1805,20170630,20170629,211227500,3018.0,1868,79340,56349360.0,3018.0,3,3017.0,5
rb1805,20170630,20170629,211229000,3018.0,1868,79340,56349360.0,3019.0,7,3017.0,5
rb1805,20170630,20170629,211229500,3018.0,1868,79340,56349360.0,3019.0,11,3018.0,1
rb1805,20170630,20170629,211230000,3018.0,1868,79340,56349360.0,3019.0,11,3018.0,1
rb1805,20170630,20170629,211230500,3018.0,1870,79340,56409720.0,3019.0,11,3017.0,5
rb1805,20170630,20170629,211232000,3018.0,1870,79340,56409720.0,3019.0,7,3017.0,5
rb1805,20170630,20170629,211232500,3018.0,1870,79340,56409720.0,3018.0,1,3017.0,5
rb1805,20170630,20170629,211233000,3018.0,1870,79340,56409720.0,3018.0,3,3017.0,5
rb1805,20170630,20170629,211233500,3018.0,1870,79340,56409720.0,3018.0,1,3017.0,5
rb1805,20170630,20170629,211234000,3018.0,1870,79340,56409720.0,3018.0,5,3017.0,5
rb1805,20170630,20170629,211234500,3018.0,1870,79340,56409720.0,3018.0,3,3017.0,5
rb1805,20170630,20170629,211235000,3018.0,1870,79340,56409720.0,3018.0,3,3017.0,5
rb1805,20170630,20170629,211237000,3017.0,1872,79338,56470060.0,3018.0,3,3017.0,4
rb1805,20170630,20170629,211238500,3017.0,1872,79338,56470060.0,3018.0,7,3017.0,4
rb1805,20170630,20170629,211239000,3017.0,1876,79338,56590760.0,3018.0,6,3017.0,3
rb1805,20170630,20170629,211241500,3017.0,1876,79338,56590760.0,3018.0,6,3017.0,3
rb1805,20170630,20170629,211243500,3017.0,1876,79338,56590760.0,3018.0,6,3017.0,3
rb1805,20170630,20170629,211244500,3017.0,1876,79338,56590760.0,3018.0,6,3017.0,3
rb1805,20170630,20170629,211245000,3017.0,1876,79338,56590760.0,3018.0,6,3017.0,3
rb1805,20170630,20170629,211246500,3017.0,1876,79338,56590760.0,3018.0,6,3017.0,3
rb1805,20170630,20170629,211248500,3017.0,1876,79338,56590760.0,3018.0,6,3017.0,3
rb1805,20170630,20170629,211249500,3017.0,1876,79338,56590760.0,3018.0,6,3017.0,3
rb1805,20170630,20170629,211250500,3017.0,1876,79338,56590760.0,3018.0,6,3017.0,3
rb1805,20170630,20170629,211251000,3017.0,1876,79338,56590760.0,3018.0,11,3017.0,3
rb1805,20170630,20170629,211252000,3017.0,1882,79338,56771780.0,3018.0,11,3016.0,15
rb1805,20170630,20170629,211252500,3016.0,1884,79340,56832100.0,3018.0,11,3016.0,14
rb1805,20170630,20170629,211255000,3016.0,1884,79340,56832100.0,3018.0,11,3016.0,12
rb1805,20170630,20170629,211255500,3016.0,1884,79340,56832100.0,3018.0,11,3016.0,12
rb1805,20170630,20170629,211258500,3016.0,1884,79340,56832100.0,3018.0,11,3016.0,12
rb1805,20170630,20170629,211259000,3016.0,1884,79340,56832100.0,3018.0,11,3017.0,1
rb1805,20170630,20170629,211302500,3016.0,1884,79340,56832100.0,3018.0,11,3017.0,1
rb1805,20170630,20170629,211310500,3017.0,1886,79338,56892440.0,3017.0,1,3016.0,11
rb1805,20170630,20170629,211311000,3017.0,1888,79336,56952780.0,3018.0,9,3017.0,2
rb1805,20170630,20170629,211311500,3017.0,1888,79336,56952780.0,3018.0,9,3016.0,11
rb1805,20170630,20170629,211313000,3017.0,1888,79336,56952780.0,3018.0,9,3016.0,11
rb1805,20170630,20170629,211316000,3017.0,1888,79336,56952780.0,3018.0,9,3016.0,11
rb1805,20170630,20170629,211316500,3017.0,1888,79336,56952780.0,3017.0,1,3016.0,11
rb1805,20170630,20170629,211317000,3017.0,1888,79336,56952780.0,3017.0,1,3016.0,11
rb1805,20170630,20170629,211319500,3017.0,1888,79336,56952780.0,3018.0,9,3016.0,11
rb1805,20170630,20170629,211320000,3017.0,1888,79336,56952780.0,3017.0,1,3016.0,11
rb1805,20170630,20170629,211320500,3017.0,1888,79336,56952780.0,3018.0,9,3016.0,11
rb1805,20170630,20170629,211321000,3017.0,1888,79336,56952780.0,3018.0,9,3017.0,1
rb1805,20170630,20170629,211321500,3017.0,1888,79336,56952780.0,3018.0,5,3017.0,2
rb1805,20170630,20170629,211322500,3017.0,1888,79336,56952780.0,3018.0,5,3017.0,2
rb1805,20170630,20170629,211324500,3017.0,1888,79336,56952780.0,3018.0,5,3017.0,2
rb1805,20170630,20170629,211325000,3017.0,1890,79334,57013120.0,3018.0,5,3017.0,1
rb1805,20170630,20170629,211326000,3017.0,1890,79334,57013120.0,3018.0,5,3017.0,1
rb1805,20170630,20170629,211326500,3017.0,1892,79336,57073460.0,3018.0,4,3016.0,10
rb1805,20170630,20170629,211329000,3017.0,1892,79336,57073460.0,3018.0,4,3016.0,10
rb1805,20170630,20170629,211330500,3017.0,1892,79336,57073460.0,3018.0,4,3017.0,1
rb1805,20170630,20170629,211331000,3017.0,1892,79336,57073460.0,3018.0,5,3017.0,1
rb1805,20170630,20170629,211332500,3017.0,1892,79336,57073460.0,3018.0,4,3017.0,1
rb1805,20170630,20170629,211335000,3017.0,1892,79336,57073460.0,3018.0,4,3017.0,1
rb1805,20170630,20170629,211336000,3017.0,1892,79336,57073460.0,3018.0,4,3017.0,1
rb1805,20170630,20170629,211336500,3017.0,1892,79336,57073460.0,3018.0,1,3017.0,1
rb1805,20170630,20170629,211337000,3017.0,1892,79336,57073460.0,3018.0,4,3017.0,1
rb1805,20170630,20170629,211338000,3017.0,1892,79336,57073460.0,3018.0,1,3017.0,1
rb1805,20170630,20170629,211338500,3017.0,1892,79336,57073460.0,3018.0,4,3017.0,1
rb1805,20170630,20170629,211339500,3017.0,1892,79336,57073460.0,3018.0,4,3017.0,1
rb1805,20170630,20170629,211341000,3017.0,1892,79336,57073460.0,3018.0,5,3017.0,1
rb1805,20170630,20170629,211341500,3017.0,1892,79336,57073460.0,3018.0,5,3017.0,1
rb1805,20170630,20170629,211345000,3017.0,1892,79336,57073460.0,3018.0,5,3017.0,1
rb1805,20170630,20170629,211345500,3017.0,1892,79336,57073460.0,3018.0,5,3017.0,1
rb1805,20170630,20170629,211346500,3017.0,1894,79336,57133800.0,3017.0,3,3016.0,25
rb1805,20170630,20170629,211349000,3017.0,1894,79336,57133800.0,3017.0,3,3016.0,25
rb1805,20170630,20170629,211349500,3017.0,1894,79336,57133800.0,3017.0,3,3016.0,25
rb1805,20170630,20170629,211351000,3017.0,1894,79336,57133800.0,3017.0,3,3016.0,25
rb1805,20170630,20170629,211351500,3017.0,1894,79336,57133800.0,3017.0,3,3016.0,25
rb1805,20170630,20170629,211353000,3017.0,1894,79336,57133800.0,3017.0,3,3016.0,25
rb1805,20170630,20170629,211355500,3017.0,1894,79336,57133800.0,3017.0,3,3016.0,27
rb1805,20170630,20170629,211356500,3017.0,1894,79336,57133800.0,3017.0,3,3016.0,27
rb1805,20170630,20170629,211359500,3017.0,1894,79336,57133800.0,3017.0,3,3016.0,27
rb1805,20170630,20170629,211401000,3017.0,1894,79336,57133800.0,3017.0,3,3016.0,27
rb1805,20170630,20170629,211402500,3017.0,1894,79336,57133800.0,3017.0,3,3016.0,27
rb1805,20170630,20170629,211406000,3017.0,1894,79336,57133800.0,3017.0,3,3016.0,27
rb1805,20170630,20170629,211408500,3017.0,1894,79336,57133800.0,3017.0,3,3016.0,27
rb1805,20170630,20170629,211411500,3017.0,1900,79336,57314820.0,3018.0,5,3017.0,7
rb1805,20170630,20170629,211426500,3017.0,1900,79336,57314820.0,3018.0,5,3017.0,7
rb1805,20170630,20170629,211433000,3017.0,1900,79336,57314820.0,3018.0,5,3017.0,7
rb1805,20170630,20170629,211437000,3017.0,1902,79336,57375160.0,3018.0,5,3017.0,6
rb1805,20170630,20170629,211440500,3017.0,1902,79336,57375160.0,3018.0,5,3017.0,6
rb1805,20170630,20170629,211446000,3017.0,1902,79336,57375160.0,3018.0,5,3017.0,16
rb1805,20170630,20170629,211453000,3018.0,1904,79336,57435520.0,3018.0,4,3017.0,16
rb1805,20170630,20170629,211455000,3018.0,1912,79336,57676960.0,3019.0,7,3018.0,6
rb1805,20170630,20170629,211455500,3018.0,1912,79336,57676960.0,3019.0,3,3018.0,6
rb1805,20170630,20170629,211456500,3018.0,1912,79336,57676960.0,3019.0,3,3018.0,6
rb1805,20170630,20170629,211458500,3018.0,1922,79346,57978760.0,3019.0,3,3018.0,1
rb1805,20170630,20170629,211459500,3018.0,1924,79346,58039120.0,3019.0,3,3017.0,18
rb1805,20170630,20170629,211501000,3018.0,1924,79346,58039120.0,3019.0,3,3017.0,21
rb1805,20170630,20170629,211503000,3018.0,1924,79346,58039120.0,3019.0,8,3017.0,18
rb1805,20170630,20170629,211504500,3019.0,1934,79354,58341020.0,3019.0,3,3017.0,18
rb1805,20170630,20170629,211505500,3019.0,1934,79354,58341020.0,3019.0,3,3017.0,18
rb1805,20170630,20170629,211506000,3019.0,1934,79354,58341020.0,3019.0,3,3018.0,3
rb1805,20170630,20170629,211506500,3019.0,1934,79354,58341020.0,3020.0,2,3018.0,3
rb1805,20170630,20170629,211507000,3019.0,1934,79354,58341020.0,3019.0,1,3018.0,6
rb1805,20170630,20170629,211507500,3018.0,1938,79354,58461740.0,3019.0,1,3018.0,9
rb1805,20170630,20170629,211508500,3018.0,1938,79354,58461740.0,3019.0,3,3018.0,9
rb1805,20170630,20170629,211509500,3018.0,1938,79354,58461740.0,3019.0,9,3018.0,9
rb1805,20170630,20170629,211510000,3018.0,1938,79354,58461740.0,3019.0,9,3018.0,9
rb1805,20170630,20170629,211510500,3018.0,1938,79354,58461740.0,3019.0,8,3018.0,9
rb1805,20170630,20170629,211512000,3019.0,1942,79354,58582500.0,3019.0,6,3018.0,9
rb1805,20170630,20170629,211513500,3019.0,1942,79354,58582500.0,3019.0,12,3018.0,4
rb1805,20170630,20170629,211514000,3019.0,1942,79354,58582500.0,3019.0,12,3018.0,4
rb1805,20170630,20170629,211514500,3019.0,1942,79354,58582500.0,3019.0,12,3018.0,4
rb1805,20170630,20170629,211515000,3019.0,1942,79354,58582500.0,3019.0,12,3018.0,4
rb1805,20170630,20170629,211516500,3019.0,1942,79354,58582500.0,3019.0,12,3018.0,4
rb1805,20170630,20170629,211517000,3019.0,1942,79354,58582500.0,3020.0,2,3018.0,4
rb1805,20170630,20170629,211518500,3019.0,1942,79354,58582500.0,3020.0,2,3018.0,9
rb1805,20170630,20170629,211519500,3019.0,1942,79354,58582500.0,3020.0,2,3018.0,9
rb1805,20170630,20170629,211522000,3019.0,1942,79354,58582500.0,3020.0,14,3018.0,9
rb1805,20170630,20170629,211523000,3019.0,1942,79354,58582500.0,3020.0,14,3018.0,9
rb1805,20170630,20170629,211525500,3019.0,1942,79354,58582500.0,3020.0,14,3019.0,1
rb1805,20170630,20170629,211526500,3019.0,1942,79354,58582500.0,3020.0,14,3019.0,1
rb1805,20170630,20170629,211529000,3019.0,1942,79354,58582500.0,3020.0,14,3019.0,6
rb1805,20170630,20170629,211529500,3019.0,1942,79354,58582500.0,3020.0,2,3019.0,6
rb1805,20170630,20170629,211530000,3019.0,1942,79354,58582500.0,3020.0,2,3019.0,6
rb1805,20170630,20170629,211532500,3019.0,1942,79354,58582500.0,3020.0,2,3019.0,6
rb1805,20170630,20170629,211533000,3019.0,1942,79354,58582500.0,3020.0,2,3019.0,8
rb1805,20170630,20170629,211534000,3019.0,1942,79354,58582500.0,3021.0,24,3019.0,8
rb1805,20170630,20170629,211535500,3019.0,1944,79354,58642880.0,3021.0,24,3019.0,7
rb1805,20170630,20170629,211537000,3019.0,1944,79354,58642880.0,3021.0,24,3019.0,7
rb1805,20170630,20170629,211537500,3019.0,1944,79354,58642880.0,3021.0,24,3019.0,7
rb1805,20170630,20170629,211540000,3021.0,1952,79346,58884560.0,3021.0,20,3020.0,2
rb1805,20170630,20170629,211541500,3021.0,1952,79346,58884560.0,3021.0,20,3020.0,2
rb1805,20170630,20170629,211542500,3021.0,1952,79346,58884560.0,3021.0,20,3019.0,7
rb1805,20170630,20170629,211545500,3021.0,1952,79346,58884560.0,3021.0,20,3020.0,2
rb1805,20170630,20170629,211546000,3021.0,1952,79346,58884560.0,3021.0,20,3019.0,7
rb1805,20170630,20170629,211546500,3021.0,1952,79346,58884560.0,3021.0,20,3019.0,7
rb1805,20170630,20170629,211547000,3021.0,1952,79346,58884560.0,3021.0,21,3019.0,7
rb1805,20170630,20170629,211549000,3021.0,1952,79346,58884560.0,3021.0,21,3020.0,2
rb1805,20170630,20170629,211550000,3021.0,1952,79346,58884560.0,3021.0,21,3019.0,7
rb1805,20170630,20170629,211550500,3021.0,1952,79346,58884560.0,3021.0,21,3020.0,2
rb1805,20170630,20170629,211551500,3021.0,1952,79346,58884560.0,3021.0,21,3019.0,7
rb1805,20170630,20170629,211554500,3021.0,1952,79346,58884560.0,3021.0,21,3019.0,7
rb1805,20170630,20170629,211555000,3021.0,1952,79346,58884560.0,3021.0,21,3019.0,7
rb1805,20170630,20170629,211556000,3021.0,1952,79346,58884560.0,3021.0,21,3019.0,7
rb1805,20170630,20170629,211601000,3019.0,1954,79348,58944940.0,3021.0,21,3019.0,6
rb1805,20170630,20170629,211603000,3019.0,1954,79348,58944940.0,3021.0,21,3020.0,1
rb1805,20170630,20170629,211606000,3019.0,1954,79348,58944940.0,3021.0,21,3020.0,1
rb1805,20170630,20170629,211606500,3020.0,1956,79350,59005340.0,3021.0,21,3019.0,6
rb1805,20170630,20170629,211607000,3020.0,1956,79350,59005340.0,3021.0,21,3019.0,6
rb1805,20170630,20170629,211610000,3020.0,1956,79350,59005340.0,3021.0,22,3019.0,6
rb1805,20170630,20170629,211611500,3020.0,1956,79350,59005340.0,3021.0,22,3020.0,1
rb1805,20170630,20170629,211615000,3020.0,1956,79350,59005340.0,3021.0,22,3020.0,1
rb1805,20170630,20170629,211615500,3020.0,1956,79350,59005340.0,3021.0,22,3020.0,1
rb1805,20170630,20170629,211620000,3020.0,1956,79350,59005340.0,3021.0,22,3020.0,1
rb1805,20170630,20170629,211621000,3020.0,1956,79350,59005340.0,3021.0,22,3020.0,5
rb1805,20170630,20170629,211623000,3021.0,1960,79348,59126180.0,3021.0,20,3020.0,5
rb1805,20170630,20170629,211623500,3021.0,1990,79322,60032480.0,3021.0,5,3020.0,5
rb1805,20170630,20170629,211624000,3021.0,2002,79316,60395000.0,3022.0,6,3021.0,3
rb1805,20170630,20170629,211625000,3021.0,2002,79316,60395000.0,3022.0,6,3021.0,3
rb1805,20170630,20170629,211626000,3021.0,2002,79316,60395000.0,3022.0,6,3021.0,3
rb1805,20170630,20170629,211626500,3021.0,2002,79316,60395000.0,3022.0,6,3021.0,3
rb1805,20170630,20170629,211628000,3021.0,2002,79316,60395000.0,3022.0,6,3021.0,3
rb1805,20170630,20170629,211628500,3023.0,2022,79318,60999480.0,3023.0,2,3021.0,3
rb1805,20170630,20170629,211629000,3023.0,2022,79318,60999480.0,3023.0,2,3021.0,3
rb1805,20170630,20170629,211630000,3023.0,2022,79318,60999480.0,3023.0,7,3020.0,5
rb1805,20170630,20170629,211631000,3023.0,2022,79318,60999480.0,3023.0,7,3020.0,5
rb1805,20170630,20170629,211632000,3023.0,2022,79318,60999480.0,3023.0,8,3020.0,5
rb1805,20170630,20170629,211632500,3023.0,2022,79318,60999480.0,3022.0,2,3020.0,1
rb1805,20170630,20170629,211633000,3023.0,2022,79318,60999480.0,3022.0,7,3020.0,1
rb1805,20170630,20170629,211633500,3023.0,2022,79318,60999480.0,3022.0,7,3021.0,5
rb1805,20170630,20170629,211634000,3023.0,2022,79318,60999480.0,3022.0,2,3021.0,5
rb1805,20170630,20170629,211634500,3023.0,2022,79318,60999480.0,3022.0,2,3021.0,5
rb1805,20170630,20170629,211635000,3023.0,2022,79318,60999480.0,3022.0,2,3021.0,5
rb1805,20170630,20170629,211635500,3022.0,2024,79320,61059920.0,3022.0,1,3021.0,5
rb1805,20170630,20170629,211636500,3022.0,2024,79320,61059920.0,3022.0,1,3021.0,5
rb1805,20170630,20170629,211638500,3022.0,2024,79320,61059920.0,3022.0,1,3021.0,5
rb1805,20170630,20170629,211639500,3022.0,2024,79320,61059920.0,3022.0,1,3021.0,5
rb1805,20170630,20170629,211640000,3022.0,2026,79322,61120360.0,3023.0,18,3021.0,5
rb1805,20170630,20170629,211640500,3022.0,2026,79322,61120360.0,3023.0,17,3021.0,5
rb1805,20170630,20170629,211641500,3022.0,2026,79322,61120360.0,3023.0,17,3021.0,5
rb1805,20170630,20170629,211642000,3022.0,2026,79322,61120360.0,3023.0,17,3021.0,5
rb1805,20170630,20170629,211643500,3022.0,2026,79322,61120360.0,3023.0,17,3021.0,5
rb1805,20170630,20170629,211644000,3022.0,2026,79322,61120360.0,3023.0,17,3021.0,5
rb1805,20170630,20170629,211645000,3022.0,2026,79322,61120360.0,3023.0,17,3022.0,1
rb1805,20170630,20170629,211645500,3022.0,2026,79322,61120360.0,3023.0,12,3022.0,1
rb1805,20170630,20170629,211646000,3022.0,2026,79322,61120360.0,3023.0,12,3022.0,1
rb1805,20170630,20170629,211647000,3021.0,2032,79316,61301640.0,3023.0,12,3021.0,3
rb1805,20170630,20170629,211647500,3021.0,2032,79316,61301640.0,3023.0,13,3021.0,3
rb1805,20170630,20170629,211649000,3021.0,2032,79316,61301640.0,3023.0,12,3021.0,7
rb1805,20170630,20170629,211651000,3021.0,2032,79316,61301640.0,3023.0,12,3021.0,7
rb1805,20170630,20170629,211652500,3023.0,2034,79316,61362100.0,3023.0,11,3021.0,7
rb1805,20170630,20170629,211654000,3023.0,2034,79316,61362100.0,3023.0,11,3021.0,7
rb1805,20170630,20170629,211656000,3023.0,2034,79316,61362100.0,3023.0,11,3021.0,7
rb1805,20170630,20170629,211656500,3023.0,2034,79316,61362100.0,3023.0,12,3021.0,7
rb1805,20170630,20170629,211657500,3023.0,2034,79316,61362100.0,3023.0,12,3021.0,7
rb1805,20170630,20170629,211658000,3023.0,2034,79316,61362100.0,3023.0,12,3021.0,8
rb1805,20170630,20170629,211700000,3023.0,2036,79316,61422560.0,3023.0,11,3021.0,8
rb1805,20170630,20170629,211701000,3023.0,2036,79316,61422560.0,3023.0,5,3021.0,9
rb1805,20170630,20170629,211701500,3023.0,2036,79316,61422560.0,3022.0,4,3021.0,9
rb1805,20170630,20170629,211702500,3021.0,2038,79314,61482980.0,3022.0,4,3021.0,8
rb1805,20170630,20170629,211704000,3021.0,2042,79310,61603820.0,3022.0,4,3021.0,6
rb1805,20170630,20170629,211705500,3021.0,2042,79310,61603820.0,3022.0,4,3021.0,6
rb1805,20170630,20170629,211706000,3022.0,2044,79310,61664260.0,3022.0,3,3021.0,6
rb1805,20170630,20170629,211706500,3022.0,2044,79310,61664260.0,3022.0,3,3021.0,6
rb1805,20170630,20170629,211707000,3022.0,2044,79310,61664260.0,3022.0,3,3021.0,6
rb1805,20170630,20170629,211708500,3022.0,2050,79310,61845580.0,3023.0,5,3022.0,17
rb1805,20170630,20170629,211710500,3022.0,2050,79310,61845580.0,3023.0,5,3022.0,47
rb1805,20170630,20170629,211711000,3022.0,2050,79310,61845580.0,3023.0,5,3022.0,51
rb1805,20170630,20170629,211712000,3022.0,2050,79310,61845580.0,3023.0,5,3022.0,61
rb1805,20170630,20170629,211712500,3022.0,2050,79310,61845580.0,3023.0,5,3022.0,61
rb1805,20170630,20170629,211714500,3022.0,2050,79310,61845580.0,3023.0,5,3022.0,61
rb1805,20170630,20170629,211716500,3023.0,2052,79312,61906040.0,3023.0,4,3022.0,61
rb1805,20170630,20170629,211717500,3023.0,2052,79312,61906040.0,3023.0,4,3022.0,61
rb1805,20170630,20170629,211718000,3023.0,2054,79314,61966500.0,3023.0,3,3022.0,61
rb1805,20170630,20170629,211719000,3023.0,2054,79314,61966500.0,3023.0,3,3022.0,61
rb1805,20170630,20170629,211720500,3023.0,2054,79314,61966500.0,3023.0,3,3022.0,61
rb1805,20170630,20170629,211723000,3023.0,2056,79314,62026960.0,3023.0,7,3022.0,61
rb1805,20170630,20170629,211723500,3023.0,2056,79314,62026960.0,3023.0,7,3022.0,63
rb1805,20170630,20170629,211724000,3023.0,2070,79326,62450180.0,3024.0,9,3023.0,7
rb1805,20170630,20170629,211724500,3023.0,2070,79326,62450180.0,3024.0,9,3023.0,4
rb1805,20170630,20170629,211725000,3023.0,2070,79326,62450180.0,3024.0,9,3023.0,4
rb1805,20170630,20170629,211725500,3023.0,2070,79326,62450180.0,3024.0,9,3022.0,63
rb1805,20170630,20170629,211726500,3024.0,2072,79324,62510660.0,3024.0,8,3022.0,64
rb1805,20170630,20170629,211727000,3024.0,2072,79324,62510660.0,3024.0,8,3022.0,63
rb1805,20170630,20170629,211728500,3024.0,2088,79324,62994500.0,3025.0,12,3024.0,2
rb1805,20170630,20170629,211729000,3024.0,2092,79328,63115460.0,3024.0,4,3022.0,63
rb1805,20170630,20170629,211729500,3023.0,2094,79328,63175920.0,3025.0,12,3023.0,1
rb1805,20170630,20170629,211731500,3023.0,2094,79328,63175920.0,3024.0,1,3023.0,1
rb1805,20170630,20170629,211732000,3023.0,2094,79328,63175920.0,3024.0,1,3023.0,1
rb1805,20170630,20170629,211732500,3023.0,2094,79328,63175920.0,3024.0,1,3023.0,1
rb1805,20170630,20170629,211735000,3023.0,2094,79328,63175920.0,3024.0,2,3023.0,1
rb1805,20170630,20170629,211735500,3023.0,2094,79328,63175920.0,3024.0,2,3023.0,1
rb1805,20170630,20170629,211736000,3023.0,2094,79328,63175920.0,3024.0,2,3023.0,1
rb1805,20170630,20170629,211737000,3023.0,2094,79328,63175920.0,3024.0,2,3023.0,6
rb1805,20170630,20170629,211737500,3024.0,2096,79328,63236400.0,3024.0,1,3023.0,7
rb1805,20170630,20170629,211738000,3024.0,2096,79328,63236400.0,3024.0,1,3023.0,7
rb1805,20170630,20170629,211739500,3024.0,2098,79328,63296880.0,3025.0,12,3023.0,7
rb1805,20170630,20170629,211740500,3024.0,2098,79328,63296880.0,3025.0,12,3024.0,1
rb1805,20170630,20170629,211741000,3024.0,2100,79328,63357360.0,3024.0,1,3023.0,7
rb1805,20170630,20170629,211741500,3024.0,2100,79328,63357360.0,3025.0,12,3023.0,7
rb1805,20170630,20170629,211742500,3024.0,2100,79328,63357360.0,3025.0,12,3024.0,1
rb1805,20170630,20170629,211743000,3024.0,2102,79330,63417840.0,3024.0,4,3023.0,7
rb1805,20170630,20170629,211743500,3024.0,2102,79330,63417840.0,3025.0,24,3023.0,7
rb1805,20170630,20170629,211744500,3024.0,2102,79330,63417840.0,3025.0,30,3023.0,7
rb1805,20170630,20170629,211746000,3024.0,2102,79330,63417840.0,3025.0,29,3023.0,7
rb1805,20170630,20170629,211746500,3024.0,2102,79330,63417840.0,3024.0,1,3023.0,10
rb1805,20170630,20170629,211747500,3023.0,2104,79330,63478300.0,3024.0,1,3023.0,8
rb1805,20170630,20170629,211748000,3023.0,2104,79330,63478300.0,3024.0,1,3023.0,4
rb1805,20170630,20170629,211748500,3023.0,2104,79330,63478300.0,3024.0,1,3023.0,4
rb1805,20170630,20170629,211749000,3023.0,2104,79330,63478300.0,3024.0,1,3023.0,7
rb1805,20170630,20170629,211749500,3023.0,2104,79330,63478300.0,3024.0,1,3023.0,7
rb1805,20170630,20170629,211753000,3023.0,2104,79330,63478300.0,3024.0,2,3023.0,7
rb1805,20170630,20170629,211753500,3023.0,2104,79330,63478300.0,3024.0,2,3023.0,7
rb1805,20170630,20170629,211757000,3023.0,2104,79330,63478300.0,3024.0,2,3023.0,7
rb1805,20170630,20170629,211802000,3023.0,2104,79330,63478300.0,3024.0,3,3023.0,7
rb1805,20170630,20170629,211802500,3023.0,2104,79330,63478300.0,3024.0,3,3023.0,7
rb1805,20170630,20170629,211803500,3023.0,2104,79330,63478300.0,3024.0,4,3023.0,7
rb1805,20170630,20170629,211804000,3023.0,2104,79330,63478300.0,3024.0,4,3023.0,12
rb1805,20170630,20170629,211804500,3023.0,2104,79330,63478300.0,3024.0,4,3023.0,12
rb1805,20170630,20170629,211807000,3023.0,2104,79330,63478300.0,3024.0,4,3023.0,12
rb1805,20170630,20170629,211811000,3023.0,2104,79330,63478300.0,3024.0,4,3023.0,12
rb1805,20170630,20170629,211811500,3024.0,2106,79328,63538780.0,3024.0,3,3023.0,12
rb1805,20170630,20170629,211813000,3024.0,2106,79328,63538780.0,3024.0,3,3023.0,12
rb1805,20170630,20170629,211814000,3024.0,2112,79328,63720220.0,3025.0,17,3024.0,2
rb1805,20170630,20170629,211814500,3024.0,2112,79328,63720220.0,3025.0,12,3024.0,2
rb1805,20170630,20170629,211816000,3024.0,2112,79328,63720220.0,3025.0,12,3024.0,2
rb1805,20170630,20170629,211817500,3024.0,2112,79328,63720220.0,3025.0,12,3024.0,7
rb1805,20170630,20170629,211821500,3024.0,2112,79328,63720220.0,3025.0,12,3024.0,11
rb1805,20170630,20170629,211822000,3024.0,2112,79328,63720220.0,3025.0,12,3024.0,11
rb1805,20170630,20170629,211822500,3024.0,2112,79328,63720220.0,3025.0,12,3024.0,11
rb1805,20170630,20170629,211823500,3024.0,2112,79328,63720220.0,3025.0,12,3024.0,11
rb1805,20170630,20170629,211824500,3024.0,2112,79328,63720220.0,3025.0,13,3024.0,7
rb1805,20170630,20170629,211827500,3024.0,2112,79328,63720220.0,3025.0,13,3024.0,7
rb1805,20170630,20170629,211828000,3024.0,2112,79328,63720220.0,3025.0,12,3024.0,7
rb1805,20170630,20170629,211829000,3024.0,2112,79328,63720220.0,3025.0,12,3024.0,7
rb1805,20170630,20170629,211831000,3024.0,2112,79328,63720220.0,3025.0,12,3024.0,7
rb1805,20170630,20170629,211832000,3025.0,2116,79332,63841220.0,3025.0,10,3024.0,7
rb1805,20170630,20170629,211833000,3025.0,2118,79330,63901720.0,3025.0,9,3024.0,7
rb1805,20170630,20170629,211834000,3025.0,2118,79330,63901720.0,3025.0,10,3024.0,7
rb1805,20170630,20170629,211834500,3025.0,2118,79330,63901720.0,3025.0,10,3024.0,7
rb1805,20170630,20170629,211835500,3025.0,2120,79330,63962220.0,3025.0,9,3024.0,8
rb1805,20170630,20170629,211836000,3025.0,2120,79330,63962220.0,3025.0,10,3024.0,8
rb1805,20170630,20170629,211837000,3025.0,2120,79330,63962220.0,3025.0,10,3024.0,12
rb1805,20170630,20170629,211837500,3025.0,2132,79330,64325220.0,3025.0,4,3024.0,12
rb1805,20170630,20170629,211839000,3025.0,2136,79330,64446220.0,3025.0,2,3024.0,12
rb1805,20170630,20170629,211840000,3025.0,2140,79332,64567220.0,3026.0,3,3024.0,12
rb1805,20170630,20170629,211840500,3025.0,2140,79332,64567220.0,3026.0,3,3024.0,12
rb1805,20170630,20170629,211841000,3025.0,2140,79332,64567220.0,3026.0,3,3024.0,12
rb1805,20170630,20170629,211841500,3025.0,2140,79332,64567220.0,3026.0,3,3024.0,12
rb1805,20170630,20170629,211844000,3025.0,2140,79332,64567220.0,3026.0,3,3024.0,12
rb1805,20170630,20170629,211844500,3025.0,2140,79332,64567220.0,3026.0,3,3025.0,5
rb1805,20170630,20170629,211845000,3025.0,2140,79332,64567220.0,3026.0,3,3025.0,5
rb1805,20170630,20170629,211847500,3025.0,2142,79330,64627720.0,3026.0,3,3025.0,4
rb1805,20170630,20170629,211848000,3025.0,2142,79330,64627720.0,3026.0,3,3025.0,5
rb1805,20170630,20170629,211848500,3025.0,2142,79330,64627720.0,3026.0,3,3025.0,5
rb1805,20170630,20170629,211849000,3025.0,2144,79328,64688220.0,3026.0,4,3025.0,4
rb1805,20170630,20170629,211849500,3025.0,2152,79322,64930220.0,3025.0,1,3024.0,14
rb1805,20170630,20170629,211850000,3025.0,2152,79322,64930220.0,3026.0,9,3024.0,10
rb1805,20170630,20170629,211851500,3025.0,2152,79322,64930220.0,3026.0,9,3024.0,10
rb1805,20170630,20170629,211852000,3025.0,2152,79322,64930220.0,3026.0,15,3024.0,10
rb1805,20170630,20170629,211852500,3025.0,2152,79322,64930220.0,3026.0,15,3024.0,10
rb1805,20170630,20170629,211853000,3025.0,2152,79322,64930220.0,3026.0,21,3024.0,10
rb1805,20170630,20170629,211855500,3025.0,2152,79322,64930220.0,3026.0,21,3024.0,10
rb1805,20170630,20170629,211856500,3025.0,2152,79322,64930220.0,3026.0,21,3024.0,10
rb1805,20170630,20170629,211859000,3025.0,2152,79322,64930220.0,3026.0,9,3024.0,10
rb1805,20170630,20170629,211900000,3025.0,2152,79322,64930220.0,3025.0,1,3024.0,10
rb1805,20170630,20170629,211900500,3025.0,2152,79322,64930220.0,3025.0,1,3024.0,10
rb1805,20170630,20170629,211901500,3025.0,2152,79322,64930220.0,3025.0,1,3024.0,8
rb1805,20170630,20170629,211902500,3025.0,2152,79322,64930220.0,3025.0,7,3024.0,8
rb1805,20170630,20170629,211904500,3025.0,2152,79322,64930220.0,3025.0,7,3024.0,8
rb1805,20170630,20170629,211905500,3025.0,2152,79322,64930220.0,3025.0,7,3024.0,8
rb1805,20170630,20170629,211906000,3025.0,2152,79322,64930220.0,3025.0,7,3024.0,8
rb1805,20170630,20170629,211907000,3025.0,2152,79322,64930220.0,3025.0,7,3024.0,8
rb1805,20170630,20170629,211908000,3025.0,2152,79322,64930220.0,3025.0,7,3024.0,8
rb1805,20170630,20170629,211909000,3025.0,2152,79322,64930220.0,3025.0,7,3024.0,8
rb1805,20170630,20170629,211909500,3025.0,2152,79322,64930220.0,3025.0,7,3024.0,8
rb1805,20170630,20170629,211910500,3025.0,2154,79322,64990720.0,3025.0,6,3024.0,8
rb1805,20170630,20170629,211911000,3025.0,2154,79322,64990720.0,3025.0,5,3024.0,8
rb1805,20170630,20170629,211912000,3025.0,2154,79322,64990720.0,3025.0,5,3024.0,8
rb1805,20170630,20170629,211913000,3025.0,2154,79322,64990720.0,3026.0,11,3024.0,8
rb1805,20170630,20170629,211913500,3025.0,2154,79322,64990720.0,3026.0,10,3024.0,12
rb1805,20170630,20170629,211914000,3025.0,2154,79322,64990720.0,3026.0,5,3024.0,12
rb1805,20170630,20170629,211915000,3025.0,2154,79322,64990720.0,3026.0,5,3024.0,12
rb1805,20170630,20170629,211916000,3025.0,2154,79322,64990720.0,3026.0,5,3024.0,12
rb1805,20170630,20170629,211917500,3025.0,2154,79322,64990720.0,3026.0,11,3024.0,12
rb1805,20170630,20170629,211918000,3025.0,2154,79322,64990720.0,3026.0,11,3024.0,12
rb1805,20170630,20170629,211918500,3025.0,2154,79322,64990720.0,3026.0,11,3024.0,12
rb1805,20170630,20170629,211920000,3025.0,2154,79322,64990720.0,3026.0,17,3024.0,12
rb1805,20170630,20170629,211921000,3025.0,2154,79322,64990720.0,3026.0,23,3024.0,8
rb1805,20170630,20170629,211921500,3025.0,2154,79322,64990720.0,3026.0,23,3024.0,8
rb1805,20170630,20170629,211922000,3025.0,2154,79322,64990720.0,3026.0,23,3024.0,8
rb1805,20170630,20170629,211926500,3025.0,2154,79322,64990720.0,3026.0,23,3024.0,3
rb1805,20170630,20170629,211927500,3025.0,2154,79322,64990720.0,3026.0,23,3024.0,3
rb1805,20170630,20170629,211928000,3025.0,2154,79322,64990720.0,3026.0,23,3024.0,3
rb1805,20170630,20170629,211929500,3025.0,2154,79322,64990720.0,3026.0,23,3024.0,3
rb1805,20170630,20170629,211933500,3026.0,2156,79322,65051240.0,3026.0,22,3024.0,3
rb1805,20170630,20170629,211934500,3026.0,2156,79322,65051240.0,3026.0,22,3024.0,3
rb1805,20170630,20170629,211936500,3026.0,2156,79322,65051240.0,3025.0,1,3024.0,3
rb1805,20170630,20170629,211937000,3026.0,2156,79322,65051240.0,3025.0,1,3024.0,3
rb1805,20170630,20170629,211937500,3026.0,2156,79322,65051240.0,3025.0,1,3024.0,3
rb1805,20170630,20170629,211941000,3024.0,2158,79320,65111720.0,3025.0,7,3024.0,2
rb1805,20170630,20170629,211941500,3024.0,2162,79322,65232680.0,3024.0,1,3023.0,14
rb1805,20170630,20170629,211942000,3024.0,2162,79322,65232680.0,3025.0,7,3023.0,14
rb1805,20170630,20170629,211943000,3024.0,2162,79322,65232680.0,3025.0,13,3023.0,14
rb1805,20170630,20170629,211943500,3024.0,2162,79322,65232680.0,3025.0,19,3023.0,14
rb1805,20170630,20170629,211944500,3024.0,2162,79322,65232680.0,3025.0,19,3023.0,14
rb1805,20170630,20170629,211946000,3024.0,2162,79322,65232680.0,3025.0,19,3023.0,14
