instrument,tradingday,calendarday,time,lastp,volume,openinterest,turnover,ask1,asksz1,bid1,bidsz1
rb1805,20170929,20170928,183329500,3470.0,0,503824,0.0,0.0,0,0.0,0
rb1805,20170929,20170928,205900500,3475.0,166,503848,5768500.0,3475.0,7,3473.0,1
rb1805,20170929,20170928,210000500,3475.0,434,503896,15084800.0,3477.0,6,3475.0,15
rb1805,20170929,20170928,210001000,3481.0,700,503764,24334880.0,3481.0,48,3477.0,17
rb1805,20170929,20170928,210001500,3480.0,1192,503652,41457720.0,3480.0,8,3478.0,1
rb1805,20170929,20170928,210002000,3475.0,1480,503768,51470180.0,3477.0,7,3475.0,1
rb1805,20170929,20170928,210002500,3475.0,1490,503774,51817680.0,3476.0,40,3473.0,10
rb1805,20170929,20170928,210003000,3475.0,1530,503748,53207320.0,3475.0,8,3473.0,11
rb1805,20170929,20170928,210003500,3475.0,1582,503726,55013880.0,3474.0,19,3472.0,81
rb1805,20170929,20170928,210004000,3473.0,1606,503720,55847440.0,3474.0,27,3472.0,76
rb1805,20170929,20170928,210004500,3474.0,1628,503710,56611460.0,3474.0,28,3472.0,71
rb1805,20170929,20170928,210005000,3472.0,1806,503592,62791540.0,3473.0,210,3472.0,7
rb1805,20170929,20170928,210005500,3472.0,1856,503620,64527500.0,3472.0,113,3470.0,22
rb1805,20170929,20170928,210006000,3471.0,1990,503576,69176740.0,3471.0,25,3470.0,1
rb1805,20170929,20170928,210006500,3470.0,2060,503552,71605760.0,3470.0,81,3468.0,67
rb1805,20170929,20170928,210007000,3470.0,2098,503556,72924340.0,3470.0,71,3469.0,13
rb1805,20170929,20170928,210007500,3469.0,2278,503538,79170900.0,3470.0,18,3469.0,44
rb1805,20170929,20170928,210008000,3470.0,2322,503544,80697740.0,3471.0,6,3470.0,46
rb1805,20170929,20170928,210008500,3470.0,2346,503552,81530720.0,3471.0,3,3470.0,37
rb1805,20170929,20170928,210009000,3471.0,2374,503566,82502600.0,3472.0,11,3471.0,78
rb1805,20170929,20170928,210009500,3471.0,2418,503540,84030000.0,3472.0,2,3471.0,66
rb1805,20170929,20170928,210010000,3471.0,2444,503522,84932460.0,3472.0,2,3471.0,54
rb1805,20170929,20170928,210010500,3471.0,2454,503526,85279640.0,3473.0,212,3472.0,1
rb1805,20170929,20170928,210011000,3472.0,2482,503520,86251680.0,3472.0,21,3471.0,30
rb1805,20170929,20170928,210011500,3472.0,2534,503518,88057040.0,3473.0,212,3472.0,4
rb1805,20170929,20170928,210012000,3473.0,2740,503568,95210020.0,3473.0,158,3470.0,48
rb1805,20170929,20170928,210012500,3472.0,2742,503566,95279460.0,3472.0,7,3471.0,2
rb1805,20170929,20170928,210013000,3472.0,2750,503564,95557200.0,3472.0,4,3471.0,11
rb1805,20170929,20170928,210013500,3472.0,2780,503550,96598580.0,3472.0,6,3471.0,67
rb1805,20170929,20170928,210014000,3473.0,2794,503544,97084680.0,3473.0,155,3471.0,67
rb1805,20170929,20170928,210014500,3472.0,2952,503406,102569180.0,3473.0,151,3472.0,1
rb1805,20170929,20170928,210015000,3471.0,2958,503406,102777460.0,3471.0,10,3470.0,40
rb1805,20170929,20170928,210015500,3471.0,2980,503386,103541080.0,3472.0,16,3471.0,3
rb1805,20170929,20170928,210016000,3471.0,2990,503388,103888180.0,3472.0,18,3471.0,2
rb1805,20170929,20170928,210016500,3471.0,2992,503390,103957600.0,3472.0,19,3471.0,2
rb1805,20170929,20170928,210017000,3472.0,3022,503386,104999160.0,3472.0,11,3470.0,149
rb1805,20170929,20170928,210017500,3471.0,3028,503384,105207440.0,3471.0,2,3470.0,144
rb1805,20170929,20170928,210018000,3471.0,3042,503384,105693380.0,3472.0,10,3471.0,5
rb1805,20170929,20170928,210018500,3471.0,3048,503390,105901640.0,3472.0,22,3471.0,9
rb1805,20170929,20170928,210019000,3471.0,3052,503392,106040480.0,3472.0,22,3471.0,22
rb1805,20170929,20170928,210019500,3471.0,3058,503392,106248760.0,3472.0,21,3471.0,25
rb1805,20170929,20170928,210020000,3471.0,3124,503362,108539740.0,3471.0,10,3470.0,165
rb1805,20170929,20170928,210020500,3472.0,3150,503364,109442260.0,3472.0,33,3471.0,19
rb1805,20170929,20170928,210021000,3472.0,3184,503354,110622420.0,3471.0,6,3470.0,164
rb1805,20170929,20170928,210021500,3471.0,3198,503366,111108360.0,3472.0,32,3471.0,135
rb1805,20170929,20170928,210022000,3472.0,3278,503366,113885960.0,3473.0,156,3471.0,156
rb1805,20170929,20170928,210022500,3471.0,3290,503368,114302480.0,3472.0,1,3471.0,140
rb1805,20170929,20170928,210023000,3471.0,3312,503380,115066300.0,3472.0,8,3471.0,130
rb1805,20170929,20170928,210023500,3472.0,3320,503386,115344040.0,3472.0,7,3471.0,131
rb1805,20170929,20170928,210024000,3472.0,3332,503394,115760640.0,3472.0,3,3471.0,129
rb1805,20170929,20170928,210024500,3471.0,3344,503404,116177200.0,3472.0,19,3471.0,125
rb1805,20170929,20170928,210025000,3471.0,3602,503398,125132380.0,3471.0,16,3470.0,167
rb1805,20170929,20170928,210025500,3472.0,3628,503416,126034840.0,3472.0,27,3470.0,165
rb1805,20170929,20170928,210026000,3471.0,3640,503424,126451420.0,3471.0,6,3470.0,165
rb1805,20170929,20170928,210026500,3471.0,3646,503430,126659680.0,3471.0,7,3470.0,165
rb1805,20170929,20170928,210027000,3471.0,3672,503436,127562220.0,3472.0,21,3471.0,10
rb1805,20170929,20170928,210027500,3470.0,3694,503418,128325820.0,3471.0,3,3470.0,204
rb1805,20170929,20170928,210028000,3470.0,3698,503420,128464640.0,3471.0,13,3470.0,204
rb1805,20170929,20170928,210028500,3470.0,3706,503420,128742300.0,3471.0,9,3470.0,207
rb1805,20170929,20170928,210029000,3471.0,3726,503424,129436500.0,3472.0,20,3471.0,14
rb1805,20170929,20170928,210029500,3470.0,3760,503422,130616600.0,3471.0,12,3470.0,202
rb1805,20170929,20170928,210030000,3471.0,3768,503418,130894280.0,3472.0,21,3471.0,7
rb1805,20170929,20170928,210030500,3471.0,3782,503412,131380220.0,3471.0,21,3470.0,202
rb1805,20170929,20170928,210031000,3471.0,3790,503418,131657840.0,3471.0,15,3470.0,201
rb1805,20170929,20170928,210031500,3470.0,3820,503426,132698840.0,3471.0,20,3470.0,201
rb1805,20170929,20170928,210032000,3470.0,3820,503426,132698840.0,3471.0,20,3470.0,201
rb1805,20170929,20170928,210032500,3470.0,3830,503426,133045920.0,3471.0,16,3470.0,200
rb1805,20170929,20170928,210033000,3470.0,3986,503320,138459340.0,3471.0,11,3470.0,133
rb1805,20170929,20170928,210033500,3471.0,4010,503332,139292380.0,3472.0,23,3471.0,23
rb1805,20170929,20170928,210034000,3471.0,4052,503366,140750560.0,3472.0,8,3471.0,32
rb1805,20170929,20170928,210034500,3471.0,4064,503374,141167180.0,3472.0,4,3471.0,24
rb1805,20170929,20170928,210035000,3471.0,4072,503374,141444860.0,3472.0,12,3471.0,7
rb1805,20170929,20170928,210035500,3472.0,4080,503378,141722580.0,3472.0,8,3471.0,6
rb1805,20170929,20170928,210036000,3471.0,4088,503386,142000260.0,3472.0,8,3471.0,7
rb1805,20170929,20170928,210036500,3471.0,4092,503388,142139100.0,3472.0,8,3471.0,7
rb1805,20170929,20170928,210037000,3471.0,4098,503390,142347380.0,3472.0,19,3471.0,16
rb1805,20170929,20170928,210037500,3472.0,4100,503392,142416820.0,3472.0,20,3471.0,10
rb1805,20170929,20170928,210038000,3471.0,4124,503392,143249860.0,3472.0,20,3470.0,134
rb1805,20170929,20170928,210038500,3471.0,4124,503392,143249860.0,3472.0,20,3471.0,1
rb1805,20170929,20170928,210039000,3470.0,4128,503390,143388680.0,3471.0,2,3470.0,137
rb1805,20170929,20170928,210039500,3470.0,4174,503344,144984880.0,3471.0,2,3470.0,114
rb1805,20170929,20170928,210040000,3470.0,4176,503342,145054280.0,3471.0,12,3470.0,118
rb1805,20170929,20170928,210040500,3471.0,4192,503354,145609640.0,3471.0,5,3470.0,118
rb1805,20170929,20170928,210041000,3471.0,4200,503362,145887320.0,3471.0,1,3470.0,118
rb1805,20170929,20170928,210041500,3470.0,4208,503362,146164920.0,3471.0,1,3470.0,114
rb1805,20170929,20170928,210042000,3471.0,4210,503362,146234340.0,3471.0,1,3470.0,114
rb1805,20170929,20170928,210042500,3470.0,4212,503362,146303740.0,3471.0,1,3470.0,113
rb1805,20170929,20170928,210043000,3470.0,4226,503358,146789560.0,3472.0,22,3471.0,6
rb1805,20170929,20170928,210043500,3471.0,4240,503344,147275500.0,3471.0,34,3470.0,106
rb1805,20170929,20170928,210044000,3471.0,4256,503338,147830720.0,3471.0,51,3470.0,108
rb1805,20170929,20170928,210044500,3471.0,4256,503338,147830720.0,3471.0,45,3470.0,110
rb1805,20170929,20170928,210045000,3471.0,4328,503278,150329140.0,3471.0,44,3470.0,80
rb1805,20170929,20170928,210045500,3470.0,4498,503252,156228160.0,3470.0,8,3469.0,27
rb1805,20170929,20170928,210046000,3470.0,4538,503234,157615800.0,3470.0,7,3469.0,15
rb1805,20170929,20170928,210046500,3470.0,4542,503234,157754580.0,3470.0,16,3469.0,19
rb1805,20170929,20170928,210047000,3469.0,4548,503234,157962740.0,3470.0,22,3469.0,11
rb1805,20170929,20170928,210047500,3469.0,4558,503234,158309660.0,3470.0,21,3469.0,7
rb1805,20170929,20170928,210048000,3469.0,4562,503232,158448420.0,3469.0,1,3468.0,100
rb1805,20170929,20170928,210048500,3470.0,4576,503228,158934100.0,3470.0,105,3468.0,100
rb1805,20170929,20170928,210049000,3470.0,4576,503228,158934100.0,3469.0,1,3468.0,100
rb1805,20170929,20170928,210049500,3468.0,4584,503228,159211560.0,3470.0,106,3469.0,2
rb1805,20170929,20170928,210050000,3469.0,4598,503230,159697220.0,3469.0,3,3468.0,98
rb1805,20170929,20170928,210050500,3469.0,4616,503244,160321640.0,3470.0,107,3469.0,1
rb1805,20170929,20170928,210051000,3468.0,4618,503242,160391000.0,3470.0,107,3469.0,7
rb1805,20170929,20170928,210051500,3468.0,4658,503214,161778200.0,3470.0,107,3468.0,89
rb1805,20170929,20170928,210052000,3470.0,4774,503120,165801760.0,3470.0,93,3468.0,54
rb1805,20170929,20170928,210052500,3468.0,4846,503114,168299360.0,3470.0,79,3469.0,2
rb1805,20170929,20170928,210053000,3469.0,4856,503114,168646340.0,3470.0,75,3469.0,5
rb1805,20170929,20170928,210053500,3469.0,4874,503104,169270760.0,3469.0,16,3468.0,36
rb1805,20170929,20170928,210054000,3469.0,4926,503126,171074680.0,3470.0,69,3469.0,22
rb1805,20170929,20170928,210054500,3469.0,4946,503116,171768480.0,3470.0,80,3469.0,13
rb1805,20170929,20170928,210055000,3469.0,4972,503118,172670420.0,3469.0,11,3468.0,32
rb1805,20170929,20170928,210055500,3468.0,4978,503122,172878540.0,3469.0,11,3468.0,31
rb1805,20170929,20170928,210056000,3468.0,4978,503122,172878540.0,3469.0,17,3468.0,32
rb1805,20170929,20170928,210056500,3468.0,4978,503122,172878540.0,3469.0,19,3468.0,32
rb1805,20170929,20170928,210057000,3468.0,4978,503122,172878540.0,3469.0,28,3468.0,39
rb1805,20170929,20170928,210057500,3468.0,4982,503122,173017260.0,3469.0,32,3468.0,39
rb1805,20170929,20170928,210058000,3469.0,4986,503122,173156000.0,3469.0,33,3468.0,39
rb1805,20170929,20170928,210058500,3468.0,5062,503114,175791880.0,3469.0,26,3468.0,12
rb1805,20170929,20170928,210059000,3468.0,5082,503122,176485480.0,3469.0,27,3468.0,3
rb1805,20170929,20170928,210059500,3467.0,5104,503126,177248420.0,3468.0,27,3467.0,13
rb1805,20170929,20170928,210100000,3467.0,5144,503134,178635360.0,3467.0,1,3466.0,17
rb1805,20170929,20170928,210100500,3466.0,5156,503142,179051380.0,3467.0,6,3466.0,21
rb1805,20170929,20170928,210101000,3467.0,5164,503142,179328740.0,3467.0,4,3466.0,21
rb1805,20170929,20170928,210101500,3466.0,5224,503118,181408400.0,3466.0,88,3465.0,27
rb1805,20170929,20170928,210102000,3465.0,5430,502960,188548180.0,3466.0,5,3465.0,16
rb1805,20170929,20170928,210102500,3465.0,5452,502956,189310580.0,3466.0,1,3465.0,19
rb1805,20170929,20170928,210103000,3465.0,5482,502976,190350120.0,3467.0,9,3465.0,7
rb1805,20170929,20170928,210103500,3465.0,5496,502978,190835340.0,3467.0,24,3465.0,5
rb1805,20170929,20170928,210104000,3467.0,5502,502978,191043280.0,3467.0,23,3466.0,2
rb1805,20170929,20170928,210104500,3466.0,5532,502968,192083140.0,3467.0,19,3466.0,1
rb1805,20170929,20170928,210105000,3466.0,5532,502968,192083140.0,3467.0,19,3466.0,9
rb1805,20170929,20170928,210105500,3466.0,5542,502962,192429740.0,3467.0,8,3466.0,46
rb1805,20170929,20170928,210106000,3466.0,5554,502972,192845660.0,3467.0,9,3466.0,44
rb1805,20170929,20170928,210106500,3466.0,5558,502974,192984320.0,3467.0,18,3466.0,66
rb1805,20170929,20170928,210107000,3466.0,5608,502980,194717340.0,3467.0,17,3466.0,45
rb1805,20170929,20170928,210107500,3466.0,5612,502984,194856000.0,3467.0,16,3466.0,44
rb1805,20170929,20170928,210108000,3467.0,5688,502964,197490640.0,3468.0,147,3467.0,38
rb1805,20170929,20170928,210108500,3466.0,5766,502962,200194880.0,3467.0,1,3466.0,33
rb1805,20170929,20170928,210109000,3466.0,5768,502964,200264200.0,3467.0,8,3466.0,33
rb1805,20170929,20170928,210109500,3466.0,5796,502980,201234840.0,3468.0,147,3466.0,34
rb1805,20170929,20170928,210110000,3467.0,5834,502974,202552260.0,3467.0,2,3466.0,28
rb1805,20170929,20170928,210110500,3467.0,5840,502978,202760240.0,3467.0,9,3466.0,26
rb1805,20170929,20170928,210111000,3467.0,5890,502986,204493460.0,3468.0,155,3467.0,39
rb1805,20170929,20170928,210111500,3467.0,5920,503006,205533560.0,3468.0,139,3467.0,26
rb1805,20170929,20170928,210112000,3468.0,5962,503016,206990020.0,3468.0,124,3467.0,21
rb1805,20170929,20170928,210112500,3467.0,5978,503026,207544740.0,3468.0,133,3467.0,15
rb1805,20170929,20170928,210113000,3467.0,6000,503048,208307480.0,3468.0,128,3467.0,26
rb1805,20170929,20170928,210113500,3468.0,6010,503038,208654280.0,3468.0,126,3467.0,20
rb1805,20170929,20170928,210114000,3467.0,6024,503050,209139660.0,3468.0,127,3467.0,26
rb1805,20170929,20170928,210114500,3467.0,6024,503050,209139660.0,3468.0,128,3467.0,26
rb1805,20170929,20170928,210115000,3468.0,6032,503054,209417040.0,3468.0,127,3467.0,25
rb1805,20170929,20170928,210115500,3468.0,6134,503034,212954400.0,3468.0,76,3467.0,30
rb1805,20170929,20170928,210116000,3467.0,6152,503050,213578600.0,3468.0,69,3467.0,35
rb1805,20170929,20170928,210116500,3468.0,6156,503054,213717300.0,3468.0,75,3467.0,35
rb1805,20170929,20170928,210117000,3468.0,6176,503064,214410900.0,3468.0,61,3467.0,35
rb1805,20170929,20170928,210117500,3467.0,6180,503066,214549580.0,3468.0,59,3467.0,41
rb1805,20170929,20170928,210118000,3467.0,6182,503064,214618920.0,3468.0,59,3467.0,42
rb1805,20170929,20170928,210118500,3468.0,6248,503086,216907500.0,3468.0,41,3467.0,27
rb1805,20170929,20170928,210119000,3467.0,6264,503090,217462280.0,3468.0,38,3467.0,22
rb1805,20170929,20170928,210119500,3468.0,6344,503162,220236660.0,3469.0,25,3468.0,21
rb1805,20170929,20170928,210120000,3468.0,6350,503168,220444740.0,3469.0,35,3468.0,19
rb1805,20170929,20170928,210120500,3469.0,6352,503168,220514120.0,3469.0,34,3468.0,19
rb1805,20170929,20170928,210121000,3469.0,6408,503146,222456660.0,3469.0,11,3468.0,22
rb1805,20170929,20170928,210121500,3469.0,6410,503146,222526040.0,3469.0,10,3468.0,29
rb1805,20170929,20170928,210122000,3469.0,6412,503148,222595420.0,3469.0,9,3468.0,29
rb1805,20170929,20170928,210122500,3469.0,6418,503152,222803540.0,3469.0,5,3468.0,29
rb1805,20170929,20170928,210123000,3468.0,6432,503162,223289060.0,3469.0,29,3468.0,18
rb1805,20170929,20170928,210123500,3468.0,6468,503192,224537540.0,3469.0,29,3467.0,23
rb1805,20170929,20170928,210124000,3469.0,6470,503190,224606920.0,3469.0,26,3467.0,23
rb1805,20170929,20170928,210124500,3468.0,6540,503230,227033720.0,3468.0,2,3467.0,1
rb1805,20170929,20170928,210125000,3468.0,6542,503230,227103080.0,3468.0,12,3467.0,1
rb1805,20170929,20170928,210125500,3468.0,6542,503230,227103080.0,3468.0,12,3467.0,5
rb1805,20170929,20170928,210126000,3467.0,6546,503232,227241760.0,3468.0,13,3467.0,3
rb1805,20170929,20170928,210126500,3467.0,6546,503232,227241760.0,3468.0,15,3467.0,3
rb1805,20170929,20170928,210127000,3467.0,6546,503232,227241760.0,3468.0,18,3467.0,5
rb1805,20170929,20170928,210127500,3467.0,6556,503240,227588540.0,3468.0,11,3467.0,11
rb1805,20170929,20170928,210128000,3467.0,6556,503240,227588540.0,3468.0,9,3467.0,11
rb1805,20170929,20170928,210128500,3468.0,6582,503222,228489980.0,3468.0,20,3467.0,7
rb1805,20170929,20170928,210129000,3468.0,6584,503224,228559340.0,3468.0,19,3467.0,7
rb1805,20170929,20170928,210129500,3468.0,6584,503224,228559340.0,3468.0,9,3467.0,13
rb1805,20170929,20170928,210130000,3467.0,6588,503226,228698040.0,3468.0,8,3467.0,15
rb1805,20170929,20170928,210130500,3467.0,6596,503234,228975400.0,3468.0,21,3467.0,29
rb1805,20170929,20170928,210131000,3467.0,6606,503232,229322120.0,3468.0,20,3467.0,26
rb1805,20170929,20170928,210131500,3468.0,6646,503202,230709320.0,3469.0,25,3468.0,39
rb1805,20170929,20170928,210132000,3468.0,6646,503202,230709320.0,3469.0,12,3468.0,82
rb1805,20170929,20170928,210132500,3468.0,6646,503202,230709320.0,3469.0,17,3468.0,84
rb1805,20170929,20170928,210133000,3468.0,6648,503202,230778680.0,3469.0,17,3468.0,91
rb1805,20170929,20170928,210133500,3469.0,6692,503210,232305040.0,3470.0,86,3469.0,33
rb1805,20170929,20170928,210134000,3469.0,6692,503210,232305040.0,3470.0,84,3469.0,28
rb1805,20170929,20170928,210134500,3469.0,6696,503210,232443800.0,3470.0,84,3469.0,26
rb1805,20170929,20170928,210135000,3470.0,6716,503190,233137800.0,3470.0,75,3469.0,26
rb1805,20170929,20170928,210135500,3469.0,6720,503194,233276560.0,3470.0,75,3469.0,24
rb1805,20170929,20170928,210136000,3469.0,6722,503194,233345940.0,3470.0,74,3469.0,23
rb1805,20170929,20170928,210136500,3469.0,6722,503194,233345940.0,3470.0,75,3469.0,23
rb1805,20170929,20170928,210137000,3469.0,6722,503194,233345940.0,3470.0,75,3469.0,28
rb1805,20170929,20170928,210137500,3469.0,6724,503196,233415320.0,3470.0,91,3469.0,32
rb1805,20170929,20170928,210138000,3470.0,6906,503096,239730720.0,3471.0,22,3470.0,1
rb1805,20170929,20170928,210138500,3471.0,6908,503096,239800140.0,3471.0,21,3470.0,14
rb1805,20170929,20170928,210139000,3471.0,6930,503090,240563760.0,3472.0,42,3471.0,14
rb1805,20170929,20170928,210139500,3471.0,6930,503090,240563760.0,3472.0,37,3471.0,19
rb1805,20170929,20170928,210140000,3471.0,6950,503110,241257960.0,3472.0,37,3471.0,9
rb1805,20170929,20170928,210140500,3471.0,6990,503102,242646360.0,3471.0,21,3470.0,65
rb1805,20170929,20170928,210141000,3471.0,7110,503032,246812300.0,3472.0,1,3471.0,59
rb1805,20170929,20170928,210141500,3471.0,7114,503028,246951160.0,3473.0,164,3471.0,80
rb1805,20170929,20170928,210142000,3472.0,7116,503026,247020600.0,3472.0,3,3471.0,84
rb1805,20170929,20170928,210142500,3472.0,7132,503018,247576180.0,3473.0,161,3472.0,6
rb1805,20170929,20170928,210143000,3472.0,7192,503022,249659360.0,3473.0,161,3472.0,7
rb1805,20170929,20170928,210143500,3472.0,7232,503050,251048160.0,3472.0,13,3471.0,5
rb1805,20170929,20170928,210144000,3472.0,7232,503050,251048160.0,3472.0,25,3471.0,5
rb1805,20170929,20170928,210144500,3471.0,7242,503042,251395260.0,3471.0,15,3470.0,56
rb1805,20170929,20170928,210145000,3471.0,7252,503042,251742360.0,3471.0,18,3470.0,51
rb1805,20170929,20170928,210145500,3470.0,7254,503044,251811760.0,3471.0,18,3470.0,50
rb1805,20170929,20170928,210146000,3471.0,7256,503046,251881180.0,3471.0,17,3470.0,50
rb1805,20170929,20170928,210146500,3470.0,7258,503048,251950580.0,3471.0,17,3470.0,4
rb1805,20170929,20170928,210147000,3470.0,7258,503048,251950580.0,3471.0,17,3470.0,4
rb1805,20170929,20170928,210147500,3470.0,7258,503048,251950580.0,3471.0,17,3470.0,4
rb1805,20170929,20170928,210148000,3470.0,7260,503048,252019980.0,3471.0,17,3470.0,3
rb1805,20170929,20170928,210148500,3470.0,7262,503048,252089380.0,3471.0,18,3470.0,3
rb1805,20170929,20170928,210149000,3471.0,7298,503028,253338940.0,3471.0,7,3470.0,43
rb1805,20170929,20170928,210149500,3471.0,7298,503028,253338940.0,3471.0,5,3470.0,49
rb1805,20170929,20170928,210150000,3471.0,7298,503028,253338940.0,3471.0,13,3470.0,49
rb1805,20170929,20170928,210150500,3471.0,7334,503026,254588500.0,3472.0,31,3471.0,12
rb1805,20170929,20170928,210151000,3471.0,7350,503034,255143860.0,3472.0,31,3471.0,5
rb1805,20170929,20170928,210151500,3470.0,7362,503044,255560360.0,3471.0,25,3470.0,14
rb1805,20170929,20170928,210152000,3470.0,7364,503046,255629760.0,3471.0,18,3470.0,13
rb1805,20170929,20170928,210152500,3471.0,7368,503044,255768600.0,3471.0,26,3470.0,13
rb1805,20170929,20170928,210153000,3471.0,7378,503050,256115700.0,3471.0,21,3470.0,14
rb1805,20170929,20170928,210153500,3470.0,7398,503070,256809700.0,3471.0,21,3470.0,4
rb1805,20170929,20170928,210154000,3470.0,7408,503080,257156700.0,3470.0,11,3469.0,9
rb1805,20170929,20170928,210154500,3470.0,7408,503080,257156700.0,3470.0,13,3469.0,4
rb1805,20170929,20170928,210155000,3470.0,7410,503082,257226100.0,3470.0,12,3469.0,13
rb1805,20170929,20170928,210155500,3470.0,7410,503082,257226100.0,3470.0,6,3469.0,13
rb1805,20170929,20170928,210156000,3470.0,7414,503084,257364880.0,3470.0,6,3469.0,12
rb1805,20170929,20170928,210156500,3470.0,7416,503086,257434280.0,3470.0,5,3469.0,12
rb1805,20170929,20170928,210157000,3470.0,7416,503086,257434280.0,3470.0,5,3469.0,13
rb1805,20170929,20170928,210157500,3470.0,7418,503088,257503680.0,3470.0,4,3469.0,13
rb1805,20170929,20170928,210158000,3470.0,7418,503088,257503680.0,3470.0,4,3469.0,13
rb1805,20170929,20170928,210159000,3470.0,7422,503090,257642480.0,3470.0,2,3469.0,13
rb1805,20170929,20170928,210159500,3469.0,7428,503094,257850620.0,3470.0,3,3469.0,11
rb1805,20170929,20170928,210200000,3470.0,7434,503094,258058820.0,3471.0,81,3470.0,2
rb1805,20170929,20170928,210200500,3470.0,7444,503100,258405820.0,3471.0,81,3469.0,18
rb1805,20170929,20170928,210201000,3470.0,7444,503100,258405820.0,3471.0,86,3469.0,23
rb1805,20170929,20170928,210201500,3470.0,7444,503100,258405820.0,3470.0,6,3469.0,23
rb1805,20170929,20170928,210202000,3469.0,7448,503102,258544600.0,3470.0,5,3469.0,22
rb1805,20170929,20170928,210202500,3470.0,7450,503104,258614000.0,3470.0,5,3469.0,23
rb1805,20170929,20170928,210203000,3470.0,7460,503114,258961000.0,3471.0,89,3470.0,3
rb1805,20170929,20170928,210203500,3469.0,7470,503114,259307960.0,3470.0,1,3469.0,21
rb1805,20170929,20170928,210204000,3469.0,7470,503114,259307960.0,3470.0,1,3469.0,21
rb1805,20170929,20170928,210204500,3469.0,7472,503114,259377340.0,3470.0,3,3469.0,20
rb1805,20170929,20170928,210205000,3470.0,7474,503116,259446740.0,3470.0,2,3469.0,20
rb1805,20170929,20170928,210205500,3469.0,7476,503114,259516120.0,3470.0,3,3469.0,19
rb1805,20170929,20170928,210206000,3469.0,7480,503116,259654900.0,3470.0,7,3469.0,20
rb1805,20170929,20170928,210206500,3470.0,7482,503116,259724300.0,3470.0,13,3469.0,16
rb1805,20170929,20170928,210207000,3469.0,7486,503116,259863080.0,3470.0,12,3469.0,15
rb1805,20170929,20170928,210207500,3470.0,7488,503116,259932480.0,3470.0,11,3469.0,15
rb1805,20170929,20170928,210208000,3469.0,7490,503116,260001860.0,3470.0,12,3469.0,14
rb1805,20170929,20170928,210208500,3469.0,7490,503116,260001860.0,3470.0,18,3469.0,16
rb1805,20170929,20170928,210209000,3469.0,7512,503126,260765040.0,3470.0,20,3469.0,5
rb1805,20170929,20170928,210209500,3469.0,7516,503130,260903800.0,3470.0,22,3469.0,7
rb1805,20170929,20170928,210210000,3469.0,7516,503130,260903800.0,3470.0,22,3469.0,9
rb1805,20170929,20170928,210210500,3470.0,7520,503130,261042600.0,3470.0,15,3469.0,9
rb1805,20170929,20170928,210211000,3469.0,7522,503130,261111980.0,3470.0,15,3469.0,8
rb1805,20170929,20170928,210211500,3469.0,7522,503130,261111980.0,3470.0,15,3469.0,8
rb1805,20170929,20170928,210212000,3470.0,7526,503126,261250780.0,3470.0,7,3469.0,14
rb1805,20170929,20170928,210212500,3470.0,7592,503096,263540980.0,3471.0,87,3469.0,14
rb1805,20170929,20170928,210213000,3470.0,7596,503096,263679780.0,3471.0,36,3470.0,21
rb1805,20170929,20170928,210213500,3470.0,7608,503104,264096280.0,3471.0,26,3470.0,20
rb1805,20170929,20170928,210214000,3471.0,7676,503082,266456560.0,3472.0,103,3471.0,43
rb1805,20170929,20170928,210214500,3471.0,7702,503074,267359240.0,3472.0,71,3471.0,30
rb1805,20170929,20170928,210215000,3472.0,7844,503084,272289480.0,3473.0,169,3472.0,21
rb1805,20170929,20170928,210215500,3473.0,7852,503086,272567260.0,3473.0,168,3472.0,8
rb1805,20170929,20170928,210216000,3472.0,7860,503094,272845020.0,3473.0,173,3472.0,4
rb1805,20170929,20170928,210216500,3472.0,7860,503094,272845020.0,3473.0,173,3472.0,9
rb1805,20170929,20170928,210217000,3472.0,7864,503096,272983900.0,3473.0,173,3472.0,4
rb1805,20170929,20170928,210217500,3472.0,7868,503100,273122780.0,3473.0,173,3472.0,2
rb1805,20170929,20170928,210218000,3472.0,7874,503104,273331120.0,3473.0,172,3471.0,30
rb1805,20170929,20170928,210218500,3473.0,7896,503104,274095100.0,3472.0,1,3471.0,30
rb1805,20170929,20170928,210219000,3472.0,7904,503108,274372860.0,3473.0,166,3472.0,2
rb1805,20170929,20170928,210219500,3472.0,7928,503102,275206040.0,3472.0,8,3471.0,25
rb1805,20170929,20170928,210220000,3471.0,7938,503096,275553160.0,3472.0,1,3471.0,21
rb1805,20170929,20170928,210220500,3471.0,7938,503096,275553160.0,3472.0,1,3471.0,21
rb1805,20170929,20170928,210221000,3472.0,7942,503098,275692020.0,3473.0,172,3472.0,3
rb1805,20170929,20170928,210221500,3471.0,7950,503098,275969760.0,3472.0,35,3471.0,20
rb1805,20170929,20170928,210222000,3471.0,7950,503098,275969760.0,3472.0,31,3471.0,18
rb1805,20170929,20170928,210222500,3472.0,7970,503108,276664160.0,3472.0,17,3471.0,28
rb1805,20170929,20170928,210223000,3472.0,8004,503106,277844640.0,3472.0,1,3471.0,28
rb1805,20170929,20170928,210223500,3472.0,8006,503106,277914080.0,3473.0,178,3472.0,7
rb1805,20170929,20170928,210224000,3472.0,8020,503102,278400160.0,3472.0,4,3471.0,13
rb1805,20170929,20170928,210224500,3472.0,8082,503060,280552800.0,3472.0,123,3471.0,18
rb1805,20170929,20170928,210225000,3472.0,8102,503056,281247200.0,3472.0,113,3471.0,18
rb1805,20170929,20170928,210225500,3472.0,8126,503052,282080440.0,3472.0,109,3471.0,16
rb1805,20170929,20170928,210226000,3472.0,8166,503054,283468920.0,3472.0,105,3471.0,1
rb1805,20170929,20170928,210226500,3472.0,8172,503048,283677240.0,3472.0,105,3471.0,24
rb1805,20170929,20170928,210227000,3472.0,8246,503028,286245940.0,3472.0,98,3471.0,1
rb1805,20170929,20170928,210227500,3471.0,8252,503034,286454200.0,3471.0,32,3470.0,12
rb1805,20170929,20170928,210228000,3471.0,8252,503034,286454200.0,3471.0,29,3470.0,12
rb1805,20170929,20170928,210228500,3471.0,8310,503040,288467380.0,3472.0,103,3470.0,16
rb1805,20170929,20170928,210229000,3471.0,8310,503040,288467380.0,3472.0,93,3471.0,1
rb1805,20170929,20170928,210229500,3471.0,8314,503038,288606220.0,3471.0,4,3470.0,57
rb1805,20170929,20170928,210230000,3471.0,8322,503038,288883900.0,3472.0,98,3471.0,4
rb1805,20170929,20170928,210230500,3472.0,8326,503038,289022760.0,3472.0,97,3471.0,7
rb1805,20170929,20170928,210231000,3471.0,8350,503020,289856000.0,3472.0,82,3471.0,1
rb1805,20170929,20170928,210231500,3471.0,8364,503022,290341980.0,3472.0,80,3471.0,2
rb1805,20170929,20170928,210232000,3471.0,8364,503022,290341980.0,3472.0,90,3471.0,10
rb1805,20170929,20170928,210232500,3471.0,8368,503022,290480820.0,3472.0,91,3471.0,8
rb1805,20170929,20170928,210233000,3471.0,8370,503024,290550240.0,3472.0,91,3471.0,19
rb1805,20170929,20170928,210233500,3471.0,8388,503026,291175020.0,3472.0,92,3471.0,11
rb1805,20170929,20170928,210234000,3471.0,8388,503026,291175020.0,3472.0,93,3471.0,11
rb1805,20170929,20170928,210234500,3471.0,8388,503026,291175020.0,3472.0,93,3471.0,14
rb1805,20170929,20170928,210235000,3472.0,8392,503026,291313900.0,3472.0,92,3471.0,15
rb1805,20170929,20170928,210235500,3471.0,8416,503050,292146940.0,3472.0,92,3471.0,3
rb1805,20170929,20170928,210236000,3471.0,8438,503034,292910560.0,3472.0,92,3471.0,5
rb1805,20170929,20170928,210236500,3471.0,8438,503034,292910560.0,3472.0,142,3471.0,15
rb1805,20170929,20170928,210237000,3471.0,8442,503030,293049400.0,3472.0,141,3471.0,18
rb1805,20170929,20170928,210237500,3472.0,8444,503030,293118840.0,3472.0,140,3471.0,18
rb1805,20170929,20170928,210238000,3472.0,8514,502968,295549240.0,3472.0,105,3471.0,59
rb1805,20170929,20170928,210238500,3471.0,8622,502886,299298980.0,3472.0,52,3471.0,58
rb1805,20170929,20170928,210239000,3472.0,8728,502916,302979300.0,3473.0,182,3472.0,66
rb1805,20170929,20170928,210239500,3472.0,8750,502894,303743140.0,3473.0,182,3472.0,55
rb1805,20170929,20170928,210240000,3473.0,8754,502894,303882040.0,3473.0,181,3472.0,55
rb1805,20170929,20170928,210240500,3473.0,8754,502894,303882040.0,3473.0,181,3472.0,55
rb1805,20170929,20170928,210241000,3472.0,8756,502894,303951480.0,3473.0,181,3472.0,54
rb1805,20170929,20170928,210241500,3472.0,8866,502968,307770680.0,3472.0,13,3471.0,56
rb1805,20170929,20170928,210242000,3472.0,8872,502962,307979000.0,3472.0,10,3471.0,56
rb1805,20170929,20170928,210242500,3472.0,8872,502962,307979000.0,3472.0,20,3471.0,56
rb1805,20170929,20170928,210243000,3472.0,8874,502960,308048440.0,3472.0,9,3471.0,56
rb1805,20170929,20170928,210243500,3473.0,8922,502948,309715300.0,3473.0,166,3472.0,15
rb1805,20170929,20170928,210244000,3472.0,8932,502958,310062500.0,3473.0,161,3472.0,14
rb1805,20170929,20170928,210244500,3472.0,8932,502958,310062500.0,3473.0,163,3472.0,39
rb1805,20170929,20170928,210245000,3473.0,8942,502962,310409800.0,3473.0,158,3472.0,54
rb1805,20170929,20170928,210245500,3473.0,8942,502962,310409800.0,3473.0,158,3472.0,29
rb1805,20170929,20170928,210246000,3472.0,8962,502952,311104200.0,3473.0,158,3472.0,19
rb1805,20170929,20170928,210246500,3473.0,8980,502952,311729320.0,3473.0,150,3472.0,18
rb1805,20170929,20170928,210247000,3473.0,9004,502962,312562620.0,3473.0,164,3472.0,7
rb1805,20170929,20170928,210247500,3472.0,9020,502960,313118140.0,3472.0,65,3471.0,24
rb1805,20170929,20170928,210248000,3471.0,9084,503002,315339580.0,3471.0,91,3470.0,29
rb1805,20170929,20170928,210248500,3470.0,9144,503024,317421580.0,3470.0,28,3469.0,16
rb1805,20170929,20170928,210249000,3469.0,9180,503016,318670420.0,3469.0,6,3468.0,89
rb1805,20170929,20170928,210249500,3469.0,9208,503038,319641740.0,3469.0,10,3468.0,76
rb1805,20170929,20170928,210250000,3468.0,9382,503164,325675920.0,3468.0,46,3466.0,31
rb1805,20170929,20170928,210250500,3468.0,9384,503166,325745280.0,3467.0,5,3466.0,31
rb1805,20170929,20170928,210251000,3468.0,9412,503170,326715900.0,3467.0,1,3466.0,23
rb1805,20170929,20170928,210251500,3467.0,9422,503176,327062520.0,3467.0,1,3466.0,26
rb1805,20170929,20170928,210252000,3466.0,9424,503176,327131840.0,3467.0,1,3466.0,40
rb1805,20170929,20170928,210252500,3467.0,9528,503144,330737380.0,3468.0,4,3467.0,23
rb1805,20170929,20170928,210253000,3467.0,9542,503148,331222760.0,3468.0,14,3467.0,24
rb1805,20170929,20170928,210253500,3467.0,9542,503148,331222760.0,3468.0,20,3467.0,18
rb1805,20170929,20170928,210254000,3467.0,9546,503152,331361440.0,3468.0,20,3467.0,17
rb1805,20170929,20170928,210254500,3467.0,9552,503156,331569460.0,3468.0,21,3467.0,14
rb1805,20170929,20170928,210255000,3467.0,9552,503156,331569460.0,3468.0,25,3467.0,12
rb1805,20170929,20170928,210255500,3467.0,9562,503158,331916160.0,3468.0,30,3467.0,1
rb1805,20170929,20170928,210256000,3467.0,9568,503160,332124180.0,3467.0,1,3466.0,40
rb1805,20170929,20170928,210256500,3467.0,9568,503160,332124180.0,3468.0,75,3466.0,56
rb1805,20170929,20170928,210257000,3468.0,9570,503158,332193540.0,3468.0,74,3466.0,40
rb1805,20170929,20170928,210257500,3466.0,9652,503092,335035660.0,3466.0,2,3465.0,124
rb1805,20170929,20170928,210258000,3466.0,9666,503084,335520900.0,3466.0,8,3465.0,99
rb1805,20170929,20170928,210258500,3466.0,9694,503080,336491480.0,3467.0,61,3466.0,35
rb1805,20170929,20170928,210259000,3466.0,9782,503102,339541640.0,3467.0,68,3466.0,22
rb1805,20170929,20170928,210259500,3466.0,9900,503168,343631520.0,3467.0,73,3466.0,1
rb1805,20170929,20170928,210300000,3466.0,9902,503168,343700840.0,3466.0,4,3465.0,85
rb1805,20170929,20170928,210300500,3466.0,9916,503160,344186040.0,3467.0,78,3466.0,45
rb1805,20170929,20170928,210301000,3467.0,9926,503156,344532660.0,3467.0,75,3466.0,44
rb1805,20170929,20170928,210301500,3466.0,9928,503156,344601980.0,3467.0,74,3466.0,43
rb1805,20170929,20170928,210302000,3467.0,9978,503160,346335020.0,3467.0,72,3466.0,20
rb1805,20170929,20170928,210302500,3466.0,9980,503160,346404340.0,3467.0,73,3466.0,19
rb1805,20170929,20170928,210303000,3467.0,10068,503160,349455280.0,3467.0,33,3466.0,18
rb1805,20170929,20170928,210303500,3466.0,10072,503160,349593940.0,3467.0,32,3466.0,24
rb1805,20170929,20170928,210304000,3466.0,10080,503160,349871220.0,3467.0,32,3466.0,15
rb1805,20170929,20170928,210304500,3466.0,10082,503158,349940540.0,3467.0,32,3466.0,15
rb1805,20170929,20170928,210305000,3467.0,10120,503154,351258000.0,3467.0,13,3466.0,36
rb1805,20170929,20170928,210305500,3467.0,10138,503144,351882060.0,3467.0,4,3466.0,71
rb1805,20170929,20170928,210306000,3468.0,10158,503134,352575560.0,3468.0,12,3467.0,82
rb1805,20170929,20170928,210306500,3468.0,10182,503114,353407880.0,3469.0,53,3468.0,28
rb1805,20170929,20170928,210307000,3468.0,10186,503118,353546600.0,3469.0,50,3468.0,26
rb1805,20170929,20170928,210307500,3468.0,10186,503118,353546600.0,3469.0,49,3468.0,26
rb1805,20170929,20170928,210308000,3468.0,10186,503118,353546600.0,3469.0,49,3468.0,28
rb1805,20170929,20170928,210308500,3469.0,10188,503120,353615980.0,3469.0,48,3468.0,28
rb1805,20170929,20170928,210309000,3469.0,10190,503122,353685360.0,3469.0,8,3468.0,28
rb1805,20170929,20170928,210309500,3468.0,10194,503126,353824080.0,3469.0,6,3468.0,26
rb1805,20170929,20170928,210310000,3468.0,10194,503126,353824080.0,3469.0,8,3468.0,26
rb1805,20170929,20170928,210310500,3468.0,10194,503126,353824080.0,3469.0,13,3468.0,26
rb1805,20170929,20170928,210311000,3469.0,10196,503126,353893460.0,3469.0,24,3468.0,27
rb1805,20170929,20170928,210311500,3469.0,10198,503128,353962840.0,3469.0,23,3468.0,27
rb1805,20170929,20170928,210312000,3469.0,10198,503128,353962840.0,3469.0,24,3468.0,27
rb1805,20170929,20170928,210312500,3469.0,10200,503128,354032220.0,3469.0,27,3468.0,27
rb1805,20170929,20170928,210313000,3468.0,10266,503150,356321640.0,3469.0,1,3468.0,21
rb1805,20170929,20170928,210313500,3468.0,10278,503148,356737900.0,3469.0,2,3468.0,23
rb1805,20170929,20170928,210314000,3468.0,10288,503158,357084700.0,3469.0,2,3468.0,18
rb1805,20170929,20170928,210314500,3468.0,10288,503158,357084700.0,3469.0,3,3468.0,11
rb1805,20170929,20170928,210315000,3469.0,10300,503168,357501020.0,3470.0,65,3469.0,1
rb1805,20170929,20170928,210315500,3468.0,10308,503174,357778480.0,3469.0,5,3468.0,8
rb1805,20170929,20170928,210316000,3468.0,10308,503174,357778480.0,3469.0,12,3468.0,20
rb1805,20170929,20170928,210316500,3469.0,10332,503178,358610820.0,3469.0,2,3468.0,16
rb1805,20170929,20170928,210317000,3469.0,10332,503178,358610820.0,3469.0,12,3468.0,19
rb1805,20170929,20170928,210317500,3469.0,10336,503176,358749580.0,3469.0,10,3468.0,19
rb1805,20170929,20170928,210318000,3469.0,10356,503176,359443380.0,3470.0,27,3468.0,79
rb1805,20170929,20170928,210318500,3469.0,10356,503176,359443380.0,3470.0,27,3469.0,1
rb1805,20170929,20170928,210319000,3468.0,10360,503174,359582120.0,3469.0,9,3468.0,63
rb1805,20170929,20170928,210319500,3469.0,10362,503172,359651500.0,3469.0,4,3468.0,23
rb1805,20170929,20170928,210320000,3468.0,10364,503172,359720860.0,3469.0,7,3468.0,22
rb1805,20170929,20170928,210320500,3468.0,10366,503170,359790220.0,3469.0,14,3468.0,15
rb1805,20170929,20170928,210321000,3468.0,10366,503170,359790220.0,3469.0,19,3468.0,15
rb1805,20170929,20170928,210321500,3468.0,10366,503170,359790220.0,3469.0,20,3468.0,10
rb1805,20170929,20170928,210322000,3469.0,10370,503170,359928980.0,3469.0,18,3468.0,11
rb1805,20170929,20170928,210322500,3469.0,10370,503170,359928980.0,3469.0,19,3468.0,16
rb1805,20170929,20170928,210323000,3468.0,10400,503176,360969380.0,3469.0,26,3468.0,1
rb1805,20170929,20170928,210323500,3468.0,10406,503172,361177460.0,3468.0,13,3467.0,73
rb1805,20170929,20170928,210324000,3468.0,10406,503172,361177460.0,3468.0,11,3467.0,67
rb1805,20170929,20170928,210324500,3467.0,10408,503172,361246800.0,3468.0,11,3467.0,62
rb1805,20170929,20170928,210325000,3467.0,10408,503172,361246800.0,3468.0,16,3467.0,22
rb1805,20170929,20170928,210325500,3467.0,10410,503170,361316140.0,3468.0,16,3467.0,21
rb1805,20170929,20170928,210326000,3467.0,10412,503170,361385480.0,3468.0,16,3467.0,16
rb1805,20170929,20170928,210326500,3468.0,10416,503170,361524200.0,3468.0,14,3467.0,16
rb1805,20170929,20170928,210327000,3468.0,10422,503170,361732240.0,3468.0,8,3467.0,14
rb1805,20170929,20170928,210327500,3468.0,10422,503170,361732240.0,3468.0,15,3467.0,14
rb1805,20170929,20170928,210328000,3467.0,10430,503172,362009600.0,3468.0,15,3467.0,11
rb1805,20170929,20170928,210328500,3467.0,10452,503156,362772340.0,3467.0,2,3466.0,103
rb1805,20170929,20170928,210329000,3467.0,10454,503158,362841680.0,3468.0,18,3466.0,98
rb1805,20170929,20170928,210329500,3468.0,10460,503158,363049720.0,3468.0,17,3466.0,98
rb1805,20170929,20170928,210330000,3467.0,10462,503158,363119060.0,3467.0,6,3466.0,91
rb1805,20170929,20170928,210330500,3466.0,10464,503156,363188380.0,3467.0,12,3466.0,90
rb1805,20170929,20170928,210331000,3467.0,10708,503170,371646060.0,3468.0,53,3467.0,19
rb1805,20170929,20170928,210331500,3467.0,10746,503208,372963520.0,3467.0,107,3466.0,1
rb1805,20170929,20170928,210332000,3466.0,10748,503206,373032840.0,3466.0,4,3465.0,93
rb1805,20170929,20170928,210332500,3466.0,10934,503270,379477780.0,3466.0,2,3465.0,2
rb1805,20170929,20170928,210333000,3465.0,10936,503270,379547080.0,3466.0,70,3465.0,1
rb1805,20170929,20170928,210333500,3464.0,10944,503278,379824220.0,3465.0,6,3464.0,20
rb1805,20170929,20170928,210334000,3465.0,10954,503278,380170680.0,3465.0,14,3464.0,24
rb1805,20170929,20170928,210334500,3465.0,10972,503286,380794380.0,3465.0,6,3464.0,24
rb1805,20170929,20170928,210335000,3464.0,10988,503284,381348740.0,3465.0,1,3464.0,23
rb1805,20170929,20170928,210335500,3464.0,10998,503288,381695160.0,3465.0,2,3464.0,19
rb1805,20170929,20170928,210336000,3464.0,11008,503292,382041560.0,3465.0,2,3464.0,14
rb1805,20170929,20170928,210336500,3465.0,11016,503290,382318760.0,3466.0,71,3465.0,16
rb1805,20170929,20170928,210337000,3464.0,11050,503258,383496840.0,3465.0,10,3464.0,12
rb1805,20170929,20170928,210337500,3465.0,11066,503260,384051100.0,3465.0,1,3464.0,7
rb1805,20170929,20170928,210338000,3464.0,11082,503270,384605420.0,3465.0,3,3464.0,11
rb1805,20170929,20170928,210338500,3464.0,11092,503272,384951880.0,3465.0,2,3464.0,8
rb1805,20170929,20170928,210339000,3464.0,11102,503274,385298300.0,3465.0,3,3464.0,4
rb1805,20170929,20170928,210339500,3465.0,11106,503276,385436880.0,3465.0,3,3464.0,4
rb1805,20170929,20170928,210340000,3464.0,11116,503284,385783280.0,3464.0,5,3463.0,60
rb1805,20170929,20170928,210340500,3464.0,11126,503286,386129680.0,3464.0,6,3463.0,60
rb1805,20170929,20170928,210341000,3463.0,11150,503300,386960880.0,3464.0,4,3463.0,69
rb1805,20170929,20170928,210341500,3463.0,11210,503284,389038840.0,3464.0,7,3463.0,49
rb1805,20170929,20170928,210342000,3463.0,11220,503292,389385160.0,3464.0,6,3463.0,33
rb1805,20170929,20170928,210342500,3463.0,11236,503304,389939280.0,3464.0,4,3463.0,27
rb1805,20170929,20170928,210343000,3464.0,11250,503306,390424240.0,3465.0,15,3463.0,44
rb1805,20170929,20170928,210343500,3463.0,11256,503312,390632020.0,3465.0,15,3463.0,42
rb1805,20170929,20170928,210344000,3463.0,11262,503316,390839800.0,3464.0,1,3463.0,25
rb1805,20170929,20170928,210344500,3463.0,11272,503322,391186100.0,3464.0,1,3463.0,41
rb1805,20170929,20170928,210345000,3464.0,11280,503320,391463240.0,3465.0,14,3464.0,21
rb1805,20170929,20170928,210345500,3464.0,11296,503312,392017520.0,3465.0,12,3464.0,15
rb1805,20170929,20170928,210346000,3464.0,11330,503280,393195280.0,3464.0,10,3463.0,31
rb1805,20170929,20170928,210346500,3463.0,11390,503234,395273300.0,3465.0,20,3463.0,3
rb1805,20170929,20170928,210347000,3463.0,11390,503234,395273300.0,3465.0,20,3463.0,3
rb1805,20170929,20170928,210347500,3463.0,11396,503234,395481100.0,3465.0,21,3463.0,2
rb1805,20170929,20170928,210348000,3463.0,11454,503184,397489640.0,3463.0,11,3462.0,63
rb1805,20170929,20170928,210348500,3463.0,11516,503122,399636700.0,3464.0,11,3463.0,93
rb1805,20170929,20170928,210349000,3464.0,11542,503146,400537340.0,3465.0,47,3464.0,1
rb1805,20170929,20170928,210349500,3465.0,11554,503154,400953100.0,3464.0,2,3463.0,136
rb1805,20170929,20170928,210350000,3463.0,11558,503154,401091640.0,3464.0,1,3463.0,135
rb1805,20170929,20170928,210350500,3464.0,11564,503152,401299460.0,3465.0,46,3464.0,1
rb1805,20170929,20170928,210351000,3464.0,11584,503152,401992160.0,3465.0,46,3464.0,2
rb1805,20170929,20170928,210351500,3463.0,11634,503116,403723700.0,3465.0,48,3464.0,11
rb1805,20170929,20170928,210352000,3464.0,11666,503102,404832180.0,3464.0,11,3463.0,98
rb1805,20170929,20170928,210352500,3463.0,11668,503100,404901440.0,3464.0,11,3463.0,97
rb1805,20170929,20170928,210353000,3463.0,11670,503098,404970700.0,3464.0,11,3463.0,96
rb1805,20170929,20170928,210353500,3463.0,11722,503098,406771480.0,3464.0,11,3463.0,71
rb1805,20170929,20170928,210354000,3464.0,11724,503100,406840760.0,3464.0,10,3463.0,56
rb1805,20170929,20170928,210354500,3464.0,11762,503088,408157100.0,3464.0,5,3463.0,55
rb1805,20170929,20170928,210355000,3463.0,11768,503090,408364900.0,3464.0,9,3463.0,56
rb1805,20170929,20170928,210355500,3463.0,11768,503090,408364900.0,3464.0,17,3463.0,57
rb1805,20170929,20170928,210356000,3464.0,11770,503090,408434180.0,3464.0,17,3463.0,60
rb1805,20170929,20170928,210356500,3463.0,11822,503092,410234940.0,3464.0,17,3463.0,33
rb1805,20170929,20170928,210357000,3463.0,11862,503092,411620140.0,3464.0,18,3463.0,14
rb1805,20170929,20170928,210357500,3463.0,11884,503102,412382000.0,3464.0,18,3463.0,5
rb1805,20170929,20170928,210358000,3464.0,11892,503100,412659080.0,3464.0,19,3463.0,3
rb1805,20170929,20170928,210358500,3463.0,11898,503104,412866860.0,3463.0,10,3462.0,60
rb1805,20170929,20170928,210359000,3462.0,11908,503106,413213120.0,3463.0,13,3462.0,58
rb1805,20170929,20170928,210359500,3462.0,11918,503112,413559320.0,3463.0,15,3462.0,53
rb1805,20170929,20170928,210400000,3463.0,11938,503120,414251760.0,3463.0,15,3462.0,45
rb1805,20170929,20170928,210400500,3462.0,11976,503136,415567560.0,3463.0,9,3462.0,43
rb1805,20170929,20170928,210401000,3463.0,12016,503162,416952760.0,3464.0,22,3463.0,51
rb1805,20170929,20170928,210401500,3463.0,12060,503162,418476480.0,3464.0,18,3463.0,7
rb1805,20170929,20170928,210402000,3463.0,12064,503162,418615000.0,3464.0,18,3463.0,13
rb1805,20170929,20170928,210402500,3464.0,12102,503142,419931320.0,3465.0,57,3464.0,20
rb1805,20170929,20170928,210403000,3465.0,12260,503150,425406420.0,3467.0,11,3465.0,60
rb1805,20170929,20170928,210403500,3466.0,12334,503136,427971660.0,3468.0,59,3466.0,7
rb1805,20170929,20170928,210404000,3466.0,12336,503136,428040980.0,3468.0,58,3467.0,6
rb1805,20170929,20170928,210404500,3468.0,12374,503110,429358820.0,3469.0,43,3468.0,34
rb1805,20170929,20170928,210405000,3471.0,12568,503056,436088920.0,3471.0,5,3469.0,46
rb1805,20170929,20170928,210405500,3471.0,12590,503056,436852580.0,3472.0,150,3471.0,9
rb1805,20170929,20170928,210406000,3470.0,12666,503008,439490400.0,3472.0,149,3470.0,43
rb1805,20170929,20170928,210406500,3470.0,12704,503008,440809140.0,3471.0,9,3470.0,31
rb1805,20170929,20170928,210407000,3470.0,12718,503008,441295060.0,3471.0,3,3470.0,30
rb1805,20170929,20170928,210407500,3470.0,12740,503008,442058640.0,3471.0,43,3470.0,27
rb1805,20170929,20170928,210408000,3470.0,12806,503018,444348860.0,3470.0,65,3469.0,45
rb1805,20170929,20170928,210408500,3470.0,12856,503022,446083860.0,3471.0,45,3469.0,45
rb1805,20170929,20170928,210409000,3469.0,12866,503016,446430780.0,3470.0,2,3469.0,41
rb1805,20170929,20170928,210409500,3470.0,12876,503012,446777780.0,3471.0,47,3470.0,2
rb1805,20170929,20170928,210410000,3469.0,12884,503014,447055360.0,3470.0,17,3469.0,35
rb1805,20170929,20170928,210410500,3468.0,12888,503012,447194100.0,3470.0,16,3469.0,1
rb1805,20170929,20170928,210411000,3469.0,12894,503014,447402240.0,3469.0,10,3468.0,45
rb1805,20170929,20170928,210411500,3469.0,12894,503014,447402240.0,3469.0,56,3468.0,41
rb1805,20170929,20170928,210412000,3468.0,12914,503014,448095840.0,3469.0,61,3468.0,1
rb1805,20170929,20170928,210412500,3468.0,12916,503012,448165200.0,3468.0,8,3467.0,62
rb1805,20170929,20170928,210413000,3468.0,12936,503014,448858800.0,3468.0,14,3467.0,57
rb1805,20170929,20170928,210413500,3467.0,12980,503036,450384680.0,3468.0,3,3467.0,55
rb1805,20170929,20170928,210414000,3468.0,12982,503036,450454040.0,3468.0,5,3467.0,55
rb1805,20170929,20170928,210414500,3468.0,13004,503026,451216820.0,3468.0,13,3467.0,13
rb1805,20170929,20170928,210415000,3467.0,13016,503024,451632860.0,3468.0,13,3467.0,7
rb1805,20170929,20170928,210415500,3468.0,13022,503030,451840900.0,3468.0,12,3467.0,6
rb1805,20170929,20170928,210416000,3468.0,13022,503030,451840900.0,3468.0,5,3467.0,18
rb1805,20170929,20170928,210416500,3468.0,13034,503020,452257060.0,3469.0,64,3467.0,72
rb1805,20170929,20170928,210417000,3468.0,13074,502984,453644640.0,3469.0,1,3468.0,44
rb1805,20170929,20170928,210417500,3468.0,13080,502984,453852740.0,3470.0,27,3468.0,42
rb1805,20170929,20170928,210418000,3470.0,13082,502984,453922140.0,3470.0,26,3468.0,42
rb1805,20170929,20170928,210418500,3468.0,13084,502984,453991500.0,3469.0,51,3468.0,42
rb1805,20170929,20170928,210419000,3468.0,13084,502984,453991500.0,3469.0,76,3468.0,42
rb1805,20170929,20170928,210419500,3468.0,13096,502974,454407660.0,3469.0,76,3468.0,32
rb1805,20170929,20170928,210420000,3469.0,13100,502972,454546420.0,3469.0,74,3468.0,37
rb1805,20170929,20170928,210420500,3469.0,13102,502974,454615800.0,3469.0,73,3468.0,8
rb1805,20170929,20170928,210421000,3468.0,13120,502988,455240040.0,3468.0,11,3467.0,78
rb1805,20170929,20170928,210421500,3467.0,13132,502984,455656080.0,3468.0,36,3467.0,67
rb1805,20170929,20170928,210422000,3468.0,13134,502986,455725440.0,3468.0,38,3467.0,67
rb1805,20170929,20170928,210422500,3468.0,13134,502986,455725440.0,3468.0,38,3467.0,67
rb1805,20170929,20170928,210423000,3468.0,13136,502988,455794800.0,3468.0,37,3467.0,67
rb1805,20170929,20170928,210423500,3468.0,13136,502988,455794800.0,3468.0,37,3467.0,68
rb1805,20170929,20170928,210424000,3468.0,13142,502992,456002860.0,3468.0,27,3467.0,67
rb1805,20170929,20170928,210424500,3467.0,13196,503038,457875560.0,3468.0,1,3467.0,71
rb1805,20170929,20170928,210425000,3469.0,13200,503040,458014300.0,3469.0,82,3468.0,27
rb1805,20170929,20170928,210425500,3468.0,13202,503040,458083660.0,3469.0,80,3468.0,21
rb1805,20170929,20170928,210426000,3468.0,13202,503040,458083660.0,3469.0,80,3468.0,27
rb1805,20170929,20170928,210426500,3469.0,13204,503040,458153040.0,3469.0,79,3468.0,27
rb1805,20170929,20170928,210427000,3469.0,13204,503040,458153040.0,3469.0,79,3468.0,32
rb1805,20170929,20170928,210427500,3468.0,13210,503040,458361140.0,3469.0,78,3468.0,30
rb1805,20170929,20170928,210428000,3468.0,13228,503054,458985380.0,3469.0,78,3468.0,5
rb1805,20170929,20170928,210428500,3468.0,13228,503054,458985380.0,3469.0,78,3468.0,5
rb1805,20170929,20170928,210429000,3468.0,13228,503054,458985380.0,3469.0,78,3468.0,6
rb1805,20170929,20170928,210429500,3468.0,13228,503054,458985380.0,3469.0,79,3468.0,6
rb1805,20170929,20170928,210430000,3468.0,13228,503054,458985380.0,3469.0,81,3468.0,6
rb1805,20170929,20170928,210430500,3468.0,13232,503056,459124120.0,3469.0,81,3468.0,33
rb1805,20170929,20170928,210431000,3468.0,13232,503056,459124120.0,3469.0,81,3468.0,41
rb1805,20170929,20170928,210431500,3468.0,13236,503056,459262840.0,3469.0,141,3468.0,39
rb1805,20170929,20170928,210432000,3468.0,13238,503054,459332200.0,3469.0,171,3468.0,39
rb1805,20170929,20170928,210432500,3468.0,13240,503054,459401560.0,3469.0,171,3468.0,38
rb1805,20170929,20170928,210433000,3469.0,13244,503054,459540320.0,3469.0,169,3468.0,39
rb1805,20170929,20170928,210433500,3469.0,13244,503054,459540320.0,3469.0,169,3468.0,39
rb1805,20170929,20170928,210434000,3469.0,13244,503054,459540320.0,3469.0,169,3468.0,39
rb1805,20170929,20170928,210434500,3469.0,13244,503054,459540320.0,3469.0,169,3468.0,39
rb1805,20170929,20170928,210435000,3469.0,13246,503054,459609700.0,3469.0,168,3468.0,35
rb1805,20170929,20170928,210435500,3468.0,13248,503054,459679060.0,3469.0,172,3468.0,34
rb1805,20170929,20170928,210436000,3468.0,13304,503064,461621140.0,3469.0,173,3468.0,6
rb1805,20170929,20170928,210436500,3468.0,13304,503064,461621140.0,3469.0,173,3468.0,6
rb1805,20170929,20170928,210437000,3468.0,13332,503074,462592180.0,3469.0,173,3467.0,74
rb1805,20170929,20170928,210437500,3469.0,13334,503074,462661560.0,3469.0,172,3468.0,1
rb1805,20170929,20170928,210438000,3468.0,13338,503072,462800300.0,3469.0,172,3467.0,29
rb1805,20170929,20170928,210438500,3469.0,13342,503072,462939060.0,3469.0,179,3467.0,34
rb1805,20170929,20170928,210439000,3469.0,13342,503072,462939060.0,3469.0,179,3467.0,34
rb1805,20170929,20170928,210439500,3469.0,13344,503072,463008440.0,3468.0,1,3467.0,34
rb1805,20170929,20170928,210440000,3469.0,13344,503072,463008440.0,3468.0,15,3467.0,20
rb1805,20170929,20170928,210440500,3467.0,13384,503106,464395240.0,3467.0,1,3466.0,16
rb1805,20170929,20170928,210441000,3467.0,13388,503108,464533920.0,3467.0,3,3466.0,44
rb1805,20170929,20170928,210441500,3467.0,13388,503108,464533920.0,3467.0,12,3466.0,66
rb1805,20170929,20170928,210442000,3467.0,13388,503108,464533920.0,3467.0,17,3466.0,66
rb1805,20170929,20170928,210442500,3467.0,13390,503108,464603260.0,3467.0,16,3466.0,66
rb1805,20170929,20170928,210443000,3467.0,13390,503108,464603260.0,3467.0,17,3466.0,66
rb1805,20170929,20170928,210443500,3467.0,13400,503102,464949960.0,3467.0,13,3466.0,61
rb1805,20170929,20170928,210444000,3467.0,13412,503110,465366000.0,3467.0,47,3466.0,41
rb1805,20170929,20170928,210444500,3466.0,13424,503114,465781920.0,3467.0,47,3466.0,35
rb1805,20170929,20170928,210445000,3467.0,13484,503094,467861540.0,3467.0,52,3466.0,7
rb1805,20170929,20170928,210445500,3466.0,13498,503108,468346780.0,3466.0,22,3465.0,27
rb1805,20170929,20170928,210446000,3466.0,13498,503108,468346780.0,3466.0,2,3465.0,28
rb1805,20170929,20170928,210446500,3466.0,13504,503112,468554740.0,3467.0,49,3466.0,2
rb1805,20170929,20170928,210447000,3466.0,13504,503112,468554740.0,3467.0,44,3466.0,8
rb1805,20170929,20170928,210447500,3466.0,13504,503112,468554740.0,3467.0,44,3466.0,11
rb1805,20170929,20170928,210448000,3466.0,13516,503116,468970760.0,3467.0,39,3466.0,16
rb1805,20170929,20170928,210448500,3466.0,13518,503114,469040080.0,3467.0,40,3466.0,9
rb1805,20170929,20170928,210449000,3466.0,13518,503114,469040080.0,3467.0,40,3466.0,9
rb1805,20170929,20170928,210449500,3466.0,13518,503114,469040080.0,3467.0,45,3466.0,6
rb1805,20170929,20170928,210450000,3466.0,13518,503114,469040080.0,3467.0,45,3466.0,9
rb1805,20170929,20170928,210450500,3466.0,13554,503122,470287900.0,3466.0,235,3465.0,32
rb1805,20170929,20170928,210451000,3466.0,13564,503128,470634500.0,3466.0,232,3465.0,49
rb1805,20170929,20170928,210451500,3466.0,13584,503132,471327660.0,3466.0,244,3465.0,47
rb1805,20170929,20170928,210452000,3466.0,13584,503132,471327660.0,3466.0,244,3465.0,47
rb1805,20170929,20170928,210452500,3466.0,13584,503132,471327660.0,3466.0,245,3465.0,48
rb1805,20170929,20170928,210453000,3466.0,13584,503132,471327660.0,3466.0,245,3465.0,48
rb1805,20170929,20170928,210453500,3466.0,13584,503132,471327660.0,3466.0,249,3465.0,45
rb1805,20170929,20170928,210454000,3466.0,13644,503172,473407260.0,3466.0,220,3465.0,57
rb1805,20170929,20170928,210454500,3466.0,13644,503172,473407260.0,3466.0,220,3465.0,33
rb1805,20170929,20170928,210455000,3465.0,13648,503172,473545860.0,3466.0,224,3465.0,32
rb1805,20170929,20170928,210455500,3466.0,13722,503208,476110060.0,3466.0,230,3464.0,56
rb1805,20170929,20170928,210456000,3466.0,13722,503208,476110060.0,3466.0,230,3465.0,19
rb1805,20170929,20170928,210456500,3465.0,13726,503210,476248680.0,3466.0,229,3465.0,23
rb1805,20170929,20170928,210457000,3465.0,13734,503206,476525880.0,3466.0,229,3465.0,4
rb1805,20170929,20170928,210457500,3465.0,13736,503206,476595180.0,3466.0,254,3465.0,54
rb1805,20170929,20170928,210458000,3466.0,13738,503208,476664500.0,3466.0,255,3465.0,69
rb1805,20170929,20170928,210458500,3465.0,13746,503216,476941760.0,3466.0,252,3465.0,53
rb1805,20170929,20170928,210459000,3466.0,13770,503216,477773600.0,3466.0,239,3465.0,68
rb1805,20170929,20170928,210459500,3466.0,13942,503310,483735100.0,3466.0,154,3465.0,76
rb1805,20170929,20170928,210500000,3466.0,14156,503382,491152340.0,3466.0,48,3465.0,81
rb1805,20170929,20170928,210500500,3466.0,14258,503450,494687680.0,3467.0,15,3466.0,34
rb1805,20170929,20170928,210501000,3467.0,14272,503444,495173060.0,3467.0,8,3466.0,41
rb1805,20170929,20170928,210501500,3468.0,14302,503428,496213200.0,3468.0,53,3467.0,3
rb1805,20170929,20170928,210502000,3468.0,14302,503428,496213200.0,3468.0,53,3467.0,3
rb1805,20170929,20170928,210502500,3467.0,14318,503442,496768060.0,3468.0,46,3467.0,9
rb1805,20170929,20170928,210503000,3467.0,14320,503442,496837400.0,3468.0,46,3467.0,12
rb1805,20170929,20170928,210503500,3467.0,14326,503446,497045420.0,3468.0,14,3467.0,10
rb1805,20170929,20170928,210504000,3468.0,14354,503456,498016460.0,3469.0,159,3468.0,4
rb1805,20170929,20170928,210504500,3468.0,14354,503456,498016460.0,3469.0,154,3468.0,7
rb1805,20170929,20170928,210505000,3469.0,14362,503456,498293980.0,3469.0,150,3468.0,11
rb1805,20170929,20170928,210505500,3468.0,14410,503480,499958760.0,3469.0,143,3468.0,5
rb1805,20170929,20170928,210506000,3469.0,14414,503482,500097520.0,3469.0,142,3468.0,9
rb1805,20170929,20170928,210506500,3469.0,14436,503482,500860700.0,3469.0,131,3468.0,9
rb1805,20170929,20170928,210507000,3469.0,14436,503482,500860700.0,3469.0,131,3468.0,14
rb1805,20170929,20170928,210507500,3469.0,14436,503482,500860700.0,3469.0,131,3468.0,20
rb1805,20170929,20170928,210508000,3468.0,14476,503470,502247900.0,3468.0,8,3467.0,8
rb1805,20170929,20170928,210508500,3468.0,14476,503470,502247900.0,3468.0,16,3467.0,3
rb1805,20170929,20170928,210509000,3468.0,14476,503470,502247900.0,3468.0,18,3467.0,3
rb1805,20170929,20170928,210509500,3467.0,14478,503472,502317240.0,3468.0,18,3467.0,2
rb1805,20170929,20170928,210510000,3467.0,14482,503472,502455940.0,3468.0,23,3467.0,2
rb1805,20170929,20170928,210510500,3468.0,14502,503472,503149540.0,3468.0,13,3467.0,3
rb1805,20170929,20170928,210511000,3468.0,14504,503474,503218900.0,3468.0,12,3467.0,3
rb1805,20170929,20170928,210511500,3468.0,14506,503472,503288260.0,3468.0,11,3467.0,14
rb1805,20170929,20170928,210512000,3467.0,14552,503476,504883220.0,3467.0,14,3466.0,40
rb1805,20170929,20170928,210512500,3468.0,14582,503452,505923340.0,3469.0,134,3468.0,1
rb1805,20170929,20170928,210513000,3468.0,14584,503452,505992700.0,3468.0,3,3467.0,23
rb1805,20170929,20170928,210513500,3468.0,14590,503450,506200780.0,3469.0,134,3467.0,27
rb1805,20170929,20170928,210514000,3468.0,14598,503450,506478220.0,3469.0,134,3468.0,1
rb1805,20170929,20170928,210514500,3468.0,14604,503448,506686300.0,3468.0,5,3467.0,27
rb1805,20170929,20170928,210515000,3468.0,14604,503448,506686300.0,3468.0,2,3467.0,27
rb1805,20170929,20170928,210515500,3468.0,14614,503438,507033100.0,3468.0,1,3467.0,27
rb1805,20170929,20170928,210516000,3469.0,14620,503444,507241240.0,3469.0,137,3468.0,1
rb1805,20170929,20170928,210516500,3468.0,14624,503446,507379960.0,3468.0,4,3467.0,30
rb1805,20170929,20170928,210517000,3468.0,14626,503448,507449320.0,3468.0,3,3467.0,30
rb1805,20170929,20170928,210517500,3468.0,14626,503448,507449320.0,3468.0,3,3467.0,32
rb1805,20170929,20170928,210518000,3468.0,14626,503448,507449320.0,3468.0,3,3467.0,32
rb1805,20170929,20170928,210518500,3468.0,14626,503448,507449320.0,3468.0,3,3467.0,37
rb1805,20170929,20170928,210519000,3468.0,14630,503448,507588040.0,3468.0,1,3467.0,37
rb1805,20170929,20170928,210520000,3468.0,14632,503450,507657400.0,3468.0,1,3467.0,38
rb1805,20170929,20170928,210520500,3468.0,14634,503450,507726760.0,3469.0,144,3468.0,6
rb1805,20170929,20170928,210521000,3468.0,14642,503452,508004200.0,3469.0,144,3468.0,3
rb1805,20170929,20170928,210521500,3468.0,14652,503452,508351000.0,3468.0,12,3467.0,38
rb1805,20170929,20170928,210522000,3467.0,14728,503426,510985920.0,3468.0,12,3466.0,18
rb1805,20170929,20170928,210522500,3467.0,14728,503426,510985920.0,3468.0,16,3466.0,23
rb1805,20170929,20170928,210523000,3467.0,14728,503426,510985920.0,3468.0,16,3466.0,23
rb1805,20170929,20170928,210523500,3467.0,14728,503426,510985920.0,3468.0,16,3467.0,1
rb1805,20170929,20170928,210524000,3468.0,14760,503414,512095680.0,3469.0,143,3468.0,34
rb1805,20170929,20170928,210524500,3468.0,14804,503386,513621600.0,3469.0,142,3468.0,12
rb1805,20170929,20170928,210525000,3469.0,14814,503384,513968420.0,3469.0,141,3468.0,9
rb1805,20170929,20170928,210525500,3468.0,14832,503366,514592660.0,3469.0,142,3467.0,1
rb1805,20170929,20170928,210526000,3468.0,14832,503366,514592660.0,3469.0,142,3467.0,9
rb1805,20170929,20170928,210526500,3468.0,14832,503366,514592660.0,3469.0,142,3467.0,1
rb1805,20170929,20170928,210527000,3467.0,14834,503368,514662000.0,3468.0,2,3466.0,25
rb1805,20170929,20170928,210527500,3468.0,14836,503370,514731360.0,3468.0,1,3466.0,45
rb1805,20170929,20170928,210528000,3468.0,14838,503372,514800720.0,3468.0,3,3467.0,14
rb1805,20170929,20170928,210528500,3468.0,14838,503372,514800720.0,3468.0,3,3467.0,14
rb1805,20170929,20170928,210529000,3468.0,14842,503374,514939440.0,3468.0,7,3467.0,14
rb1805,20170929,20170928,210529500,3468.0,14842,503374,514939440.0,3468.0,3,3467.0,14
rb1805,20170929,20170928,210530000,3468.0,14842,503374,514939440.0,3468.0,3,3467.0,14
rb1805,20170929,20170928,210530500,3468.0,14842,503374,514939440.0,3468.0,3,3467.0,14
rb1805,20170929,20170928,210531000,3468.0,14842,503374,514939440.0,3468.0,3,3467.0,14
rb1805,20170929,20170928,210531500,3467.0,14882,503384,516326260.0,3467.0,11,3466.0,45
rb1805,20170929,20170928,210532000,3467.0,14940,503442,518337120.0,3467.0,42,3466.0,43
rb1805,20170929,20170928,210532500,3468.0,15026,503446,521318760.0,3468.0,5,3466.0,43
rb1805,20170929,20170928,210533000,3467.0,15032,503452,521526780.0,3468.0,6,3467.0,10
rb1805,20170929,20170928,210533500,3468.0,15038,503448,521734860.0,3468.0,44,3467.0,7
rb1805,20170929,20170928,210534000,3468.0,15038,503448,521734860.0,3468.0,44,3467.0,8
rb1805,20170929,20170928,210534500,3468.0,15038,503448,521734860.0,3468.0,44,3467.0,16
rb1805,20170929,20170928,210535000,3468.0,15044,503448,521942920.0,3468.0,42,3467.0,20
rb1805,20170929,20170928,210535500,3467.0,15048,503446,522081620.0,3468.0,51,3467.0,20
rb1805,20170929,20170928,210536000,3468.0,15050,503446,522150980.0,3468.0,50,3467.0,21
rb1805,20170929,20170928,210536500,3468.0,15052,503448,522220340.0,3468.0,49,3467.0,21
rb1805,20170929,20170928,210537000,3468.0,15052,503448,522220340.0,3468.0,49,3467.0,13
rb1805,20170929,20170928,210537500,3468.0,15052,503448,522220340.0,3468.0,49,3467.0,17
rb1805,20170929,20170928,210538000,3468.0,15052,503448,522220340.0,3468.0,49,3467.0,17
rb1805,20170929,20170928,210538500,3467.0,15054,503450,522289680.0,3468.0,49,3467.0,18
rb1805,20170929,20170928,210539000,3467.0,15054,503450,522289680.0,3468.0,49,3467.0,18
rb1805,20170929,20170928,210539500,3467.0,15054,503450,522289680.0,3468.0,54,3467.0,18
rb1805,20170929,20170928,210540000,3467.0,15054,503450,522289680.0,3468.0,55,3467.0,18
rb1805,20170929,20170928,210540500,3468.0,15058,503450,522428400.0,3468.0,53,3467.0,19
rb1805,20170929,20170928,210541000,3468.0,15058,503450,522428400.0,3468.0,53,3467.0,19
rb1805,20170929,20170928,210541500,3468.0,15058,503450,522428400.0,3468.0,53,3467.0,19
rb1805,20170929,20170928,210542000,3468.0,15058,503450,522428400.0,3468.0,53,3467.0,13
rb1805,20170929,20170928,210542500,3467.0,15066,503456,522705760.0,3468.0,53,3467.0,9
rb1805,20170929,20170928,210543000,3467.0,15066,503456,522705760.0,3468.0,53,3467.0,10
rb1805,20170929,20170928,210543500,3467.0,15066,503456,522705760.0,3468.0,53,3467.0,10
rb1805,20170929,20170928,210544000,3468.0,15074,503464,522983200.0,3468.0,49,3467.0,10
rb1805,20170929,20170928,210544500,3468.0,15074,503464,522983200.0,3468.0,49,3467.0,10
rb1805,20170929,20170928,210545000,3468.0,15074,503464,522983200.0,3468.0,49,3467.0,11
rb1805,20170929,20170928,210545500,3468.0,15080,503470,523191240.0,3468.0,49,3467.0,9
rb1805,20170929,20170928,210546000,3468.0,15082,503472,523260600.0,3468.0,48,3467.0,9
rb1805,20170929,20170928,210546500,3468.0,15084,503472,523329960.0,3468.0,17,3467.0,9
rb1805,20170929,20170928,210547000,3468.0,15084,503472,523329960.0,3468.0,17,3467.0,16
rb1805,20170929,20170928,210547500,3468.0,15088,503474,523468660.0,3468.0,21,3467.0,8
rb1805,20170929,20170928,210548000,3468.0,15090,503476,523538020.0,3468.0,20,3467.0,8
rb1805,20170929,20170928,210548500,3468.0,15090,503476,523538020.0,3468.0,20,3467.0,8
rb1805,20170929,20170928,210549000,3468.0,15090,503476,523538020.0,3468.0,20,3467.0,8
rb1805,20170929,20170928,210549500,3468.0,15090,503476,523538020.0,3468.0,31,3467.0,8
rb1805,20170929,20170928,210550000,3468.0,15110,503492,524231620.0,3468.0,21,3467.0,8
rb1805,20170929,20170928,210550500,3468.0,15112,503492,524300980.0,3468.0,24,3467.0,13
rb1805,20170929,20170928,210551000,3468.0,15112,503492,524300980.0,3468.0,24,3467.0,13
rb1805,20170929,20170928,210551500,3468.0,15112,503492,524300980.0,3468.0,24,3467.0,13
rb1805,20170929,20170928,210552000,3468.0,15112,503492,524300980.0,3468.0,28,3467.0,13
rb1805,20170929,20170928,210552500,3468.0,15112,503492,524300980.0,3468.0,28,3467.0,18
rb1805,20170929,20170928,210553000,3468.0,15112,503492,524300980.0,3468.0,28,3467.0,18
rb1805,20170929,20170928,210553500,3468.0,15112,503492,524300980.0,3468.0,29,3467.0,18
rb1805,20170929,20170928,210554000,3468.0,15112,503492,524300980.0,3468.0,24,3467.0,18
rb1805,20170929,20170928,210554500,3467.0,15116,503490,524439660.0,3468.0,24,3467.0,16
rb1805,20170929,20170928,210555000,3467.0,15116,503490,524439660.0,3468.0,24,3467.0,16
rb1805,20170929,20170928,210555500,3467.0,15126,503498,524786360.0,3468.0,30,3467.0,11
rb1805,20170929,20170928,210556000,3467.0,15126,503498,524786360.0,3468.0,30,3467.0,12
rb1805,20170929,20170928,210556500,3467.0,15126,503498,524786360.0,3468.0,31,3467.0,12
rb1805,20170929,20170928,210557000,3467.0,15126,503498,524786360.0,3468.0,31,3467.0,16
rb1805,20170929,20170928,210557500,3468.0,15128,503498,524855720.0,3468.0,30,3467.0,16
rb1805,20170929,20170928,210558000,3468.0,15128,503498,524855720.0,3468.0,30,3467.0,19
rb1805,20170929,20170928,210558500,3468.0,15128,503498,524855720.0,3468.0,30,3467.0,19
rb1805,20170929,20170928,210559000,3468.0,15128,503498,524855720.0,3468.0,30,3467.0,20
rb1805,20170929,20170928,210559500,3468.0,15128,503498,524855720.0,3468.0,31,3467.0,20
rb1805,20170929,20170928,210600000,3468.0,15128,503498,524855720.0,3468.0,31,3467.0,30
rb1805,20170929,20170928,210600500,3468.0,15128,503498,524855720.0,3468.0,32,3467.0,32
rb1805,20170929,20170928,210601000,3467.0,15132,503498,524994420.0,3468.0,31,3467.0,31
rb1805,20170929,20170928,210601500,3468.0,15198,503476,527283300.0,3469.0,78,3468.0,29
rb1805,20170929,20170928,210602500,3468.0,15200,503474,527352660.0,3469.0,78,3468.0,28
rb1805,20170929,20170928,210603000,3469.0,15202,503474,527422040.0,3469.0,77,3468.0,28
rb1805,20170929,20170928,210603500,3468.0,15206,503474,527560780.0,3469.0,77,3468.0,29
rb1805,20170929,20170928,210604000,3468.0,15208,503474,527630140.0,3469.0,77,3468.0,28
rb1805,20170929,20170928,210604500,3468.0,15208,503474,527630140.0,3469.0,77,3468.0,29
rb1805,20170929,20170928,210605000,3468.0,15210,503474,527699500.0,3469.0,78,3468.0,28
rb1805,20170929,20170928,210605500,3468.0,15210,503474,527699500.0,3469.0,79,3468.0,28
rb1805,20170929,20170928,210606000,3468.0,15266,503476,529641580.0,3469.0,80,3467.0,34
rb1805,20170929,20170928,210606500,3468.0,15266,503476,529641580.0,3469.0,80,3467.0,35
rb1805,20170929,20170928,210607000,3468.0,15266,503476,529641580.0,3468.0,13,3467.0,35
rb1805,20170929,20170928,210607500,3467.0,15270,503476,529780260.0,3468.0,14,3467.0,33
rb1805,20170929,20170928,210608000,3467.0,15270,503476,529780260.0,3468.0,14,3467.0,33
rb1805,20170929,20170928,210608500,3468.0,15274,503480,529918980.0,3468.0,12,3467.0,33
rb1805,20170929,20170928,210609000,3468.0,15274,503480,529918980.0,3468.0,12,3467.0,33
rb1805,20170929,20170928,210609500,3468.0,15284,503480,530265780.0,3468.0,9,3467.0,33
rb1805,20170929,20170928,210610000,3468.0,15284,503480,530265780.0,3468.0,9,3467.0,33
rb1805,20170929,20170928,210610500,3468.0,15286,503482,530335140.0,3468.0,8,3467.0,33
rb1805,20170929,20170928,210611000,3468.0,15286,503482,530335140.0,3468.0,8,3467.0,34
rb1805,20170929,20170928,210611500,3468.0,15318,503458,531444900.0,3469.0,82,3467.0,36
rb1805,20170929,20170928,210612000,3468.0,15318,503458,531444900.0,3469.0,82,3468.0,31
rb1805,20170929,20170928,210612500,3468.0,15320,503460,531514260.0,3469.0,81,3468.0,30
rb1805,20170929,20170928,210613000,3468.0,15320,503460,531514260.0,3469.0,81,3468.0,30
rb1805,20170929,20170928,210613500,3468.0,15322,503460,531583620.0,3469.0,81,3468.0,30
rb1805,20170929,20170928,210614000,3468.0,15322,503460,531583620.0,3469.0,81,3468.0,30
rb1805,20170929,20170928,210614500,3469.0,15332,503470,531930520.0,3469.0,76,3468.0,31
rb1805,20170929,20170928,210615000,3468.0,15334,503470,531999880.0,3469.0,76,3468.0,30
rb1805,20170929,20170928,210615500,3469.0,15344,503476,532346780.0,3469.0,71,3468.0,32
rb1805,20170929,20170928,210617500,3469.0,15344,503476,532346780.0,3469.0,73,3468.0,33
rb1805,20170929,20170928,210618000,3469.0,15346,503476,532416160.0,3469.0,72,3468.0,33
rb1805,20170929,20170928,210618500,3468.0,15374,503496,533387420.0,3469.0,62,3468.0,30
rb1805,20170929,20170928,210619000,3468.0,15374,503496,533387420.0,3469.0,62,3468.0,30
rb1805,20170929,20170928,210619500,3468.0,15384,503506,533734220.0,3469.0,62,3468.0,25
rb1805,20170929,20170928,210620000,3468.0,15384,503506,533734220.0,3469.0,62,3468.0,25
rb1805,20170929,20170928,210620500,3469.0,15386,503504,533803600.0,3469.0,61,3468.0,25
rb1805,20170929,20170928,210621500,3469.0,15386,503504,533803600.0,3469.0,63,3468.0,25
rb1805,20170929,20170928,210622000,3469.0,15386,503504,533803600.0,3469.0,63,3468.0,25
rb1805,20170929,20170928,210622500,3469.0,15386,503504,533803600.0,3469.0,64,3468.0,25
rb1805,20170929,20170928,210623000,3468.0,15392,503502,534011720.0,3469.0,62,3468.0,24
rb1805,20170929,20170928,210623500,3468.0,15392,503502,534011720.0,3469.0,62,3468.0,24
rb1805,20170929,20170928,210624000,3469.0,15396,503498,534150480.0,3469.0,60,3468.0,24
rb1805,20170929,20170928,210624500,3469.0,15398,503498,534219860.0,3469.0,59,3468.0,24
rb1805,20170929,20170928,210625000,3469.0,15398,503498,534219860.0,3469.0,59,3468.0,25
rb1805,20170929,20170928,210625500,3469.0,15398,503498,534219860.0,3469.0,60,3468.0,25
rb1805,20170929,20170928,210626000,3469.0,15402,503500,534358620.0,3469.0,60,3468.0,26
rb1805,20170929,20170928,210626500,3468.0,15458,503490,536300720.0,3468.0,173,3467.0,36
rb1805,20170929,20170928,210627000,3468.0,15496,503478,537618560.0,3468.0,154,3467.0,39
rb1805,20170929,20170928,210627500,3468.0,15506,503474,537965360.0,3468.0,149,3467.0,36
rb1805,20170929,20170928,210628000,3468.0,15506,503474,537965360.0,3468.0,149,3467.0,37
rb1805,20170929,20170928,210628500,3468.0,15560,503454,539838080.0,3468.0,122,3467.0,61
rb1805,20170929,20170928,210629000,3469.0,15824,503440,548993800.0,3469.0,48,3467.0,61
rb1805,20170929,20170928,210629500,3469.0,15834,503430,549340700.0,3469.0,43,3468.0,7
rb1805,20170929,20170928,210630000,3469.0,15834,503430,549340700.0,3469.0,43,3468.0,8
rb1805,20170929,20170928,210630500,3469.0,15836,503428,549410080.0,3469.0,42,3468.0,32
rb1805,20170929,20170928,210631000,3469.0,15836,503428,549410080.0,3469.0,42,3468.0,33
rb1805,20170929,20170928,210631500,3468.0,15846,503422,549756920.0,3469.0,40,3468.0,30
rb1805,20170929,20170928,210632000,3469.0,15850,503422,549895680.0,3469.0,39,3468.0,31
rb1805,20170929,20170928,210632500,3470.0,15944,503354,553156700.0,3470.0,115,3468.0,36
rb1805,20170929,20170928,210633000,3470.0,15958,503344,553642500.0,3470.0,108,3468.0,31
rb1805,20170929,20170928,210633500,3470.0,15960,503342,553711900.0,3469.0,5,3468.0,35
rb1805,20170929,20170928,210634000,3470.0,15980,503332,554405800.0,3470.0,103,3469.0,1
rb1805,20170929,20170928,210634500,3470.0,15984,503330,554544600.0,3470.0,101,3469.0,1
rb1805,20170929,20170928,210635000,3470.0,15984,503330,554544600.0,3470.0,102,3469.0,11
rb1805,20170929,20170928,210635500,3470.0,15984,503330,554544600.0,3470.0,104,3469.0,14
rb1805,20170929,20170928,210636000,3470.0,15988,503328,554683400.0,3470.0,102,3469.0,16
rb1805,20170929,20170928,210636500,3470.0,15994,503328,554891580.0,3470.0,100,3469.0,15
rb1805,20170929,20170928,210637000,3470.0,15994,503328,554891580.0,3470.0,100,3469.0,15
rb1805,20170929,20170928,210637500,3470.0,15994,503328,554891580.0,3470.0,103,3469.0,15
rb1805,20170929,20170928,210638000,3469.0,16050,503288,556834740.0,3470.0,77,3469.0,13
rb1805,20170929,20170928,210638500,3469.0,16074,503300,557667300.0,3470.0,77,3469.0,1
rb1805,20170929,20170928,210639000,3469.0,16074,503300,557667300.0,3470.0,77,3469.0,4
rb1805,20170929,20170928,210639500,3470.0,16078,503300,557806100.0,3470.0,76,3469.0,18
rb1805,20170929,20170928,210640000,3469.0,16110,503274,558916480.0,3470.0,62,3469.0,17
rb1805,20170929,20170928,210640500,3469.0,16110,503274,558916480.0,3470.0,62,3469.0,17
rb1805,20170929,20170928,210641000,3469.0,16110,503274,558916480.0,3470.0,62,3469.0,17
rb1805,20170929,20170928,210641500,3469.0,16110,503274,558916480.0,3470.0,62,3469.0,18
rb1805,20170929,20170928,210642000,3470.0,16172,503318,561067880.0,3470.0,31,3469.0,18
rb1805,20170929,20170928,210642500,3470.0,16172,503318,561067880.0,3470.0,32,3469.0,18
rb1805,20170929,20170928,210643000,3469.0,16174,503320,561137260.0,3470.0,32,3469.0,9
rb1805,20170929,20170928,210643500,3470.0,16186,503316,561553580.0,3470.0,31,3469.0,2
rb1805,20170929,20170928,210644000,3470.0,16188,503314,561622980.0,3470.0,30,3469.0,4
rb1805,20170929,20170928,210644500,3469.0,16194,503318,561831140.0,3470.0,29,3469.0,2
rb1805,20170929,20170928,210645000,3469.0,16210,503334,562386180.0,3469.0,2,3468.0,23
rb1805,20170929,20170928,210645500,3469.0,16214,503336,562524940.0,3470.0,32,3469.0,52
rb1805,20170929,20170928,210646000,3470.0,16278,503378,564745740.0,3471.0,105,3470.0,18
rb1805,20170929,20170928,210646500,3471.0,16286,503382,565023380.0,3471.0,104,3470.0,20
rb1805,20170929,20170928,210647000,3471.0,16296,503382,565370480.0,3471.0,99,3470.0,16
rb1805,20170929,20170928,210647500,3471.0,16300,503382,565509300.0,3471.0,98,3470.0,16
rb1805,20170929,20170928,210648000,3471.0,16362,503382,567660440.0,3471.0,97,3469.0,38
rb1805,20170929,20170928,210648500,3471.0,16370,503388,567938080.0,3471.0,95,3470.0,1
rb1805,20170929,20170928,210649000,3471.0,16382,503390,568354460.0,3471.0,93,3470.0,8
rb1805,20170929,20170928,210649500,3471.0,16388,503396,568562720.0,3471.0,90,3470.0,10
rb1805,20170929,20170928,210650000,3470.0,16392,503392,568701520.0,3471.0,90,3470.0,57
rb1805,20170929,20170928,210650500,3471.0,16406,503400,569187460.0,3471.0,83,3470.0,57
rb1805,20170929,20170928,210651000,3471.0,16428,503422,569951080.0,3471.0,32,3470.0,57
rb1805,20170929,20170928,210651500,3471.0,16428,503422,569951080.0,3471.0,32,3470.0,57
rb1805,20170929,20170928,210652000,3471.0,16492,503456,572172520.0,3472.0,164,3471.0,44
rb1805,20170929,20170928,210652500,3471.0,16492,503456,572172520.0,3472.0,164,3471.0,9
rb1805,20170929,20170928,210653000,3472.0,16494,503458,572241960.0,3472.0,163,3471.0,5
rb1805,20170929,20170928,210653500,3471.0,16504,503460,572589100.0,3472.0,162,3471.0,2
rb1805,20170929,20170928,210654000,3471.0,16504,503460,572589100.0,3472.0,162,3471.0,5
rb1805,20170929,20170928,210654500,3471.0,16512,503460,572866800.0,3472.0,166,3471.0,2
rb1805,20170929,20170928,210655000,3471.0,16538,503482,573769260.0,3471.0,36,3470.0,72
rb1805,20170929,20170928,210655500,3471.0,16552,503470,574255200.0,3471.0,25,3470.0,72
rb1805,20170929,20170928,210656000,3471.0,16554,503472,574324620.0,3471.0,24,3470.0,73
rb1805,20170929,20170928,210656500,3471.0,16556,503472,574394040.0,3471.0,35,3470.0,75
rb1805,20170929,20170928,210657000,3471.0,16568,503484,574810560.0,3471.0,27,3470.0,75
rb1805,20170929,20170928,210657500,3471.0,16570,503486,574879980.0,3471.0,69,3470.0,76
rb1805,20170929,20170928,210658000,3471.0,16570,503486,574879980.0,3471.0,69,3470.0,76
rb1805,20170929,20170928,210658500,3471.0,16582,503498,575296500.0,3471.0,64,3470.0,77
rb1805,20170929,20170928,210659000,3471.0,16616,503484,576476640.0,3471.0,48,3470.0,103
rb1805,20170929,20170928,210659500,3471.0,16624,503482,576754320.0,3471.0,44,3470.0,103
rb1805,20170929,20170928,210700000,3471.0,16644,503482,577448520.0,3471.0,34,3470.0,73
rb1805,20170929,20170928,210700500,3471.0,16654,503476,577795600.0,3472.0,223,3471.0,17
rb1805,20170929,20170928,210701000,3471.0,16688,503474,578975740.0,3471.0,15,3470.0,72
rb1805,20170929,20170928,210701500,3471.0,16688,503474,578975740.0,3471.0,3,3470.0,72
rb1805,20170929,20170928,210702000,3471.0,16708,503466,579670040.0,3472.0,218,3471.0,4
rb1805,20170929,20170928,210702500,3471.0,16732,503446,580503080.0,3471.0,8,3470.0,77
rb1805,20170929,20170928,210703000,3470.0,16766,503446,581683280.0,3471.0,13,3470.0,75
rb1805,20170929,20170928,210703500,3471.0,16786,503432,582377480.0,3471.0,3,3470.0,75
rb1805,20170929,20170928,210704000,3471.0,16792,503432,582585740.0,3471.0,18,3470.0,75
rb1805,20170929,20170928,210704500,3470.0,16910,503350,586680340.0,3471.0,27,3470.0,12
rb1805,20170929,20170928,210705000,3470.0,16936,503342,587582540.0,3470.0,11,3469.0,38
rb1805,20170929,20170928,210705500,3469.0,16938,503344,587651920.0,3470.0,14,3469.0,37
rb1805,20170929,20170928,210706000,3469.0,16938,503344,587651920.0,3470.0,14,3469.0,37
rb1805,20170929,20170928,210706500,3469.0,16938,503344,587651920.0,3470.0,15,3469.0,37
rb1805,20170929,20170928,210707000,3469.0,16938,503344,587651920.0,3470.0,13,3469.0,40
rb1805,20170929,20170928,210707500,3470.0,16960,503346,588415300.0,3470.0,16,3469.0,42
rb1805,20170929,20170928,210708000,3470.0,16960,503346,588415300.0,3470.0,16,3469.0,41
rb1805,20170929,20170928,210708500,3470.0,16960,503346,588415300.0,3470.0,16,3469.0,41
rb1805,20170929,20170928,210709000,3470.0,16960,503346,588415300.0,3470.0,16,3469.0,42
rb1805,20170929,20170928,210709500,3469.0,17042,503366,591259900.0,3470.0,27,3469.0,4
rb1805,20170929,20170928,210710000,3469.0,17050,503366,591537420.0,3469.0,26,3468.0,44
rb1805,20170929,20170928,210710500,3469.0,17054,503366,591676180.0,3469.0,32,3468.0,44
rb1805,20170929,20170928,210711000,3469.0,17062,503358,591953660.0,3469.0,30,3468.0,32
rb1805,20170929,20170928,210711500,3469.0,17064,503356,592023040.0,3469.0,27,3468.0,33
rb1805,20170929,20170928,210712000,3469.0,17094,503344,593063740.0,3469.0,15,3468.0,33
rb1805,20170929,20170928,210712500,3468.0,17096,503342,593133100.0,3469.0,13,3468.0,32
rb1805,20170929,20170928,210713000,3468.0,17096,503342,593133100.0,3469.0,13,3468.0,32
rb1805,20170929,20170928,210713500,3468.0,17098,503340,593202460.0,3469.0,23,3468.0,32
rb1805,20170929,20170928,210714000,3469.0,17120,503330,593965580.0,3469.0,21,3468.0,29
rb1805,20170929,20170928,210714500,3468.0,17136,503332,594520460.0,3469.0,21,3468.0,32
rb1805,20170929,20170928,210715000,3469.0,17144,503336,594797920.0,3469.0,22,3468.0,29
rb1805,20170929,20170928,210715500,3468.0,17148,503338,594936640.0,3469.0,22,3468.0,27
rb1805,20170929,20170928,210716000,3468.0,17162,503342,595422160.0,3469.0,24,3468.0,20
rb1805,20170929,20170928,210716500,3468.0,17176,503354,595907700.0,3469.0,23,3468.0,14
rb1805,20170929,20170928,210717000,3468.0,17204,503330,596878740.0,3468.0,1,3467.0,24
rb1805,20170929,20170928,210717500,3468.0,17204,503330,596878740.0,3468.0,1,3467.0,26
rb1805,20170929,20170928,210718000,3468.0,17204,503330,596878740.0,3468.0,2,3467.0,26
rb1805,20170929,20170928,210718500,3468.0,17204,503330,596878740.0,3468.0,20,3467.0,26
rb1805,20170929,20170928,210719000,3468.0,17204,503330,596878740.0,3468.0,20,3467.0,27
rb1805,20170929,20170928,210719500,3468.0,17246,503292,598335280.0,3468.0,2,3467.0,33
rb1805,20170929,20170928,210720000,3468.0,17250,503292,598474000.0,3469.0,21,3468.0,6
rb1805,20170929,20170928,210720500,3468.0,17250,503292,598474000.0,3469.0,16,3468.0,6
rb1805,20170929,20170928,210721000,3468.0,17250,503292,598474000.0,3469.0,22,3468.0,1
rb1805,20170929,20170928,210721500,3468.0,17250,503292,598474000.0,3469.0,23,3468.0,1
rb1805,20170929,20170928,210722000,3468.0,17252,503292,598543360.0,3468.0,6,3467.0,31
rb1805,20170929,20170928,210722500,3467.0,17258,503296,598751420.0,3468.0,1,3467.0,24
rb1805,20170929,20170928,210723000,3467.0,17258,503296,598751420.0,3468.0,3,3467.0,26
rb1805,20170929,20170928,210723500,3467.0,17258,503296,598751420.0,3468.0,23,3467.0,26
rb1805,20170929,20170928,210724000,3467.0,17258,503296,598751420.0,3468.0,23,3467.0,27
rb1805,20170929,20170928,210724500,3468.0,17260,503298,598820780.0,3468.0,22,3467.0,25
rb1805,20170929,20170928,210725000,3468.0,17260,503298,598820780.0,3468.0,22,3467.0,25
rb1805,20170929,20170928,210725500,3468.0,17260,503298,598820780.0,3468.0,22,3467.0,26
rb1805,20170929,20170928,210726000,3468.0,17272,503306,599236920.0,3468.0,17,3467.0,25
rb1805,20170929,20170928,210726500,3468.0,17272,503306,599236920.0,3468.0,17,3467.0,25
rb1805,20170929,20170928,210727000,3468.0,17276,503310,599375640.0,3468.0,15,3467.0,25
rb1805,20170929,20170928,210727500,3468.0,17276,503310,599375640.0,3468.0,15,3467.0,27
rb1805,20170929,20170928,210728000,3468.0,17276,503310,599375640.0,3468.0,15,3467.0,27
rb1805,20170929,20170928,210729000,3467.0,17278,503308,599444980.0,3468.0,15,3467.0,116
rb1805,20170929,20170928,210729500,3468.0,17308,503308,600485380.0,3469.0,31,3468.0,18
rb1805,20170929,20170928,210730000,3468.0,17308,503308,600485380.0,3469.0,29,3468.0,20
rb1805,20170929,20170928,210730500,3468.0,17308,503308,600485380.0,3469.0,29,3468.0,26
rb1805,20170929,20170928,210731000,3468.0,17324,503308,601040260.0,3469.0,29,3468.0,13
rb1805,20170929,20170928,210731500,3468.0,17324,503308,601040260.0,3469.0,29,3468.0,13
rb1805,20170929,20170928,210732000,3468.0,17328,503306,601178980.0,3469.0,25,3468.0,15
rb1805,20170929,20170928,210732500,3468.0,17328,503306,601178980.0,3469.0,27,3468.0,15
rb1805,20170929,20170928,210733000,3468.0,17348,503296,601872580.0,3469.0,21,3468.0,11
rb1805,20170929,20170928,210733500,3469.0,17390,503324,603329560.0,3470.0,37,3469.0,17
rb1805,20170929,20170928,210734000,3469.0,17390,503324,603329560.0,3470.0,30,3469.0,23
rb1805,20170929,20170928,210734500,3470.0,17450,503294,605411560.0,3471.0,14,3469.0,23
rb1805,20170929,20170928,210735000,3471.0,17466,503300,605966900.0,3471.0,7,3470.0,3
rb1805,20170929,20170928,210735500,3471.0,17484,503316,606591680.0,3472.0,212,3470.0,10
rb1805,20170929,20170928,210736000,3471.0,17484,503316,606591680.0,3472.0,212,3471.0,3
rb1805,20170929,20170928,210736500,3471.0,17484,503316,606591680.0,3472.0,212,3471.0,3
rb1805,20170929,20170928,210737000,3471.0,17486,503316,606661100.0,3472.0,212,3471.0,2
rb1805,20170929,20170928,210737500,3470.0,17488,503316,606730500.0,3471.0,1,3470.0,11
rb1805,20170929,20170928,210738000,3471.0,17490,503316,606799920.0,3472.0,212,3471.0,14
rb1805,20170929,20170928,210738500,3471.0,17490,503316,606799920.0,3472.0,212,3471.0,14
rb1805,20170929,20170928,210739000,3471.0,17518,503342,607771800.0,3471.0,3,3470.0,11
rb1805,20170929,20170928,210739500,3471.0,17518,503342,607771800.0,3471.0,3,3470.0,4
rb1805,20170929,20170928,210740000,3471.0,17518,503342,607771800.0,3471.0,12,3470.0,2
rb1805,20170929,20170928,210740500,3470.0,17544,503344,608674000.0,3470.0,4,3469.0,24
rb1805,20170929,20170928,210741000,3469.0,17552,503352,608951580.0,3470.0,2,3469.0,18
rb1805,20170929,20170928,210741500,3469.0,17552,503352,608951580.0,3470.0,9,3469.0,1
rb1805,20170929,20170928,210742000,3469.0,17552,503352,608951580.0,3470.0,10,3469.0,1
rb1805,20170929,20170928,210742500,3468.0,17556,503354,609090320.0,3470.0,14,3468.0,33
rb1805,20170929,20170928,210743000,3470.0,17558,503356,609159720.0,3470.0,13,3468.0,33
rb1805,20170929,20170928,210743500,3470.0,17568,503358,609506720.0,3470.0,6,3468.0,29
rb1805,20170929,20170928,210744000,3470.0,17568,503358,609506720.0,3470.0,10,3468.0,29
rb1805,20170929,20170928,210744500,3470.0,17568,503358,609506720.0,3470.0,10,3469.0,1
rb1805,20170929,20170928,210745500,3470.0,17568,503358,609506720.0,3470.0,10,3469.0,1
rb1805,20170929,20170928,210746000,3470.0,17568,503358,609506720.0,3470.0,10,3469.0,3
rb1805,20170929,20170928,210746500,3470.0,17568,503358,609506720.0,3470.0,27,3469.0,3
rb1805,20170929,20170928,210747000,3470.0,17570,503360,609576120.0,3470.0,28,3469.0,3
rb1805,20170929,20170928,210747500,3470.0,17572,503360,609645520.0,3470.0,28,3469.0,3
rb1805,20170929,20170928,210748000,3469.0,17578,503366,609853660.0,3470.0,30,3468.0,40
rb1805,20170929,20170928,210748500,3469.0,17578,503366,609853660.0,3469.0,2,3468.0,40
rb1805,20170929,20170928,210749000,3469.0,17578,503366,609853660.0,3469.0,2,3468.0,40
rb1805,20170929,20170928,210749500,3469.0,17578,503366,609853660.0,3469.0,9,3468.0,40
rb1805,20170929,20170928,210750000,3469.0,17578,503366,609853660.0,3469.0,12,3468.0,40
rb1805,20170929,20170928,210750500,3469.0,17578,503366,609853660.0,3469.0,12,3468.0,100
rb1805,20170929,20170928,210751000,3469.0,17582,503366,609992420.0,3469.0,10,3468.0,95
rb1805,20170929,20170928,210751500,3469.0,17602,503360,610686220.0,3470.0,38,3469.0,10
rb1805,20170929,20170928,210752000,3469.0,17612,503350,611033120.0,3470.0,36,3469.0,5
rb1805,20170929,20170928,210752500,3469.0,17612,503350,611033120.0,3470.0,36,3469.0,5
rb1805,20170929,20170928,210753000,3469.0,17612,503350,611033120.0,3470.0,36,3469.0,15
rb1805,20170929,20170928,210753500,3469.0,17612,503350,611033120.0,3470.0,41,3469.0,16
rb1805,20170929,20170928,210754000,3469.0,17612,503350,611033120.0,3470.0,42,3469.0,16
rb1805,20170929,20170928,210754500,3469.0,17612,503350,611033120.0,3470.0,43,3469.0,16
rb1805,20170929,20170928,210755000,3469.0,17614,503348,611102500.0,3470.0,38,3469.0,15
rb1805,20170929,20170928,210755500,3469.0,17614,503348,611102500.0,3470.0,37,3469.0,16
rb1805,20170929,20170928,210756000,3469.0,17614,503348,611102500.0,3470.0,34,3469.0,16
rb1805,20170929,20170928,210756500,3469.0,17614,503348,611102500.0,3470.0,35,3469.0,16
rb1805,20170929,20170928,210757000,3469.0,17614,503348,611102500.0,3470.0,35,3469.0,17
rb1805,20170929,20170928,210758500,3469.0,17616,503348,611171880.0,3470.0,35,3469.0,16
rb1805,20170929,20170928,210759000,3469.0,17616,503348,611171880.0,3470.0,36,3469.0,16
rb1805,20170929,20170928,210759500,3470.0,17638,503350,611935280.0,3470.0,25,3469.0,16
rb1805,20170929,20170928,210800000,3470.0,17638,503350,611935280.0,3470.0,26,3469.0,17
rb1805,20170929,20170928,210800500,3469.0,17640,503348,612004660.0,3470.0,26,3469.0,16
rb1805,20170929,20170928,210801000,3470.0,17648,503344,612282220.0,3470.0,25,3469.0,16
rb1805,20170929,20170928,210801500,3470.0,17648,503344,612282220.0,3470.0,24,3469.0,16
rb1805,20170929,20170928,210802000,3470.0,17650,503342,612351620.0,3470.0,23,3469.0,16
rb1805,20170929,20170928,210802500,3470.0,17650,503342,612351620.0,3470.0,23,3469.0,16
rb1805,20170929,20170928,210803000,3470.0,17650,503342,612351620.0,3470.0,23,3469.0,17
rb1805,20170929,20170928,210803500,3470.0,17650,503342,612351620.0,3470.0,25,3469.0,19
rb1805,20170929,20170928,210804000,3470.0,17650,503342,612351620.0,3470.0,26,3469.0,19
rb1805,20170929,20170928,210804500,3470.0,17650,503342,612351620.0,3470.0,26,3469.0,19
rb1805,20170929,20170928,210805000,3470.0,17650,503342,612351620.0,3470.0,27,3469.0,19
rb1805,20170929,20170928,210805500,3470.0,17654,503340,612490420.0,3470.0,24,3469.0,19
rb1805,20170929,20170928,210806000,3470.0,17654,503340,612490420.0,3470.0,24,3469.0,19
rb1805,20170929,20170928,210806500,3469.0,17656,503340,612559800.0,3470.0,24,3469.0,18
rb1805,20170929,20170928,210807000,3469.0,17658,503340,612629180.0,3470.0,25,3469.0,17
rb1805,20170929,20170928,210807500,3469.0,17658,503340,612629180.0,3470.0,25,3469.0,17
rb1805,20170929,20170928,210808000,3469.0,17658,503340,612629180.0,3470.0,25,3469.0,17
rb1805,20170929,20170928,210808500,3469.0,17658,503340,612629180.0,3470.0,25,3469.0,17
rb1805,20170929,20170928,210809000,3469.0,17658,503340,612629180.0,3470.0,25,3469.0,17
rb1805,20170929,20170928,210809500,3470.0,17662,503336,612767980.0,3470.0,23,3469.0,17
rb1805,20170929,20170928,210810000,3470.0,17662,503336,612767980.0,3470.0,25,3469.0,17
rb1805,20170929,20170928,210810500,3469.0,17664,503338,612837360.0,3470.0,27,3469.0,16
rb1805,20170929,20170928,210811000,3469.0,17664,503338,612837360.0,3470.0,27,3469.0,17
rb1805,20170929,20170928,210812000,3470.0,17668,503338,612976160.0,3470.0,25,3469.0,17
rb1805,20170929,20170928,210812500,3470.0,17668,503338,612976160.0,3470.0,25,3469.0,17
rb1805,20170929,20170928,210813000,3469.0,17670,503340,613045540.0,3470.0,25,3469.0,16
rb1805,20170929,20170928,210813500,3470.0,17674,503340,613184340.0,3470.0,23,3469.0,14
rb1805,20170929,20170928,210814000,3470.0,17674,503340,613184340.0,3470.0,23,3469.0,19
rb1805,20170929,20170928,210814500,3470.0,17674,503340,613184340.0,3470.0,23,3469.0,19
rb1805,20170929,20170928,210815000,3470.0,17674,503340,613184340.0,3470.0,24,3469.0,19
rb1805,20170929,20170928,210815500,3469.0,17676,503342,613253720.0,3470.0,24,3469.0,18
rb1805,20170929,20170928,210816000,3471.0,17776,503296,616724240.0,3471.0,40,3469.0,18
rb1805,20170929,20170928,210816500,3469.0,17778,503298,616793620.0,3471.0,40,3469.0,19
rb1805,20170929,20170928,210817000,3469.0,17780,503300,616863000.0,3471.0,40,3469.0,18
rb1805,20170929,20170928,210817500,3470.0,17782,503300,616932400.0,3470.0,2,3469.0,16
rb1805,20170929,20170928,210818000,3470.0,17782,503300,616932400.0,3470.0,6,3469.0,18
rb1805,20170929,20170928,210818500,3470.0,17782,503300,616932400.0,3470.0,6,3469.0,18
rb1805,20170929,20170928,210819000,3470.0,17782,503300,616932400.0,3470.0,11,3469.0,15
rb1805,20170929,20170928,210819500,3470.0,17784,503298,617001800.0,3470.0,22,3469.0,20
rb1805,20170929,20170928,210820000,3470.0,17784,503298,617001800.0,3470.0,16,3469.0,20
rb1805,20170929,20170928,210820500,3470.0,17816,503294,618112200.0,3471.0,45,3470.0,18
rb1805,20170929,20170928,210821000,3470.0,17818,503292,618181600.0,3471.0,40,3470.0,37
rb1805,20170929,20170928,210821500,3470.0,17818,503292,618181600.0,3471.0,40,3470.0,39
rb1805,20170929,20170928,210822500,3470.0,17820,503292,618251000.0,3471.0,40,3470.0,38
rb1805,20170929,20170928,210823000,3470.0,17824,503294,618389820.0,3471.0,40,3470.0,37
rb1805,20170929,20170928,210823500,3470.0,17824,503294,618389820.0,3471.0,43,3470.0,37
rb1805,20170929,20170928,210824000,3470.0,17828,503294,618528620.0,3471.0,44,3470.0,24
rb1805,20170929,20170928,210824500,3470.0,17828,503294,618528620.0,3471.0,44,3470.0,24
rb1805,20170929,20170928,210825000,3470.0,17832,503298,618667420.0,3471.0,44,3470.0,22
rb1805,20170929,20170928,210825500,3471.0,17836,503298,618806260.0,3471.0,42,3470.0,20
rb1805,20170929,20170928,210826000,3471.0,17836,503298,618806260.0,3471.0,43,3470.0,21
rb1805,20170929,20170928,210826500,3472.0,17924,503252,621860760.0,3472.0,220,3471.0,7
rb1805,20170929,20170928,210827000,3471.0,17948,503234,622693800.0,3471.0,10,3470.0,23
rb1805,20170929,20170928,210827500,3471.0,17950,503234,622763220.0,3471.0,9,3470.0,30
rb1805,20170929,20170928,210828000,3471.0,17970,503214,623457420.0,3472.0,215,3470.0,31
rb1805,20170929,20170928,210828500,3470.0,17972,503214,623526820.0,3472.0,215,3471.0,1
rb1805,20170929,20170928,210829000,3471.0,17974,503216,623596240.0,3471.0,2,3470.0,25
rb1805,20170929,20170928,210829500,3471.0,17978,503216,623735080.0,3472.0,215,3471.0,4
rb1805,20170929,20170928,210830000,3471.0,17978,503216,623735080.0,3472.0,161,3471.0,9
rb1805,20170929,20170928,210830500,3472.0,17980,503216,623804520.0,3472.0,160,3471.0,10
rb1805,20170929,20170928,210831000,3472.0,18002,503202,624568360.0,3472.0,151,3471.0,16
rb1805,20170929,20170928,210831500,3472.0,18004,503202,624637800.0,3472.0,150,3471.0,19
rb1805,20170929,20170928,210832000,3471.0,18008,503198,624776660.0,3472.0,149,3471.0,18
rb1805,20170929,20170928,210832500,3472.0,18024,503196,625332160.0,3472.0,142,3471.0,17
rb1805,20170929,20170928,210833000,3471.0,18026,503196,625401580.0,3472.0,142,3471.0,16
rb1805,20170929,20170928,210833500,3471.0,18026,503196,625401580.0,3472.0,142,3471.0,16
rb1805,20170929,20170928,210834000,3472.0,18056,503172,626443120.0,3472.0,131,3471.0,13
rb1805,20170929,20170928,210834500,3472.0,18062,503172,626651420.0,3472.0,129,3471.0,16
rb1805,20170929,20170928,210835000,3471.0,18106,503146,628178660.0,3471.0,8,3470.0,88
rb1805,20170929,20170928,210835500,3471.0,18144,503116,629497640.0,3472.0,130,3471.0,41
rb1805,20170929,20170928,210836000,3471.0,18144,503116,629497640.0,3472.0,130,3471.0,56
rb1805,20170929,20170928,210836500,3472.0,18152,503112,629775380.0,3472.0,127,3471.0,45
rb1805,20170929,20170928,210837000,3471.0,18164,503114,630191900.0,3472.0,127,3471.0,39
rb1805,20170929,20170928,210837500,3471.0,18206,503156,631649720.0,3472.0,127,3471.0,14
rb1805,20170929,20170928,210838000,3472.0,18236,503156,632691040.0,3472.0,126,3471.0,1
rb1805,20170929,20170928,210838500,3471.0,18252,503162,633246400.0,3472.0,126,3471.0,5
rb1805,20170929,20170928,210839000,3471.0,18264,503172,633662920.0,3471.0,19,3470.0,72
rb1805,20170929,20170928,210839500,3471.0,18302,503210,634981900.0,3472.0,125,3471.0,23
rb1805,20170929,20170928,210840000,3471.0,18304,503212,635051320.0,3472.0,125,3471.0,22
rb1805,20170929,20170928,210840500,3471.0,18304,503212,635051320.0,3472.0,125,3471.0,22
rb1805,20170929,20170928,210841000,3471.0,18318,503212,635537260.0,3472.0,125,3471.0,15
rb1805,20170929,20170928,210841500,3472.0,18338,503210,636231480.0,3472.0,124,3471.0,6
rb1805,20170929,20170928,210842000,3471.0,18344,503210,636439740.0,3472.0,124,3471.0,3
rb1805,20170929,20170928,210842500,3471.0,18344,503210,636439740.0,3472.0,125,3471.0,8
rb1805,20170929,20170928,210843000,3471.0,18344,503210,636439740.0,3472.0,125,3471.0,11
rb1805,20170929,20170928,210843500,3471.0,18366,503232,637203360.0,3471.0,16,3470.0,72
rb1805,20170929,20170928,210844000,3471.0,18368,503232,637272780.0,3471.0,5,3470.0,72
rb1805,20170929,20170928,210844500,3471.0,18368,503232,637272780.0,3471.0,23,3470.0,72
rb1805,20170929,20170928,210845000,3471.0,18368,503232,637272780.0,3471.0,23,3470.0,73
rb1805,20170929,20170928,210846000,3471.0,18368,503232,637272780.0,3471.0,36,3470.0,71
rb1805,20170929,20170928,210846500,3471.0,18372,503232,637411620.0,3471.0,35,3470.0,71
rb1805,20170929,20170928,210847000,3471.0,18380,503238,637689300.0,3471.0,32,3470.0,71
rb1805,20170929,20170928,210847500,3471.0,18384,503242,637828140.0,3471.0,31,3470.0,71
rb1805,20170929,20170928,210848000,3471.0,18392,503242,638105820.0,3471.0,27,3470.0,72
rb1805,20170929,20170928,210848500,3471.0,18392,503242,638105820.0,3471.0,28,3470.0,72
rb1805,20170929,20170928,210849000,3471.0,18392,503242,638105820.0,3471.0,28,3470.0,74
rb1805,20170929,20170928,210849500,3471.0,18394,503242,638175240.0,3471.0,47,3470.0,74
rb1805,20170929,20170928,210850000,3471.0,18396,503242,638244660.0,3471.0,47,3470.0,74
rb1805,20170929,20170928,210850500,3471.0,18396,503242,638244660.0,3471.0,47,3470.0,75
rb1805,20170929,20170928,210851000,3471.0,18398,503240,638314080.0,3471.0,51,3470.0,75
rb1805,20170929,20170928,210851500,3471.0,18400,503240,638383500.0,3471.0,50,3470.0,85
rb1805,20170929,20170928,210852000,3471.0,18478,503210,641090880.0,3471.0,11,3470.0,85
rb1805,20170929,20170928,210852500,3471.0,18500,503208,641854500.0,3472.0,129,3471.0,28
rb1805,20170929,20170928,210853500,3471.0,18500,503208,641854500.0,3472.0,129,3471.0,30
rb1805,20170929,20170928,210854000,3471.0,18500,503208,641854500.0,3472.0,129,3471.0,31
rb1805,20170929,20170928,210854500,3471.0,18500,503208,641854500.0,3472.0,129,3471.0,31
rb1805,20170929,20170928,210855000,3471.0,18540,503208,643242900.0,3472.0,129,3471.0,11
rb1805,20170929,20170928,210855500,3471.0,18540,503208,643242900.0,3472.0,129,3471.0,11
rb1805,20170929,20170928,210856000,3472.0,18542,503208,643312340.0,3472.0,129,3471.0,11
rb1805,20170929,20170928,210856500,3471.0,18544,503206,643381760.0,3472.0,130,3471.0,10
rb1805,20170929,20170928,210857000,3471.0,18546,503206,643451180.0,3472.0,130,3471.0,9
rb1805,20170929,20170928,210857500,3471.0,18546,503206,643451180.0,3472.0,131,3471.0,9
rb1805,20170929,20170928,210858500,3471.0,18546,503206,643451180.0,3472.0,131,3471.0,9
rb1805,20170929,20170928,210859000,3471.0,18564,503190,644075960.0,3471.0,12,3470.0,96
rb1805,20170929,20170928,210859500,3471.0,18572,503182,644353640.0,3471.0,8,3470.0,96
rb1805,20170929,20170928,210900000,3471.0,18588,503168,644909000.0,3472.0,131,3470.0,96
rb1805,20170929,20170928,210900500,3472.0,18590,503166,644978440.0,3472.0,130,3470.0,96
rb1805,20170929,20170928,210901500,3472.0,18590,503166,644978440.0,3472.0,130,3470.0,96
rb1805,20170929,20170928,210902000,3472.0,18590,503166,644978440.0,3472.0,130,3471.0,1
rb1805,20170929,20170928,210902500,3472.0,18590,503166,644978440.0,3472.0,130,3471.0,3
rb1805,20170929,20170928,210903000,3472.0,18590,503166,644978440.0,3472.0,130,3471.0,5
rb1805,20170929,20170928,210903500,3472.0,18590,503166,644978440.0,3472.0,130,3471.0,3
rb1805,20170929,20170928,210904000,3472.0,18590,503166,644978440.0,3472.0,130,3471.0,3
rb1805,20170929,20170928,210904500,3472.0,18592,503166,645047880.0,3472.0,129,3471.0,11
rb1805,20170929,20170928,210905000,3472.0,18592,503166,645047880.0,3472.0,129,3471.0,11
rb1805,20170929,20170928,210905500,3471.0,18602,503158,645394980.0,3472.0,129,3471.0,6
rb1805,20170929,20170928,210906000,3471.0,18604,503158,645464400.0,3472.0,129,3471.0,5
rb1805,20170929,20170928,210906500,3472.0,18620,503142,646019920.0,3472.0,121,3471.0,5
rb1805,20170929,20170928,210907000,3472.0,18620,503142,646019920.0,3472.0,121,3471.0,5
rb1805,20170929,20170928,210907500,3472.0,18620,503142,646019920.0,3472.0,122,3471.0,5
rb1805,20170929,20170928,210908000,3472.0,18622,503140,646089360.0,3472.0,121,3471.0,6
rb1805,20170929,20170928,210908500,3472.0,18622,503140,646089360.0,3472.0,122,3471.0,6
rb1805,20170929,20170928,210909000,3472.0,18638,503130,646644820.0,3472.0,117,3471.0,5
rb1805,20170929,20170928,210910500,3472.0,18638,503130,646644820.0,3472.0,118,3471.0,5
rb1805,20170929,20170928,210911000,3472.0,18658,503112,647339220.0,3472.0,108,3471.0,28
rb1805,20170929,20170928,210911500,3472.0,18662,503110,647478100.0,3472.0,106,3471.0,29
rb1805,20170929,20170928,210912000,3472.0,18702,503148,648866900.0,3472.0,86,3471.0,24
rb1805,20170929,20170928,210912500,3472.0,18750,503144,650533440.0,3472.0,63,3471.0,33
rb1805,20170929,20170928,210913000,3472.0,18876,503198,654908160.0,3473.0,153,3472.0,18
rb1805,20170929,20170928,210913500,3472.0,18880,503198,655047040.0,3473.0,153,3472.0,19
rb1805,20170929,20170928,210914000,3473.0,18904,503198,655880560.0,3473.0,141,3472.0,19
rb1805,20170929,20170928,210914500,3472.0,19154,503408,664562960.0,3473.0,21,3472.0,15
rb1805,20170929,20170928,210915000,3473.0,19196,503390,666021620.0,3474.0,36,3473.0,10
rb1805,20170929,20170928,210915500,3473.0,19216,503372,666716220.0,3473.0,5,3472.0,17
rb1805,20170929,20170928,210916000,3473.0,19224,503374,666994060.0,3473.0,1,3472.0,17
rb1805,20170929,20170928,210916500,3473.0,19226,503376,667063520.0,3474.0,38,3473.0,9
rb1805,20170929,20170928,210917000,3474.0,19254,503386,668035980.0,3474.0,40,3473.0,2
rb1805,20170929,20170928,210917500,3474.0,19342,503364,671093020.0,3475.0,51,3474.0,26
rb1805,20170929,20170928,210918000,3475.0,19408,503356,673385960.0,3475.0,47,3473.0,3
rb1805,20170929,20170928,210918500,3475.0,19422,503362,673872460.0,3474.0,2,3473.0,15
rb1805,20170929,20170928,210919000,3474.0,19436,503364,674358920.0,3475.0,47,3473.0,26
rb1805,20170929,20170928,210919500,3474.0,19442,503370,674567380.0,3474.0,5,3473.0,26
rb1805,20170929,20170928,210920000,3474.0,19448,503368,674775800.0,3474.0,3,3473.0,26
rb1805,20170929,20170928,210920500,3474.0,19450,503368,674845280.0,3474.0,2,3473.0,20
rb1805,20170929,20170928,210921000,3474.0,19454,503368,674984240.0,3475.0,51,3473.0,20
rb1805,20170929,20170928,210921500,3473.0,19456,503368,675053700.0,3474.0,3,3473.0,19
rb1805,20170929,20170928,210922000,3473.0,19462,503370,675262100.0,3474.0,13,3473.0,17
rb1805,20170929,20170928,210922500,3473.0,19472,503378,675609400.0,3474.0,21,3473.0,4
rb1805,20170929,20170928,210923000,3474.0,19482,503388,675956740.0,3474.0,21,3473.0,1
rb1805,20170929,20170928,210923500,3474.0,19488,503390,676165160.0,3474.0,20,3472.0,73
rb1805,20170929,20170928,210924000,3473.0,19504,503390,676720980.0,3474.0,13,3473.0,13
rb1805,20170929,20170928,210924500,3473.0,19630,503356,681097560.0,3475.0,54,3472.0,99
rb1805,20170929,20170928,210925000,3473.0,19630,503356,681097560.0,3474.0,12,3473.0,3
rb1805,20170929,20170928,210925500,3475.0,19664,503332,682278740.0,3475.0,50,3474.0,14
rb1805,20170929,20170928,210926000,3475.0,19682,503320,682904120.0,3475.0,47,3474.0,8
rb1805,20170929,20170928,210926500,3474.0,19688,503318,683112560.0,3475.0,47,3474.0,6
rb1805,20170929,20170928,210927000,3474.0,19698,503314,683459960.0,3475.0,47,3474.0,1
rb1805,20170929,20170928,210927500,3475.0,19706,503314,683737940.0,3475.0,44,3474.0,8
rb1805,20170929,20170928,210928000,3475.0,19706,503314,683737940.0,3475.0,48,3474.0,8
rb1805,20170929,20170928,210928500,3475.0,19708,503316,683807440.0,3475.0,49,3474.0,8
rb1805,20170929,20170928,210929000,3475.0,19716,503322,684085440.0,3475.0,45,3474.0,8
rb1805,20170929,20170928,210929500,3475.0,19808,503278,687282440.0,3476.0,28,3475.0,71
rb1805,20170929,20170928,210930000,3475.0,19834,503258,688186120.0,3476.0,20,3475.0,67
rb1805,20170929,20170928,210930500,3476.0,19874,503230,689576320.0,3476.0,9,3475.0,74
rb1805,20170929,20170928,210931000,3476.0,19908,503216,690758000.0,3476.0,7,3475.0,71
rb1805,20170929,20170928,210931500,3476.0,19934,503224,691661760.0,3477.0,25,3476.0,45
rb1805,20170929,20170928,210932000,3476.0,20198,503172,700836880.0,3476.0,8,3475.0,1
rb1805,20170929,20170928,210932500,3475.0,20242,503176,702365900.0,3475.0,8,3474.0,13
rb1805,20170929,20170928,210933000,3475.0,20246,503176,702504900.0,3475.0,6,3474.0,24
rb1805,20170929,20170928,210933500,3475.0,20258,503168,702921900.0,3476.0,12,3475.0,1
rb1805,20170929,20170928,210934000,3476.0,20310,503164,704728920.0,3476.0,15,3475.0,7
rb1805,20170929,20170928,210934500,3476.0,20316,503164,704937460.0,3476.0,18,3475.0,17
rb1805,20170929,20170928,210935000,3476.0,20316,503164,704937460.0,3476.0,14,3475.0,17
rb1805,20170929,20170928,210935500,3476.0,20318,503166,705006980.0,3476.0,14,3475.0,17
rb1805,20170929,20170928,210936000,3476.0,20322,503164,705146000.0,3476.0,16,3475.0,16
rb1805,20170929,20170928,210936500,3476.0,20324,503166,705215520.0,3476.0,22,3475.0,19
rb1805,20170929,20170928,210937000,3476.0,20330,503160,705424040.0,3476.0,27,3475.0,17
rb1805,20170929,20170928,210937500,3476.0,20394,503120,707648660.0,3477.0,31,3476.0,24
rb1805,20170929,20170928,210938000,3476.0,20400,503114,707857220.0,3477.0,29,3476.0,33
rb1805,20170929,20170928,210938500,3476.0,20410,503114,708204820.0,3477.0,30,3476.0,28
rb1805,20170929,20170928,210939000,3476.0,20416,503110,708413380.0,3477.0,40,3476.0,25
rb1805,20170929,20170928,210939500,3476.0,20430,503112,708900120.0,3477.0,35,3476.0,24
rb1805,20170929,20170928,210940000,3476.0,20438,503112,709178260.0,3477.0,32,3476.0,25
rb1805,20170929,20170928,210940500,3476.0,20438,503112,709178260.0,3477.0,32,3476.0,25
rb1805,20170929,20170928,210941000,3476.0,20440,503112,709247780.0,3477.0,33,3476.0,24
rb1805,20170929,20170928,210941500,3476.0,20446,503108,709456360.0,3477.0,35,3476.0,22
rb1805,20170929,20170928,210942000,3477.0,20528,503048,712307500.0,3478.0,27,3477.0,59
rb1805,20170929,20170928,210942500,3477.0,20540,503042,712724760.0,3478.0,26,3477.0,65
rb1805,20170929,20170928,210943000,3477.0,20684,502938,717731640.0,3477.0,15,3476.0,8
rb1805,20170929,20170928,210943500,3477.0,20696,502936,718148860.0,3477.0,10,3476.0,8
rb1805,20170929,20170928,210944000,3477.0,20702,502936,718357460.0,3477.0,10,3476.0,7
rb1805,20170929,20170928,210944500,3476.0,20706,502934,718496520.0,3477.0,9,3476.0,5
rb1805,20170929,20170928,210945000,3478.0,20752,502914,720096220.0,3477.0,11,3476.0,5
rb1805,20170929,20170928,210945500,3477.0,20786,502916,721278380.0,3478.0,12,3476.0,2
rb1805,20170929,20170928,210946000,3477.0,20788,502918,721347920.0,3477.0,1,3476.0,4
