instrument,tradingday,calendarday,time,lastp,volume,openinterest,turnover,ask1,asksz1,bid1,bidsz1
rb1805,20171226,20171225,205900500,3780.0,3528,2489980,133358400.0,3781.0,21,3780.0,729
rb1805,20171226,20171225,210000500,3782.0,5802,2490038,219338080.0,3783.0,91,3782.0,424
rb1805,20171226,20171225,210001000,3782.0,10190,2491764,385322000.0,3784.0,109,3782.0,44
rb1805,20171226,20171225,210001500,3782.0,12436,2492344,470284640.0,3785.0,1353,3782.0,53
rb1805,20171226,20171225,210002000,3782.0,14216,2492720,537613180.0,3782.0,6,3781.0,206
rb1805,20171226,20171225,210002500,3781.0,15848,2493366,599314580.0,3782.0,386,3781.0,22
rb1805,20171226,20171225,210003000,3781.0,18144,2494302,686111220.0,3781.0,504,3779.0,185
rb1805,20171226,20171225,210003500,3779.0,19154,2494618,724280980.0,3779.0,254,3778.0,69
rb1805,20171226,20171225,210004000,3775.0,22140,2494042,837064380.0,3778.0,215,3775.0,559
rb1805,20171226,20171225,210004500,3776.0,26338,2493328,995588400.0,3777.0,180,3776.0,3
rb1805,20171226,20171225,210005000,3776.0,27990,2493212,1057970300.0,3778.0,213,3776.0,145
rb1805,20171226,20171225,210005500,3775.0,29390,2493034,1110838700.0,3775.0,9,3774.0,200
rb1805,20171226,20171225,210006000,3776.0,30258,2492992,1143609860.0,3777.0,163,3776.0,46
rb1805,20171226,20171225,210006500,3776.0,30922,2493004,1168686640.0,3778.0,58,3777.0,3
rb1805,20171226,20171225,210007000,3777.0,31400,2492970,1186745340.0,3780.0,194,3778.0,19
rb1805,20171226,20171225,210007500,3778.0,32238,2492864,1218409120.0,3779.0,17,3778.0,37
rb1805,20171226,20171225,210008000,3780.0,33080,2493186,1250237680.0,3781.0,682,3780.0,20
rb1805,20171226,20171225,210008500,3781.0,33436,2493148,1263693900.0,3781.0,646,3779.0,129
rb1805,20171226,20171225,210009000,3778.0,34406,2493478,1300347160.0,3779.0,12,3778.0,80
rb1805,20171226,20171225,210009500,3779.0,35406,2493096,1338143180.0,3780.0,153,3779.0,10
rb1805,20171226,20171225,210010000,3779.0,36926,2493640,1395565400.0,3779.0,16,3777.0,127
rb1805,20171226,20171225,210010500,3781.0,37852,2493552,1430571860.0,3782.0,335,3781.0,198
rb1805,20171226,20171225,210011000,3780.0,39332,2493104,1486517860.0,3781.0,122,3780.0,66
rb1805,20171226,20171225,210011500,3780.0,39730,2493418,1501562040.0,3780.0,311,3779.0,48
rb1805,20171226,20171225,210012000,3780.0,40456,2493874,1528998500.0,3780.0,210,3779.0,2
rb1805,20171226,20171225,210012500,3780.0,40664,2493936,1536860440.0,3780.0,180,3779.0,30
rb1805,20171226,20171225,210013000,3779.0,40782,2493996,1541320500.0,3780.0,156,3779.0,310
rb1805,20171226,20171225,210013500,3781.0,41706,2493744,1576254120.0,3782.0,305,3781.0,111
rb1805,20171226,20171225,210014000,3781.0,42110,2493844,1591531080.0,3782.0,237,3781.0,7
rb1805,20171226,20171225,210014500,3782.0,42466,2493890,1604993940.0,3782.0,161,3781.0,52
rb1805,20171226,20171225,210015000,3781.0,43140,2493804,1630475280.0,3781.0,2,3780.0,331
rb1805,20171226,20171225,210015500,3781.0,43462,2493816,1642650320.0,3781.0,132,3780.0,369
rb1805,20171226,20171225,210016000,3781.0,43610,2493906,1648245580.0,3781.0,153,3780.0,450
rb1805,20171226,20171225,210016500,3780.0,43876,2493974,1658301340.0,3781.0,110,3780.0,369
rb1805,20171226,20171225,210017000,3781.0,44336,2494258,1675694600.0,3782.0,252,3781.0,2
rb1805,20171226,20171225,210017500,3781.0,44512,2494332,1682349020.0,3782.0,249,3781.0,21
rb1805,20171226,20171225,210018000,3782.0,44790,2494358,1692859960.0,3782.0,235,3781.0,2
rb1805,20171226,20171225,210018500,3781.0,44988,2494292,1700346200.0,3781.0,18,3780.0,452
rb1805,20171226,20171225,210019000,3782.0,45548,2494106,1721524600.0,3783.0,126,3782.0,50
rb1805,20171226,20171225,210019500,3782.0,46790,2494544,1768483040.0,3783.0,95,3782.0,12
rb1805,20171226,20171225,210020000,3782.0,47064,2494622,1778844140.0,3781.0,1,3780.0,208
rb1805,20171226,20171225,210020500,3782.0,47134,2494672,1781491300.0,3782.0,97,3781.0,50
rb1805,20171226,20171225,210021000,3782.0,47392,2494680,1791246600.0,3782.0,70,3781.0,101
rb1805,20171226,20171225,210021500,3783.0,47998,2494576,1814169100.0,3784.0,254,3783.0,8
rb1805,20171226,20171225,210022000,3782.0,48298,2494662,1825518660.0,3783.0,9,3782.0,235
rb1805,20171226,20171225,210022500,3782.0,48992,2494464,1851779160.0,3785.0,1403,3782.0,246
rb1805,20171226,20171225,210023000,3784.0,49412,2494658,1867669420.0,3784.0,25,3783.0,60
rb1805,20171226,20171225,210023500,3783.0,49904,2494794,1886282580.0,3784.0,13,3783.0,149
rb1805,20171226,20171225,210024000,3783.0,50040,2494858,1891428300.0,3785.0,1420,3784.0,32
rb1805,20171226,20171225,210024500,3785.0,50174,2494846,1896499320.0,3785.0,1399,3784.0,17
rb1805,20171226,20171225,210025000,3783.0,50520,2494964,1909591540.0,3785.0,1347,3783.0,114
rb1805,20171226,20171225,210025500,3782.0,51924,2495798,1962704180.0,3783.0,11,3782.0,455
rb1805,20171226,20171225,210026000,3785.0,52098,2495814,1969287880.0,3785.0,1203,3784.0,219
rb1805,20171226,20171225,210026500,3785.0,52490,2495744,1984122640.0,3785.0,1148,3784.0,268
rb1805,20171226,20171225,210027000,3784.0,52880,2495704,1998881260.0,3785.0,1106,3784.0,31
rb1805,20171226,20171225,210027500,3785.0,54056,2494664,2043391840.0,3784.0,11,3783.0,117
rb1805,20171226,20171225,210028000,3784.0,54644,2494300,2065645300.0,3785.0,404,3784.0,310
rb1805,20171226,20171225,210028500,3785.0,55928,2494634,2114244460.0,3786.0,224,3785.0,246
rb1805,20171226,20171225,210029000,3785.0,56416,2494642,2132716820.0,3786.0,271,3785.0,191
rb1805,20171226,20171225,210029500,3785.0,56714,2494560,2143996460.0,3786.0,300,3785.0,164
rb1805,20171226,20171225,210030000,3786.0,56878,2494652,2150204560.0,3786.0,266,3785.0,343
rb1805,20171226,20171225,210030500,3786.0,57036,2494692,2156185600.0,3786.0,247,3785.0,526
rb1805,20171226,20171225,210031000,3786.0,58526,2494604,2212599840.0,3787.0,199,3786.0,51
rb1805,20171226,20171225,210031500,3786.0,58646,2494602,2217143140.0,3787.0,212,3786.0,112
rb1805,20171226,20171225,210032000,3787.0,58802,2494674,2223050180.0,3787.0,196,3786.0,42
rb1805,20171226,20171225,210032500,3787.0,58960,2494708,2229032860.0,3787.0,298,3786.0,17
rb1805,20171226,20171225,210033000,3786.0,59376,2494652,2244782220.0,3786.0,8,3785.0,344
rb1805,20171226,20171225,210033500,3786.0,59558,2494684,2251673120.0,3786.0,86,3785.0,335
rb1805,20171226,20171225,210034000,3786.0,59770,2494600,2259698240.0,3786.0,160,3785.0,276
rb1805,20171226,20171225,210034500,3785.0,59992,2494622,2268101840.0,3786.0,401,3785.0,203
rb1805,20171226,20171225,210035000,3785.0,60518,2494278,2288010940.0,3785.0,267,3784.0,350
rb1805,20171226,20171225,210035500,3785.0,61126,2494052,2311018880.0,3785.0,248,3784.0,109
rb1805,20171226,20171225,210036000,3784.0,61278,2494056,2316770900.0,3785.0,348,3784.0,60
rb1805,20171226,20171225,210036500,3785.0,61424,2494084,2322296040.0,3785.0,340,3784.0,24
rb1805,20171226,20171225,210037000,3784.0,61738,2493976,2334178140.0,3784.0,61,3783.0,77
rb1805,20171226,20171225,210037500,3786.0,62842,2493528,2375963220.0,3786.0,946,3785.0,16
rb1805,20171226,20171225,210038000,3786.0,63034,2493620,2383230380.0,3786.0,964,3785.0,105
rb1805,20171226,20171225,210038500,3785.0,63186,2493756,2388984660.0,3786.0,980,3785.0,5
rb1805,20171226,20171225,210039000,3785.0,63278,2493758,2392466460.0,3785.0,46,3784.0,11
rb1805,20171226,20171225,210039500,3785.0,63704,2493612,2408586280.0,3785.0,171,3783.0,141
rb1805,20171226,20171225,210040000,3785.0,63836,2493604,2413581920.0,3785.0,206,3783.0,182
rb1805,20171226,20171225,210040500,3784.0,63980,2493590,2419032080.0,3784.0,91,3783.0,189
rb1805,20171226,20171225,210041000,3783.0,64090,2493606,2423193900.0,3784.0,68,3783.0,161
rb1805,20171226,20171225,210041500,3784.0,64152,2493648,2425539700.0,3784.0,73,3783.0,265
rb1805,20171226,20171225,210042000,3785.0,64414,2493642,2435453500.0,3785.0,312,3784.0,10
rb1805,20171226,20171225,210042500,3785.0,64476,2493662,2437800160.0,3785.0,301,3784.0,23
rb1805,20171226,20171225,210043000,3784.0,64652,2493680,2444459980.0,3784.0,66,3783.0,314
rb1805,20171226,20171225,210043500,3783.0,64946,2493962,2455584580.0,3784.0,71,3783.0,296
rb1805,20171226,20171225,210044000,3784.0,64988,2494004,2457173760.0,3784.0,100,3783.0,292
rb1805,20171226,20171225,210044500,3784.0,65638,2493862,2481773180.0,3785.0,324,3784.0,11
rb1805,20171226,20171225,210045000,3784.0,65690,2493902,2483740820.0,3784.0,5,3783.0,291
rb1805,20171226,20171225,210045500,3783.0,65760,2493932,2486389280.0,3784.0,28,3783.0,275
rb1805,20171226,20171225,210046000,3783.0,65916,2493912,2492292040.0,3784.0,277,3783.0,267
rb1805,20171226,20171225,210046500,3784.0,66134,2494104,2500540840.0,3784.0,299,3783.0,236
rb1805,20171226,20171225,210047000,3783.0,66428,2494344,2511663600.0,3784.0,507,3783.0,130
rb1805,20171226,20171225,210047500,3784.0,66488,2494378,2513933520.0,3784.0,514,3783.0,109
rb1805,20171226,20171225,210048000,3783.0,66594,2494442,2517943960.0,3784.0,588,3783.0,81
rb1805,20171226,20171225,210048500,3783.0,66742,2494570,2523543080.0,3784.0,584,3783.0,23
rb1805,20171226,20171225,210049000,3784.0,66820,2494604,2526494160.0,3784.0,572,3783.0,4
rb1805,20171226,20171225,210049500,3784.0,66898,2494628,2529445380.0,3784.0,549,3783.0,8
rb1805,20171226,20171225,210050000,3783.0,67030,2494664,2534439620.0,3784.0,518,3783.0,12
rb1805,20171226,20171225,210050500,3784.0,67942,2494486,2568946940.0,3784.0,203,3783.0,79
rb1805,20171226,20171225,210051000,3783.0,68492,2494694,2589758860.0,3784.0,2,3783.0,108
rb1805,20171226,20171225,210051500,3784.0,68534,2494686,2591348200.0,3785.0,525,3784.0,178
rb1805,20171226,20171225,210052000,3785.0,69338,2494684,2621779100.0,3785.0,127,3784.0,293
rb1805,20171226,20171225,210052500,3785.0,69652,2494874,2633664460.0,3786.0,932,3785.0,226
rb1805,20171226,20171225,210053000,3785.0,69796,2494858,2639115180.0,3786.0,910,3785.0,212
rb1805,20171226,20171225,210053500,3785.0,70242,2494870,2655996380.0,3785.0,2,3784.0,306
rb1805,20171226,20171225,210054000,3785.0,70520,2494866,2666516400.0,3786.0,901,3785.0,16
rb1805,20171226,20171225,210054500,3785.0,70834,2494770,2678400120.0,3785.0,19,3784.0,322
rb1805,20171226,20171225,210055000,3785.0,70900,2494766,2680898140.0,3785.0,17,3784.0,270
rb1805,20171226,20171225,210055500,3784.0,71054,2494674,2686727020.0,3785.0,154,3784.0,366
rb1805,20171226,20171225,210056000,3785.0,71096,2494660,2688316640.0,3785.0,187,3784.0,363
rb1805,20171226,20171225,210056500,3785.0,71188,2494688,2691798240.0,3785.0,187,3784.0,314
rb1805,20171226,20171225,210057000,3785.0,71280,2494692,2695280280.0,3785.0,175,3784.0,310
rb1805,20171226,20171225,210057500,3784.0,71334,2494654,2697324140.0,3785.0,166,3784.0,330
rb1805,20171226,20171225,210058000,3784.0,71464,2494614,2702244520.0,3785.0,99,3784.0,327
rb1805,20171226,20171225,210058500,3785.0,71908,2494700,2719049940.0,3786.0,986,3785.0,87
rb1805,20171226,20171225,210059000,3785.0,71946,2494672,2720488240.0,3786.0,973,3785.0,241
rb1805,20171226,20171225,210059500,3785.0,72332,2494606,2735101000.0,3786.0,839,3785.0,195
rb1805,20171226,20171225,210100000,3785.0,72400,2494620,2737674880.0,3786.0,836,3785.0,230
rb1805,20171226,20171225,210100500,3785.0,73122,2494330,2765002480.0,3785.0,174,3784.0,344
rb1805,20171226,20171225,210101000,3785.0,73684,2493944,2786273720.0,3786.0,842,3785.0,702
rb1805,20171226,20171225,210101500,3785.0,74296,2493632,2809440520.0,3786.0,713,3785.0,728
rb1805,20171226,20171225,210102000,3785.0,74332,2493638,2810803260.0,3786.0,708,3785.0,727
rb1805,20171226,20171225,210102500,3785.0,74746,2493648,2826476740.0,3786.0,538,3785.0,718
rb1805,20171226,20171225,210103000,3785.0,74810,2493648,2828899480.0,3786.0,502,3785.0,725
rb1805,20171226,20171225,210103500,3785.0,75136,2493680,2841241700.0,3786.0,352,3785.0,731
rb1805,20171226,20171225,210104000,3786.0,75854,2493758,2868423840.0,3786.0,61,3785.0,668
rb1805,20171226,20171225,210104500,3786.0,76180,2493806,2880767520.0,3787.0,278,3786.0,29
rb1805,20171226,20171225,210105000,3786.0,76664,2494034,2899093220.0,3787.0,201,3786.0,173
rb1805,20171226,20171225,210105500,3787.0,77272,2494080,2922117220.0,3788.0,615,3787.0,92
rb1805,20171226,20171225,210106000,3787.0,77396,2494028,2926813380.0,3788.0,652,3787.0,79
rb1805,20171226,20171225,210106500,3787.0,77868,2493860,2944692360.0,3788.0,453,3787.0,158
rb1805,20171226,20171225,210107000,3787.0,78546,2494334,2970374740.0,3788.0,126,3787.0,179
rb1805,20171226,20171225,210107500,3787.0,78730,2494326,2977343680.0,3788.0,65,3787.0,182
rb1805,20171226,20171225,210108000,3787.0,78920,2494376,2984540280.0,3789.0,431,3787.0,164
rb1805,20171226,20171225,210108500,3789.0,79092,2494428,2991056720.0,3789.0,387,3788.0,26
rb1805,20171226,20171225,210109000,3789.0,79776,2494394,3016968860.0,3789.0,195,3788.0,92
rb1805,20171226,20171225,210109500,3788.0,80056,2494406,3027575840.0,3788.0,12,3787.0,68
rb1805,20171226,20171225,210110000,3788.0,80264,2494302,3035454820.0,3789.0,175,3788.0,232
rb1805,20171226,20171225,210110500,3789.0,80562,2494218,3046743840.0,3789.0,156,3788.0,130
rb1805,20171226,20171225,210111000,3788.0,80660,2494234,3050456620.0,3789.0,160,3788.0,190
rb1805,20171226,20171225,210111500,3789.0,80706,2494238,3052199320.0,3789.0,163,3788.0,184
rb1805,20171226,20171225,210112000,3788.0,80758,2494224,3054169320.0,3789.0,313,3788.0,174
rb1805,20171226,20171225,210112500,3789.0,80954,2494268,3061594480.0,3789.0,323,3788.0,121
rb1805,20171226,20171225,210113000,3788.0,81104,2494258,3067277340.0,3789.0,290,3788.0,22
rb1805,20171226,20171225,210113500,3789.0,81786,2494064,3093117300.0,3789.0,45,3788.0,7
rb1805,20171226,20171225,210114000,3788.0,81902,2494078,3097512180.0,3789.0,90,3788.0,29
rb1805,20171226,20171225,210114500,3788.0,82150,2494126,3106908020.0,3788.0,14,3787.0,78
rb1805,20171226,20171225,210115000,3786.0,82598,2493930,3123876180.0,3787.0,47,3786.0,161
rb1805,20171226,20171225,210115500,3788.0,82762,2493872,3130087400.0,3788.0,30,3787.0,581
rb1805,20171226,20171225,210116000,3788.0,82918,2493892,3135996060.0,3788.0,26,3787.0,560
rb1805,20171226,20171225,210116500,3788.0,83112,2493844,3143344720.0,3789.0,474,3788.0,235
rb1805,20171226,20171225,210117000,3789.0,83184,2493810,3146072240.0,3789.0,307,3788.0,302
rb1805,20171226,20171225,210117500,3789.0,83302,2493814,3150543120.0,3789.0,261,3788.0,365
rb1805,20171226,20171225,210118000,3789.0,84330,2493258,3189493980.0,3790.0,1221,3789.0,384
rb1805,20171226,20171225,210118500,3789.0,84442,2493216,3193737760.0,3790.0,1223,3789.0,560
rb1805,20171226,20171225,210119000,3789.0,84608,2493172,3200027760.0,3790.0,1211,3789.0,500
rb1805,20171226,20171225,210119500,3789.0,85894,2492724,3248762380.0,3790.0,821,3789.0,286
rb1805,20171226,20171225,210120000,3789.0,85972,2492686,3251718060.0,3790.0,835,3789.0,288
rb1805,20171226,20171225,210120500,3790.0,86100,2492638,3256568920.0,3790.0,780,3789.0,274
rb1805,20171226,20171225,210121000,3790.0,86960,2492390,3289162000.0,3790.0,500,3789.0,260
rb1805,20171226,20171225,210121500,3791.0,88168,2492234,3334946720.0,3791.0,617,3790.0,26
rb1805,20171226,20171225,210122000,3790.0,88470,2492114,3346394240.0,3791.0,534,3790.0,207
rb1805,20171226,20171225,210122500,3791.0,88926,2491962,3363680740.0,3791.0,355,3790.0,196
rb1805,20171226,20171225,210123000,3790.0,89326,2491820,3378843400.0,3791.0,277,3790.0,135
rb1805,20171226,20171225,210123500,3790.0,89484,2491762,3384831840.0,3791.0,348,3790.0,116
rb1805,20171226,20171225,210124000,3791.0,89692,2491798,3392715740.0,3791.0,365,3790.0,88
rb1805,20171226,20171225,210124500,3791.0,90702,2491716,3431001840.0,3792.0,687,3791.0,30
rb1805,20171226,20171225,210125000,3791.0,90938,2491826,3439948360.0,3791.0,227,3790.0,84
rb1805,20171226,20171225,210125500,3791.0,91246,2491868,3451624120.0,3791.0,284,3789.0,281
rb1805,20171226,20171225,210126000,3791.0,91338,2491890,3455111500.0,3791.0,479,3789.0,359
rb1805,20171226,20171225,210126500,3791.0,92442,2491358,3496964040.0,3792.0,728,3791.0,70
rb1805,20171226,20171225,210127000,3791.0,92606,2491380,3503181820.0,3792.0,715,3791.0,78
rb1805,20171226,20171225,210127500,3791.0,92848,2491456,3512355980.0,3791.0,36,3790.0,57
rb1805,20171226,20171225,210128000,3790.0,93000,2491432,3518117940.0,3791.0,157,3790.0,53
rb1805,20171226,20171225,210128500,3791.0,93700,2491338,3544652180.0,3791.0,240,3790.0,23
rb1805,20171226,20171225,210129000,3791.0,93820,2491356,3549200440.0,3791.0,358,3789.0,353
rb1805,20171226,20171225,210129500,3791.0,94106,2491444,3560041740.0,3791.0,285,3789.0,342
rb1805,20171226,20171225,210130000,3790.0,94160,2491478,3562088680.0,3791.0,282,3789.0,338
rb1805,20171226,20171225,210130500,3791.0,94266,2491452,3566106280.0,3791.0,303,3790.0,21
rb1805,20171226,20171225,210131000,3790.0,94468,2491376,3573761820.0,3790.0,356,3789.0,323
rb1805,20171226,20171225,210131500,3790.0,94896,2491422,3589980020.0,3790.0,324,3789.0,176
rb1805,20171226,20171225,210132000,3789.0,95446,2491296,3610819520.0,3789.0,293,3788.0,410
rb1805,20171226,20171225,210132500,3789.0,96176,2491164,3638478600.0,3789.0,69,3788.0,383
rb1805,20171226,20171225,210133000,3788.0,96294,2491172,3642948780.0,3789.0,58,3788.0,344
rb1805,20171226,20171225,210133500,3790.0,96654,2491408,3656590420.0,3790.0,253,3788.0,316
rb1805,20171226,20171225,210134000,3789.0,96752,2491440,3660303280.0,3789.0,90,3788.0,298
rb1805,20171226,20171225,210134500,3789.0,96788,2491448,3661667100.0,3789.0,411,3788.0,301
rb1805,20171226,20171225,210135000,3788.0,97296,2491296,3680910560.0,3789.0,387,3788.0,73
rb1805,20171226,20171225,210135500,3788.0,97474,2491252,3687653140.0,3788.0,56,3787.0,388
rb1805,20171226,20171225,210136000,3788.0,97512,2491274,3689092460.0,3788.0,52,3787.0,389
rb1805,20171226,20171225,210136500,3788.0,97568,2491290,3691213700.0,3788.0,43,3787.0,419
rb1805,20171226,20171225,210137000,3788.0,97676,2491306,3695304180.0,3788.0,25,3787.0,391
rb1805,20171226,20171225,210137500,3789.0,97790,2491358,3699622540.0,3789.0,400,3788.0,33
rb1805,20171226,20171225,210138000,3789.0,97856,2491342,3702122700.0,3789.0,403,3788.0,19
rb1805,20171226,20171225,210138500,3789.0,98562,2491314,3728871280.0,3789.0,132,3787.0,448
rb1805,20171226,20171225,210139000,3787.0,98684,2491338,3733492040.0,3788.0,3,3787.0,419
rb1805,20171226,20171225,210139500,3788.0,98750,2491380,3735992140.0,3788.0,41,3787.0,418
rb1805,20171226,20171225,210140000,3788.0,98940,2491506,3743189520.0,3789.0,142,3788.0,93
rb1805,20171226,20171225,210140500,3788.0,99068,2491432,3748038620.0,3789.0,125,3788.0,85
rb1805,20171226,20171225,210141000,3788.0,99242,2491344,3754629840.0,3789.0,133,3788.0,70
rb1805,20171226,20171225,210141500,3788.0,99456,2491458,3762736780.0,3789.0,113,3788.0,15
rb1805,20171226,20171225,210142000,3788.0,99530,2491522,3765540360.0,3789.0,100,3788.0,15
rb1805,20171226,20171225,210142500,3788.0,99614,2491504,3768722720.0,3789.0,80,3788.0,39
rb1805,20171226,20171225,210143000,3788.0,99648,2491526,3770010700.0,3789.0,249,3788.0,139
rb1805,20171226,20171225,210143500,3788.0,99814,2491472,3776299440.0,3789.0,258,3788.0,119
rb1805,20171226,20171225,210144000,3788.0,99932,2491462,3780770140.0,3789.0,256,3788.0,87
rb1805,20171226,20171225,210144500,3789.0,100000,2491462,3783346120.0,3789.0,252,3788.0,189
rb1805,20171226,20171225,210145000,3789.0,100124,2491476,3788043440.0,3789.0,300,3788.0,193
rb1805,20171226,20171225,210145500,3788.0,100256,2491588,3793044040.0,3789.0,285,3788.0,164
rb1805,20171226,20171225,210146000,3788.0,100640,2491616,3807590320.0,3789.0,271,3788.0,39
rb1805,20171226,20171225,210146500,3789.0,100696,2491624,3809711680.0,3789.0,319,3788.0,57
rb1805,20171226,20171225,210147000,3789.0,101414,2491594,3836916140.0,3790.0,692,3789.0,471
rb1805,20171226,20171225,210147500,3789.0,101516,2491590,3840781660.0,3790.0,641,3789.0,483
rb1805,20171226,20171225,210148000,3789.0,101644,2491590,3845632400.0,3790.0,604,3789.0,469
rb1805,20171226,20171225,210148500,3789.0,101966,2491324,3857833520.0,3790.0,577,3789.0,346
rb1805,20171226,20171225,210149000,3789.0,102042,2491318,3860713500.0,3790.0,561,3789.0,359
rb1805,20171226,20171225,210149500,3790.0,102140,2491334,3864427520.0,3790.0,527,3789.0,336
rb1805,20171226,20171225,210150000,3790.0,102232,2491318,3867914060.0,3790.0,496,3789.0,321
rb1805,20171226,20171225,210150500,3789.0,102344,2491316,3872158200.0,3790.0,475,3789.0,295
rb1805,20171226,20171225,210151000,3789.0,102672,2491304,3884588900.0,3790.0,337,3789.0,273
rb1805,20171226,20171225,210151500,3790.0,103090,2490982,3900427260.0,3790.0,320,3789.0,140
rb1805,20171226,20171225,210152000,3789.0,103536,2490876,3917328260.0,3790.0,271,3788.0,163
rb1805,20171226,20171225,210152500,3790.0,104186,2490902,3941962120.0,3791.0,644,3790.0,126
rb1805,20171226,20171225,210153000,3790.0,104210,2490894,3942871740.0,3791.0,642,3790.0,124
rb1805,20171226,20171225,210153500,3790.0,104470,2490768,3952725740.0,3791.0,643,3789.0,31
rb1805,20171226,20171225,210154000,3790.0,104550,2490826,3955757480.0,3790.0,386,3789.0,19
rb1805,20171226,20171225,210154500,3790.0,104716,2490846,3962047800.0,3790.0,403,3789.0,20
rb1805,20171226,20171225,210155000,3790.0,104902,2490948,3969095880.0,3789.0,20,3788.0,83
rb1805,20171226,20171225,210155500,3788.0,104932,2490930,3970232540.0,3789.0,8,3788.0,95
rb1805,20171226,20171225,210156000,3790.0,105172,2490856,3979327480.0,3790.0,317,3788.0,145
rb1805,20171226,20171225,210156500,3790.0,105200,2490856,3980388540.0,3790.0,400,3789.0,2
rb1805,20171226,20171225,210157000,3789.0,105280,2490868,3983420000.0,3789.0,6,3788.0,177
rb1805,20171226,20171225,210157500,3789.0,105748,2490810,4001149220.0,3789.0,7,3788.0,21
rb1805,20171226,20171225,210158000,3788.0,105836,2490804,4004483180.0,3789.0,107,3788.0,18
rb1805,20171226,20171225,210158500,3789.0,105936,2490830,4008271960.0,3789.0,95,3788.0,10
rb1805,20171226,20171225,210159000,3788.0,105992,2490836,4010393300.0,3789.0,97,3788.0,20
rb1805,20171226,20171225,210159500,3789.0,106180,2490884,4017516520.0,3789.0,9,3788.0,47
rb1805,20171226,20171225,210200000,3788.0,106388,2490940,4025395880.0,3789.0,83,3788.0,3
rb1805,20171226,20171225,210200500,3789.0,106690,2491030,4036834960.0,3789.0,189,3788.0,1
rb1805,20171226,20171225,210201000,3788.0,107008,2491018,4048880640.0,3788.0,37,3787.0,185
rb1805,20171226,20171225,210201500,3787.0,107070,2491024,4051229160.0,3788.0,113,3787.0,238
rb1805,20171226,20171225,210202000,3789.0,107538,2490794,4068958120.0,3789.0,193,3788.0,52
rb1805,20171226,20171225,210202500,3789.0,107578,2490790,4070473540.0,3789.0,194,3788.0,66
rb1805,20171226,20171225,210203000,3787.0,107746,2490792,4076837320.0,3788.0,224,3787.0,253
rb1805,20171226,20171225,210203500,3787.0,107780,2490800,4078125040.0,3788.0,260,3787.0,247
rb1805,20171226,20171225,210204000,3788.0,107824,2490820,4079791680.0,3788.0,255,3787.0,251
rb1805,20171226,20171225,210204500,3788.0,108854,2490578,4118811600.0,3789.0,61,3788.0,8
rb1805,20171226,20171225,210205000,3789.0,108894,2490584,4120326820.0,3789.0,85,3787.0,406
rb1805,20171226,20171225,210205500,3788.0,108934,2490588,4121842200.0,3789.0,91,3788.0,1
rb1805,20171226,20171225,210206000,3788.0,109016,2490516,4124948860.0,3789.0,133,3788.0,312
rb1805,20171226,20171225,210206500,3789.0,109086,2490470,4127600480.0,3789.0,131,3788.0,371
rb1805,20171226,20171225,210207000,3789.0,109408,2490452,4139798840.0,3789.0,82,3788.0,265
rb1805,20171226,20171225,210207500,3788.0,109604,2490536,4147225060.0,3789.0,35,3788.0,257
rb1805,20171226,20171225,210208000,3789.0,109826,2490628,4155636640.0,3790.0,923,3789.0,65
rb1805,20171226,20171225,210208500,3790.0,110266,2490610,4172312260.0,3790.0,742,3789.0,179
rb1805,20171226,20171225,210209000,3789.0,110286,2490606,4173070140.0,3790.0,738,3789.0,200
rb1805,20171226,20171225,210209500,3789.0,110516,2490712,4181784980.0,3790.0,751,3789.0,128
rb1805,20171226,20171225,210210000,3789.0,110538,2490730,4182618560.0,3790.0,749,3789.0,150
rb1805,20171226,20171225,210210500,3789.0,110588,2490742,4184513080.0,3790.0,751,3789.0,126
rb1805,20171226,20171225,210211000,3789.0,110674,2490762,4187771740.0,3790.0,746,3789.0,100
rb1805,20171226,20171225,210211500,3790.0,110718,2490758,4189439160.0,3790.0,757,3789.0,94
rb1805,20171226,20171225,210212000,3790.0,110872,2490778,4195275440.0,3790.0,700,3789.0,81
rb1805,20171226,20171225,210212500,3790.0,110934,2490768,4197624860.0,3790.0,697,3789.0,64
rb1805,20171226,20171225,210213000,3789.0,111122,2490750,4204748320.0,3789.0,31,3788.0,427
rb1805,20171226,20171225,210213500,3789.0,111246,2490792,4209446680.0,3789.0,30,3788.0,428
rb1805,20171226,20171225,210214000,3789.0,111440,2490850,4216796040.0,3789.0,30,3788.0,330
rb1805,20171226,20171225,210214500,3789.0,111460,2490852,4217553740.0,3789.0,128,3788.0,306
rb1805,20171226,20171225,210215000,3789.0,111858,2490930,4232630100.0,3789.0,131,3788.0,118
rb1805,20171226,20171225,210215500,3788.0,112054,2490854,4240056300.0,3789.0,46,3788.0,128
rb1805,20171226,20171225,210216000,3788.0,112396,2490934,4253011480.0,3788.0,72,3787.0,531
rb1805,20171226,20171225,210216500,3789.0,113598,2490546,4298559520.0,3790.0,486,3789.0,2
rb1805,20171226,20171225,210217000,3790.0,113668,2490550,4301211660.0,3790.0,479,3789.0,19
rb1805,20171226,20171225,210217500,3789.0,113722,2490524,4303257620.0,3789.0,32,3788.0,70
rb1805,20171226,20171225,210218000,3788.0,113732,2490526,4303636440.0,3789.0,35,3788.0,126
rb1805,20171226,20171225,210218500,3789.0,113744,2490528,4304091020.0,3789.0,67,3788.0,162
rb1805,20171226,20171225,210219000,3788.0,113972,2490544,4312728900.0,3789.0,71,3788.0,114
rb1805,20171226,20171225,210219500,3789.0,113998,2490532,4313714020.0,3789.0,70,3788.0,136
rb1805,20171226,20171225,210220000,3789.0,114022,2490534,4314623240.0,3789.0,75,3788.0,130
rb1805,20171226,20171225,210220500,3788.0,114040,2490542,4315305140.0,3789.0,107,3788.0,127
rb1805,20171226,20171225,210221000,3789.0,114274,2490670,4324171220.0,3789.0,27,3788.0,115
rb1805,20171226,20171225,210221500,3788.0,114350,2490656,4327050300.0,3789.0,4,3788.0,93
rb1805,20171226,20171225,210222000,3788.0,114404,2490676,4329096020.0,3789.0,2,3788.0,94
rb1805,20171226,20171225,210222500,3788.0,115130,2490522,4356608680.0,3789.0,10,3788.0,121
rb1805,20171226,20171225,210223000,3789.0,115236,2490546,4360624680.0,3790.0,292,3789.0,53
rb1805,20171226,20171225,210223500,3789.0,115276,2490514,4362140280.0,3790.0,319,3789.0,37
rb1805,20171226,20171225,210224000,3788.0,115390,2490542,4366459440.0,3790.0,328,3789.0,1
rb1805,20171226,20171225,210224500,3789.0,115930,2490214,4386920080.0,3789.0,211,3788.0,139
rb1805,20171226,20171225,210225000,3788.0,116402,2489862,4404803540.0,3789.0,30,3788.0,34
rb1805,20171226,20171225,210225500,3788.0,116456,2489888,4406849120.0,3789.0,166,3788.0,15
rb1805,20171226,20171225,210226000,3789.0,116474,2489894,4407531080.0,3789.0,199,3788.0,22
rb1805,20171226,20171225,210226500,3789.0,116478,2489898,4407682620.0,3789.0,218,3788.0,34
rb1805,20171226,20171225,210227000,3788.0,116554,2489850,4410561520.0,3788.0,59,3787.0,496
rb1805,20171226,20171225,210227500,3788.0,116642,2489782,4413894820.0,3788.0,45,3787.0,491
rb1805,20171226,20171225,210228000,3789.0,116828,2489832,4420940660.0,3789.0,234,3788.0,1
rb1805,20171226,20171225,210228500,3789.0,117126,2490038,4432231740.0,3789.0,97,3788.0,5
rb1805,20171226,20171225,210229000,3789.0,117344,2489958,4440491500.0,3789.0,42,3788.0,14
rb1805,20171226,20171225,210229500,3789.0,117382,2489938,4441931020.0,3789.0,21,3788.0,180
rb1805,20171226,20171225,210230000,3788.0,117402,2489948,4442688680.0,3789.0,94,3788.0,180
rb1805,20171226,20171225,210230500,3789.0,117650,2490010,4452085300.0,3790.0,529,3789.0,96
rb1805,20171226,20171225,210231000,3789.0,117676,2489986,4453070440.0,3790.0,529,3789.0,102
rb1805,20171226,20171225,210231500,3789.0,117716,2489976,4454586040.0,3790.0,529,3789.0,96
rb1805,20171226,20171225,210232000,3789.0,117854,2489954,4459815140.0,3790.0,526,3789.0,47
rb1805,20171226,20171225,210232500,3789.0,118042,2490034,4466938100.0,3790.0,522,3789.0,57
rb1805,20171226,20171225,210233000,3790.0,118076,2490004,4468226560.0,3790.0,511,3789.0,52
rb1805,20171226,20171225,210233500,3789.0,118104,2489996,4469287500.0,3790.0,520,3789.0,130
rb1805,20171226,20171225,210234000,3789.0,119184,2489564,4510215860.0,3789.0,418,3788.0,117
rb1805,20171226,20171225,210234500,3788.0,119270,2489592,4513474320.0,3789.0,389,3788.0,165
rb1805,20171226,20171225,210235000,3789.0,119394,2489544,4518172460.0,3789.0,370,3788.0,146
rb1805,20171226,20171225,210235500,3788.0,119442,2489546,4519991140.0,3789.0,364,3788.0,147
rb1805,20171226,20171225,210236000,3789.0,119610,2489442,4526356300.0,3789.0,304,3788.0,133
rb1805,20171226,20171225,210236500,3788.0,119630,2489450,4527114040.0,3789.0,302,3788.0,134
rb1805,20171226,20171225,210237000,3789.0,119652,2489438,4527947540.0,3789.0,307,3788.0,132
rb1805,20171226,20171225,210237500,3789.0,119756,2489358,4531887940.0,3789.0,265,3788.0,125
rb1805,20171226,20171225,210238000,3789.0,119788,2489342,4533100360.0,3789.0,262,3788.0,149
rb1805,20171226,20171225,210238500,3789.0,119824,2489334,4534464240.0,3789.0,254,3788.0,132
rb1805,20171226,20171225,210239000,3789.0,119846,2489330,4535297740.0,3789.0,248,3788.0,132
rb1805,20171226,20171225,210239500,3788.0,119902,2489324,4537419120.0,3789.0,244,3788.0,115
rb1805,20171226,20171225,210240000,3788.0,119912,2489324,4537797920.0,3789.0,442,3788.0,529
rb1805,20171226,20171225,210240500,3789.0,120070,2489356,4543783980.0,3789.0,414,3788.0,487
rb1805,20171226,20171225,210241000,3789.0,120160,2489308,4547194000.0,3789.0,376,3788.0,489
rb1805,20171226,20171225,210241500,3789.0,120212,2489298,4549164140.0,3789.0,357,3788.0,485
rb1805,20171226,20171225,210242000,3788.0,120268,2489288,4551285840.0,3789.0,357,3788.0,478
rb1805,20171226,20171225,210242500,3789.0,120300,2489268,4552498300.0,3789.0,345,3788.0,480
rb1805,20171226,20171225,210243000,3788.0,120314,2489272,4553028620.0,3789.0,356,3788.0,474
rb1805,20171226,20171225,210243500,3789.0,120504,2489168,4560227560.0,3789.0,269,3788.0,469
rb1805,20171226,20171225,210244000,3789.0,120518,2489162,4560757960.0,3789.0,275,3788.0,467
rb1805,20171226,20171225,210244500,3789.0,120640,2489170,4565380420.0,3789.0,272,3788.0,465
rb1805,20171226,20171225,210245000,3788.0,120660,2489170,4566138100.0,3789.0,268,3788.0,473
rb1805,20171226,20171225,210245500,3789.0,120688,2489170,4567199000.0,3789.0,276,3788.0,478
rb1805,20171226,20171225,210246000,3788.0,120756,2489124,4569774880.0,3789.0,274,3788.0,446
rb1805,20171226,20171225,210246500,3789.0,120836,2489128,4572805840.0,3789.0,250,3788.0,540
rb1805,20171226,20171225,210247000,3788.0,120870,2489126,4574093920.0,3789.0,243,3788.0,532
rb1805,20171226,20171225,210247500,3789.0,121092,2489124,4582505440.0,3789.0,136,3788.0,531
rb1805,20171226,20171225,210248000,3789.0,121208,2489126,4586899980.0,3789.0,119,3788.0,497
rb1805,20171226,20171225,210248500,3789.0,121348,2489230,4592204560.0,3789.0,50,3788.0,547
rb1805,20171226,20171225,210249000,3790.0,121702,2489152,4605619540.0,3790.0,562,3789.0,183
rb1805,20171226,20171225,210249500,3789.0,121708,2489156,4605846900.0,3790.0,564,3789.0,194
rb1805,20171226,20171225,210250000,3790.0,121794,2489222,4609105700.0,3790.0,532,3789.0,194
rb1805,20171226,20171225,210250500,3790.0,121996,2489190,4616761500.0,3790.0,430,3789.0,196
rb1805,20171226,20171225,210251000,3789.0,122046,2489162,4618656040.0,3790.0,429,3789.0,188
rb1805,20171226,20171225,210251500,3789.0,122086,2489158,4620171660.0,3790.0,448,3789.0,244
rb1805,20171226,20171225,210252000,3789.0,122398,2489156,4631995380.0,3790.0,347,3789.0,192
rb1805,20171226,20171225,210252500,3790.0,122422,2489168,4632904920.0,3790.0,339,3789.0,180
rb1805,20171226,20171225,210253000,3789.0,122462,2489206,4634420680.0,3790.0,331,3789.0,168
rb1805,20171226,20171225,210253500,3790.0,122726,2489218,4644425980.0,3790.0,215,3789.0,153
rb1805,20171226,20171225,210254000,3790.0,122826,2489280,4648215080.0,3790.0,192,3789.0,113
rb1805,20171226,20171225,210254500,3790.0,122862,2489288,4649579460.0,3790.0,180,3789.0,114
rb1805,20171226,20171225,210255000,3790.0,122882,2489304,4650337400.0,3790.0,196,3789.0,122
rb1805,20171226,20171225,210255500,3789.0,122948,2489284,4652838300.0,3790.0,438,3789.0,101
rb1805,20171226,20171225,210256000,3789.0,123200,2489140,4662386560.0,3789.0,27,3788.0,579
rb1805,20171226,20171225,210256500,3789.0,123222,2489156,4663220140.0,3789.0,31,3788.0,581
rb1805,20171226,20171225,210257000,3789.0,123230,2489160,4663523260.0,3789.0,84,3788.0,589
rb1805,20171226,20171225,210257500,3789.0,123372,2489140,4668902920.0,3789.0,188,3788.0,593
rb1805,20171226,20171225,210258000,3789.0,123580,2488982,4676784040.0,3789.0,177,3788.0,575
rb1805,20171226,20171225,210258500,3788.0,123670,2489016,4680194100.0,3789.0,237,3788.0,573
rb1805,20171226,20171225,210259000,3789.0,123774,2489074,4684134580.0,3789.0,205,3788.0,571
rb1805,20171226,20171225,210259500,3789.0,123868,2489094,4687696120.0,3789.0,179,3788.0,567
rb1805,20171226,20171225,210300000,3789.0,124144,2489212,4698152920.0,3789.0,85,3788.0,549
rb1805,20171226,20171225,210300500,3789.0,124176,2489228,4699365320.0,3789.0,76,3788.0,551
rb1805,20171226,20171225,210301000,3788.0,124290,2489266,4703684300.0,3789.0,51,3788.0,529
rb1805,20171226,20171225,210301500,3789.0,124424,2489316,4708761420.0,3789.0,189,3788.0,522
rb1805,20171226,20171225,210302000,3788.0,124498,2489330,4711565100.0,3789.0,179,3788.0,497
rb1805,20171226,20171225,210302500,3788.0,124576,2489350,4714520320.0,3789.0,158,3788.0,487
rb1805,20171226,20171225,210303000,3789.0,124592,2489354,4715126460.0,3789.0,178,3788.0,484
rb1805,20171226,20171225,210303500,3789.0,124612,2489352,4715884240.0,3789.0,172,3788.0,486
rb1805,20171226,20171225,210304000,3788.0,124670,2489334,4718081280.0,3789.0,184,3788.0,459
rb1805,20171226,20171225,210304500,3788.0,124748,2489324,4721036020.0,3789.0,201,3788.0,579
rb1805,20171226,20171225,210305000,3788.0,124788,2489306,4722551340.0,3789.0,197,3788.0,565
rb1805,20171226,20171225,210305500,3789.0,124806,2489310,4723233240.0,3789.0,245,3788.0,564
rb1805,20171226,20171225,210306000,3789.0,125444,2489502,4747400960.0,3789.0,252,3788.0,264
rb1805,20171226,20171225,210306500,3788.0,125876,2489442,4763765120.0,3789.0,258,3788.0,51
rb1805,20171226,20171225,210307000,3788.0,126212,2489484,4776492760.0,3788.0,224,3787.0,657
rb1805,20171226,20171225,210307500,3788.0,126300,2489516,4779825800.0,3788.0,315,3787.0,620
rb1805,20171226,20171225,210308000,3787.0,126370,2489534,4782476940.0,3788.0,303,3787.0,597
rb1805,20171226,20171225,210308500,3788.0,126484,2489630,4786794260.0,3788.0,312,3787.0,558
rb1805,20171226,20171225,210309000,3788.0,126508,2489632,4787703320.0,3788.0,337,3787.0,557
rb1805,20171226,20171225,210309500,3787.0,126530,2489644,4788536660.0,3788.0,339,3787.0,556
rb1805,20171226,20171225,210310000,3787.0,126584,2489684,4790582100.0,3788.0,327,3787.0,553
rb1805,20171226,20171225,210310500,3788.0,126620,2489686,4791945680.0,3788.0,314,3787.0,569
rb1805,20171226,20171225,210311000,3787.0,126722,2489696,4795808880.0,3788.0,294,3787.0,528
rb1805,20171226,20171225,210311500,3787.0,126912,2489764,4803004180.0,3788.0,297,3787.0,434
rb1805,20171226,20171225,210312000,3787.0,127036,2489796,4807700180.0,3788.0,272,3787.0,421
rb1805,20171226,20171225,210312500,3787.0,127080,2489780,4809366560.0,3788.0,268,3787.0,407
rb1805,20171226,20171225,210313000,3788.0,127106,2489798,4810351200.0,3788.0,269,3787.0,393
rb1805,20171226,20171225,210313500,3788.0,127862,2489756,4838989820.0,3789.0,186,3788.0,163
rb1805,20171226,20171225,210314000,3789.0,127930,2489766,4841565840.0,3789.0,180,3788.0,141
rb1805,20171226,20171225,210314500,3788.0,128034,2489730,4845505400.0,3789.0,179,3788.0,130
rb1805,20171226,20171225,210315000,3788.0,128210,2489756,4852173080.0,3789.0,150,3788.0,83
rb1805,20171226,20171225,210315500,3788.0,128416,2489614,4859976440.0,3789.0,148,3788.0,5
rb1805,20171226,20171225,210316000,3788.0,128448,2489630,4861188600.0,3788.0,43,3787.0,363
rb1805,20171226,20171225,210316500,3788.0,128452,2489634,4861340120.0,3788.0,61,3787.0,384
rb1805,20171226,20171225,210317000,3788.0,128468,2489642,4861946180.0,3788.0,77,3787.0,386
rb1805,20171226,20171225,210317500,3788.0,128478,2489646,4862324960.0,3788.0,117,3787.0,366
rb1805,20171226,20171225,210318000,3788.0,128498,2489660,4863082540.0,3788.0,126,3787.0,474
rb1805,20171226,20171225,210318500,3787.0,128514,2489654,4863688500.0,3788.0,134,3787.0,540
rb1805,20171226,20171225,210319000,3787.0,128576,2489652,4866036920.0,3788.0,109,3787.0,539
rb1805,20171226,20171225,210319500,3788.0,128856,2489582,4876643080.0,3788.0,1,3787.0,531
rb1805,20171226,20171225,210320000,3788.0,128860,2489584,4876794600.0,3789.0,232,3788.0,97
rb1805,20171226,20171225,210320500,3788.0,128926,2489608,4879294700.0,3789.0,219,3788.0,285
rb1805,20171226,20171225,210321000,3788.0,128966,2489612,4880809920.0,3789.0,224,3788.0,291
rb1805,20171226,20171225,210321500,3788.0,128974,2489604,4881112960.0,3789.0,243,3788.0,313
rb1805,20171226,20171225,210322000,3788.0,128978,2489606,4881264500.0,3789.0,226,3788.0,341
rb1805,20171226,20171225,210322500,3788.0,129010,2489612,4882476660.0,3789.0,236,3788.0,325
rb1805,20171226,20171225,210323000,3789.0,129098,2489680,4885810300.0,3789.0,247,3788.0,291
rb1805,20171226,20171225,210323500,3789.0,129116,2489682,4886492160.0,3789.0,267,3788.0,289
rb1805,20171226,20171225,210324000,3789.0,129182,2489698,4888992480.0,3789.0,267,3788.0,271
rb1805,20171226,20171225,210324500,3788.0,129202,2489698,4889750100.0,3789.0,266,3788.0,266
rb1805,20171226,20171225,210325000,3789.0,129250,2489702,4891568460.0,3789.0,259,3788.0,249
rb1805,20171226,20171225,210325500,3788.0,129382,2489602,4896568860.0,3789.0,251,3788.0,205
rb1805,20171226,20171225,210326000,3788.0,129440,2489560,4898765940.0,3789.0,254,3788.0,179
rb1805,20171226,20171225,210326500,3789.0,129452,2489554,4899220520.0,3789.0,258,3788.0,186
rb1805,20171226,20171225,210327000,3788.0,129466,2489550,4899750840.0,3789.0,258,3788.0,183
rb1805,20171226,20171225,210327500,3789.0,129480,2489542,4900281180.0,3789.0,260,3788.0,182
rb1805,20171226,20171225,210328000,3789.0,129516,2489556,4901645100.0,3789.0,248,3788.0,176
rb1805,20171226,20171225,210328500,3789.0,129592,2489504,4904524060.0,3789.0,247,3788.0,162
rb1805,20171226,20171225,210329000,3788.0,129606,2489504,4905054420.0,3789.0,258,3788.0,167
rb1805,20171226,20171225,210329500,3789.0,129684,2489474,4908009180.0,3789.0,266,3788.0,136
rb1805,20171226,20171225,210330000,3788.0,129972,2489498,4918918720.0,3789.0,260,3788.0,16
rb1805,20171226,20171225,210330500,3788.0,130284,2489714,4930737240.0,3788.0,83,3787.0,590
rb1805,20171226,20171225,210331000,3788.0,130454,2489710,4937176840.0,3788.0,96,3787.0,569
rb1805,20171226,20171225,210331500,3788.0,130482,2489698,4938237320.0,3788.0,94,3787.0,551
rb1805,20171226,20171225,210332000,3787.0,130510,2489692,4939297800.0,3788.0,89,3787.0,543
rb1805,20171226,20171225,210332500,3788.0,130522,2489686,4939752300.0,3788.0,86,3787.0,542
rb1805,20171226,20171225,210333000,3787.0,130528,2489682,4939979540.0,3788.0,69,3787.0,541
rb1805,20171226,20171225,210333500,3787.0,130568,2489676,4941494520.0,3788.0,96,3787.0,532
rb1805,20171226,20171225,210334000,3787.0,130754,2489642,4948540020.0,3788.0,22,3787.0,529
rb1805,20171226,20171225,210334500,3787.0,130816,2489616,4950888020.0,3788.0,30,3787.0,508
rb1805,20171226,20171225,210335000,3788.0,130836,2489618,4951645600.0,3788.0,51,3787.0,507
rb1805,20171226,20171225,210335500,3787.0,130856,2489628,4952403160.0,3788.0,40,3787.0,508
rb1805,20171226,20171225,210336000,3787.0,130922,2489612,4954902640.0,3788.0,41,3787.0,479
rb1805,20171226,20171225,210336500,3788.0,130960,2489620,4956341940.0,3788.0,51,3787.0,343
rb1805,20171226,20171225,210337000,3788.0,131032,2489590,4959068840.0,3788.0,48,3787.0,316
rb1805,20171226,20171225,210337500,3787.0,131090,2489602,4961265580.0,3788.0,38,3787.0,259
rb1805,20171226,20171225,210338000,3787.0,131120,2489598,4962401740.0,3788.0,45,3787.0,248
rb1805,20171226,20171225,210338500,3788.0,131316,2489726,4969826220.0,3789.0,295,3788.0,205
rb1805,20171226,20171225,210339000,3789.0,131328,2489732,4970280800.0,3789.0,295,3788.0,210
rb1805,20171226,20171225,210339500,3788.0,131384,2489784,4972402080.0,3789.0,295,3788.0,196
rb1805,20171226,20171225,210340000,3788.0,131418,2489810,4973690000.0,3789.0,298,3788.0,262
rb1805,20171226,20171225,210340500,3788.0,131536,2489818,4978160060.0,3789.0,282,3788.0,219
rb1805,20171226,20171225,210341000,3788.0,131546,2489824,4978538860.0,3789.0,283,3788.0,277
rb1805,20171226,20171225,210341500,3788.0,131658,2489848,4982781820.0,3789.0,263,3788.0,243
rb1805,20171226,20171225,210342000,3788.0,131898,2489876,4991873020.0,3789.0,273,3788.0,125
rb1805,20171226,20171225,210342500,3788.0,132430,2490010,5012028280.0,3789.0,122,3788.0,39
rb1805,20171226,20171225,210343000,3788.0,132474,2490008,5013695200.0,3789.0,141,3788.0,16
rb1805,20171226,20171225,210343500,3788.0,132526,2489996,5015664960.0,3789.0,189,3788.0,70
rb1805,20171226,20171225,210344000,3789.0,132560,2490020,5016953180.0,3789.0,185,3788.0,99
rb1805,20171226,20171225,210344500,3788.0,132588,2490020,5018013900.0,3789.0,186,3788.0,139
rb1805,20171226,20171225,210345000,3788.0,132602,2490022,5018544240.0,3789.0,186,3788.0,139
rb1805,20171226,20171225,210345500,3788.0,132684,2490028,5021650480.0,3789.0,184,3788.0,107
rb1805,20171226,20171225,210346000,3789.0,132688,2490030,5021802020.0,3789.0,182,3788.0,107
rb1805,20171226,20171225,210346500,3788.0,132740,2490026,5023771780.0,3789.0,183,3788.0,155
rb1805,20171226,20171225,210347000,3788.0,133306,2489954,5045213880.0,3788.0,148,3787.0,336
rb1805,20171226,20171225,210347500,3788.0,133496,2490022,5052409460.0,3788.0,176,3787.0,355
rb1805,20171226,20171225,210348000,3787.0,133652,2490032,5058318660.0,3788.0,104,3787.0,353
rb1805,20171226,20171225,210348500,3788.0,133656,2490034,5058470180.0,3788.0,119,3787.0,355
rb1805,20171226,20171225,210349000,3788.0,133666,2490036,5058848920.0,3788.0,129,3787.0,354
rb1805,20171226,20171225,210349500,3788.0,133696,2490042,5059985120.0,3788.0,121,3787.0,344
rb1805,20171226,20171225,210350000,3788.0,133700,2490044,5060136640.0,3788.0,126,3787.0,319
rb1805,20171226,20171225,210350500,3787.0,133706,2490042,5060363860.0,3788.0,134,3787.0,316
rb1805,20171226,20171225,210351000,3787.0,133744,2490042,5061803020.0,3788.0,132,3787.0,303
rb1805,20171226,20171225,210351500,3788.0,133812,2490102,5064378860.0,3788.0,99,3787.0,311
rb1805,20171226,20171225,210352000,3788.0,133892,2490112,5067409180.0,3788.0,63,3787.0,328
rb1805,20171226,20171225,210352500,3788.0,133952,2490128,5069681500.0,3788.0,96,3787.0,305
rb1805,20171226,20171225,210353000,3788.0,133994,2490142,5071272440.0,3788.0,83,3787.0,287
rb1805,20171226,20171225,210353500,3787.0,134016,2490136,5072105580.0,3788.0,125,3787.0,292
rb1805,20171226,20171225,210354000,3787.0,134054,2490144,5073544780.0,3788.0,138,3787.0,281
rb1805,20171226,20171225,210354500,3788.0,134224,2490290,5079984280.0,3788.0,22,3787.0,276
rb1805,20171226,20171225,210355000,3788.0,134512,2490398,5090890880.0,3788.0,24,3787.0,135
rb1805,20171226,20171225,210355500,3788.0,134536,2490394,5091799980.0,3788.0,87,3787.0,139
rb1805,20171226,20171225,210356000,3788.0,134566,2490368,5092936100.0,3788.0,114,3787.0,168
rb1805,20171226,20171225,210356500,3787.0,134582,2490366,5093542020.0,3788.0,112,3787.0,161
rb1805,20171226,20171225,210357000,3787.0,134650,2490374,5096117300.0,3788.0,118,3787.0,140
rb1805,20171226,20171225,210357500,3787.0,134694,2490358,5097783740.0,3788.0,108,3787.0,135
rb1805,20171226,20171225,210358000,3787.0,134730,2490352,5099147060.0,3788.0,115,3787.0,125
rb1805,20171226,20171225,210358500,3788.0,134750,2490352,5099904500.0,3788.0,608,3787.0,129
rb1805,20171226,20171225,210359000,3787.0,134974,2490434,5108387680.0,3788.0,605,3787.0,36
rb1805,20171226,20171225,210359500,3787.0,135068,2490466,5111947460.0,3787.0,16,3786.0,696
rb1805,20171226,20171225,210400000,3787.0,135154,2490464,5115204300.0,3788.0,814,3787.0,21
rb1805,20171226,20171225,210400500,3787.0,135186,2490444,5116416220.0,3788.0,812,3787.0,16
rb1805,20171226,20171225,210401000,3786.0,135224,2490452,5117855260.0,3787.0,21,3786.0,696
rb1805,20171226,20171225,210401500,3787.0,135330,2490448,5121869440.0,3787.0,268,3786.0,701
rb1805,20171226,20171225,210402000,3786.0,135754,2490694,5137922280.0,3787.0,313,3786.0,480
rb1805,20171226,20171225,210402500,3787.0,136110,2490678,5151400500.0,3787.0,352,3786.0,305
rb1805,20171226,20171225,210403000,3786.0,136216,2490698,5155414360.0,3787.0,330,3786.0,289
rb1805,20171226,20171225,210403500,3787.0,136324,2490670,5159503800.0,3787.0,305,3786.0,273
rb1805,20171226,20171225,210404000,3786.0,136874,2490910,5180326800.0,3786.0,8,3785.0,1020
rb1805,20171226,20171225,210404500,3785.0,136926,2490940,5182295480.0,3787.0,309,3785.0,1162
rb1805,20171226,20171225,210405000,3786.0,137406,2490748,5200464440.0,3787.0,295,3785.0,951
rb1805,20171226,20171225,210405500,3785.0,137448,2490726,5202054400.0,3786.0,6,3785.0,935
rb1805,20171226,20171225,210406000,3785.0,137988,2490774,5222493600.0,3787.0,291,3785.0,674
rb1805,20171226,20171225,210406500,3785.0,138108,2490724,5227035620.0,3786.0,19,3785.0,616
rb1805,20171226,20171225,210407000,3785.0,138636,2490648,5247020480.0,3786.0,38,3785.0,363
rb1805,20171226,20171225,210407500,3785.0,138776,2490730,5252320060.0,3786.0,84,3785.0,333
rb1805,20171226,20171225,210408000,3785.0,139072,2490614,5263523740.0,3786.0,118,3785.0,190
rb1805,20171226,20171225,210408500,3785.0,139154,2490614,5266627480.0,3786.0,128,3785.0,250
rb1805,20171226,20171225,210409000,3785.0,139176,2490608,5267460240.0,3786.0,277,3785.0,302
rb1805,20171226,20171225,210409500,3786.0,139228,2490596,5269428680.0,3786.0,267,3785.0,294
rb1805,20171226,20171225,210410000,3785.0,139306,2490562,5272381040.0,3786.0,277,3785.0,330
rb1805,20171226,20171225,210410500,3785.0,139350,2490538,5274046740.0,3786.0,261,3785.0,350
rb1805,20171226,20171225,210411000,3785.0,139872,2490644,5293806700.0,3786.0,150,3785.0,212
rb1805,20171226,20171225,210411500,3785.0,140008,2490702,5298954980.0,3786.0,120,3785.0,182
rb1805,20171226,20171225,210412000,3785.0,140210,2490756,5306601780.0,3786.0,69,3785.0,180
rb1805,20171226,20171225,210412500,3786.0,140386,2490738,5313263720.0,3786.0,103,3785.0,146
rb1805,20171226,20171225,210413000,3785.0,140526,2490726,5318563080.0,3786.0,111,3785.0,99
rb1805,20171226,20171225,210413500,3786.0,140690,2490730,5324770920.0,3786.0,138,3785.0,49
rb1805,20171226,20171225,210414000,3785.0,140840,2490724,5330448540.0,3785.0,388,3784.0,933
rb1805,20171226,20171225,210414500,3785.0,140914,2490756,5333248900.0,3785.0,405,3784.0,886
rb1805,20171226,20171225,210415000,3785.0,141248,2490438,5345890720.0,3785.0,332,3784.0,885
rb1805,20171226,20171225,210415500,3784.0,141306,2490470,5348085540.0,3785.0,333,3784.0,932
rb1805,20171226,20171225,210416000,3785.0,141602,2490304,5359286540.0,3785.0,332,3784.0,802
rb1805,20171226,20171225,210416500,3784.0,141626,2490308,5360194760.0,3785.0,340,3784.0,794
rb1805,20171226,20171225,210417000,3784.0,141730,2490350,5364130340.0,3785.0,329,3784.0,754
rb1805,20171226,20171225,210417500,3785.0,141754,2490358,5365038580.0,3785.0,336,3784.0,748
rb1805,20171226,20171225,210418000,3785.0,141830,2490362,5367914720.0,3785.0,523,3784.0,727
rb1805,20171226,20171225,210418500,3784.0,141896,2490404,5370412180.0,3785.0,545,3784.0,680
rb1805,20171226,20171225,210419000,3784.0,141986,2490422,5373818180.0,3785.0,531,3784.0,681
rb1805,20171226,20171225,210419500,3784.0,142278,2490490,5384867460.0,3785.0,514,3784.0,561
rb1805,20171226,20171225,210420000,3784.0,142578,2490202,5396219500.0,3785.0,405,3784.0,395
rb1805,20171226,20171225,210420500,3784.0,142612,2490208,5397506140.0,3785.0,408,3784.0,380
rb1805,20171226,20171225,210421000,3784.0,142640,2490202,5398565740.0,3785.0,457,3784.0,419
rb1805,20171226,20171225,210421500,3785.0,142720,2490184,5401592960.0,3785.0,458,3784.0,397
rb1805,20171226,20171225,210422000,3785.0,143324,2489660,5424449140.0,3785.0,419,3784.0,144
rb1805,20171226,20171225,210422500,3784.0,143388,2489650,5426870980.0,3785.0,416,3784.0,129
rb1805,20171226,20171225,210423000,3785.0,143444,2489634,5428990180.0,3785.0,409,3784.0,181
rb1805,20171226,20171225,210423500,3785.0,143544,2489598,5432774720.0,3785.0,384,3784.0,222
rb1805,20171226,20171225,210424000,3784.0,143648,2489650,5436710320.0,3785.0,365,3784.0,322
rb1805,20171226,20171225,210424500,3784.0,143902,2489712,5446323300.0,3785.0,337,3784.0,287
rb1805,20171226,20171225,210425000,3785.0,143970,2489702,5448896940.0,3785.0,311,3784.0,569
rb1805,20171226,20171225,210425500,3785.0,144630,2490222,5473877960.0,3786.0,448,3785.0,122
rb1805,20171226,20171225,210426000,3785.0,144734,2490238,5477815140.0,3786.0,389,3785.0,181
rb1805,20171226,20171225,210426500,3785.0,144900,2490222,5484098780.0,3786.0,383,3785.0,181
rb1805,20171226,20171225,210427000,3785.0,144980,2490264,5487126880.0,3786.0,378,3785.0,210
rb1805,20171226,20171225,210427500,3786.0,145006,2490262,5488111040.0,3786.0,376,3785.0,204
rb1805,20171226,20171225,210428000,3786.0,145820,2490342,5518928880.0,3787.0,120,3786.0,117
rb1805,20171226,20171225,210428500,3786.0,145878,2490380,5521125000.0,3787.0,107,3786.0,218
rb1805,20171226,20171225,210429000,3787.0,146110,2490466,5529910620.0,3787.0,2,3786.0,215
rb1805,20171226,20171225,210429500,3787.0,146232,2490450,5534530780.0,3788.0,1200,3787.0,335
rb1805,20171226,20171225,210430000,3787.0,146260,2490440,5535591200.0,3788.0,1186,3787.0,332
rb1805,20171226,20171225,210430500,3787.0,146308,2490406,5537408980.0,3788.0,1181,3787.0,320
rb1805,20171226,20171225,210431000,3788.0,146480,2490324,5543922680.0,3788.0,1199,3787.0,245
rb1805,20171226,20171225,210431500,3787.0,147004,2490020,5563766340.0,3787.0,156,3786.0,118
rb1805,20171226,20171225,210432000,3787.0,147374,2490024,5577776820.0,3787.0,83,3786.0,19
rb1805,20171226,20171225,210432500,3787.0,147888,2490114,5597232420.0,3787.0,121,3786.0,1
rb1805,20171226,20171225,210433000,3787.0,147918,2490096,5598368340.0,3787.0,238,3785.0,154
rb1805,20171226,20171225,210433500,3787.0,147970,2490056,5600337520.0,3787.0,223,3786.0,67
rb1805,20171226,20171225,210434000,3785.0,148490,2490224,5620020860.0,3785.0,4,3784.0,269
rb1805,20171226,20171225,210434500,3786.0,148522,2490226,5621232240.0,3786.0,34,3785.0,150
rb1805,20171226,20171225,210435000,3785.0,148562,2490222,5622746340.0,3786.0,27,3785.0,147
rb1805,20171226,20171225,210435500,3786.0,148728,2490362,5629032120.0,3787.0,176,3786.0,2
rb1805,20171226,20171225,210436000,3787.0,148798,2490320,5631682460.0,3787.0,194,3786.0,38
rb1805,20171226,20171225,210436500,3787.0,148844,2490298,5633424240.0,3787.0,163,3786.0,39
rb1805,20171226,20171225,210437000,3787.0,148866,2490300,5634257240.0,3787.0,159,3786.0,79
rb1805,20171226,20171225,210437500,3786.0,148876,2490306,5634635840.0,3787.0,164,3786.0,104
rb1805,20171226,20171225,210438000,3787.0,149162,2490296,5645466060.0,3787.0,77,3786.0,93
rb1805,20171226,20171225,210438500,3786.0,149378,2490226,5653643820.0,3786.0,107,3785.0,481
rb1805,20171226,20171225,210439000,3786.0,149636,2490044,5663411740.0,3787.0,60,3786.0,369
rb1805,20171226,20171225,210439500,3787.0,149794,2490068,5669394580.0,3787.0,21,3786.0,340
rb1805,20171226,20171225,210440000,3786.0,149918,2490028,5674089620.0,3787.0,2,3786.0,300
rb1805,20171226,20171225,210440500,3787.0,149958,2490032,5675604220.0,3787.0,545,3786.0,303
rb1805,20171226,20171225,210441000,3787.0,150088,2490122,5680527120.0,3787.0,623,3786.0,294
rb1805,20171226,20171225,210441500,3787.0,150208,2490186,5685070480.0,3787.0,658,3786.0,245
rb1805,20171226,20171225,210442000,3787.0,150688,2490348,5703247960.0,3788.0,1359,3787.0,284
rb1805,20171226,20171225,210442500,3787.0,150808,2490440,5707793120.0,3788.0,1302,3787.0,293
rb1805,20171226,20171225,210443000,3788.0,150862,2490458,5709838260.0,3788.0,1295,3787.0,284
rb1805,20171226,20171225,210443500,3787.0,151250,2490640,5724532380.0,3788.0,1275,3787.0,120
rb1805,20171226,20171225,210444000,3787.0,151468,2490710,5732788020.0,3787.0,215,3786.0,271
rb1805,20171226,20171225,210444500,3787.0,151488,2490708,5733545360.0,3787.0,228,3786.0,268
rb1805,20171226,20171225,210445000,3787.0,151620,2490814,5738542960.0,3787.0,224,3786.0,199
rb1805,20171226,20171225,210445500,3787.0,151654,2490812,5739830320.0,3787.0,231,3786.0,188
rb1805,20171226,20171225,210446000,3786.0,151670,2490800,5740436140.0,3787.0,247,3786.0,226
rb1805,20171226,20171225,210446500,3787.0,151726,2490762,5742556820.0,3787.0,225,3786.0,245
rb1805,20171226,20171225,210447000,3786.0,151848,2490788,5747176800.0,3787.0,174,3786.0,241
rb1805,20171226,20171225,210447500,3787.0,151860,2490792,5747631240.0,3787.0,168,3786.0,244
rb1805,20171226,20171225,210448000,3787.0,151990,2490788,5752554180.0,3787.0,112,3786.0,240
rb1805,20171226,20171225,210448500,3787.0,152114,2490784,5757249700.0,3787.0,70,3786.0,229
rb1805,20171226,20171225,210449000,3787.0,152158,2490780,5758915820.0,3787.0,74,3786.0,229
rb1805,20171226,20171225,210449500,3786.0,152182,2490790,5759824620.0,3787.0,66,3786.0,336
rb1805,20171226,20171225,210450000,3786.0,152294,2490764,5764066000.0,3787.0,15,3786.0,343
rb1805,20171226,20171225,210450500,3787.0,152372,2490782,5767019980.0,3788.0,1300,3787.0,65
rb1805,20171226,20171225,210451000,3787.0,152404,2490766,5768231840.0,3788.0,1300,3787.0,56
rb1805,20171226,20171225,210451500,3787.0,152410,2490766,5768459080.0,3788.0,1302,3787.0,13
rb1805,20171226,20171225,210452000,3786.0,152462,2490772,5770428120.0,3788.0,1300,3787.0,18
rb1805,20171226,20171225,210452500,3787.0,152486,2490782,5771337140.0,3788.0,1295,3787.0,18
rb1805,20171226,20171225,210453000,3788.0,152518,2490774,5772549160.0,3788.0,1287,3787.0,11
rb1805,20171226,20171225,210453500,3788.0,152966,2490756,5789519060.0,3788.0,1082,3787.0,14
rb1805,20171226,20171225,210454000,3787.0,153004,2490762,5790958200.0,3788.0,1078,3787.0,114
rb1805,20171226,20171225,210454500,3787.0,153046,2490776,5792548940.0,3788.0,1069,3787.0,388
rb1805,20171226,20171225,210455000,3787.0,153148,2490750,5796411720.0,3788.0,1067,3787.0,466
rb1805,20171226,20171225,210455500,3788.0,153192,2490770,5798078320.0,3788.0,1052,3787.0,467
rb1805,20171226,20171225,210456000,3788.0,153210,2490780,5798760120.0,3788.0,1044,3787.0,467
rb1805,20171226,20171225,210456500,3788.0,153264,2490780,5800805240.0,3788.0,1098,3787.0,393
rb1805,20171226,20171225,210457000,3788.0,153274,2490782,5801183980.0,3788.0,1096,3787.0,372
rb1805,20171226,20171225,210457500,3787.0,153944,2490806,5826559620.0,3788.0,961,3787.0,174
rb1805,20171226,20171225,210458000,3787.0,153970,2490802,5827544300.0,3788.0,959,3787.0,283
rb1805,20171226,20171225,210458500,3787.0,154058,2490774,5830877240.0,3788.0,942,3787.0,262
rb1805,20171226,20171225,210459000,3787.0,154188,2490780,5835800580.0,3788.0,931,3787.0,241
rb1805,20171226,20171225,210459500,3788.0,154236,2490776,5837618660.0,3788.0,915,3787.0,280
rb1805,20171226,20171225,210500000,3788.0,154280,2490768,5839285140.0,3788.0,905,3787.0,289
rb1805,20171226,20171225,210500500,3788.0,154494,2490794,5847390440.0,3788.0,849,3787.0,242
rb1805,20171226,20171225,210501000,3788.0,154548,2490798,5849435680.0,3788.0,836,3787.0,230
rb1805,20171226,20171225,210501500,3788.0,154718,2490836,5855874480.0,3788.0,801,3787.0,152
rb1805,20171226,20171225,210502000,3788.0,154792,2490826,5858677200.0,3788.0,785,3787.0,140
rb1805,20171226,20171225,210502500,3788.0,154918,2490864,5863449940.0,3788.0,736,3787.0,134
rb1805,20171226,20171225,210503000,3787.0,154994,2490854,5866328440.0,3788.0,717,3787.0,116
rb1805,20171226,20171225,210503500,3787.0,155262,2490956,5876477600.0,3787.0,94,3786.0,316
rb1805,20171226,20171225,210504000,3786.0,155926,2491282,5901616700.0,3786.0,171,3785.0,323
rb1805,20171226,20171225,210504500,3786.0,155980,2491260,5903660840.0,3786.0,179,3785.0,330
rb1805,20171226,20171225,210505000,3786.0,156014,2491264,5904948040.0,3786.0,164,3785.0,330
rb1805,20171226,20171225,210505500,3786.0,156088,2491300,5907749660.0,3786.0,629,3785.0,331
rb1805,20171226,20171225,210506000,3786.0,156122,2491290,5909036680.0,3786.0,624,3785.0,324
rb1805,20171226,20171225,210506500,3786.0,156148,2491306,5910021000.0,3786.0,612,3785.0,323
rb1805,20171226,20171225,210507000,3785.0,156208,2491326,5912292460.0,3786.0,596,3785.0,317
rb1805,20171226,20171225,210507500,3786.0,156358,2491434,5917971380.0,3786.0,536,3785.0,315
rb1805,20171226,20171225,210508000,3785.0,156466,2491482,5922059200.0,3786.0,534,3785.0,273
rb1805,20171226,20171225,210508500,3786.0,156520,2491466,5924103600.0,3786.0,529,3785.0,252
rb1805,20171226,20171225,210509000,3785.0,156544,2491466,5925012120.0,3786.0,524,3785.0,260
rb1805,20171226,20171225,210509500,3786.0,156560,2491466,5925617780.0,3786.0,521,3785.0,265
rb1805,20171226,20171225,210510000,3785.0,156606,2491458,5927358940.0,3786.0,518,3785.0,246
rb1805,20171226,20171225,210510500,3785.0,156616,2491456,5927737440.0,3786.0,519,3785.0,246
rb1805,20171226,20171225,210511000,3786.0,156680,2491506,5930159920.0,3786.0,516,3785.0,219
rb1805,20171226,20171225,210511500,3786.0,156708,2491492,5931219760.0,3786.0,515,3785.0,212
rb1805,20171226,20171225,210512000,3786.0,156838,2491536,5936140520.0,3786.0,502,3785.0,161
rb1805,20171226,20171225,210512500,3785.0,156862,2491536,5937048980.0,3786.0,502,3785.0,153
rb1805,20171226,20171225,210513000,3785.0,156898,2491536,5938411600.0,3786.0,501,3785.0,148
rb1805,20171226,20171225,210513500,3785.0,157052,2491480,5944240560.0,3786.0,498,3785.0,80
rb1805,20171226,20171225,210514000,3786.0,157150,2491452,5947949900.0,3786.0,509,3785.0,36
rb1805,20171226,20171225,210514500,3785.0,157198,2491496,5949767140.0,3786.0,488,3785.0,59
rb1805,20171226,20171225,210515000,3785.0,157280,2491460,5952870860.0,3786.0,487,3785.0,21
rb1805,20171226,20171225,210515500,3785.0,157296,2491476,5953476460.0,3786.0,517,3785.0,33
rb1805,20171226,20171225,210516000,3786.0,157322,2491488,5954460620.0,3786.0,514,3785.0,44
rb1805,20171226,20171225,210516500,3786.0,157352,2491514,5955596260.0,3786.0,511,3785.0,53
rb1805,20171226,20171225,210517000,3786.0,157430,2491518,5958548880.0,3786.0,496,3785.0,32
rb1805,20171226,20171225,210517500,3786.0,157464,2491508,5959835820.0,3786.0,493,3785.0,53
rb1805,20171226,20171225,210518000,3785.0,157486,2491530,5960668520.0,3786.0,495,3785.0,47
rb1805,20171226,20171225,210518500,3785.0,157592,2491536,5964681520.0,3786.0,451,3785.0,19
rb1805,20171226,20171225,210519000,3785.0,157848,2491702,5974371580.0,3786.0,428,3785.0,1
rb1805,20171226,20171225,210519500,3786.0,157904,2491706,5976491400.0,3786.0,400,3785.0,39
rb1805,20171226,20171225,210520000,3786.0,157948,2491702,5978157060.0,3786.0,388,3785.0,67
rb1805,20171226,20171225,210520500,3785.0,157994,2491704,5979898260.0,3786.0,383,3785.0,192
rb1805,20171226,20171225,210521000,3785.0,158064,2491766,5982548420.0,3786.0,350,3785.0,196
rb1805,20171226,20171225,210521500,3786.0,158540,2492102,6000569320.0,3786.0,136,3785.0,203
rb1805,20171226,20171225,210522000,3786.0,158838,2492310,6011851600.0,3787.0,204,3786.0,705
rb1805,20171226,20171225,210522500,3787.0,159110,2492096,6022150140.0,3787.0,170,3786.0,692
rb1805,20171226,20171225,210523000,3787.0,159412,2492042,6033585040.0,3787.0,148,3786.0,603
rb1805,20171226,20171225,210523500,3786.0,159446,2492062,6034872480.0,3787.0,134,3786.0,602
rb1805,20171226,20171225,210524000,3786.0,159452,2492064,6035099660.0,3787.0,153,3786.0,657
rb1805,20171226,20171225,210524500,3787.0,159534,2492070,6038204320.0,3787.0,147,3786.0,630
rb1805,20171226,20171225,210525000,3787.0,159642,2492096,6042294120.0,3787.0,106,3786.0,622
rb1805,20171226,20171225,210525500,3786.0,159726,2492120,6045474480.0,3787.0,122,3786.0,589
rb1805,20171226,20171225,210526000,3787.0,159740,2492120,6046004600.0,3787.0,123,3786.0,589
rb1805,20171226,20171225,210526500,3786.0,159746,2492122,6046231780.0,3787.0,111,3786.0,588
rb1805,20171226,20171225,210527000,3787.0,159830,2492114,6049412260.0,3787.0,102,3786.0,559
rb1805,20171226,20171225,210527500,3787.0,159854,2492132,6050321120.0,3787.0,192,3786.0,561
rb1805,20171226,20171225,210528000,3786.0,159880,2492132,6051305540.0,3787.0,190,3786.0,553
rb1805,20171226,20171225,210528500,3787.0,159988,2492190,6055395380.0,3787.0,143,3786.0,658
rb1805,20171226,20171225,210529000,3787.0,160016,2492182,6056455740.0,3787.0,131,3786.0,673
rb1805,20171226,20171225,210529500,3786.0,160236,2492230,6064787060.0,3787.0,32,3786.0,674
rb1805,20171226,20171225,210530000,3787.0,160772,2492660,6085080700.0,3788.0,758,3787.0,67
rb1805,20171226,20171225,210530500,3787.0,160990,2492472,6093336360.0,3788.0,784,3787.0,49
rb1805,20171226,20171225,210531000,3787.0,161032,2492450,6094926900.0,3788.0,783,3787.0,33
rb1805,20171226,20171225,210531500,3786.0,161238,2492464,6102727100.0,3788.0,783,3786.0,319
rb1805,20171226,20171225,210532000,3787.0,161266,2492480,6103787380.0,3787.0,12,3786.0,321
rb1805,20171226,20171225,210532500,3786.0,161278,2492492,6104241700.0,3787.0,21,3786.0,320
rb1805,20171226,20171225,210533000,3787.0,161302,2492512,6105150580.0,3787.0,16,3786.0,323
rb1805,20171226,20171225,210533500,3788.0,161364,2492558,6107498820.0,3788.0,774,3787.0,6
rb1805,20171226,20171225,210534000,3788.0,161390,2492558,6108483560.0,3788.0,767,3787.0,13
rb1805,20171226,20171225,210534500,3787.0,161410,2492544,6109241000.0,3788.0,765,3787.0,36
rb1805,20171226,20171225,210535000,3787.0,161484,2492548,6112044060.0,3788.0,731,3787.0,39
rb1805,20171226,20171225,210535500,3787.0,161602,2492542,6116512720.0,3787.0,61,3786.0,330
rb1805,20171226,20171225,210536000,3787.0,161630,2492568,6117573060.0,3787.0,66,3786.0,329
rb1805,20171226,20171225,210536500,3787.0,161694,2492578,6119996720.0,3787.0,36,3786.0,344
rb1805,20171226,20171225,210537000,3787.0,161756,2492618,6122344580.0,3787.0,12,3786.0,341
rb1805,20171226,20171225,210537500,3787.0,161830,2492602,6125146920.0,3787.0,5,3786.0,343
rb1805,20171226,20171225,210538000,3787.0,161848,2492604,6125828620.0,3788.0,696,3787.0,35
rb1805,20171226,20171225,210538500,3787.0,161862,2492594,6126358820.0,3788.0,696,3787.0,99
rb1805,20171226,20171225,210539000,3787.0,162024,2492662,6132494860.0,3788.0,661,3787.0,87
rb1805,20171226,20171225,210539500,3787.0,162040,2492674,6133100800.0,3788.0,658,3787.0,116
rb1805,20171226,20171225,210540000,3788.0,162048,2492676,6133403780.0,3788.0,677,3787.0,118
rb1805,20171226,20171225,210540500,3787.0,162080,2492678,6134615660.0,3788.0,678,3787.0,201
rb1805,20171226,20171225,210541000,3787.0,162134,2492680,6136660660.0,3788.0,660,3787.0,180
rb1805,20171226,20171225,210541500,3788.0,162162,2492686,6137721220.0,3788.0,650,3787.0,181
rb1805,20171226,20171225,210542000,3787.0,162168,2492686,6137948460.0,3788.0,672,3787.0,179
rb1805,20171226,20171225,210542500,3787.0,162224,2492734,6140069580.0,3788.0,653,3787.0,171
rb1805,20171226,20171225,210543000,3787.0,162238,2492744,6140599760.0,3788.0,653,3787.0,160
rb1805,20171226,20171225,210543500,3787.0,162314,2492790,6143478100.0,3788.0,644,3787.0,149
rb1805,20171226,20171225,210544000,3788.0,162334,2492794,6144235540.0,3788.0,644,3787.0,158
rb1805,20171226,20171225,210544500,3788.0,162420,2492830,6147492800.0,3788.0,622,3787.0,137
rb1805,20171226,20171225,210545000,3788.0,163626,2493276,6193176060.0,3789.0,447,3788.0,1
rb1805,20171226,20171225,210545500,3789.0,163648,2493284,6194009340.0,3789.0,466,3788.0,5
rb1805,20171226,20171225,210546000,3789.0,163840,2493222,6201284180.0,3789.0,400,3788.0,5
rb1805,20171226,20171225,210546500,3789.0,163854,2493228,6201814560.0,3789.0,437,3788.0,29
rb1805,20171226,20171225,210547000,3788.0,163856,2493230,6201890320.0,3789.0,437,3788.0,72
rb1805,20171226,20171225,210547500,3789.0,163902,2493250,6203633160.0,3789.0,420,3788.0,70
rb1805,20171226,20171225,210548000,3788.0,163940,2493242,6205072920.0,3789.0,404,3788.0,90
rb1805,20171226,20171225,210548500,3789.0,163970,2493246,6206209580.0,3789.0,391,3788.0,92
rb1805,20171226,20171225,210549000,3789.0,164070,2493320,6209997860.0,3789.0,379,3788.0,64
rb1805,20171226,20171225,210549500,3788.0,164242,2493284,6216514800.0,3789.0,300,3788.0,62
rb1805,20171226,20171225,210550000,3789.0,164322,2493330,6219545820.0,3789.0,321,3788.0,80
rb1805,20171226,20171225,210550500,3788.0,164476,2493414,6225380600.0,3789.0,258,3788.0,66
rb1805,20171226,20171225,210551000,3788.0,164558,2493478,6228487320.0,3789.0,221,3788.0,61
rb1805,20171226,20171225,210551500,3789.0,164576,2493490,6229169300.0,3789.0,226,3788.0,180
rb1805,20171226,20171225,210552000,3789.0,164770,2493582,6236519560.0,3789.0,171,3788.0,233
rb1805,20171226,20171225,210552500,3789.0,165118,2493516,6249705240.0,3790.0,1627,3789.0,96
rb1805,20171226,20171225,210553000,3790.0,165330,2493516,6257738000.0,3790.0,1623,3789.0,11
rb1805,20171226,20171225,210553500,3789.0,165504,2493412,6264330660.0,3789.0,34,3788.0,290
rb1805,20171226,20171225,210554000,3789.0,165564,2493412,6266603940.0,3789.0,34,3788.0,286
rb1805,20171226,20171225,210554500,3789.0,165594,2493420,6267740600.0,3789.0,40,3788.0,289
rb1805,20171226,20171225,210555000,3789.0,165892,2493428,6279031860.0,3790.0,1611,3789.0,56
rb1805,20171226,20171225,210555500,3789.0,166048,2493408,6284942680.0,3789.0,152,3788.0,307
rb1805,20171226,20171225,210556000,3789.0,166108,2493380,6287216060.0,3789.0,160,3788.0,336
rb1805,20171226,20171225,210556500,3789.0,166228,2493304,6291762860.0,3789.0,109,3788.0,362
rb1805,20171226,20171225,210557000,3789.0,166304,2493262,6294642440.0,3789.0,68,3788.0,365
rb1805,20171226,20171225,210557500,3789.0,166320,2493258,6295248660.0,3789.0,63,3788.0,442
rb1805,20171226,20171225,210558000,3789.0,166454,2493268,6300325520.0,3789.0,21,3788.0,425
rb1805,20171226,20171225,210558500,3789.0,166504,2493252,6302220000.0,3790.0,1604,3789.0,174
rb1805,20171226,20171225,210559000,3789.0,166888,2493356,6316769740.0,3789.0,65,3788.0,438
rb1805,20171226,20171225,210559500,3789.0,167058,2493444,6323210640.0,3789.0,22,3788.0,417
rb1805,20171226,20171225,210600000,3789.0,167114,2493426,6325332500.0,3790.0,1608,3789.0,69
rb1805,20171226,20171225,210600500,3789.0,167276,2493292,6331470780.0,3790.0,1602,3789.0,10
rb1805,20171226,20171225,210601000,3790.0,167322,2493258,6333213820.0,3790.0,1598,3789.0,45
rb1805,20171226,20171225,210601500,3789.0,167718,2493080,6348221260.0,3790.0,1453,3789.0,121
rb1805,20171226,20171225,210602000,3790.0,167748,2493084,6349358100.0,3790.0,1448,3789.0,174
rb1805,20171226,20171225,210602500,3790.0,167756,2493078,6349661300.0,3790.0,1444,3789.0,251
rb1805,20171226,20171225,210603000,3790.0,167816,2493098,6351934980.0,3790.0,1430,3789.0,242
rb1805,20171226,20171225,210603500,3789.0,167850,2493088,6353223520.0,3790.0,1416,3789.0,304
rb1805,20171226,20171225,210604000,3790.0,168370,2493460,6372926460.0,3790.0,1430,3789.0,54
rb1805,20171226,20171225,210604500,3789.0,168540,2493400,6379367760.0,3789.0,62,3788.0,483
rb1805,20171226,20171225,210605000,3789.0,168574,2493418,6380656020.0,3789.0,46,3788.0,484
rb1805,20171226,20171225,210605500,3789.0,168598,2493420,6381565340.0,3789.0,41,3788.0,482
rb1805,20171226,20171225,210606000,3788.0,168648,2493436,6383459820.0,3789.0,24,3788.0,484
rb1805,20171226,20171225,210606500,3789.0,168678,2493432,6384596500.0,3789.0,14,3788.0,482
rb1805,20171226,20171225,210607000,3790.0,168744,2493436,6387097160.0,3790.0,1481,3789.0,14
rb1805,20171226,20171225,210607500,3789.0,168812,2493460,6389673680.0,3789.0,29,3788.0,479
rb1805,20171226,20171225,210608000,3789.0,168840,2493468,6390734560.0,3789.0,17,3788.0,488
rb1805,20171226,20171225,210608500,3789.0,168894,2493498,6392780620.0,3790.0,1490,3789.0,9
rb1805,20171226,20171225,210609000,3790.0,168922,2493494,6393841600.0,3790.0,1491,3789.0,23
rb1805,20171226,20171225,210609500,3789.0,168980,2493452,6396039300.0,3790.0,1489,3789.0,9
rb1805,20171226,20171225,210610000,3789.0,169096,2493434,6400433820.0,3789.0,102,3788.0,480
rb1805,20171226,20171225,210610500,3789.0,169134,2493418,6401873600.0,3789.0,90,3788.0,478
rb1805,20171226,20171225,210611000,3789.0,169152,2493428,6402555620.0,3789.0,154,3788.0,478
rb1805,20171226,20171225,210611500,3789.0,169174,2493434,6403389180.0,3789.0,414,3788.0,500
rb1805,20171226,20171225,210612000,3789.0,169258,2493352,6406571500.0,3789.0,456,3788.0,478
rb1805,20171226,20171225,210612500,3789.0,169290,2493334,6407783920.0,3789.0,449,3788.0,425
rb1805,20171226,20171225,210613000,3789.0,169810,2493264,6427486720.0,3789.0,197,3788.0,427
rb1805,20171226,20171225,210613500,3789.0,169852,2493266,6429078040.0,3789.0,168,3788.0,428
rb1805,20171226,20171225,210614000,3789.0,169936,2493280,6432260380.0,3789.0,169,3788.0,407
rb1805,20171226,20171225,210614500,3789.0,170040,2493252,6436200360.0,3789.0,153,3788.0,382
rb1805,20171226,20171225,210615000,3789.0,170064,2493268,6437109720.0,3789.0,144,3788.0,395
rb1805,20171226,20171225,210615500,3788.0,170110,2493228,6438852240.0,3789.0,144,3788.0,385
rb1805,20171226,20171225,210616000,3789.0,170130,2493244,6439610040.0,3789.0,166,3788.0,397
rb1805,20171226,20171225,210616500,3789.0,170244,2493188,6443929400.0,3789.0,124,3788.0,398
rb1805,20171226,20171225,210617000,3789.0,170280,2493224,6445293440.0,3789.0,107,3788.0,398
rb1805,20171226,20171225,210617500,3788.0,170388,2493240,6449384800.0,3789.0,102,3788.0,361
rb1805,20171226,20171225,210618000,3789.0,170486,2493204,6453097960.0,3789.0,91,3788.0,365
rb1805,20171226,20171225,210618500,3789.0,170506,2493202,6453855740.0,3789.0,82,3788.0,366
rb1805,20171226,20171225,210619000,3789.0,170520,2493192,6454386200.0,3789.0,59,3788.0,367
rb1805,20171226,20171225,210619500,3789.0,170608,2493224,6457719860.0,3789.0,37,3788.0,336
rb1805,20171226,20171225,210620000,3789.0,170612,2493222,6457871420.0,3789.0,80,3788.0,343
rb1805,20171226,20171225,210620500,3788.0,170724,2493290,6462115040.0,3789.0,62,3788.0,336
rb1805,20171226,20171225,210621000,3789.0,170900,2493272,6468783680.0,3790.0,1514,3789.0,122
rb1805,20171226,20171225,210621500,3788.0,171168,2493286,6478938140.0,3789.0,14,3788.0,329
rb1805,20171226,20171225,210622000,3788.0,171402,2493182,6487803520.0,3789.0,7,3788.0,308
rb1805,20171226,20171225,210622500,3789.0,171650,2493252,6497201920.0,3789.0,99,3788.0,308
rb1805,20171226,20171225,210623000,3788.0,171698,2493248,6499020180.0,3789.0,255,3788.0,267
rb1805,20171226,20171225,210623500,3789.0,171924,2493160,6507581180.0,3789.0,247,3788.0,161
rb1805,20171226,20171225,210624000,3789.0,171962,2493178,6509020800.0,3789.0,258,3788.0,155
rb1805,20171226,20171225,210624500,3789.0,172076,2493264,6513339180.0,3789.0,279,3788.0,105
rb1805,20171226,20171225,210625000,3788.0,172164,2493314,6516672700.0,3789.0,303,3788.0,74
rb1805,20171226,20171225,210625500,3788.0,172166,2493316,6516748460.0,3789.0,308,3788.0,74
rb1805,20171226,20171225,210626000,3789.0,172280,2493374,6521066860.0,3789.0,277,3788.0,53
rb1805,20171226,20171225,210626500,3788.0,172352,2493394,6523794380.0,3789.0,271,3788.0,14
rb1805,20171226,20171225,210627000,3788.0,172384,2493404,6525006640.0,3789.0,524,3788.0,4
rb1805,20171226,20171225,210627500,3787.0,172402,2493394,6525688460.0,3788.0,110,3787.0,413
rb1805,20171226,20171225,210628000,3788.0,172418,2493384,6526294540.0,3788.0,83,3787.0,440
rb1805,20171226,20171225,210628500,3788.0,172444,2493388,6527279380.0,3788.0,85,3787.0,441
rb1805,20171226,20171225,210629000,3788.0,172446,2493388,6527355140.0,3788.0,86,3787.0,389
rb1805,20171226,20171225,210629500,3788.0,172456,2493394,6527733920.0,3788.0,82,3787.0,390
rb1805,20171226,20171225,210630000,3788.0,172492,2493430,6529097400.0,3788.0,75,3787.0,380
rb1805,20171226,20171225,210630500,3788.0,172504,2493436,6529551940.0,3788.0,111,3787.0,383
rb1805,20171226,20171225,210631000,3787.0,172592,2493478,6532885160.0,3788.0,78,3787.0,373
rb1805,20171226,20171225,210631500,3788.0,172606,2493486,6533415440.0,3788.0,73,3787.0,374
rb1805,20171226,20171225,210632000,3788.0,172624,2493502,6534097260.0,3788.0,85,3787.0,375
rb1805,20171226,20171225,210632500,3787.0,172664,2493504,6535612360.0,3788.0,71,3787.0,375
rb1805,20171226,20171225,210633000,3788.0,172688,2493520,6536521480.0,3788.0,39,3787.0,377
rb1805,20171226,20171225,210633500,3787.0,172840,2493544,6542279540.0,3789.0,604,3787.0,376
rb1805,20171226,20171225,210634000,3788.0,172848,2493544,6542582580.0,3789.0,600,3788.0,17
rb1805,20171226,20171225,210634500,3789.0,172886,2493572,6544022060.0,3789.0,601,3788.0,172
rb1805,20171226,20171225,210635000,3788.0,172896,2493578,6544400880.0,3789.0,633,3788.0,231
rb1805,20171226,20171225,210635500,3789.0,172900,2493580,6544552420.0,3789.0,631,3788.0,302
rb1805,20171226,20171225,210636000,3788.0,172912,2493580,6545006980.0,3789.0,630,3788.0,349
rb1805,20171226,20171225,210636500,3788.0,172988,2493654,6547885880.0,3789.0,646,3788.0,315
rb1805,20171226,20171225,210637000,3788.0,173042,2493708,6549931680.0,3789.0,635,3788.0,266
rb1805,20171226,20171225,210637500,3788.0,173270,2493928,6558568320.0,3789.0,661,3788.0,169
rb1805,20171226,20171225,210638000,3788.0,173296,2493932,6559553280.0,3789.0,664,3788.0,149
rb1805,20171226,20171225,210638500,3788.0,173308,2493930,6560007860.0,3789.0,663,3788.0,148
rb1805,20171226,20171225,210639000,3789.0,173438,2494040,6564932320.0,3789.0,660,3788.0,97
rb1805,20171226,20171225,210639500,3788.0,173448,2494048,6565311200.0,3789.0,658,3788.0,100
rb1805,20171226,20171225,210640000,3789.0,173490,2494070,6566902260.0,3789.0,655,3788.0,89
rb1805,20171226,20171225,210640500,3788.0,173516,2494092,6567887140.0,3789.0,662,3788.0,104
rb1805,20171226,20171225,210641000,3789.0,173546,2494108,6569023780.0,3789.0,652,3788.0,114
rb1805,20171226,20171225,210641500,3788.0,173562,2494114,6569629860.0,3789.0,651,3788.0,140
rb1805,20171226,20171225,210642000,3789.0,173586,2494100,6570539160.0,3789.0,653,3788.0,202
rb1805,20171226,20171225,210642500,3788.0,173600,2494106,6571069520.0,3789.0,653,3788.0,199
rb1805,20171226,20171225,210643000,3789.0,173692,2494018,6574555400.0,3789.0,610,3788.0,200
rb1805,20171226,20171225,210643500,3788.0,173784,2493950,6578041180.0,3789.0,568,3788.0,221
rb1805,20171226,20171225,210644000,3789.0,173906,2493980,6582663760.0,3789.0,488,3788.0,247
rb1805,20171226,20171225,210644500,3789.0,174260,2494282,6596076760.0,3789.0,318,3788.0,257
rb1805,20171226,20171225,210645000,3788.0,174588,2494368,6608504660.0,3789.0,157,3788.0,256
rb1805,20171226,20171225,210645500,3789.0,174904,2494334,6620477900.0,3790.0,1594,3789.0,7
rb1805,20171226,20171225,210646000,3789.0,175038,2494336,6625556200.0,3790.0,1543,3789.0,103
rb1805,20171226,20171225,210646500,3789.0,175044,2494332,6625783540.0,3790.0,1550,3789.0,103
rb1805,20171226,20171225,210647000,3789.0,175058,2494330,6626314000.0,3790.0,1551,3789.0,189
rb1805,20171226,20171225,210647500,3789.0,175172,2494284,6630633460.0,3790.0,1552,3789.0,82
rb1805,20171226,20171225,210648000,3789.0,175374,2494430,6638287240.0,3789.0,75,3788.0,266
rb1805,20171226,20171225,210648500,3789.0,175382,2494428,6638590360.0,3789.0,90,3788.0,255
rb1805,20171226,20171225,210649000,3789.0,175426,2494390,6640257520.0,3789.0,100,3788.0,256
rb1805,20171226,20171225,210649500,3789.0,175460,2494380,6641545760.0,3789.0,90,3788.0,257
rb1805,20171226,20171225,210650000,3789.0,175496,2494360,6642909720.0,3789.0,91,3788.0,249
rb1805,20171226,20171225,210650500,3789.0,175546,2494324,6644804220.0,3789.0,120,3788.0,250
rb1805,20171226,20171225,210651000,3789.0,175554,2494330,6645107340.0,3789.0,119,3788.0,253
rb1805,20171226,20171225,210651500,3789.0,175806,2494234,6654653320.0,3789.0,133,3788.0,149
rb1805,20171226,20171225,210652000,3789.0,175824,2494252,6655335280.0,3789.0,134,3788.0,154
rb1805,20171226,20171225,210652500,3788.0,175852,2494276,6656395980.0,3789.0,134,3788.0,143
rb1805,20171226,20171225,210653000,3789.0,175900,2494318,6658214580.0,3789.0,122,3788.0,140
rb1805,20171226,20171225,210653500,3789.0,175910,2494326,6658593420.0,3789.0,229,3788.0,141
rb1805,20171226,20171225,210654000,3789.0,175990,2494386,6661623840.0,3789.0,254,3788.0,102
rb1805,20171226,20171225,210654500,3788.0,176014,2494392,6662533120.0,3789.0,432,3788.0,99
rb1805,20171226,20171225,210655000,3789.0,176208,2494444,6669881880.0,3789.0,436,3788.0,7
rb1805,20171226,20171225,210655500,3788.0,176232,2494462,6670791000.0,3788.0,149,3787.0,435
rb1805,20171226,20171225,210656000,3788.0,176262,2494482,6671927240.0,3788.0,155,3787.0,430
rb1805,20171226,20171225,210656500,3788.0,176276,2494484,6672457520.0,3788.0,187,3787.0,408
rb1805,20171226,20171225,210657000,3788.0,176334,2494430,6674654520.0,3788.0,160,3787.0,406
rb1805,20171226,20171225,210657500,3788.0,176382,2494442,6676472720.0,3788.0,131,3787.0,422
rb1805,20171226,20171225,210658000,3788.0,176552,2494434,6682912320.0,3788.0,45,3787.0,424
rb1805,20171226,20171225,210658500,3788.0,176584,2494454,6684124480.0,3788.0,31,3787.0,436
rb1805,20171226,20171225,210659000,3788.0,176604,2494466,6684881980.0,3788.0,26,3787.0,460
rb1805,20171226,20171225,210659500,3788.0,176670,2494454,6687382100.0,3789.0,583,3788.0,20
rb1805,20171226,20171225,210700000,3788.0,176716,2494496,6689124580.0,3789.0,584,3788.0,16
rb1805,20171226,20171225,210700500,3788.0,176726,2494500,6689503380.0,3789.0,584,3788.0,25
rb1805,20171226,20171225,210701000,3788.0,176786,2494534,6691776180.0,3789.0,584,3788.0,14
rb1805,20171226,20171225,210701500,3788.0,177094,2494578,6703445280.0,3789.0,469,3788.0,17
rb1805,20171226,20171225,210702000,3789.0,177176,2494556,6706551680.0,3789.0,458,3787.0,471
rb1805,20171226,20171225,210702500,3788.0,177182,2494552,6706778960.0,3788.0,8,3787.0,482
rb1805,20171226,20171225,210703000,3788.0,177196,2494548,6707309280.0,3788.0,2,3787.0,482
rb1805,20171226,20171225,210703500,3788.0,177208,2494550,6707763820.0,3789.0,493,3788.0,196
rb1805,20171226,20171225,210704000,3788.0,177256,2494550,6709582060.0,3789.0,493,3788.0,188
rb1805,20171226,20171225,210704500,3788.0,177280,2494528,6710491300.0,3789.0,506,3788.0,194
rb1805,20171226,20171225,210705000,3788.0,177290,2494524,6710870100.0,3789.0,507,3788.0,201
rb1805,20171226,20171225,210705500,3789.0,177300,2494520,6711248920.0,3789.0,506,3788.0,199
rb1805,20171226,20171225,210706000,3788.0,177318,2494502,6711930900.0,3789.0,497,3788.0,217
rb1805,20171226,20171225,210706500,3788.0,177340,2494502,6712764300.0,3789.0,475,3788.0,242
rb1805,20171226,20171225,210707000,3788.0,177348,2494500,6713067360.0,3789.0,474,3788.0,239
rb1805,20171226,20171225,210707500,3788.0,177352,2494496,6713218880.0,3789.0,473,3788.0,239
rb1805,20171226,20171225,210708000,3788.0,177452,2494464,6717007540.0,3789.0,466,3788.0,255
rb1805,20171226,20171225,210708500,3789.0,177468,2494454,6717613660.0,3789.0,449,3788.0,255
rb1805,20171226,20171225,210709000,3789.0,177492,2494454,6718522800.0,3789.0,459,3788.0,250
rb1805,20171226,20171225,210709500,3789.0,177552,2494450,6720795860.0,3789.0,468,3788.0,244
rb1805,20171226,20171225,210710000,3788.0,177570,2494448,6721477700.0,3789.0,469,3788.0,242
rb1805,20171226,20171225,210710500,3788.0,177622,2494440,6723447460.0,3789.0,472,3788.0,217
rb1805,20171226,20171225,210711000,3789.0,177714,2494350,6726933180.0,3789.0,540,3788.0,208
rb1805,20171226,20171225,210711500,3788.0,177794,2494278,6729963580.0,3789.0,541,3788.0,182
rb1805,20171226,20171225,210712000,3789.0,177830,2494266,6731327320.0,3789.0,548,3788.0,176
rb1805,20171226,20171225,210712500,3788.0,177908,2494294,6734281980.0,3789.0,534,3788.0,138
rb1805,20171226,20171225,210713000,3789.0,177938,2494312,6735418480.0,3789.0,530,3788.0,129
rb1805,20171226,20171225,210713500,3788.0,178106,2494184,6741782460.0,3789.0,440,3788.0,68
rb1805,20171226,20171225,210714000,3788.0,178172,2494204,6744282640.0,3789.0,441,3788.0,43
rb1805,20171226,20171225,210714500,3788.0,178176,2494204,6744434160.0,3789.0,444,3788.0,44
rb1805,20171226,20171225,210715000,3788.0,178212,2494232,6745798120.0,3789.0,431,3788.0,42
rb1805,20171226,20171225,210715500,3789.0,178266,2494234,6747844080.0,3789.0,410,3788.0,65
rb1805,20171226,20171225,210716000,3789.0,178286,2494254,6748601880.0,3789.0,442,3788.0,76
rb1805,20171226,20171225,210716500,3788.0,178306,2494254,6749359480.0,3789.0,445,3788.0,66
rb1805,20171226,20171225,210717000,3788.0,178320,2494262,6749889880.0,3789.0,445,3788.0,76
rb1805,20171226,20171225,210717500,3789.0,178398,2494304,6752845000.0,3789.0,422,3788.0,64
rb1805,20171226,20171225,210718000,3788.0,178430,2494326,6754057260.0,3789.0,457,3788.0,53
rb1805,20171226,20171225,210718500,3789.0,178500,2494274,6756708960.0,3789.0,453,3788.0,24
rb1805,20171226,20171225,210719000,3788.0,178570,2494300,6759361220.0,3789.0,445,3788.0,23
rb1805,20171226,20171225,210719500,3788.0,178608,2494302,6760800880.0,3789.0,436,3788.0,118
rb1805,20171226,20171225,210720000,3789.0,178672,2494350,6763225780.0,3789.0,388,3788.0,135
rb1805,20171226,20171225,210720500,3789.0,178708,2494362,6764589780.0,3789.0,372,3788.0,188
rb1805,20171226,20171225,210721000,3789.0,178794,2494442,6767848120.0,3789.0,365,3788.0,208
rb1805,20171226,20171225,210721500,3788.0,178808,2494436,6768378460.0,3789.0,325,3788.0,201
rb1805,20171226,20171225,210722000,3788.0,178820,2494432,6768833040.0,3789.0,326,3788.0,279
rb1805,20171226,20171225,210722500,3789.0,178914,2494434,6772394520.0,3789.0,294,3788.0,272
rb1805,20171226,20171225,210723000,3789.0,178932,2494434,6773076440.0,3789.0,290,3788.0,270
rb1805,20171226,20171225,210723500,3789.0,178976,2494430,6774743560.0,3789.0,272,3788.0,331
rb1805,20171226,20171225,210724000,3788.0,178988,2494424,6775198200.0,3789.0,269,3788.0,329
rb1805,20171226,20171225,210724500,3789.0,179088,2494390,6778986980.0,3789.0,231,3788.0,330
rb1805,20171226,20171225,210725000,3789.0,179116,2494394,6780047780.0,3789.0,225,3788.0,332
rb1805,20171226,20171225,210725500,3789.0,179140,2494388,6780957040.0,3789.0,230,3788.0,340
rb1805,20171226,20171225,210726000,3789.0,179166,2494390,6781941940.0,3789.0,204,3788.0,329
rb1805,20171226,20171225,210726500,3788.0,179198,2494396,6783154280.0,3789.0,195,3788.0,329
rb1805,20171226,20171225,210727000,3789.0,179236,2494398,6784594080.0,3789.0,179,3788.0,331
rb1805,20171226,20171225,210727500,3789.0,179266,2494390,6785730700.0,3789.0,168,3788.0,336
rb1805,20171226,20171225,210728000,3789.0,179322,2494380,6787852540.0,3789.0,142,3788.0,338
rb1805,20171226,20171225,210728500,3788.0,179502,2494492,6794670980.0,3789.0,161,3788.0,271
rb1805,20171226,20171225,210729000,3789.0,179524,2494498,6795504420.0,3789.0,134,3788.0,267
rb1805,20171226,20171225,210729500,3788.0,179532,2494498,6795807460.0,3789.0,134,3788.0,270
rb1805,20171226,20171225,210730000,3788.0,179550,2494492,6796489360.0,3789.0,111,3788.0,265
rb1805,20171226,20171225,210730500,3789.0,179622,2494504,6799217280.0,3789.0,153,3788.0,258
rb1805,20171226,20171225,210731000,3789.0,179646,2494526,6800126640.0,3789.0,141,3788.0,285
rb1805,20171226,20171225,210731500,3789.0,179728,2494588,6803233500.0,3789.0,109,3788.0,282
rb1805,20171226,20171225,210732000,3789.0,179740,2494588,6803688160.0,3789.0,104,3788.0,281
rb1805,20171226,20171225,210732500,3789.0,179760,2494574,6804445920.0,3789.0,97,3788.0,281
rb1805,20171226,20171225,210733000,3789.0,179962,2494604,6812097700.0,3789.0,98,3788.0,187
rb1805,20171226,20171225,210733500,3789.0,180080,2494494,6816567660.0,3789.0,122,3788.0,153
rb1805,20171226,20171225,210734000,3789.0,180084,2494492,6816719220.0,3789.0,123,3788.0,155
rb1805,20171226,20171225,210734500,3789.0,180092,2494486,6817022340.0,3789.0,129,3788.0,156
rb1805,20171226,20171225,210735000,3789.0,180098,2494486,6817249680.0,3789.0,133,3788.0,158
rb1805,20171226,20171225,210735500,3789.0,180184,2494536,6820507400.0,3789.0,159,3788.0,134
rb1805,20171226,20171225,210736000,3789.0,180216,2494536,6821719860.0,3789.0,154,3788.0,134
rb1805,20171226,20171225,210736500,3788.0,180336,2494540,6826266420.0,3789.0,89,3788.0,132
rb1805,20171226,20171225,210737000,3789.0,180538,2494592,6833920200.0,3790.0,1558,3789.0,53
rb1805,20171226,20171225,210737500,3789.0,180746,2494474,6841801300.0,3789.0,36,3788.0,181
rb1805,20171226,20171225,210738000,3789.0,180762,2494466,6842407540.0,3789.0,30,3788.0,180
rb1805,20171226,20171225,210738500,3788.0,180772,2494464,6842786400.0,3789.0,31,3788.0,198
rb1805,20171226,20171225,210739000,3789.0,180786,2494454,6843316860.0,3789.0,32,3788.0,199
rb1805,20171226,20171225,210739500,3789.0,180832,2494424,6845059760.0,3789.0,45,3788.0,197
rb1805,20171226,20171225,210740000,3789.0,180918,2494426,6848318180.0,3789.0,41,3788.0,182
rb1805,20171226,20171225,210740500,3789.0,180966,2494464,6850136720.0,3789.0,51,3788.0,176
rb1805,20171226,20171225,210741000,3789.0,180984,2494468,6850818740.0,3789.0,44,3788.0,175
rb1805,20171226,20171225,210741500,3788.0,181062,2494510,6853774000.0,3789.0,17,3788.0,184
rb1805,20171226,20171225,210742000,3789.0,181072,2494510,6854152900.0,3789.0,6,3788.0,219
rb1805,20171226,20171225,210742500,3789.0,181092,2494520,6854910640.0,3790.0,1578,3789.0,6
rb1805,20171226,20171225,210743000,3789.0,181096,2494522,6855062200.0,3790.0,1578,3789.0,13
rb1805,20171226,20171225,210743500,3789.0,181102,2494526,6855289540.0,3790.0,1580,3789.0,13
rb1805,20171226,20171225,210744000,3790.0,181138,2494510,6856653620.0,3790.0,1578,3788.0,241
rb1805,20171226,20171225,210744500,3788.0,181152,2494510,6857184020.0,3790.0,1576,3788.0,224
rb1805,20171226,20171225,210745000,3788.0,181214,2494564,6859532660.0,3789.0,2,3788.0,197
rb1805,20171226,20171225,210745500,3789.0,181216,2494566,6859608440.0,3789.0,14,3788.0,214
rb1805,20171226,20171225,210746000,3789.0,181228,2494562,6860063120.0,3789.0,30,3788.0,220
rb1805,20171226,20171225,210746500,3789.0,181236,2494556,6860366240.0,3789.0,43,3788.0,277
rb1805,20171226,20171225,210747000,3789.0,181244,2494558,6860669320.0,3789.0,55,3788.0,276
rb1805,20171226,20171225,210747500,3788.0,181260,2494558,6861275440.0,3789.0,60,3788.0,271
rb1805,20171226,20171225,210748000,3789.0,181304,2494568,6862942600.0,3789.0,39,3788.0,272
rb1805,20171226,20171225,210748500,3789.0,181330,2494570,6863927680.0,3789.0,29,3788.0,269
rb1805,20171226,20171225,210749000,3789.0,181408,2494608,6866883080.0,3790.0,1616,3789.0,13
rb1805,20171226,20171225,210749500,3789.0,181410,2494608,6866958860.0,3790.0,1616,3789.0,22
rb1805,20171226,20171225,210750000,3790.0,181442,2494628,6868171400.0,3790.0,1615,3789.0,23
rb1805,20171226,20171225,210750500,3789.0,181444,2494628,6868247180.0,3790.0,1617,3789.0,43
rb1805,20171226,20171225,210751000,3790.0,181654,2494804,6876206080.0,3790.0,1517,3789.0,49
rb1805,20171226,20171225,210751500,3789.0,181666,2494810,6876660760.0,3790.0,1519,3789.0,46
rb1805,20171226,20171225,210752000,3789.0,181672,2494814,6876888120.0,3790.0,1519,3789.0,46
rb1805,20171226,20171225,210752500,3789.0,181678,2494818,6877115480.0,3790.0,1539,3789.0,44
rb1805,20171226,20171225,210753000,3789.0,181690,2494828,6877570200.0,3790.0,1537,3789.0,42
rb1805,20171226,20171225,210753500,3789.0,181698,2494836,6877873380.0,3790.0,1535,3789.0,84
rb1805,20171226,20171225,210754000,3790.0,181708,2494838,6878252300.0,3790.0,1514,3789.0,95
rb1805,20171226,20171225,210754500,3790.0,181760,2494804,6880222600.0,3790.0,1518,3789.0,94
rb1805,20171226,20171225,210755000,3789.0,181806,2494804,6881965580.0,3790.0,1543,3789.0,79
rb1805,20171226,20171225,210755500,3790.0,181940,2494782,6887044100.0,3790.0,1481,3789.0,76
rb1805,20171226,20171225,210756000,3790.0,181948,2494782,6887347260.0,3790.0,1478,3789.0,75
rb1805,20171226,20171225,210756500,3789.0,182124,2494714,6894016020.0,3790.0,1473,3789.0,13
rb1805,20171226,20171225,210757000,3789.0,182158,2494718,6895304460.0,3790.0,1464,3789.0,6
rb1805,20171226,20171225,210757500,3789.0,182176,2494714,6895986640.0,3790.0,1454,3789.0,5
rb1805,20171226,20171225,210758000,3789.0,182216,2494704,6897502460.0,3790.0,1458,3789.0,10
rb1805,20171226,20171225,210758500,3789.0,182244,2494700,6898563600.0,3790.0,1430,3789.0,16
rb1805,20171226,20171225,210759000,3790.0,182260,2494710,6899169900.0,3790.0,1449,3789.0,71
rb1805,20171226,20171225,210759500,3790.0,182330,2494704,6901822800.0,3790.0,1420,3789.0,87
rb1805,20171226,20171225,210800000,3790.0,182356,2494692,6902808120.0,3790.0,1397,3789.0,90
rb1805,20171226,20171225,210800500,3789.0,182384,2494696,6903869220.0,3790.0,1401,3789.0,106
rb1805,20171226,20171225,210801000,3790.0,182404,2494700,6904627140.0,3790.0,1410,3789.0,110
rb1805,20171226,20171225,210801500,3790.0,183824,2493584,6958445140.0,3790.0,701,3789.0,143
rb1805,20171226,20171225,210802000,3790.0,184600,2493964,6987855220.0,3790.0,310,3789.0,231
rb1805,20171226,20171225,210802500,3790.0,185236,2494256,7011959620.0,3791.0,861,3790.0,687
rb1805,20171226,20171225,210803000,3791.0,185298,2494236,7014309920.0,3791.0,821,3790.0,623
rb1805,20171226,20171225,210803500,3790.0,185382,2494182,7017494080.0,3791.0,798,3790.0,658
rb1805,20171226,20171225,210804000,3791.0,185552,2494248,7023938400.0,3791.0,732,3790.0,655
rb1805,20171226,20171225,210804500,3790.0,185634,2494202,7027046360.0,3791.0,727,3790.0,631
rb1805,20171226,20171225,210805000,3791.0,185654,2494212,7027804540.0,3791.0,738,3790.0,567
rb1805,20171226,20171225,210805500,3790.0,185732,2494216,7030761340.0,3791.0,757,3790.0,539
rb1805,20171226,20171225,210806000,3790.0,185762,2494226,7031898620.0,3791.0,743,3790.0,495
rb1805,20171226,20171225,210806500,3791.0,185956,2494216,7039253120.0,3791.0,648,3790.0,482
rb1805,20171226,20171225,210807000,3790.0,185992,2494222,7040617640.0,3791.0,644,3790.0,478
rb1805,20171226,20171225,210807500,3791.0,186240,2494366,7050017880.0,3791.0,603,3790.0,407
rb1805,20171226,20171225,210808000,3791.0,186290,2494384,7051913340.0,3791.0,581,3790.0,425
rb1805,20171226,20171225,210808500,3791.0,186330,2494404,7053429740.0,3791.0,562,3790.0,439
rb1805,20171226,20171225,210809000,3790.0,186368,2494416,7054870280.0,3791.0,516,3790.0,437
rb1805,20171226,20171225,210809500,3791.0,186468,2494432,7058660860.0,3791.0,602,3790.0,421
rb1805,20171226,20171225,210810000,3791.0,186506,2494452,7060101380.0,3791.0,607,3790.0,364
rb1805,20171226,20171225,210810500,3791.0,187030,2494694,7079964300.0,3791.0,444,3790.0,269
rb1805,20171226,20171225,210811000,3791.0,187076,2494708,7081707980.0,3791.0,432,3790.0,266
rb1805,20171226,20171225,210811500,3791.0,187168,2494732,7085195180.0,3791.0,402,3790.0,244
rb1805,20171226,20171225,210812000,3791.0,187244,2494698,7088076140.0,3791.0,374,3790.0,227
rb1805,20171226,20171225,210812500,3791.0,187280,2494688,7089440900.0,3791.0,413,3790.0,237
rb1805,20171226,20171225,210813000,3790.0,188102,2494970,7120602720.0,3791.0,13,3790.0,231
rb1805,20171226,20171225,210813500,3791.0,188220,2494930,7125075920.0,3792.0,1160,3791.0,44
rb1805,20171226,20171225,210814000,3791.0,188380,2494866,7131141640.0,3792.0,1139,3791.0,21
rb1805,20171226,20171225,210814500,3790.0,188442,2494854,7133492060.0,3791.0,44,3790.0,261
rb1805,20171226,20171225,210815000,3791.0,188826,2494490,7148049460.0,3791.0,16,3790.0,255
rb1805,20171226,20171225,210815500,3791.0,188886,2494474,7150324000.0,3791.0,71,3790.0,269
rb1805,20171226,20171225,210816000,3791.0,189116,2494504,7159043320.0,3792.0,1157,3791.0,55
rb1805,20171226,20171225,210816500,3792.0,189180,2494514,7161469800.0,3792.0,1221,3791.0,53
rb1805,20171226,20171225,210817000,3791.0,189618,2494724,7178078600.0,3792.0,971,3791.0,54
rb1805,20171226,20171225,210817500,3792.0,189668,2494752,7179974360.0,3792.0,938,3791.0,82
rb1805,20171226,20171225,210818000,3792.0,189710,2494782,7181566860.0,3792.0,913,3791.0,110
rb1805,20171226,20171225,210818500,3791.0,189786,2494832,7184448620.0,3792.0,883,3791.0,111
rb1805,20171226,20171225,210819000,3792.0,190066,2494934,7195066200.0,3792.0,780,3791.0,134
rb1805,20171226,20171225,210819500,3791.0,190452,2495074,7209699740.0,3791.0,56,3790.0,296
rb1805,20171226,20171225,210820000,3791.0,190508,2495096,7211822580.0,3791.0,58,3790.0,293
rb1805,20171226,20171225,210820500,3791.0,190596,2495158,7215158640.0,3791.0,33,3790.0,302
rb1805,20171226,20171225,210821000,3791.0,190634,2495182,7216599220.0,3791.0,27,3790.0,304
rb1805,20171226,20171225,210821500,3791.0,190690,2495198,7218722160.0,3791.0,5,3790.0,305
rb1805,20171226,20171225,210822000,3792.0,190786,2495182,7222361720.0,3792.0,782,3791.0,5
rb1805,20171226,20171225,210822500,3791.0,191300,2494698,7241847520.0,3792.0,802,3791.0,23
rb1805,20171226,20171225,210823000,3791.0,191330,2494678,7242984860.0,3792.0,803,3791.0,83
rb1805,20171226,20171225,210823500,3792.0,191456,2494690,7247761620.0,3792.0,799,3791.0,42
rb1805,20171226,20171225,210824000,3791.0,191494,2494666,7249202480.0,3792.0,795,3791.0,80
rb1805,20171226,20171225,210824500,3791.0,191558,2494658,7251629000.0,3792.0,764,3791.0,93
rb1805,20171226,20171225,210825000,3792.0,191600,2494672,7253221380.0,3792.0,761,3791.0,137
rb1805,20171226,20171225,210825500,3791.0,191780,2494688,7260046660.0,3792.0,691,3791.0,156
rb1805,20171226,20171225,210826000,3791.0,191964,2494750,7267023120.0,3792.0,643,3791.0,129
rb1805,20171226,20171225,210826500,3792.0,192196,2494934,7275820500.0,3792.0,556,3791.0,173
rb1805,20171226,20171225,210827000,3792.0,192678,2494864,7294097700.0,3792.0,326,3791.0,182
rb1805,20171226,20171225,210827500,3791.0,192768,2494912,7297510180.0,3792.0,299,3791.0,200
rb1805,20171226,20171225,210828000,3792.0,192828,2494966,7299785240.0,3792.0,281,3791.0,285
rb1805,20171226,20171225,210828500,3791.0,192850,2494982,7300619400.0,3792.0,320,3791.0,263
rb1805,20171226,20171225,210829000,3792.0,192978,2494984,7305472960.0,3792.0,292,3791.0,261
rb1805,20171226,20171225,210829500,3791.0,193452,2495404,7323442740.0,3792.0,403,3791.0,97
rb1805,20171226,20171225,210830000,3791.0,193906,2495574,7340653860.0,3791.0,435,3790.0,362
rb1805,20171226,20171225,210830500,3791.0,194380,2495830,7358619180.0,3791.0,337,3790.0,155
rb1805,20171226,20171225,210831000,3791.0,194646,2495922,7368701060.0,3791.0,363,3790.0,46
rb1805,20171226,20171225,210831500,3790.0,194764,2495962,7373173260.0,3790.0,175,3789.0,336
rb1805,20171226,20171225,210832000,3790.0,195014,2496108,7382648220.0,3790.0,199,3789.0,310
rb1805,20171226,20171225,210832500,3790.0,195104,2496160,7386059100.0,3790.0,182,3789.0,309
rb1805,20171226,20171225,210833000,3790.0,195224,2496256,7390606520.0,3790.0,151,3789.0,301
rb1805,20171226,20171225,210833500,3790.0,195348,2496274,7395306120.0,3790.0,95,3789.0,303
rb1805,20171226,20171225,210834000,3790.0,195520,2496286,7401824920.0,3790.0,17,3789.0,308
rb1805,20171226,20171225,210834500,3790.0,195564,2496254,7403492520.0,3791.0,369,3790.0,7
rb1805,20171226,20171225,210835000,3791.0,195574,2496260,7403871560.0,3791.0,363,3790.0,16
rb1805,20171226,20171225,210835500,3791.0,195602,2496268,7404933000.0,3791.0,352,3790.0,20
rb1805,20171226,20171225,210836000,3791.0,195606,2496268,7405084620.0,3791.0,352,3790.0,44
rb1805,20171226,20171225,210836500,3791.0,195616,2496272,7405463680.0,3791.0,350,3790.0,50
rb1805,20171226,20171225,210837000,3791.0,195656,2496312,7406980080.0,3791.0,332,3790.0,69
rb1805,20171226,20171225,210837500,3791.0,195692,2496320,7408344620.0,3791.0,307,3790.0,79
rb1805,20171226,20171225,210838000,3790.0,195708,2496330,7408951100.0,3791.0,325,3790.0,81
rb1805,20171226,20171225,210838500,3791.0,195742,2496340,7410239980.0,3791.0,313,3790.0,61
rb1805,20171226,20171225,210839000,3791.0,195978,2496554,7419186720.0,3791.0,197,3790.0,63
rb1805,20171226,20171225,210839500,3791.0,195996,2496566,7419869040.0,3791.0,208,3790.0,128
rb1805,20171226,20171225,210840000,3791.0,196100,2496568,7423811580.0,3791.0,181,3790.0,136
rb1805,20171226,20171225,210840500,3791.0,196104,2496566,7423963220.0,3791.0,191,3790.0,141
rb1805,20171226,20171225,210841000,3791.0,196170,2496550,7426465280.0,3791.0,159,3790.0,212
rb1805,20171226,20171225,210841500,3790.0,196196,2496532,7427450900.0,3791.0,153,3790.0,219
rb1805,20171226,20171225,210842000,3791.0,196228,2496522,7428664000.0,3791.0,147,3790.0,226
rb1805,20171226,20171225,210842500,3791.0,196250,2496524,7429497960.0,3791.0,140,3790.0,227
rb1805,20171226,20171225,210843000,3791.0,196286,2496548,7430862720.0,3791.0,124,3790.0,227
rb1805,20171226,20171225,210843500,3791.0,196424,2496466,7436094300.0,3791.0,56,3790.0,183
rb1805,20171226,20171225,210844000,3790.0,196504,2496510,7439126400.0,3791.0,61,3790.0,201
rb1805,20171226,20171225,210844500,3791.0,196532,2496528,7440187860.0,3791.0,48,3790.0,205
rb1805,20171226,20171225,210845000,3790.0,196574,2496528,7441779940.0,3791.0,40,3790.0,202
rb1805,20171226,20171225,210845500,3791.0,196586,2496530,7442234780.0,3791.0,43,3790.0,212
rb1805,20171226,20171225,210846000,3791.0,196608,2496530,7443068780.0,3791.0,51,3790.0,218
rb1805,20171226,20171225,210846500,3790.0,196638,2496522,7444205860.0,3791.0,103,3790.0,190
rb1805,20171226,20171225,210847000,3791.0,196792,2496568,7450042640.0,3791.0,95,3790.0,124
rb1805,20171226,20171225,210847500,3791.0,196808,2496566,7450649140.0,3791.0,195,3790.0,122
rb1805,20171226,20171225,210848000,3791.0,197004,2496542,7458079500.0,3791.0,103,3790.0,139
rb1805,20171226,20171225,210848500,3791.0,197008,2496540,7458231140.0,3791.0,107,3790.0,159
rb1805,20171226,20171225,210849000,3791.0,197030,2496540,7459065140.0,3791.0,129,3790.0,160
rb1805,20171226,20171225,210849500,3790.0,197086,2496548,7461187640.0,3791.0,145,3790.0,144
rb1805,20171226,20171225,210850000,3791.0,197110,2496542,7462097360.0,3791.0,415,3790.0,120
rb1805,20171226,20171225,210850500,3791.0,197358,2496484,7471496620.0,3791.0,414,3789.0,364
rb1805,20171226,20171225,210851000,3790.0,197374,2496472,7472103040.0,3791.0,420,3789.0,344
rb1805,20171226,20171225,210851500,3790.0,197406,2496476,7473315940.0,3790.0,4,3789.0,302
rb1805,20171226,20171225,210852000,3790.0,197422,2496484,7473922300.0,3791.0,429,3790.0,1
rb1805,20171226,20171225,210852500,3790.0,197462,2496450,7475438300.0,3791.0,452,3790.0,37
rb1805,20171226,20171225,210853000,3790.0,197550,2496456,7478773500.0,3791.0,474,3790.0,4
rb1805,20171226,20171225,210853500,3791.0,197598,2496452,7480592680.0,3791.0,472,3790.0,10
rb1805,20171226,20171225,210854000,3790.0,197634,2496450,7481957120.0,3790.0,5,3789.0,345
rb1805,20171226,20171225,210854500,3789.0,197718,2496444,7485139960.0,3790.0,2,3789.0,307
rb1805,20171226,20171225,210855000,3790.0,197770,2496442,7487110700.0,3791.0,479,3790.0,6
rb1805,20171226,20171225,210855500,3790.0,197816,2496422,7488854120.0,3790.0,92,3789.0,314
rb1805,20171226,20171225,210856000,3790.0,197838,2496420,7489687920.0,3790.0,107,3789.0,353
rb1805,20171226,20171225,210856500,3790.0,197924,2496336,7492947320.0,3790.0,110,3789.0,357
rb1805,20171226,20171225,210857000,3790.0,197962,2496326,7494387500.0,3790.0,105,3789.0,362
rb1805,20171226,20171225,210857500,3790.0,197990,2496324,7495448640.0,3790.0,96,3789.0,362
rb1805,20171226,20171225,210858000,3789.0,198078,2496294,7498783680.0,3790.0,74,3789.0,353
rb1805,20171226,20171225,210858500,3790.0,198174,2496290,7502422060.0,3790.0,31,3789.0,376
rb1805,20171226,20171225,210859000,3790.0,198256,2496290,7505529580.0,3790.0,11,3789.0,364
rb1805,20171226,20171225,210859500,3790.0,198300,2496308,7507197160.0,3791.0,534,3790.0,42
rb1805,20171226,20171225,210900000,3790.0,198352,2496354,7509168000.0,3791.0,534,3790.0,31
rb1805,20171226,20171225,210900500,3790.0,198408,2496382,7511290400.0,3791.0,535,3790.0,16
rb1805,20171226,20171225,210901000,3790.0,198420,2496388,7511745200.0,3791.0,536,3790.0,72
rb1805,20171226,20171225,210901500,3790.0,198428,2496388,7512048400.0,3791.0,541,3790.0,82
rb1805,20171226,20171225,210902000,3791.0,198444,2496388,7512654920.0,3791.0,504,3790.0,81
rb1805,20171226,20171225,210902500,3791.0,198466,2496382,7513488800.0,3791.0,448,3790.0,77
rb1805,20171226,20171225,210903000,3790.0,198488,2496370,7514322680.0,3791.0,455,3790.0,164
rb1805,20171226,20171225,210903500,3791.0,198528,2496370,7515838720.0,3791.0,455,3790.0,149
rb1805,20171226,20171225,210904000,3790.0,198552,2496360,7516748440.0,3791.0,467,3790.0,145
rb1805,20171226,20171225,210904500,3791.0,198586,2496350,7518037220.0,3791.0,462,3790.0,142
rb1805,20171226,20171225,210905000,3791.0,198672,2496340,7521297040.0,3791.0,451,3790.0,121
rb1805,20171226,20171225,210905500,3790.0,198706,2496358,7522585860.0,3791.0,440,3790.0,100
rb1805,20171226,20171225,210906000,3790.0,198724,2496364,7523268100.0,3791.0,430,3790.0,109
