instrument,tradingday,calendarday,time,lastp,volume,openinterest,turnover,ask1,asksz1,bid1,bidsz1
rb1805,20171128,20171127,183246500,3833.0,0,2441546,0.0,0.0,0,0.0,0
rb1805,20171128,20171127,205900500,3845.0,3510,2441154,134959500.0,3846.0,197,3845.0,163
rb1805,20171128,20171127,210000500,3843.0,4570,2441672,175702940.0,3843.0,43,3840.0,18
rb1805,20171128,20171127,210001000,3842.0,6930,2441066,266347920.0,3842.0,280,3840.0,18
rb1805,20171128,20171127,210001500,3840.0,8580,2441096,329719720.0,3840.0,101,3839.0,2
rb1805,20171128,20171127,210002000,3839.0,9260,2441104,355819640.0,3839.0,290,3838.0,3
rb1805,20171128,20171127,210002500,3838.0,9544,2441046,366717540.0,3839.0,368,3838.0,288
rb1805,20171128,20171127,210003000,3836.0,10368,2440690,398342840.0,3838.0,38,3836.0,240
rb1805,20171128,20171127,210003500,3836.0,11258,2440878,432499980.0,3837.0,37,3836.0,212
rb1805,20171128,20171127,210004000,3838.0,11844,2441038,454989840.0,3839.0,111,3838.0,3
rb1805,20171128,20171127,210004500,3837.0,12218,2441118,469344280.0,3838.0,88,3837.0,235
rb1805,20171128,20171127,210005000,3837.0,13068,2441204,501968220.0,3839.0,258,3837.0,212
rb1805,20171128,20171127,210005500,3838.0,13294,2441258,510642000.0,3839.0,217,3838.0,3
rb1805,20171128,20171127,210006000,3839.0,13524,2441240,519469660.0,3839.0,201,3838.0,155
rb1805,20171128,20171127,210006500,3839.0,14022,2441214,538586140.0,3839.0,41,3838.0,163
rb1805,20171128,20171127,210007000,3840.0,14766,2441372,567151760.0,3840.0,190,3839.0,520
rb1805,20171128,20171127,210007500,3840.0,15520,2441496,596105060.0,3841.0,100,3840.0,347
rb1805,20171128,20171127,210008000,3841.0,16232,2441936,623452980.0,3842.0,26,3841.0,244
rb1805,20171128,20171127,210008500,3842.0,16462,2442064,632291100.0,3843.0,47,3842.0,209
rb1805,20171128,20171127,210009000,3843.0,16722,2441932,642282760.0,3844.0,353,3843.0,12
rb1805,20171128,20171127,210009500,3843.0,16870,2441960,647969800.0,3843.0,58,3842.0,159
rb1805,20171128,20171127,210010000,3843.0,17054,2441962,655040760.0,3844.0,390,3843.0,76
rb1805,20171128,20171127,210010500,3843.0,17476,2442222,671261660.0,3844.0,228,3843.0,69
rb1805,20171128,20171127,210011000,3842.0,18140,2442384,696783260.0,3843.0,18,3842.0,162
rb1805,20171128,20171127,210011500,3843.0,18486,2442528,710077860.0,3844.0,39,3843.0,31
rb1805,20171128,20171127,210012000,3843.0,18896,2442514,725834940.0,3844.0,3,3843.0,297
rb1805,20171128,20171127,210012500,3843.0,19614,2442634,753429160.0,3844.0,83,3843.0,9
rb1805,20171128,20171127,210013000,3843.0,19952,2442844,766418380.0,3843.0,539,3842.0,34
rb1805,20171128,20171127,210013500,3843.0,20112,2442922,772565840.0,3843.0,635,3842.0,2
rb1805,20171128,20171127,210014000,3841.0,20174,2442924,774947920.0,3842.0,51,3841.0,65
rb1805,20171128,20171127,210014500,3842.0,20468,2442972,786242160.0,3843.0,707,3842.0,86
rb1805,20171128,20171127,210015000,3842.0,21130,2443256,811680800.0,3842.0,10,3840.0,527
rb1805,20171128,20171127,210015500,3841.0,21494,2443404,825665640.0,3842.0,66,3841.0,60
rb1805,20171128,20171127,210016000,3841.0,21806,2443422,837652860.0,3842.0,36,3841.0,59
rb1805,20171128,20171127,210016500,3841.0,21994,2443366,844874540.0,3841.0,9,3840.0,538
rb1805,20171128,20171127,210017000,3841.0,22086,2443366,848408740.0,3842.0,146,3841.0,52
rb1805,20171128,20171127,210017500,3841.0,22812,2443574,876290300.0,3841.0,33,3840.0,289
rb1805,20171128,20171127,210018000,3842.0,23330,2443512,896187160.0,3842.0,159,3840.0,377
rb1805,20171128,20171127,210018500,3840.0,23616,2443592,907170280.0,3841.0,120,3840.0,248
rb1805,20171128,20171127,210019000,3840.0,24230,2443624,930747540.0,3840.0,21,3839.0,109
rb1805,20171128,20171127,210019500,3839.0,24558,2443854,943340040.0,3839.0,95,3838.0,86
rb1805,20171128,20171127,210020000,3838.0,24920,2444140,957235300.0,3838.0,56,3837.0,144
rb1805,20171128,20171127,210020500,3839.0,25372,2444118,974582160.0,3839.0,4,3837.0,85
rb1805,20171128,20171127,210021000,3839.0,25412,2444134,976117560.0,3839.0,9,3838.0,30
rb1805,20171128,20171127,210021500,3838.0,25924,2444080,995764020.0,3837.0,8,3836.0,250
rb1805,20171128,20171127,210022000,3837.0,26000,2444100,998680380.0,3838.0,116,3837.0,62
rb1805,20171128,20171127,210022500,3837.0,26300,2444066,1010193640.0,3838.0,24,3837.0,168
rb1805,20171128,20171127,210023000,3838.0,26428,2444112,1015106620.0,3839.0,45,3838.0,95
rb1805,20171128,20171127,210023500,3838.0,26662,2444182,1024089620.0,3840.0,141,3838.0,160
rb1805,20171128,20171127,210024000,3838.0,26774,2444188,1028389280.0,3840.0,132,3838.0,128
rb1805,20171128,20171127,210024500,3839.0,26962,2444090,1035605320.0,3840.0,126,3839.0,1
rb1805,20171128,20171127,210025000,3840.0,27386,2443834,1051885500.0,3841.0,344,3840.0,342
rb1805,20171128,20171127,210025500,3841.0,28514,2443464,1095210520.0,3842.0,246,3841.0,10
rb1805,20171128,20171127,210026000,3841.0,28764,2443286,1104811060.0,3841.0,54,3840.0,301
rb1805,20171128,20171127,210026500,3840.0,28896,2443298,1109880500.0,3841.0,21,3840.0,295
rb1805,20171128,20171127,210027000,3841.0,28936,2443294,1111416660.0,3841.0,18,3840.0,313
rb1805,20171128,20171127,210027500,3840.0,29602,2442996,1136991340.0,3840.0,38,3839.0,14
rb1805,20171128,20171127,210028000,3840.0,29638,2442988,1138373680.0,3840.0,57,3839.0,69
rb1805,20171128,20171127,210028500,3840.0,29806,2443008,1144825060.0,3841.0,163,3840.0,8
rb1805,20171128,20171127,210029000,3840.0,29912,2443046,1148894840.0,3841.0,175,3840.0,29
rb1805,20171128,20171127,210029500,3840.0,30048,2443086,1154117840.0,3841.0,157,3840.0,6
rb1805,20171128,20171127,210030000,3840.0,30490,2443166,1171094400.0,3841.0,1,3840.0,93
rb1805,20171128,20171127,210030500,3841.0,30572,2443174,1174244020.0,3842.0,257,3841.0,44
rb1805,20171128,20171127,210031000,3840.0,30728,2443172,1180235720.0,3842.0,269,3841.0,70
rb1805,20171128,20171127,210031500,3840.0,30940,2443372,1188378040.0,3841.0,37,3840.0,78
rb1805,20171128,20171127,210032000,3840.0,31130,2443476,1195674160.0,3840.0,25,3839.0,64
rb1805,20171128,20171127,210032500,3840.0,31410,2443684,1206424120.0,3840.0,43,3839.0,6
rb1805,20171128,20171127,210033000,3840.0,31512,2443636,1210340460.0,3840.0,48,3839.0,2
rb1805,20171128,20171127,210033500,3839.0,31602,2443636,1213795560.0,3840.0,57,3839.0,38
rb1805,20171128,20171127,210034000,3840.0,31708,2443666,1217865200.0,3839.0,19,3838.0,228
rb1805,20171128,20171127,210034500,3839.0,31808,2443756,1221704220.0,3839.0,29,3838.0,237
rb1805,20171128,20171127,210035000,3839.0,31928,2443838,1226310760.0,3839.0,2,3838.0,226
rb1805,20171128,20171127,210035500,3839.0,31982,2443814,1228383940.0,3840.0,112,3839.0,22
rb1805,20171128,20171127,210036000,3840.0,32022,2443808,1229919820.0,3840.0,105,3839.0,273
rb1805,20171128,20171127,210036500,3840.0,32102,2443814,1232991160.0,3840.0,97,3839.0,244
rb1805,20171128,20171127,210037000,3839.0,32704,2443746,1256102080.0,3839.0,15,3838.0,246
rb1805,20171128,20171127,210037500,3839.0,32780,2443768,1259019960.0,3840.0,86,3839.0,4
rb1805,20171128,20171127,210038000,3838.0,32898,2443734,1263549280.0,3839.0,36,3838.0,197
rb1805,20171128,20171127,210038500,3839.0,33002,2443706,1267541640.0,3840.0,128,3839.0,36
rb1805,20171128,20171127,210039000,3839.0,33142,2443604,1272916220.0,3839.0,128,3838.0,205
rb1805,20171128,20171127,210039500,3839.0,33288,2443618,1278520300.0,3839.0,37,3838.0,271
rb1805,20171128,20171127,210040000,3839.0,33374,2443648,1281821880.0,3840.0,174,3839.0,6
rb1805,20171128,20171127,210040500,3839.0,33704,2443720,1294488980.0,3839.0,1,3838.0,248
rb1805,20171128,20171127,210041000,3838.0,34104,2443986,1309841860.0,3840.0,165,3838.0,87
rb1805,20171128,20171127,210041500,3839.0,34320,2443996,1318133560.0,3840.0,215,3838.0,40
rb1805,20171128,20171127,210042000,3838.0,34340,2443996,1318901300.0,3839.0,69,3838.0,46
rb1805,20171128,20171127,210042500,3839.0,34396,2444022,1321050940.0,3839.0,101,3838.0,34
rb1805,20171128,20171127,210043000,3838.0,34484,2444050,1324428740.0,3839.0,152,3838.0,18
rb1805,20171128,20171127,210043500,3838.0,34566,2444060,1327576380.0,3839.0,129,3838.0,52
rb1805,20171128,20171127,210044000,3838.0,34588,2444066,1328420820.0,3839.0,128,3838.0,61
rb1805,20171128,20171127,210044500,3839.0,34606,2444074,1329111760.0,3839.0,142,3838.0,94
rb1805,20171128,20171127,210045000,3839.0,34654,2444064,1330954420.0,3839.0,129,3838.0,124
rb1805,20171128,20171127,210045500,3839.0,34972,2444220,1343159780.0,3839.0,106,3838.0,78
rb1805,20171128,20171127,210046000,3838.0,35228,2444332,1352985340.0,3838.0,88,3837.0,237
rb1805,20171128,20171127,210046500,3838.0,35520,2444304,1364192700.0,3838.0,14,3837.0,246
rb1805,20171128,20171127,210047000,3838.0,35628,2444234,1368338260.0,3839.0,86,3838.0,376
rb1805,20171128,20171127,210047500,3839.0,35836,2444152,1376323360.0,3840.0,452,3839.0,92
rb1805,20171128,20171127,210048000,3840.0,35938,2444068,1380239220.0,3840.0,466,3839.0,235
rb1805,20171128,20171127,210048500,3839.0,36116,2444158,1387074040.0,3840.0,402,3839.0,217
rb1805,20171128,20171127,210049000,3839.0,36186,2444188,1389761420.0,3840.0,368,3839.0,197
rb1805,20171128,20171127,210049500,3839.0,36224,2444212,1391220400.0,3840.0,363,3839.0,187
rb1805,20171128,20171127,210050000,3839.0,36368,2444278,1396748780.0,3840.0,357,3839.0,128
rb1805,20171128,20171127,210050500,3839.0,36396,2444300,1397823780.0,3840.0,362,3839.0,123
rb1805,20171128,20171127,210051000,3840.0,36446,2444326,1399743420.0,3840.0,363,3839.0,120
rb1805,20171128,20171127,210051500,3839.0,36538,2444354,1403275340.0,3840.0,365,3839.0,80
rb1805,20171128,20171127,210052000,3839.0,36592,2444408,1405348480.0,3840.0,377,3839.0,63
rb1805,20171128,20171127,210052500,3839.0,36656,2444428,1407805560.0,3840.0,373,3839.0,41
rb1805,20171128,20171127,210053000,3839.0,36852,2444384,1415329820.0,3840.0,370,3839.0,97
rb1805,20171128,20171127,210053500,3839.0,37070,2444386,1423699080.0,3840.0,522,3839.0,88
rb1805,20171128,20171127,210054000,3839.0,37142,2444384,1426463260.0,3840.0,543,3839.0,118
rb1805,20171128,20171127,210054500,3839.0,37268,2444292,1431300540.0,3840.0,570,3839.0,67
rb1805,20171128,20171127,210055000,3839.0,37312,2444302,1432990080.0,3840.0,553,3839.0,87
rb1805,20171128,20171127,210055500,3839.0,37520,2444334,1440976880.0,3840.0,471,3839.0,89
rb1805,20171128,20171127,210056000,3840.0,37684,2444376,1447273480.0,3840.0,449,3839.0,44
rb1805,20171128,20171127,210056500,3839.0,37776,2444420,1450805500.0,3840.0,450,3839.0,22
rb1805,20171128,20171127,210057000,3839.0,38964,2444160,1496426820.0,3840.0,1,3839.0,9
rb1805,20171128,20171127,210057500,3840.0,39142,2444118,1503262020.0,3841.0,69,3840.0,682
rb1805,20171128,20171127,210058000,3841.0,39406,2444122,1513402300.0,3842.0,521,3841.0,104
rb1805,20171128,20171127,210058500,3841.0,39476,2444158,1516091240.0,3842.0,515,3841.0,86
rb1805,20171128,20171127,210059000,3841.0,39668,2444284,1523467200.0,3842.0,453,3841.0,138
rb1805,20171128,20171127,210059500,3842.0,39790,2444308,1528153400.0,3842.0,445,3841.0,99
rb1805,20171128,20171127,210100000,3842.0,39918,2444328,1533070320.0,3842.0,429,3841.0,61
rb1805,20171128,20171127,210100500,3842.0,40076,2444412,1539139660.0,3842.0,407,3841.0,10
rb1805,20171128,20171127,210101000,3842.0,40184,2444434,1543288460.0,3842.0,393,3841.0,1
rb1805,20171128,20171127,210101500,3841.0,40316,2444400,1548359060.0,3842.0,380,3841.0,65
rb1805,20171128,20171127,210102000,3841.0,40510,2444450,1555812000.0,3842.0,314,3841.0,53
rb1805,20171128,20171127,210102500,3841.0,40560,2444428,1557732600.0,3842.0,444,3841.0,55
rb1805,20171128,20171127,210103000,3841.0,40612,2444426,1559730020.0,3842.0,465,3841.0,38
rb1805,20171128,20171127,210103500,3842.0,40742,2444466,1564723640.0,3841.0,6,3840.0,846
rb1805,20171128,20171127,210104000,3840.0,41390,2444510,1589617240.0,3841.0,1,3840.0,789
rb1805,20171128,20171127,210104500,3841.0,41592,2444684,1597376040.0,3842.0,265,3841.0,53
rb1805,20171128,20171127,210105000,3840.0,41800,2444704,1605364760.0,3841.0,6,3840.0,683
rb1805,20171128,20171127,210105500,3840.0,41932,2444690,1610434920.0,3841.0,2,3840.0,822
rb1805,20171128,20171127,210106000,3841.0,41984,2444716,1612432320.0,3842.0,365,3841.0,9
rb1805,20171128,20171127,210106500,3842.0,42330,2444746,1625725340.0,3842.0,212,3841.0,10
rb1805,20171128,20171127,210107000,3841.0,42476,2444714,1631334040.0,3842.0,178,3841.0,54
rb1805,20171128,20171127,210107500,3842.0,42488,2444722,1631794980.0,3842.0,200,3841.0,219
rb1805,20171128,20171127,210108000,3842.0,42784,2444696,1643166180.0,3842.0,110,3841.0,175
rb1805,20171128,20171127,210108500,3842.0,42912,2444698,1648083640.0,3842.0,111,3841.0,178
rb1805,20171128,20171127,210109000,3841.0,42982,2444726,1650772540.0,3842.0,125,3841.0,204
rb1805,20171128,20171127,210109500,3842.0,43012,2444742,1651924920.0,3842.0,161,3841.0,210
rb1805,20171128,20171127,210110000,3841.0,43274,2444870,1661990560.0,3842.0,94,3841.0,191
rb1805,20171128,20171127,210110500,3841.0,43450,2444866,1668750820.0,3842.0,134,3841.0,288
rb1805,20171128,20171127,210111000,3841.0,43502,2444850,1670748420.0,3842.0,142,3841.0,293
rb1805,20171128,20171127,210111500,3841.0,43686,2444854,1677816880.0,3842.0,128,3841.0,254
rb1805,20171128,20171127,210112000,3842.0,43758,2444858,1680583020.0,3842.0,110,3841.0,250
rb1805,20171128,20171127,210112500,3842.0,43846,2444846,1683963360.0,3842.0,116,3841.0,221
rb1805,20171128,20171127,210113000,3841.0,43902,2444864,1686114700.0,3842.0,122,3841.0,215
rb1805,20171128,20171127,210113500,3841.0,44510,2444882,1709466400.0,3841.0,43,3840.0,657
rb1805,20171128,20171127,210114000,3841.0,44734,2444884,1718070120.0,3842.0,142,3841.0,1
rb1805,20171128,20171127,210114500,3840.0,44802,2444946,1720681680.0,3841.0,61,3840.0,634
rb1805,20171128,20171127,210115000,3842.0,45414,2445126,1744192440.0,3842.0,1,3841.0,2
rb1805,20171128,20171127,210115500,3841.0,45454,2445148,1745728620.0,3841.0,15,3840.0,607
rb1805,20171128,20171127,210116000,3840.0,45534,2445178,1748801020.0,3841.0,82,3840.0,572
rb1805,20171128,20171127,210116500,3840.0,45836,2445418,1760397900.0,3841.0,142,3840.0,427
rb1805,20171128,20171127,210117000,3841.0,46156,2445552,1772687980.0,3841.0,48,3840.0,372
rb1805,20171128,20171127,210117500,3841.0,46338,2445568,1779677160.0,3841.0,41,3840.0,300
rb1805,20171128,20171127,210118000,3840.0,46374,2445586,1781059660.0,3841.0,39,3840.0,291
rb1805,20171128,20171127,210118500,3841.0,46412,2445578,1782519140.0,3841.0,130,3840.0,286
rb1805,20171128,20171127,210119000,3841.0,46650,2445766,1791660660.0,3841.0,46,3840.0,286
rb1805,20171128,20171127,210119500,3840.0,46808,2445862,1797729000.0,3841.0,51,3840.0,269
rb1805,20171128,20171127,210120000,3841.0,46866,2445878,1799956440.0,3841.0,46,3840.0,254
rb1805,20171128,20171127,210120500,3841.0,46978,2445850,1804258300.0,3842.0,383,3841.0,2
rb1805,20171128,20171127,210121000,3840.0,47002,2445868,1805180040.0,3841.0,461,3840.0,414
rb1805,20171128,20171127,210121500,3841.0,47108,2445932,1809250680.0,3841.0,437,3840.0,379
rb1805,20171128,20171127,210122000,3840.0,48018,2446154,1844196580.0,3841.0,360,3840.0,39
rb1805,20171128,20171127,210122500,3839.0,48128,2446172,1848420560.0,3840.0,889,3839.0,157
rb1805,20171128,20171127,210123000,3839.0,48448,2446194,1860705360.0,3839.0,17,3838.0,307
rb1805,20171128,20171127,210123500,3838.0,48848,2445996,1876058100.0,3839.0,100,3838.0,137
rb1805,20171128,20171127,210124000,3839.0,48892,2446016,1877747160.0,3839.0,191,3838.0,144
rb1805,20171128,20171127,210124500,3839.0,48968,2446026,1880664580.0,3839.0,224,3838.0,184
rb1805,20171128,20171127,210125000,3839.0,49032,2446038,1883121420.0,3839.0,214,3838.0,180
rb1805,20171128,20171127,210125500,3838.0,49256,2446062,1891720620.0,3839.0,110,3838.0,173
rb1805,20171128,20171127,210126000,3838.0,49348,2446092,1895252160.0,3839.0,115,3838.0,172
rb1805,20171128,20171127,210126500,3838.0,49444,2446080,1898937160.0,3839.0,97,3838.0,177
rb1805,20171128,20171127,210127000,3838.0,49540,2446154,1902621680.0,3839.0,96,3838.0,145
rb1805,20171128,20171127,210127500,3839.0,49720,2446200,1909530640.0,3839.0,128,3838.0,95
rb1805,20171128,20171127,210128000,3838.0,50334,2446308,1933101260.0,3840.0,683,3839.0,1
rb1805,20171128,20171127,210128500,3838.0,50416,2446288,1936248840.0,3840.0,708,3838.0,49
rb1805,20171128,20171127,210129000,3839.0,50482,2446340,1938782120.0,3839.0,36,3838.0,27
rb1805,20171128,20171127,210129500,3838.0,50532,2446370,1940701180.0,3839.0,110,3838.0,44
rb1805,20171128,20171127,210130000,3839.0,50594,2446432,1943081320.0,3839.0,107,3838.0,48
rb1805,20171128,20171127,210130500,3839.0,50752,2446428,1949145780.0,3839.0,92,3838.0,7
rb1805,20171128,20171127,210131000,3839.0,50870,2446534,1953673980.0,3839.0,99,3838.0,2
rb1805,20171128,20171127,210131500,3839.0,51102,2446664,1962579700.0,3838.0,3,3837.0,342
rb1805,20171128,20171127,210132000,3838.0,51242,2446788,1967955420.0,3840.0,663,3838.0,18
rb1805,20171128,20171127,210132500,3838.0,51372,2446846,1972944920.0,3838.0,6,3837.0,403
rb1805,20171128,20171127,210133000,3838.0,51404,2446862,1974173160.0,3839.0,83,3838.0,54
rb1805,20171128,20171127,210133500,3838.0,51492,2446898,1977550700.0,3839.0,89,3838.0,2
rb1805,20171128,20171127,210134000,3838.0,51568,2446894,1980467480.0,3838.0,4,3837.0,357
rb1805,20171128,20171127,210134500,3839.0,51642,2446908,1983307840.0,3839.0,72,3837.0,353
rb1805,20171128,20171127,210135000,3839.0,51674,2446934,1984535980.0,3839.0,50,3838.0,2
rb1805,20171128,20171127,210135500,3839.0,51828,2447032,1990447780.0,3840.0,670,3839.0,227
rb1805,20171128,20171127,210136000,3839.0,51984,2447136,1996438060.0,3840.0,639,3839.0,277
rb1805,20171128,20171127,210136500,3839.0,52050,2447184,1998971840.0,3840.0,641,3839.0,247
rb1805,20171128,20171127,210137000,3840.0,52120,2447170,2001659540.0,3840.0,626,3839.0,280
rb1805,20171128,20171127,210137500,3840.0,52254,2447214,2006804620.0,3840.0,505,3839.0,263
rb1805,20171128,20171127,210138000,3839.0,52448,2447268,2014253020.0,3840.0,484,3839.0,217
rb1805,20171128,20171127,210138500,3840.0,52752,2447020,2025926380.0,3840.0,292,3839.0,212
rb1805,20171128,20171127,210139000,3840.0,53364,2447160,2049427220.0,3841.0,180,3840.0,77
rb1805,20171128,20171127,210139500,3841.0,53892,2447002,2069707360.0,3842.0,235,3841.0,33
rb1805,20171128,20171127,210140000,3840.0,54094,2446904,2077465080.0,3841.0,6,3840.0,151
rb1805,20171128,20171127,210140500,3841.0,54424,2446780,2090138020.0,3841.0,77,3840.0,60
rb1805,20171128,20171127,210141000,3841.0,54472,2446764,2091981560.0,3841.0,66,3840.0,29
rb1805,20171128,20171127,210141500,3840.0,54490,2446766,2092672780.0,3841.0,65,3840.0,37
rb1805,20171128,20171127,210142000,3841.0,54538,2446814,2094516440.0,3841.0,63,3840.0,43
rb1805,20171128,20171127,210142500,3841.0,54546,2446818,2094823660.0,3841.0,122,3840.0,91
rb1805,20171128,20171127,210143000,3840.0,54684,2446778,2100123060.0,3841.0,115,3840.0,35
rb1805,20171128,20171127,210143500,3840.0,54748,2446768,2102580660.0,3841.0,134,3840.0,9
rb1805,20171128,20171127,210144000,3840.0,54784,2446772,2103963220.0,3841.0,139,3840.0,8
rb1805,20171128,20171127,210144500,3840.0,54834,2446776,2105883220.0,3841.0,173,3840.0,3
rb1805,20171128,20171127,210145000,3840.0,55006,2446778,2112489540.0,3841.0,98,3840.0,19
rb1805,20171128,20171127,210145500,3841.0,55430,2446712,2128775520.0,3841.0,14,3840.0,24
rb1805,20171128,20171127,210146000,3841.0,55614,2446694,2135842520.0,3842.0,282,3841.0,59
rb1805,20171128,20171127,210146500,3841.0,55646,2446672,2137071780.0,3842.0,275,3841.0,65
rb1805,20171128,20171127,210147000,3842.0,55690,2446668,2138761920.0,3842.0,269,3841.0,49
rb1805,20171128,20171127,210147500,3841.0,55832,2446696,2144216660.0,3842.0,245,3841.0,11
rb1805,20171128,20171127,210148000,3842.0,55866,2446698,2145522740.0,3842.0,238,3841.0,2
rb1805,20171128,20171127,210148500,3841.0,55886,2446692,2146291020.0,3841.0,25,3840.0,179
rb1805,20171128,20171127,210149000,3840.0,56334,2446770,2163499200.0,3842.0,220,3840.0,190
rb1805,20171128,20171127,210149500,3841.0,56354,2446786,2164267240.0,3841.0,6,3840.0,239
rb1805,20171128,20171127,210150000,3841.0,56478,2446748,2169030000.0,3841.0,36,3840.0,230
rb1805,20171128,20171127,210150500,3841.0,56502,2446758,2169951800.0,3841.0,44,3840.0,172
rb1805,20171128,20171127,210151000,3840.0,56532,2446768,2171103920.0,3841.0,45,3840.0,108
rb1805,20171128,20171127,210151500,3841.0,56566,2446746,2172409580.0,3841.0,46,3840.0,76
rb1805,20171128,20171127,210152000,3840.0,56608,2446778,2174022500.0,3841.0,43,3840.0,77
rb1805,20171128,20171127,210152500,3841.0,56686,2446746,2177018440.0,3841.0,8,3840.0,105
rb1805,20171128,20171127,210153000,3840.0,56738,2446750,2179015560.0,3841.0,26,3840.0,105
rb1805,20171128,20171127,210153500,3842.0,56828,2446768,2182472500.0,3842.0,262,3841.0,14
rb1805,20171128,20171127,210154000,3841.0,57094,2446840,2192687920.0,3842.0,253,3841.0,33
rb1805,20171128,20171127,210154500,3841.0,57176,2446788,2195837560.0,3842.0,251,3841.0,44
rb1805,20171128,20171127,210155000,3841.0,57198,2446804,2196682660.0,3842.0,253,3841.0,106
rb1805,20171128,20171127,210155500,3842.0,57290,2446892,2200216500.0,3842.0,273,3841.0,216
rb1805,20171128,20171127,210156000,3841.0,57334,2446900,2201906660.0,3842.0,310,3841.0,258
rb1805,20171128,20171127,210156500,3841.0,57714,2446930,2216503620.0,3842.0,255,3841.0,127
rb1805,20171128,20171127,210157000,3841.0,58448,2447520,2244703020.0,3842.0,5,3841.0,82
rb1805,20171128,20171127,210157500,3842.0,58494,2447544,2246470120.0,3842.0,6,3841.0,372
rb1805,20171128,20171127,210158000,3842.0,58532,2447560,2247929880.0,3843.0,500,3841.0,365
rb1805,20171128,20171127,210158500,3843.0,58578,2447544,2249697480.0,3843.0,483,3841.0,364
rb1805,20171128,20171127,210159000,3842.0,58616,2447558,2251157360.0,3842.0,31,3841.0,357
rb1805,20171128,20171127,210159500,3843.0,58706,2447522,2254615160.0,3843.0,478,3842.0,72
rb1805,20171128,20171127,210200000,3842.0,58744,2447548,2256075460.0,3843.0,466,3842.0,165
rb1805,20171128,20171127,210200500,3843.0,59638,2447888,2290429260.0,3843.0,151,3842.0,50
rb1805,20171128,20171127,210201000,3842.0,59694,2447920,2292581180.0,3843.0,181,3842.0,185
rb1805,20171128,20171127,210201500,3842.0,59790,2447932,2296270060.0,3843.0,156,3842.0,183
rb1805,20171128,20171127,210202000,3842.0,59910,2448022,2300880720.0,3843.0,143,3842.0,151
rb1805,20171128,20171127,210202500,3843.0,60030,2448122,2305492140.0,3843.0,94,3842.0,145
rb1805,20171128,20171127,210203000,3843.0,60124,2448158,2309104500.0,3843.0,51,3842.0,155
rb1805,20171128,20171127,210203500,3843.0,60212,2448102,2312486320.0,3843.0,23,3842.0,177
rb1805,20171128,20171127,210204000,3843.0,60504,2448110,2323707840.0,3843.0,120,3842.0,177
rb1805,20171128,20171127,210204500,3842.0,60540,2448090,2325091180.0,3843.0,174,3842.0,169
rb1805,20171128,20171127,210205000,3843.0,60600,2448066,2327396840.0,3843.0,161,3842.0,182
rb1805,20171128,20171127,210205500,3842.0,61002,2448230,2342841820.0,3842.0,51,3841.0,368
rb1805,20171128,20171127,210206000,3843.0,61546,2448362,2363746960.0,3844.0,550,3843.0,106
rb1805,20171128,20171127,210206500,3842.0,61868,2448392,2376120560.0,3842.0,2,3841.0,384
rb1805,20171128,20171127,210207000,3842.0,61936,2448356,2378733500.0,3843.0,127,3842.0,21
rb1805,20171128,20171127,210207500,3843.0,62060,2448350,2383498180.0,3843.0,57,3842.0,28
rb1805,20171128,20171127,210208000,3842.0,62086,2448354,2384497280.0,3843.0,55,3842.0,28
rb1805,20171128,20171127,210208500,3842.0,62206,2448454,2389108400.0,3843.0,95,3842.0,30
rb1805,20171128,20171127,210209000,3842.0,62394,2448546,2396332320.0,3842.0,55,3841.0,402
rb1805,20171128,20171127,210209500,3843.0,62526,2448674,2401403800.0,3843.0,149,3842.0,47
rb1805,20171128,20171127,210210000,3842.0,62558,2448702,2402633480.0,3843.0,140,3842.0,63
rb1805,20171128,20171127,210210500,3842.0,62652,2448736,2406245660.0,3843.0,106,3842.0,120
rb1805,20171128,20171127,210211000,3843.0,62702,2448750,2408166840.0,3843.0,131,3842.0,104
rb1805,20171128,20171127,210211500,3843.0,62832,2448722,2413161500.0,3843.0,140,3842.0,44
rb1805,20171128,20171127,210212000,3843.0,63160,2448496,2425766380.0,3844.0,671,3843.0,49
rb1805,20171128,20171127,210212500,3842.0,63282,2448398,2430454840.0,3843.0,1,3842.0,38
rb1805,20171128,20171127,210213000,3842.0,63452,2448542,2436986440.0,3842.0,32,3841.0,488
rb1805,20171128,20171127,210213500,3843.0,63640,2448568,2444209800.0,3843.0,9,3842.0,21
rb1805,20171128,20171127,210214000,3843.0,63662,2448564,2445055160.0,3843.0,15,3842.0,21
rb1805,20171128,20171127,210214500,3843.0,63712,2448584,2446976320.0,3843.0,31,3842.0,4
rb1805,20171128,20171127,210215000,3843.0,63726,2448592,2447514300.0,3843.0,125,3842.0,10
rb1805,20171128,20171127,210215500,3842.0,64088,2448442,2461424340.0,3843.0,17,3841.0,477
rb1805,20171128,20171127,210216000,3843.0,64152,2448442,2463883540.0,3843.0,327,3842.0,35
rb1805,20171128,20171127,210216500,3842.0,64228,2448438,2466803440.0,3842.0,57,3841.0,492
rb1805,20171128,20171127,210217000,3842.0,64264,2448462,2468186540.0,3842.0,67,3841.0,492
rb1805,20171128,20171127,210217500,3841.0,64288,2448472,2469108560.0,3842.0,293,3841.0,432
rb1805,20171128,20171127,210218000,3841.0,64310,2448488,2469953780.0,3842.0,283,3841.0,431
rb1805,20171128,20171127,210218500,3841.0,64372,2448496,2472335400.0,3842.0,339,3841.0,113
rb1805,20171128,20171127,210219000,3841.0,64556,2448424,2479402940.0,3842.0,317,3841.0,26
rb1805,20171128,20171127,210219500,3842.0,64666,2448420,2483628240.0,3842.0,314,3841.0,23
rb1805,20171128,20171127,210220000,3842.0,64906,2448344,2492848980.0,3842.0,207,3841.0,20
rb1805,20171128,20171127,210220500,3842.0,64922,2448336,2493463580.0,3842.0,208,3841.0,67
rb1805,20171128,20171127,210221000,3842.0,64966,2448314,2495153720.0,3842.0,204,3841.0,53
rb1805,20171128,20171127,210221500,3842.0,65018,2448304,2497151360.0,3842.0,190,3841.0,49
rb1805,20171128,20171127,210222000,3842.0,65068,2448292,2499072280.0,3842.0,172,3841.0,56
rb1805,20171128,20171127,210222500,3841.0,65232,2448194,2505371840.0,3842.0,193,3841.0,16
rb1805,20171128,20171127,210223000,3841.0,65720,2448358,2524120260.0,3842.0,8,3841.0,4
rb1805,20171128,20171127,210223500,3841.0,65838,2448334,2528653560.0,3842.0,3,3841.0,9
rb1805,20171128,20171127,210224000,3842.0,65872,2448340,2529959820.0,3842.0,68,3841.0,36
rb1805,20171128,20171127,210224500,3841.0,65946,2448298,2532802200.0,3842.0,69,3841.0,14
rb1805,20171128,20171127,210225000,3841.0,65986,2448300,2534338700.0,3842.0,70,3841.0,3
rb1805,20171128,20171127,210225500,3841.0,66016,2448284,2535491220.0,3841.0,1,3840.0,160
rb1805,20171128,20171127,210226000,3841.0,66110,2448288,2539102560.0,3842.0,30,3841.0,24
rb1805,20171128,20171127,210226500,3841.0,66138,2448290,2540178220.0,3842.0,26,3841.0,26
rb1805,20171128,20171127,210227000,3842.0,66188,2448276,2542099220.0,3842.0,17,3841.0,31
rb1805,20171128,20171127,210227500,3842.0,66208,2448288,2542867440.0,3842.0,19,3841.0,30
rb1805,20171128,20171127,210228000,3841.0,66286,2448278,2545863500.0,3841.0,386,3840.0,169
rb1805,20171128,20171127,210228500,3841.0,66304,2448268,2546554800.0,3841.0,399,3840.0,172
rb1805,20171128,20171127,210229000,3841.0,66338,2448248,2547860700.0,3841.0,447,3840.0,158
rb1805,20171128,20171127,210229500,3841.0,66432,2448184,2551471200.0,3841.0,408,3840.0,175
rb1805,20171128,20171127,210230000,3841.0,66448,2448174,2552085760.0,3841.0,409,3840.0,175
rb1805,20171128,20171127,210230500,3841.0,66466,2448168,2552777080.0,3841.0,410,3840.0,172
rb1805,20171128,20171127,210231000,3841.0,66730,2448004,2562916880.0,3841.0,300,3840.0,153
rb1805,20171128,20171127,210231500,3840.0,66974,2448170,2572286560.0,3841.0,302,3840.0,45
rb1805,20171128,20171127,210232000,3840.0,67106,2448280,2577355360.0,3840.0,158,3839.0,179
rb1805,20171128,20171127,210232500,3840.0,67152,2448316,2579121740.0,3840.0,167,3839.0,186
rb1805,20171128,20171127,210233000,3840.0,67170,2448328,2579812940.0,3840.0,163,3839.0,186
rb1805,20171128,20171127,210233500,3840.0,67174,2448330,2579966540.0,3840.0,194,3839.0,217
rb1805,20171128,20171127,210234000,3839.0,67394,2448542,2588412420.0,3840.0,201,3839.0,113
rb1805,20171128,20171127,210234500,3839.0,67418,2448552,2589333880.0,3840.0,202,3839.0,106
rb1805,20171128,20171127,210235000,3839.0,67516,2448628,2593096660.0,3840.0,191,3839.0,136
rb1805,20171128,20171127,210235500,3839.0,67626,2448564,2597319600.0,3840.0,193,3839.0,91
rb1805,20171128,20171127,210236000,3840.0,67662,2448600,2598701940.0,3840.0,178,3839.0,88
rb1805,20171128,20171127,210236500,3840.0,68050,2448876,2613601140.0,3841.0,370,3840.0,209
rb1805,20171128,20171127,210237000,3840.0,68062,2448882,2614062000.0,3841.0,377,3840.0,212
rb1805,20171128,20171127,210237500,3840.0,68180,2448894,2618593200.0,3841.0,377,3840.0,155
rb1805,20171128,20171127,210238000,3840.0,68304,2448904,2623355100.0,3841.0,362,3840.0,118
rb1805,20171128,20171127,210238500,3840.0,68346,2448898,2624967900.0,3841.0,362,3840.0,98
rb1805,20171128,20171127,210239000,3841.0,68414,2448886,2627579200.0,3841.0,357,3840.0,79
rb1805,20171128,20171127,210239500,3840.0,68582,2448910,2634030500.0,3840.0,72,3839.0,197
rb1805,20171128,20171127,210240000,3840.0,68700,2448914,2638560700.0,3840.0,75,3839.0,87
rb1805,20171128,20171127,210240500,3839.0,68712,2448926,2639021460.0,3840.0,130,3839.0,190
rb1805,20171128,20171127,210241000,3840.0,68838,2448878,2643858700.0,3840.0,132,3839.0,133
rb1805,20171128,20171127,210241500,3840.0,68894,2448894,2646009100.0,3840.0,125,3839.0,141
rb1805,20171128,20171127,210242000,3840.0,69056,2448988,2652229740.0,3840.0,82,3839.0,134
rb1805,20171128,20171127,210242500,3839.0,69276,2448894,2660677620.0,3840.0,39,3839.0,131
rb1805,20171128,20171127,210243000,3840.0,69392,2448944,2665131320.0,3840.0,41,3839.0,208
rb1805,20171128,20171127,210243500,3839.0,69448,2448944,2667281200.0,3840.0,36,3839.0,197
rb1805,20171128,20171127,210244000,3839.0,69482,2448948,2668586640.0,3840.0,73,3839.0,196
rb1805,20171128,20171127,210244500,3840.0,69504,2448954,2669431260.0,3840.0,93,3839.0,190
rb1805,20171128,20171127,210245000,3839.0,69624,2448942,2674038200.0,3840.0,180,3839.0,308
rb1805,20171128,20171127,210245500,3840.0,70002,2449046,2688553400.0,3841.0,379,3840.0,36
rb1805,20171128,20171127,210246000,3839.0,70200,2449226,2696155480.0,3840.0,278,3839.0,254
rb1805,20171128,20171127,210246500,3839.0,70620,2449380,2712281400.0,3840.0,192,3839.0,157
rb1805,20171128,20171127,210247000,3840.0,70650,2449380,2713433300.0,3840.0,184,3839.0,163
rb1805,20171128,20171127,210247500,3839.0,70664,2449382,2713970820.0,3840.0,188,3839.0,162
rb1805,20171128,20171127,210248000,3840.0,70682,2449390,2714661940.0,3840.0,216,3839.0,180
rb1805,20171128,20171127,210248500,3840.0,70774,2449336,2718193920.0,3840.0,212,3839.0,146
rb1805,20171128,20171127,210249000,3839.0,70824,2449330,2720113620.0,3840.0,233,3839.0,131
rb1805,20171128,20171127,210249500,3839.0,70898,2449292,2722954720.0,3840.0,229,3839.0,118
rb1805,20171128,20171127,210250000,3840.0,71204,2449370,2734705000.0,3840.0,92,3839.0,115
rb1805,20171128,20171127,210250500,3840.0,71286,2449378,2737853760.0,3840.0,74,3839.0,124
rb1805,20171128,20171127,210251000,3840.0,71314,2449402,2738928940.0,3840.0,78,3839.0,130
rb1805,20171128,20171127,210251500,3840.0,71514,2449478,2746608860.0,3841.0,398,3840.0,9
rb1805,20171128,20171127,210252000,3840.0,71568,2449496,2748682400.0,3841.0,406,3840.0,29
rb1805,20171128,20171127,210252500,3841.0,71956,2449460,2763582080.0,3840.0,6,3839.0,123
rb1805,20171128,20171127,210253000,3840.0,71998,2449486,2765195000.0,3841.0,381,3840.0,61
rb1805,20171128,20171127,210253500,3840.0,72012,2449498,2765732620.0,3841.0,380,3840.0,93
rb1805,20171128,20171127,210254000,3840.0,72102,2449580,2769188700.0,3841.0,380,3840.0,53
rb1805,20171128,20171127,210254500,3840.0,72140,2449610,2770647900.0,3841.0,383,3840.0,37
rb1805,20171128,20171127,210255000,3840.0,72336,2449716,2778174320.0,3841.0,383,3840.0,15
rb1805,20171128,20171127,210255500,3840.0,72384,2449722,2780017500.0,3841.0,382,3840.0,27
rb1805,20171128,20171127,210256000,3840.0,72454,2449744,2782705560.0,3840.0,10,3839.0,132
rb1805,20171128,20171127,210256500,3840.0,72456,2449746,2782782360.0,3840.0,40,3839.0,133
rb1805,20171128,20171127,210257000,3840.0,72562,2449740,2786852860.0,3841.0,381,3840.0,52
rb1805,20171128,20171127,210257500,3840.0,72632,2449726,2789540860.0,3841.0,382,3840.0,21
rb1805,20171128,20171127,210258000,3841.0,72716,2449738,2792766820.0,3841.0,366,3840.0,5
rb1805,20171128,20171127,210258500,3840.0,72728,2449730,2793227620.0,3840.0,6,3839.0,135
rb1805,20171128,20171127,210259000,3840.0,72780,2449772,2795224500.0,3840.0,43,3839.0,134
rb1805,20171128,20171127,210259500,3840.0,73052,2449828,2805669200.0,3840.0,1,3839.0,119
rb1805,20171128,20171127,210300000,3840.0,73114,2449844,2808050040.0,3840.0,3,3839.0,119
rb1805,20171128,20171127,210300500,3840.0,73166,2449874,2810046740.0,3841.0,383,3840.0,11
rb1805,20171128,20171127,210301000,3839.0,73280,2449856,2814424140.0,3840.0,30,3839.0,109
rb1805,20171128,20171127,210301500,3840.0,73354,2449848,2817265440.0,3840.0,271,3839.0,102
rb1805,20171128,20171127,210302000,3840.0,73816,2449970,2835004200.0,3840.0,204,3838.0,414
rb1805,20171128,20171127,210302500,3840.0,73944,2449984,2839919280.0,3840.0,158,3839.0,97
rb1805,20171128,20171127,210303000,3840.0,74028,2449992,2843144780.0,3840.0,241,3839.0,93
rb1805,20171128,20171127,210303500,3840.0,74436,2449938,2858811820.0,3840.0,50,3839.0,86
rb1805,20171128,20171127,210304000,3838.0,74714,2450020,2869484940.0,3840.0,71,3838.0,325
rb1805,20171128,20171127,210304500,3839.0,74758,2449996,2871174160.0,3839.0,27,3838.0,344
rb1805,20171128,20171127,210305000,3839.0,74864,2450000,2875243260.0,3839.0,48,3838.0,332
rb1805,20171128,20171127,210305500,3838.0,74904,2449998,2876778600.0,3839.0,116,3838.0,288
rb1805,20171128,20171127,210306000,3838.0,74980,2450028,2879695760.0,3839.0,117,3838.0,265
rb1805,20171128,20171127,210306500,3839.0,75102,2450056,2884379040.0,3839.0,86,3838.0,252
rb1805,20171128,20171127,210307000,3839.0,75744,2449950,2909020060.0,3839.0,34,3838.0,3
rb1805,20171128,20171127,210307500,3838.0,76014,2450004,2919382660.0,3838.0,56,3837.0,356
rb1805,20171128,20171127,210308000,3838.0,76086,2450002,2922146000.0,3838.0,64,3837.0,355
rb1805,20171128,20171127,210308500,3838.0,76184,2449962,2925907080.0,3838.0,27,3837.0,347
rb1805,20171128,20171127,210309000,3838.0,76196,2449962,2926367620.0,3838.0,31,3837.0,360
rb1805,20171128,20171127,210309500,3837.0,76738,2449856,2947164300.0,3838.0,37,3837.0,96
rb1805,20171128,20171127,210310000,3838.0,76860,2449906,2951846600.0,3838.0,42,3837.0,96
rb1805,20171128,20171127,210310500,3837.0,76950,2449942,2955300040.0,3838.0,54,3837.0,73
rb1805,20171128,20171127,210311000,3837.0,77024,2449928,2958139560.0,3838.0,49,3837.0,65
rb1805,20171128,20171127,210311500,3838.0,77046,2449926,2958983720.0,3838.0,53,3837.0,72
rb1805,20171128,20171127,210312000,3837.0,77282,2449998,2968040600.0,3838.0,1,3837.0,48
rb1805,20171128,20171127,210312500,3837.0,77440,2449972,2974103080.0,3837.0,178,3836.0,341
rb1805,20171128,20171127,210313000,3837.0,77468,2449978,2975177300.0,3837.0,336,3836.0,415
rb1805,20171128,20171127,210313500,3837.0,77554,2449992,2978476600.0,3837.0,356,3836.0,389
rb1805,20171128,20171127,210314000,3836.0,77584,2449994,2979627580.0,3837.0,400,3836.0,407
rb1805,20171128,20171127,210314500,3837.0,77678,2449964,2983234000.0,3837.0,372,3836.0,393
rb1805,20171128,20171127,210315000,3837.0,77790,2449986,2987531040.0,3837.0,340,3836.0,374
rb1805,20171128,20171127,210315500,3837.0,78064,2449918,2998043280.0,3837.0,269,3836.0,330
rb1805,20171128,20171127,210316000,3837.0,78426,2450034,3011930960.0,3837.0,201,3836.0,222
rb1805,20171128,20171127,210316500,3837.0,78588,2450146,3018146680.0,3837.0,133,3836.0,210
rb1805,20171128,20171127,210317000,3836.0,79040,2449826,3035485520.0,3836.0,31,3835.0,224
rb1805,20171128,20171127,210317500,3835.0,79146,2449828,3039551440.0,3836.0,3,3835.0,212
rb1805,20171128,20171127,210318000,3836.0,79326,2449844,3046456740.0,3837.0,108,3836.0,49
rb1805,20171128,20171127,210318500,3836.0,79424,2449856,3050216620.0,3837.0,102,3836.0,92
rb1805,20171128,20171127,210319000,3836.0,79680,2449732,3060036980.0,3836.0,159,3835.0,196
rb1805,20171128,20171127,210319500,3836.0,79824,2449700,3065560600.0,3836.0,104,3835.0,201
rb1805,20171128,20171127,210320000,3835.0,79932,2449636,3069703240.0,3836.0,92,3835.0,189
rb1805,20171128,20171127,210320500,3836.0,80252,2449740,3081976320.0,3836.0,63,3835.0,122
rb1805,20171128,20171127,210321000,3837.0,80452,2449762,3089648300.0,3837.0,160,3835.0,128
rb1805,20171128,20171127,210321500,3834.0,80840,2449836,3104529480.0,3835.0,11,3834.0,291
rb1805,20171128,20171127,210322000,3836.0,81696,2449778,3137355520.0,3836.0,56,3835.0,29
rb1805,20171128,20171127,210322500,3835.0,81794,2449856,3141114760.0,3836.0,12,3835.0,51
rb1805,20171128,20171127,210323000,3835.0,82054,2449844,3151086940.0,3836.0,2,3835.0,234
rb1805,20171128,20171127,210323500,3835.0,82644,2450082,3173713460.0,3835.0,206,3834.0,136
rb1805,20171128,20171127,210324000,3834.0,83062,2449922,3189740480.0,3834.0,108,3833.0,715
rb1805,20171128,20171127,210324500,3835.0,83418,2449740,3203390240.0,3835.0,247,3834.0,12
rb1805,20171128,20171127,210325000,3835.0,83514,2449688,3207071740.0,3835.0,211,3834.0,34
rb1805,20171128,20171127,210325500,3835.0,83642,2449684,3211980020.0,3835.0,209,3834.0,52
rb1805,20171128,20171127,210326000,3834.0,83874,2449586,3220875040.0,3834.0,165,3833.0,753
rb1805,20171128,20171127,210326500,3834.0,84238,2449510,3234828120.0,3834.0,124,3833.0,623
rb1805,20171128,20171127,210327000,3834.0,84394,2449456,3240809000.0,3834.0,59,3833.0,649
rb1805,20171128,20171127,210327500,3835.0,84762,2449278,3254918020.0,3835.0,278,3834.0,178
rb1805,20171128,20171127,210328000,3835.0,85256,2449266,3273860720.0,3835.0,164,3834.0,127
rb1805,20171128,20171127,210328500,3834.0,85648,2449164,3288890000.0,3834.0,88,3833.0,715
rb1805,20171128,20171127,210329000,3834.0,85826,2449214,3295713940.0,3834.0,32,3833.0,738
rb1805,20171128,20171127,210329500,3835.0,85968,2449198,3301158880.0,3835.0,71,3834.0,309
rb1805,20171128,20171127,210330000,3835.0,86212,2449272,3310516380.0,3836.0,115,3835.0,31
rb1805,20171128,20171127,210330500,3836.0,86256,2449300,3312203880.0,3836.0,145,3835.0,20
rb1805,20171128,20171127,210331000,3836.0,86320,2449310,3314658320.0,3836.0,157,3835.0,19
rb1805,20171128,20171127,210331500,3835.0,86468,2449348,3320334220.0,3836.0,154,3835.0,65
rb1805,20171128,20171127,210332000,3836.0,86496,2449362,3321408160.0,3836.0,146,3835.0,124
rb1805,20171128,20171127,210332500,3835.0,86514,2449376,3322098540.0,3836.0,144,3835.0,173
rb1805,20171128,20171127,210333000,3836.0,86612,2449406,3325857420.0,3836.0,117,3835.0,199
rb1805,20171128,20171127,210333500,3836.0,86654,2449406,3327468400.0,3836.0,110,3835.0,200
rb1805,20171128,20171127,210334000,3836.0,86914,2449510,3337442020.0,3837.0,95,3836.0,114
rb1805,20171128,20171127,210334500,3837.0,87006,2449514,3340971880.0,3837.0,14,3836.0,121
rb1805,20171128,20171127,210335000,3837.0,87134,2449470,3345883100.0,3838.0,82,3837.0,94
rb1805,20171128,20171127,210335500,3837.0,87230,2449458,3349567060.0,3838.0,12,3837.0,151
rb1805,20171128,20171127,210336000,3838.0,87520,2449340,3360697520.0,3839.0,65,3838.0,81
rb1805,20171128,20171127,210336500,3838.0,87596,2449332,3363614720.0,3839.0,49,3838.0,80
rb1805,20171128,20171127,210337000,3838.0,87624,2449334,3364689600.0,3839.0,43,3838.0,83
rb1805,20171128,20171127,210337500,3838.0,87782,2449240,3370754160.0,3839.0,62,3838.0,34
rb1805,20171128,20171127,210338000,3839.0,87800,2449242,3371445120.0,3839.0,78,3838.0,31
rb1805,20171128,20171127,210338500,3839.0,88090,2449396,3382578660.0,3840.0,245,3839.0,3
rb1805,20171128,20171127,210339000,3839.0,88134,2449392,3384267660.0,3839.0,78,3838.0,70
rb1805,20171128,20171127,210339500,3838.0,88160,2449388,3385265540.0,3838.0,6,3837.0,90
rb1805,20171128,20171127,210340000,3838.0,88180,2449406,3386033140.0,3838.0,2,3837.0,107
rb1805,20171128,20171127,210340500,3838.0,88186,2449404,3386263420.0,3838.0,18,3837.0,112
rb1805,20171128,20171127,210341000,3837.0,88288,2449426,3390177760.0,3838.0,34,3837.0,71
rb1805,20171128,20171127,210341500,3837.0,88314,2449434,3391175540.0,3838.0,32,3837.0,54
rb1805,20171128,20171127,210342000,3837.0,88342,2449460,3392249980.0,3838.0,28,3837.0,44
rb1805,20171128,20171127,210342500,3838.0,88346,2449462,3392403480.0,3838.0,36,3837.0,46
rb1805,20171128,20171127,210343000,3837.0,88374,2449476,3393477880.0,3838.0,92,3837.0,164
rb1805,20171128,20171127,210343500,3838.0,88588,2449504,3401689180.0,3838.0,97,3837.0,71
rb1805,20171128,20171127,210344000,3837.0,88758,2449554,3408212140.0,3837.0,23,3836.0,217
rb1805,20171128,20171127,210344500,3837.0,88884,2449476,3413046720.0,3837.0,10,3836.0,219
rb1805,20171128,20171127,210345000,3837.0,88914,2449484,3414197740.0,3837.0,4,3836.0,218
rb1805,20171128,20171127,210345500,3838.0,88932,2449500,3414888420.0,3838.0,189,3836.0,243
rb1805,20171128,20171127,210346000,3837.0,88992,2449532,3417190300.0,3838.0,193,3837.0,33
rb1805,20171128,20171127,210346500,3836.0,89252,2449528,3427164640.0,3837.0,65,3836.0,132
rb1805,20171128,20171127,210347000,3836.0,89318,2449544,3429696480.0,3837.0,84,3836.0,133
rb1805,20171128,20171127,210347500,3837.0,89380,2449558,3432075400.0,3837.0,39,3836.0,135
rb1805,20171128,20171127,210348000,3837.0,89410,2449570,3433226340.0,3837.0,32,3836.0,136
rb1805,20171128,20171127,210348500,3838.0,89484,2449620,3436065740.0,3838.0,193,3837.0,1
rb1805,20171128,20171127,210349000,3838.0,89534,2449660,3437984720.0,3838.0,176,3837.0,79
rb1805,20171128,20171127,210349500,3837.0,89582,2449618,3439826480.0,3838.0,216,3837.0,68
rb1805,20171128,20171127,210350000,3837.0,89632,2449596,3441745020.0,3838.0,241,3837.0,86
rb1805,20171128,20171127,210350500,3837.0,89638,2449596,3441975260.0,3838.0,241,3837.0,90
rb1805,20171128,20171127,210351000,3837.0,89718,2449612,3445044920.0,3838.0,243,3837.0,63
rb1805,20171128,20171127,210351500,3837.0,89726,2449616,3445351920.0,3838.0,243,3837.0,63
rb1805,20171128,20171127,210352000,3837.0,89876,2449696,3451107840.0,3838.0,231,3837.0,15
rb1805,20171128,20171127,210352500,3836.0,89934,2449698,3453333020.0,3838.0,247,3837.0,31
rb1805,20171128,20171127,210353000,3837.0,89972,2449712,3454791280.0,3838.0,248,3837.0,28
rb1805,20171128,20171127,210353500,3837.0,90020,2449758,3456633080.0,3838.0,254,3837.0,11
rb1805,20171128,20171127,210354000,3837.0,90058,2449788,3458091140.0,3837.0,393,3836.0,185
rb1805,20171128,20171127,210354500,3837.0,90082,2449806,3459012020.0,3837.0,406,3836.0,180
rb1805,20171128,20171127,210355000,3837.0,90106,2449816,3459932900.0,3837.0,395,3836.0,181
rb1805,20171128,20171127,210355500,3837.0,90134,2449814,3461007220.0,3837.0,389,3836.0,180
rb1805,20171128,20171127,210356000,3837.0,90194,2449832,3463309020.0,3837.0,382,3836.0,180
rb1805,20171128,20171127,210356500,3837.0,90440,2450072,3472748020.0,3837.0,283,3836.0,185
rb1805,20171128,20171127,210357000,3837.0,90532,2450080,3476277960.0,3837.0,243,3836.0,183
rb1805,20171128,20171127,210357500,3837.0,90564,2450110,3477505780.0,3837.0,231,3836.0,182
rb1805,20171128,20171127,210358000,3837.0,90620,2450112,3479654380.0,3837.0,210,3836.0,180
rb1805,20171128,20171127,210358500,3836.0,90656,2450104,3481035480.0,3837.0,201,3836.0,170
rb1805,20171128,20171127,210359000,3837.0,90720,2450124,3483490860.0,3837.0,187,3836.0,158
rb1805,20171128,20171127,210359500,3837.0,90730,2450124,3483874560.0,3837.0,188,3836.0,159
rb1805,20171128,20171127,210400000,3836.0,90830,2450134,3487711140.0,3837.0,228,3836.0,139
rb1805,20171128,20171127,210400500,3836.0,90972,2450092,3493158740.0,3837.0,206,3836.0,82
rb1805,20171128,20171127,210401000,3836.0,91018,2450124,3494923340.0,3837.0,208,3836.0,63
rb1805,20171128,20171127,210401500,3836.0,91220,2450252,3502672040.0,3837.0,208,3836.0,6
rb1805,20171128,20171127,210402000,3836.0,91272,2450258,3504666780.0,3837.0,258,3836.0,3
rb1805,20171128,20171127,210402500,3836.0,91304,2450246,3505894340.0,3837.0,266,3836.0,58
rb1805,20171128,20171127,210403000,3836.0,91390,2450318,3509193400.0,3837.0,262,3836.0,89
rb1805,20171128,20171127,210403500,3836.0,91424,2450334,3510497880.0,3837.0,250,3836.0,164
rb1805,20171128,20171127,210404000,3836.0,91552,2450338,3515407980.0,3837.0,251,3836.0,283
rb1805,20171128,20171127,210404500,3837.0,91570,2450352,3516098580.0,3837.0,244,3836.0,284
rb1805,20171128,20171127,210405000,3836.0,91708,2450328,3521393580.0,3837.0,187,3836.0,288
rb1805,20171128,20171127,210405500,3837.0,91744,2450360,3522774560.0,3837.0,188,3836.0,276
rb1805,20171128,20171127,210406000,3836.0,91760,2450368,3523388420.0,3837.0,192,3836.0,285
rb1805,20171128,20171127,210406500,3836.0,91980,2450336,3531829780.0,3837.0,84,3836.0,306
rb1805,20171128,20171127,210407000,3837.0,92042,2450308,3534208400.0,3837.0,75,3836.0,305
rb1805,20171128,20171127,210407500,3837.0,92102,2450298,3536510560.0,3837.0,60,3836.0,305
rb1805,20171128,20171127,210408000,3837.0,92188,2450294,3539810220.0,3837.0,38,3836.0,300
rb1805,20171128,20171127,210408500,3836.0,92210,2450280,3540654220.0,3837.0,33,3836.0,300
rb1805,20171128,20171127,210409000,3837.0,92238,2450280,3541728480.0,3837.0,85,3836.0,297
rb1805,20171128,20171127,210409500,3837.0,92254,2450280,3542342380.0,3837.0,84,3836.0,303
rb1805,20171128,20171127,210410000,3836.0,92288,2450298,3543646900.0,3837.0,134,3836.0,302
rb1805,20171128,20171127,210410500,3837.0,92294,2450296,3543877120.0,3837.0,283,3836.0,307
rb1805,20171128,20171127,210411000,3836.0,92984,2450698,3570346160.0,3836.0,135,3835.0,653
rb1805,20171128,20171127,210411500,3836.0,93152,2450730,3576789640.0,3836.0,128,3835.0,605
rb1805,20171128,20171127,210412000,3836.0,93180,2450724,3577863540.0,3836.0,191,3835.0,596
rb1805,20171128,20171127,210412500,3836.0,93192,2450718,3578323860.0,3836.0,199,3835.0,598
rb1805,20171128,20171127,210413000,3836.0,93228,2450698,3579704660.0,3836.0,195,3835.0,590
rb1805,20171128,20171127,210413500,3836.0,93356,2450582,3584613600.0,3836.0,186,3835.0,535
rb1805,20171128,20171127,210414000,3836.0,93586,2450364,3593434220.0,3836.0,226,3835.0,428
rb1805,20171128,20171127,210414500,3835.0,94268,2450302,3619589100.0,3836.0,228,3835.0,97
rb1805,20171128,20171127,210415000,3835.0,94550,2450422,3630403780.0,3835.0,421,3834.0,422
rb1805,20171128,20171127,210415500,3834.0,94690,2450414,3635771580.0,3835.0,391,3834.0,361
rb1805,20171128,20171127,210416000,3835.0,94720,2450430,3636921840.0,3835.0,410,3834.0,349
rb1805,20171128,20171127,210416500,3835.0,94800,2450460,3639989740.0,3835.0,385,3834.0,387
rb1805,20171128,20171127,210417000,3834.0,94880,2450510,3643057480.0,3835.0,346,3834.0,376
rb1805,20171128,20171127,210417500,3835.0,94904,2450510,3643977820.0,3835.0,271,3834.0,380
rb1805,20171128,20171127,210418000,3835.0,94946,2450516,3645588220.0,3835.0,267,3834.0,401
rb1805,20171128,20171127,210418500,3835.0,95184,2450466,3654715520.0,3835.0,149,3834.0,401
rb1805,20171128,20171127,210419000,3835.0,95632,2450450,3671896420.0,3836.0,96,3835.0,28
rb1805,20171128,20171127,210419500,3835.0,95724,2450498,3675425640.0,3836.0,3,3835.0,237
rb1805,20171128,20171127,210420000,3836.0,95826,2450424,3679338400.0,3837.0,307,3836.0,34
rb1805,20171128,20171127,210420500,3837.0,95866,2450452,3680872820.0,3837.0,305,3836.0,32
rb1805,20171128,20171127,210421000,3836.0,95920,2450474,3682944360.0,3837.0,234,3836.0,33
rb1805,20171128,20171127,210421500,3836.0,96028,2450478,3687087020.0,3837.0,238,3836.0,30
rb1805,20171128,20171127,210422000,3836.0,96068,2450464,3688621440.0,3837.0,188,3836.0,94
rb1805,20171128,20171127,210422500,3836.0,96078,2450468,3689005100.0,3837.0,186,3836.0,92
rb1805,20171128,20171127,210423000,3835.0,96422,2450574,3702199840.0,3837.0,188,3836.0,4
rb1805,20171128,20171127,210423500,3836.0,96448,2450568,3703197200.0,3837.0,205,3836.0,33
rb1805,20171128,20171127,210424000,3836.0,96462,2450576,3703734300.0,3837.0,206,3836.0,41
rb1805,20171128,20171127,210424500,3836.0,96476,2450578,3704271400.0,3837.0,205,3836.0,67
rb1805,20171128,20171127,210425000,3836.0,96496,2450586,3705038700.0,3837.0,206,3836.0,89
rb1805,20171128,20171127,210425500,3836.0,96558,2450570,3707417040.0,3837.0,202,3836.0,69
rb1805,20171128,20171127,210426000,3836.0,96628,2450548,3710102320.0,3837.0,204,3836.0,487
rb1805,20171128,20171127,210426500,3836.0,96646,2450542,3710792940.0,3837.0,202,3836.0,637
rb1805,20171128,20171127,210427000,3837.0,97124,2450334,3729133280.0,3838.0,280,3837.0,133
rb1805,20171128,20171127,210427500,3838.0,97186,2450290,3731512300.0,3838.0,271,3837.0,107
rb1805,20171128,20171127,210428000,3838.0,97208,2450286,3732356600.0,3838.0,224,3837.0,118
rb1805,20171128,20171127,210428500,3837.0,97210,2450286,3732433340.0,3838.0,227,3837.0,118
rb1805,20171128,20171127,210429000,3837.0,97254,2450292,3734121680.0,3838.0,226,3837.0,102
rb1805,20171128,20171127,210429500,3838.0,97296,2450324,3735733640.0,3838.0,206,3837.0,103
rb1805,20171128,20171127,210430000,3837.0,97318,2450324,3736577860.0,3838.0,210,3837.0,96
rb1805,20171128,20171127,210430500,3837.0,97558,2450390,3745786620.0,3837.0,31,3836.0,639
rb1805,20171128,20171127,210431000,3837.0,97600,2450408,3747398080.0,3837.0,44,3836.0,641
rb1805,20171128,20171127,210431500,3837.0,97632,2450420,3748625860.0,3837.0,45,3836.0,633
rb1805,20171128,20171127,210432000,3837.0,97670,2450418,3750083920.0,3837.0,56,3836.0,652
rb1805,20171128,20171127,210432500,3836.0,97674,2450420,3750237380.0,3837.0,57,3836.0,653
rb1805,20171128,20171127,210433000,3837.0,97688,2450418,3750774560.0,3837.0,58,3836.0,654
rb1805,20171128,20171127,210433500,3837.0,97710,2450420,3751618680.0,3837.0,71,3836.0,653
rb1805,20171128,20171127,210434000,3837.0,97760,2450434,3753537160.0,3837.0,55,3836.0,653
rb1805,20171128,20171127,210434500,3836.0,97796,2450440,3754918360.0,3837.0,48,3836.0,667
rb1805,20171128,20171127,210435000,3836.0,97836,2450454,3756453060.0,3837.0,51,3836.0,663
rb1805,20171128,20171127,210435500,3837.0,97848,2450462,3756913480.0,3837.0,51,3836.0,664
rb1805,20171128,20171127,210436000,3837.0,97866,2450478,3757604120.0,3837.0,36,3836.0,669
rb1805,20171128,20171127,210436500,3836.0,97880,2450492,3758141260.0,3837.0,33,3836.0,868
rb1805,20171128,20171127,210437000,3838.0,97958,2450476,3761134160.0,3838.0,476,3837.0,1
rb1805,20171128,20171127,210437500,3837.0,98024,2450526,3763666180.0,3838.0,491,3836.0,857
rb1805,20171128,20171127,210438000,3837.0,98146,2450528,3768347280.0,3837.0,147,3836.0,299
rb1805,20171128,20171127,210438500,3837.0,98154,2450528,3768654240.0,3837.0,153,3836.0,299
rb1805,20171128,20171127,210439000,3837.0,98172,2450532,3769344860.0,3837.0,172,3836.0,298
rb1805,20171128,20171127,210439500,3837.0,98196,2450528,3770265520.0,3837.0,178,3836.0,289
rb1805,20171128,20171127,210440000,3837.0,98206,2450528,3770649220.0,3837.0,184,3836.0,295
rb1805,20171128,20171127,210440500,3837.0,98238,2450534,3771876940.0,3837.0,174,3836.0,290
rb1805,20171128,20171127,210441000,3837.0,98278,2450530,3773411620.0,3837.0,206,3836.0,292
rb1805,20171128,20171127,210441500,3836.0,98286,2450522,3773718520.0,3837.0,205,3836.0,293
rb1805,20171128,20171127,210442000,3836.0,98304,2450512,3774409080.0,3837.0,203,3836.0,288
rb1805,20171128,20171127,210442500,3836.0,98358,2450516,3776480740.0,3837.0,202,3836.0,282
rb1805,20171128,20171127,210443000,3836.0,98418,2450516,3778782500.0,3837.0,197,3836.0,261
rb1805,20171128,20171127,210443500,3837.0,98450,2450522,3780010100.0,3837.0,193,3836.0,272
rb1805,20171128,20171127,210444000,3837.0,98460,2450522,3780393760.0,3837.0,196,3836.0,271
rb1805,20171128,20171127,210444500,3836.0,98608,2450524,3786071040.0,3837.0,198,3836.0,199
rb1805,20171128,20171127,210445000,3837.0,98646,2450522,3787529060.0,3837.0,224,3836.0,215
rb1805,20171128,20171127,210445500,3837.0,99066,2450870,3803640440.0,3837.0,217,3836.0,18
rb1805,20171128,20171127,210446000,3836.0,99160,2450928,3807246260.0,3836.0,8,3835.0,444
rb1805,20171128,20171127,210446500,3836.0,99182,2450938,3808090160.0,3836.0,47,3835.0,450
rb1805,20171128,20171127,210447000,3835.0,99248,2450936,3810621460.0,3836.0,42,3835.0,447
rb1805,20171128,20171127,210447500,3836.0,99314,2450942,3813152740.0,3836.0,70,3835.0,444
rb1805,20171128,20171127,210448000,3836.0,99326,2450940,3813613040.0,3836.0,81,3835.0,451
rb1805,20171128,20171127,210448500,3836.0,99338,2450938,3814073300.0,3836.0,108,3835.0,448
rb1805,20171128,20171127,210449000,3835.0,99396,2450946,3816297920.0,3836.0,139,3835.0,436
rb1805,20171128,20171127,210449500,3835.0,99410,2450942,3816834880.0,3836.0,146,3835.0,433
rb1805,20171128,20171127,210450000,3836.0,99450,2450936,3818369240.0,3836.0,174,3835.0,434
rb1805,20171128,20171127,210450500,3835.0,99476,2450924,3819366560.0,3836.0,168,3835.0,432
rb1805,20171128,20171127,210451000,3835.0,99494,2450920,3820056960.0,3836.0,147,3835.0,431
rb1805,20171128,20171127,210451500,3835.0,99510,2450918,3820670640.0,3836.0,154,3835.0,428
rb1805,20171128,20171127,210452000,3835.0,99584,2450856,3823509060.0,3836.0,128,3835.0,419
rb1805,20171128,20171127,210452500,3835.0,99660,2450860,3826424280.0,3836.0,107,3835.0,415
rb1805,20171128,20171127,210453000,3836.0,99750,2450858,3829876560.0,3836.0,68,3835.0,409
rb1805,20171128,20171127,210453500,3836.0,100726,2451168,3867307180.0,3836.0,10,3834.0,423
rb1805,20171128,20171127,210454000,3836.0,100806,2451140,3870375200.0,3836.0,96,3835.0,9
rb1805,20171128,20171127,210454500,3835.0,100890,2451130,3873597240.0,3835.0,240,3834.0,404
rb1805,20171128,20171127,210455000,3835.0,101056,2451030,3879963340.0,3835.0,184,3834.0,404
rb1805,20171128,20171127,210455500,3834.0,101406,2450756,3893385320.0,3835.0,36,3834.0,378
rb1805,20171128,20171127,210456000,3835.0,101476,2450716,3896069800.0,3835.0,2,3834.0,376
rb1805,20171128,20171127,210456500,3834.0,101624,2450662,3901744720.0,3835.0,45,3834.0,333
rb1805,20171128,20171127,210457000,3835.0,101692,2450660,3904352400.0,3835.0,60,3834.0,345
rb1805,20171128,20171127,210457500,3835.0,101752,2450656,3906653380.0,3835.0,45,3834.0,355
rb1805,20171128,20171127,210458000,3835.0,101764,2450654,3907113560.0,3835.0,41,3834.0,355
rb1805,20171128,20171127,210458500,3834.0,101798,2450682,3908417180.0,3835.0,50,3834.0,338
rb1805,20171128,20171127,210459000,3835.0,101850,2450684,3910411020.0,3835.0,73,3834.0,330
rb1805,20171128,20171127,210459500,3835.0,101956,2450608,3914476120.0,3835.0,20,3834.0,360
rb1805,20171128,20171127,210500000,3834.0,102018,2450610,3916853840.0,3836.0,170,3835.0,1
rb1805,20171128,20171127,210500500,3834.0,102144,2450562,3921684960.0,3835.0,8,3834.0,317
rb1805,20171128,20171127,210501000,3835.0,102248,2450502,3925672840.0,3835.0,57,3834.0,315
rb1805,20171128,20171127,210501500,3835.0,102590,2450766,3938786140.0,3835.0,76,3834.0,183
rb1805,20171128,20171127,210502000,3835.0,102604,2450774,3939323000.0,3835.0,79,3834.0,176
rb1805,20171128,20171127,210502500,3834.0,102922,2450968,3951515980.0,3835.0,77,3834.0,61
rb1805,20171128,20171127,210503000,3835.0,102948,2450978,3952512940.0,3835.0,78,3834.0,64
rb1805,20171128,20171127,210503500,3835.0,103082,2450902,3957651660.0,3835.0,42,3834.0,89
rb1805,20171128,20171127,210504000,3835.0,103264,2450892,3964630960.0,3836.0,164,3835.0,40
rb1805,20171128,20171127,210504500,3835.0,103382,2450892,3969156040.0,3835.0,100,3834.0,219
rb1805,20171128,20171127,210505000,3835.0,103426,2450928,3970843380.0,3835.0,82,3834.0,213
rb1805,20171128,20171127,210505500,3835.0,103516,2450960,3974294120.0,3835.0,81,3834.0,188
rb1805,20171128,20171127,210506000,3835.0,103672,2451098,3980276680.0,3835.0,6,3834.0,192
rb1805,20171128,20171127,210506500,3835.0,103698,2451106,3981273800.0,3836.0,171,3835.0,75
rb1805,20171128,20171127,210507000,3835.0,103738,2451112,3982808000.0,3836.0,120,3835.0,101
rb1805,20171128,20171127,210507500,3836.0,103750,2451112,3983268260.0,3836.0,132,3835.0,118
rb1805,20171128,20171127,210508000,3835.0,103898,2451126,3988944080.0,3836.0,127,3835.0,66
rb1805,20171128,20171127,210508500,3835.0,104174,2451054,3999531300.0,3837.0,171,3835.0,163
rb1805,20171128,20171127,210509000,3837.0,104322,2451086,4005207260.0,3837.0,168,3835.0,196
rb1805,20171128,20171127,210509500,3836.0,104464,2451124,4010655700.0,3837.0,106,3836.0,10
rb1805,20171128,20171127,210510000,3836.0,104482,2451124,4011346180.0,3837.0,121,3836.0,41
rb1805,20171128,20171127,210510500,3836.0,104572,2451140,4014799440.0,3837.0,88,3836.0,74
rb1805,20171128,20171127,210511000,3837.0,104626,2451142,4016871240.0,3837.0,111,3836.0,104
rb1805,20171128,20171127,210511500,3837.0,104666,2451138,4018405780.0,3837.0,109,3836.0,92
rb1805,20171128,20171127,210512000,3836.0,104668,2451140,4018482500.0,3837.0,110,3836.0,87
rb1805,20171128,20171127,210512500,3836.0,104846,2451176,4025311640.0,3837.0,55,3836.0,23
rb1805,20171128,20171127,210513000,3837.0,104864,2451188,4026002200.0,3837.0,66,3836.0,39
rb1805,20171128,20171127,210513500,3837.0,104870,2451194,4026232380.0,3837.0,68,3836.0,41
rb1805,20171128,20171127,210514000,3837.0,104884,2451204,4026769460.0,3837.0,69,3836.0,56
rb1805,20171128,20171127,210514500,3837.0,105036,2451248,4032601660.0,3838.0,740,3837.0,17
rb1805,20171128,20171127,210515000,3837.0,105040,2451250,4032755140.0,3838.0,750,3837.0,29
rb1805,20171128,20171127,210515500,3837.0,105120,2451318,4035824740.0,3837.0,20,3836.0,68
rb1805,20171128,20171127,210516000,3837.0,105274,2451366,4041733700.0,3838.0,754,3837.0,28
rb1805,20171128,20171127,210516500,3838.0,105446,2451470,4048334580.0,3838.0,690,3837.0,54
rb1805,20171128,20171127,210517000,3838.0,105504,2451472,4050560460.0,3838.0,670,3837.0,50
rb1805,20171128,20171127,210517500,3838.0,105518,2451482,4051097680.0,3838.0,670,3837.0,58
rb1805,20171128,20171127,210518000,3838.0,105560,2451512,4052709580.0,3838.0,658,3837.0,59
rb1805,20171128,20171127,210518500,3838.0,105570,2451514,4053093360.0,3838.0,668,3837.0,62
rb1805,20171128,20171127,210519000,3837.0,105612,2451512,4054705020.0,3838.0,662,3837.0,51
rb1805,20171128,20171127,210519500,3838.0,105674,2451552,4057084000.0,3838.0,820,3837.0,22
rb1805,20171128,20171127,210520000,3838.0,106142,2451576,4075045000.0,3838.0,631,3836.0,220
rb1805,20171128,20171127,210520500,3838.0,106156,2451572,4075582200.0,3838.0,631,3837.0,5
rb1805,20171128,20171127,210521000,3837.0,106170,2451574,4076119380.0,3837.0,2,3836.0,247
rb1805,20171128,20171127,210521500,3837.0,106190,2451588,4076886880.0,3838.0,629,3837.0,43
rb1805,20171128,20171127,210522000,3837.0,106296,2451590,4080955000.0,3838.0,585,3837.0,18
rb1805,20171128,20171127,210522500,3837.0,106500,2451740,4088784020.0,3837.0,9,3836.0,251
rb1805,20171128,20171127,210523000,3837.0,106992,2452004,4107662060.0,3838.0,495,3836.0,235
rb1805,20171128,20171127,210523500,3837.0,106994,2452006,4107738800.0,3837.0,100,3836.0,238
rb1805,20171128,20171127,210524000,3837.0,107066,2452006,4110501440.0,3837.0,68,3836.0,240
rb1805,20171128,20171127,210524500,3837.0,107234,2452072,4116947620.0,3838.0,497,3837.0,343
rb1805,20171128,20171127,210525000,3838.0,107308,2452122,4119787720.0,3838.0,464,3837.0,396
rb1805,20171128,20171127,210525500,3837.0,107526,2452338,4128154520.0,3838.0,357,3837.0,452
rb1805,20171128,20171127,210526000,3837.0,107766,2452390,4137365500.0,3838.0,251,3837.0,465
rb1805,20171128,20171127,210526500,3837.0,108096,2452280,4150030380.0,3838.0,124,3837.0,450
rb1805,20171128,20171127,210527000,3838.0,108378,2452298,4160853540.0,3839.0,355,3838.0,11
rb1805,20171128,20171127,210527500,3839.0,108496,2452348,4165383400.0,3839.0,257,3838.0,44
rb1805,20171128,20171127,210528000,3838.0,108514,2452342,4166074320.0,3839.0,270,3838.0,104
rb1805,20171128,20171127,210528500,3838.0,108576,2452376,4168454000.0,3839.0,264,3838.0,84
rb1805,20171128,20171127,210529000,3839.0,108612,2452384,4169835840.0,3839.0,157,3838.0,78
rb1805,20171128,20171127,210529500,3838.0,108628,2452390,4170449940.0,3839.0,114,3838.0,78
rb1805,20171128,20171127,210530000,3838.0,108654,2452398,4171448060.0,3839.0,105,3838.0,89
rb1805,20171128,20171127,210530500,3839.0,108770,2452422,4175901240.0,3839.0,52,3838.0,149
rb1805,20171128,20171127,210531000,3839.0,108898,2452364,4180815160.0,3840.0,612,3839.0,463
rb1805,20171128,20171127,210531500,3839.0,108904,2452364,4181045500.0,3840.0,582,3839.0,475
rb1805,20171128,20171127,210532000,3840.0,108938,2452360,4182350820.0,3840.0,583,3839.0,491
rb1805,20171128,20171127,210532500,3840.0,108980,2452374,4183963460.0,3840.0,622,3839.0,552
rb1805,20171128,20171127,210533000,3840.0,109004,2452378,4184885000.0,3840.0,623,3839.0,552
rb1805,20171128,20171127,210533500,3840.0,109036,2452398,4186113760.0,3840.0,612,3839.0,555
rb1805,20171128,20171127,210534000,3840.0,109102,2452426,4188648040.0,3840.0,636,3839.0,593
rb1805,20171128,20171127,210534500,3839.0,109242,2452516,4194023740.0,3840.0,588,3839.0,585
rb1805,20171128,20171127,210535000,3840.0,109250,2452510,4194330920.0,3840.0,600,3839.0,585
rb1805,20171128,20171127,210535500,3839.0,109284,2452514,4195636440.0,3840.0,591,3839.0,583
rb1805,20171128,20171127,210536000,3840.0,109290,2452514,4195866800.0,3840.0,591,3839.0,581
rb1805,20171128,20171127,210536500,3840.0,109422,2452522,4200934960.0,3840.0,563,3839.0,495
rb1805,20171128,20171127,210537000,3840.0,109568,2452530,4206541360.0,3840.0,499,3839.0,494
rb1805,20171128,20171127,210537500,3839.0,109656,2452518,4209920480.0,3840.0,465,3839.0,490
rb1805,20171128,20171127,210538000,3840.0,109718,2452510,4212301280.0,3840.0,437,3839.0,497
rb1805,20171128,20171127,210538500,3839.0,109760,2452508,4213913840.0,3840.0,431,3839.0,485
rb1805,20171128,20171127,210539000,3839.0,109780,2452490,4214681640.0,3840.0,434,3839.0,475
rb1805,20171128,20171127,210539500,3839.0,109834,2452470,4216754980.0,3840.0,426,3839.0,466
rb1805,20171128,20171127,210540000,3839.0,109872,2452468,4218214120.0,3840.0,438,3839.0,463
rb1805,20171128,20171127,210540500,3840.0,109914,2452460,4219826660.0,3840.0,646,3839.0,452
rb1805,20171128,20171127,210541000,3840.0,110122,2452564,4227813860.0,3840.0,794,3839.0,454
rb1805,20171128,20171127,210541500,3840.0,110246,2452670,4232575380.0,3840.0,738,3839.0,450
rb1805,20171128,20171127,210542000,3840.0,110302,2452698,4234725680.0,3840.0,716,3839.0,455
rb1805,20171128,20171127,210542500,3839.0,110352,2452696,4236645180.0,3840.0,719,3839.0,475
rb1805,20171128,20171127,210543000,3839.0,110368,2452696,4237259540.0,3840.0,718,3839.0,790
rb1805,20171128,20171127,210543500,3839.0,110380,2452692,4237720280.0,3840.0,717,3839.0,793
rb1805,20171128,20171127,210544000,3840.0,110782,2452806,4253156160.0,3840.0,568,3839.0,749
rb1805,20171128,20171127,210544500,3839.0,111404,2452304,4277040860.0,3840.0,289,3839.0,744
rb1805,20171128,20171127,210545000,3840.0,111922,2452188,4296932000.0,3840.0,39,3839.0,740
rb1805,20171128,20171127,210545500,3840.0,112210,2452334,4307991220.0,3841.0,342,3840.0,36
rb1805,20171128,20171127,210546000,3840.0,112370,2452300,4314135040.0,3840.0,45,3839.0,751
rb1805,20171128,20171127,210546500,3840.0,112490,2452222,4318742900.0,3840.0,14,3839.0,721
rb1805,20171128,20171127,210547000,3839.0,112562,2452218,4321507500.0,3840.0,75,3839.0,712
rb1805,20171128,20171127,210547500,3840.0,112622,2452248,4323811480.0,3840.0,130,3839.0,712
rb1805,20171128,20171127,210548000,3840.0,112666,2452250,4325500700.0,3840.0,156,3839.0,695
rb1805,20171128,20171127,210548500,3840.0,112938,2452262,4335943180.0,3840.0,192,3839.0,574
rb1805,20171128,20171127,210549000,3840.0,113446,2452256,4355445420.0,3840.0,208,3839.0,326
rb1805,20171128,20171127,210549500,3839.0,114178,2452140,4383546900.0,3839.0,217,3838.0,139
rb1805,20171128,20171127,210550000,3839.0,114540,2452172,4397441560.0,3839.0,170,3837.0,221
rb1805,20171128,20171127,210550500,3839.0,114604,2452182,4399898480.0,3839.0,197,3837.0,208
rb1805,20171128,20171127,210551000,3839.0,114660,2452194,4402048320.0,3839.0,228,3837.0,218
rb1805,20171128,20171127,210551500,3839.0,114678,2452208,4402739340.0,3839.0,269,3837.0,239
rb1805,20171128,20171127,210552000,3838.0,114704,2452218,4403737200.0,3838.0,8,3837.0,242
rb1805,20171128,20171127,210552500,3838.0,114736,2452216,4404965340.0,3838.0,11,3837.0,241
rb1805,20171128,20171127,210553000,3838.0,114752,2452226,4405579400.0,3838.0,19,3837.0,193
rb1805,20171128,20171127,210553500,3838.0,114762,2452232,4405963200.0,3838.0,15,3837.0,195
rb1805,20171128,20171127,210554000,3838.0,114796,2452204,4407268140.0,3839.0,282,3838.0,6
rb1805,20171128,20171127,210554500,3838.0,114806,2452210,4407652000.0,3839.0,283,3838.0,4
rb1805,20171128,20171127,210555000,3838.0,114808,2452212,4407728760.0,3839.0,287,3838.0,30
rb1805,20171128,20171127,210555500,3838.0,114810,2452214,4407805520.0,3839.0,288,3838.0,45
rb1805,20171128,20171127,210556000,3838.0,114816,2452218,4408035800.0,3839.0,288,3838.0,49
rb1805,20171128,20171127,210556500,3838.0,114934,2452202,4412564740.0,3838.0,149,3837.0,210
rb1805,20171128,20171127,210557000,3838.0,114938,2452202,4412718260.0,3838.0,150,3837.0,212
rb1805,20171128,20171127,210557500,3838.0,114942,2452200,4412871780.0,3838.0,152,3837.0,219
rb1805,20171128,20171127,210558000,3838.0,114954,2452202,4413332320.0,3838.0,147,3837.0,221
rb1805,20171128,20171127,210558500,3838.0,114966,2452202,4413792860.0,3838.0,194,3837.0,221
rb1805,20171128,20171127,210559000,3838.0,114966,2452202,4413792860.0,3838.0,195,3837.0,218
rb1805,20171128,20171127,210559500,3838.0,114986,2452202,4414560460.0,3838.0,185,3837.0,218
rb1805,20171128,20171127,210600000,3838.0,114998,2452202,4415021020.0,3838.0,179,3837.0,219
rb1805,20171128,20171127,210600500,3837.0,115012,2452204,4415558260.0,3838.0,176,3837.0,215
rb1805,20171128,20171127,210601000,3837.0,115424,2451986,4431366760.0,3838.0,174,3837.0,115
rb1805,20171128,20171127,210601500,3838.0,115444,2451986,4432134240.0,3838.0,172,3837.0,134
rb1805,20171128,20171127,210602000,3838.0,115498,2451940,4434206720.0,3838.0,214,3837.0,136
rb1805,20171128,20171127,210602500,3837.0,115528,2451938,4435358020.0,3838.0,205,3837.0,132
rb1805,20171128,20171127,210603000,3838.0,115542,2451926,4435895340.0,3838.0,202,3837.0,143
rb1805,20171128,20171127,210603500,3838.0,115676,2451884,4441038220.0,3838.0,137,3837.0,144
rb1805,20171128,20171127,210604000,3838.0,115952,2451816,4451631100.0,3839.0,153,3838.0,1188
rb1805,20171128,20171127,210604500,3839.0,116296,2451946,4464837260.0,3840.0,208,3839.0,140
rb1805,20171128,20171127,210605000,3839.0,116562,2452056,4475051160.0,3840.0,94,3839.0,73
rb1805,20171128,20171127,210605500,3840.0,116760,2452034,4482654360.0,3841.0,368,3840.0,20
rb1805,20171128,20171127,210606000,3840.0,116848,2452006,4486033580.0,3841.0,368,3840.0,46
rb1805,20171128,20171127,210606500,3840.0,116914,2452004,4488568300.0,3841.0,358,3840.0,68
rb1805,20171128,20171127,210607000,3840.0,116964,2452018,4490488560.0,3841.0,346,3840.0,59
rb1805,20171128,20171127,210607500,3840.0,116974,2452024,4490872600.0,3841.0,345,3840.0,93
rb1805,20171128,20171127,210608000,3841.0,117014,2452030,4492408620.0,3841.0,350,3840.0,90
rb1805,20171128,20171127,210608500,3840.0,117242,2452018,4501165520.0,3841.0,265,3840.0,70
rb1805,20171128,20171127,210609000,3840.0,117354,2452100,4505466640.0,3841.0,256,3840.0,35
rb1805,20171128,20171127,210609500,3841.0,117570,2452262,4513763040.0,3841.0,160,3840.0,44
rb1805,20171128,20171127,210610000,3841.0,117616,2452248,4515529780.0,3841.0,148,3840.0,63
rb1805,20171128,20171127,210610500,3840.0,117662,2452264,4517296560.0,3841.0,141,3840.0,365
rb1805,20171128,20171127,210611000,3840.0,117704,2452278,4518909740.0,3841.0,137,3840.0,370
rb1805,20171128,20171127,210611500,3841.0,117808,2452288,4522903800.0,3841.0,125,3840.0,345
rb1805,20171128,20171127,210612000,3840.0,117832,2452284,4523825420.0,3841.0,145,3840.0,335
rb1805,20171128,20171127,210612500,3841.0,117944,2452224,4528126320.0,3841.0,137,3840.0,286
rb1805,20171128,20171127,210613000,3840.0,117954,2452224,4528510400.0,3841.0,141,3840.0,302
rb1805,20171128,20171127,210613500,3841.0,117990,2452202,4529893140.0,3841.0,138,3840.0,301
rb1805,20171128,20171127,210614000,3841.0,117996,2452206,4530123600.0,3841.0,161,3840.0,323
rb1805,20171128,20171127,210614500,3841.0,118022,2452218,4531122240.0,3841.0,152,3840.0,324
rb1805,20171128,20171127,210615000,3841.0,118188,2452188,4537497900.0,3841.0,92,3840.0,307
rb1805,20171128,20171127,210615500,3841.0,118232,2452172,4539187800.0,3841.0,81,3840.0,301
rb1805,20171128,20171127,210616000,3841.0,118406,2452254,4545871180.0,3842.0,914,3841.0,2
rb1805,20171128,20171127,210616500,3840.0,118426,2452242,4546639300.0,3841.0,26,3840.0,319
rb1805,20171128,20171127,210617000,3841.0,118482,2452246,4548790220.0,3841.0,6,3840.0,317
rb1805,20171128,20171127,210617500,3840.0,118630,2452164,4554475400.0,3841.0,3,3840.0,298
rb1805,20171128,20171127,210618000,3841.0,118680,2452160,4556395620.0,3841.0,59,3840.0,290
rb1805,20171128,20171127,210618500,3841.0,118712,2452166,4557624620.0,3841.0,168,3840.0,292
rb1805,20171128,20171127,210619000,3840.0,118752,2452170,4559160780.0,3841.0,199,3840.0,280
rb1805,20171128,20171127,210619500,3841.0,118812,2452180,4561465260.0,3841.0,184,3840.0,282
rb1805,20171128,20171127,210620000,3841.0,118886,2452132,4564307260.0,3841.0,182,3840.0,260
rb1805,20171128,20171127,210620500,3841.0,118952,2452126,4566842100.0,3841.0,159,3840.0,230
rb1805,20171128,20171127,210621000,3841.0,118952,2452126,4566842100.0,3841.0,162,3840.0,327
rb1805,20171128,20171127,210621500,3841.0,119000,2452082,4568685740.0,3841.0,141,3840.0,328
rb1805,20171128,20171127,210622000,3841.0,119024,2452082,4569607540.0,3841.0,152,3840.0,336
rb1805,20171128,20171127,210622500,3841.0,119036,2452082,4570068460.0,3841.0,161,3840.0,357
rb1805,20171128,20171127,210623000,3841.0,119132,2452016,4573755760.0,3841.0,118,3840.0,368
rb1805,20171128,20171127,210623500,3841.0,119158,2452014,4574754360.0,3841.0,109,3840.0,366
rb1805,20171128,20171127,210624000,3841.0,119198,2452012,4576290760.0,3841.0,100,3840.0,388
rb1805,20171128,20171127,210624500,3841.0,119208,2452008,4576674820.0,3841.0,106,3840.0,388
rb1805,20171128,20171127,210625000,3841.0,119232,2451988,4577596660.0,3841.0,149,3840.0,388
rb1805,20171128,20171127,210625500,3841.0,119258,2451986,4578595320.0,3841.0,167,3840.0,390
rb1805,20171128,20171127,210626000,3841.0,119362,2451990,4582589360.0,3841.0,147,3840.0,360
rb1805,20171128,20171127,210626500,3841.0,119380,2451996,4583280680.0,3841.0,147,3840.0,358
rb1805,20171128,20171127,210627000,3841.0,119418,2451992,4584740200.0,3841.0,142,3840.0,355
rb1805,20171128,20171127,210627500,3841.0,119458,2451998,4586276540.0,3841.0,126,3840.0,354
rb1805,20171128,20171127,210628000,3840.0,119518,2451998,4588581080.0,3841.0,107,3840.0,352
rb1805,20171128,20171127,210628500,3841.0,119576,2451972,4590808860.0,3841.0,89,3840.0,353
rb1805,20171128,20171127,210629000,3840.0,119676,2451882,4594649140.0,3841.0,82,3840.0,327
rb1805,20171128,20171127,210629500,3841.0,119718,2451886,4596262360.0,3841.0,70,3840.0,328
rb1805,20171128,20171127,210630000,3841.0,119736,2451888,4596953740.0,3841.0,71,3840.0,338
rb1805,20171128,20171127,210630500,3841.0,119990,2451966,4606710420.0,3841.0,8,3840.0,328
rb1805,20171128,20171127,210631000,3840.0,120076,2451886,4610012860.0,3841.0,6,3840.0,287
rb1805,20171128,20171127,210631500,3840.0,120124,2451890,4611856320.0,3841.0,38,3840.0,279
rb1805,20171128,20171127,210632000,3840.0,120138,2451890,4612394040.0,3841.0,166,3840.0,281
rb1805,20171128,20171127,210632500,3840.0,120196,2451884,4614621760.0,3841.0,155,3840.0,280
rb1805,20171128,20171127,210633000,3841.0,120270,2451870,4617464020.0,3841.0,123,3840.0,282
rb1805,20171128,20171127,210633500,3840.0,120288,2451870,4618155340.0,3841.0,118,3840.0,284
rb1805,20171128,20171127,210634000,3840.0,120334,2451882,4619921860.0,3841.0,151,3840.0,269
rb1805,20171128,20171127,210634500,3840.0,120364,2451886,4621073960.0,3841.0,166,3840.0,261
rb1805,20171128,20171127,210635000,3840.0,120392,2451898,4622149300.0,3841.0,161,3840.0,254
rb1805,20171128,20171127,210635500,3840.0,120410,2451902,4622840620.0,3841.0,162,3840.0,251
rb1805,20171128,20171127,210636000,3841.0,120506,2451862,4626527300.0,3841.0,152,3840.0,217
rb1805,20171128,20171127,210636500,3840.0,120602,2451786,4630213900.0,3841.0,150,3840.0,182
rb1805,20171128,20171127,210637000,3841.0,120626,2451782,4631135700.0,3841.0,154,3840.0,180
rb1805,20171128,20171127,210637500,3841.0,120644,2451776,4631826940.0,3841.0,157,3840.0,174
rb1805,20171128,20171127,210638000,3840.0,120676,2451746,4633055840.0,3841.0,157,3840.0,202
rb1805,20171128,20171127,210638500,3841.0,120928,2451816,4642732960.0,3841.0,144,3840.0,94
rb1805,20171128,20171127,210639000,3840.0,120936,2451820,4643040200.0,3841.0,156,3840.0,99
rb1805,20171128,20171127,210639500,3841.0,120962,2451828,4644038740.0,3841.0,151,3840.0,94
rb1805,20171128,20171127,210640000,3841.0,120972,2451830,4644422820.0,3841.0,148,3840.0,94
rb1805,20171128,20171127,210640500,3841.0,121000,2451824,4645498240.0,3841.0,139,3840.0,93
rb1805,20171128,20171127,210641000,3840.0,121046,2451854,4647264780.0,3841.0,133,3840.0,97
rb1805,20171128,20171127,210641500,3840.0,121088,2451882,4648877860.0,3841.0,131,3840.0,98
rb1805,20171128,20171127,210642000,3840.0,121184,2451816,4652564300.0,3841.0,136,3840.0,57
rb1805,20171128,20171127,210642500,3841.0,121304,2451762,4657172340.0,3841.0,152,3839.0,153
rb1805,20171128,20171127,210643000,3840.0,121316,2451758,4657633120.0,3840.0,18,3839.0,147
rb1805,20171128,20171127,210643500,3840.0,121354,2451764,4659092320.0,3840.0,8,3839.0,147
rb1805,20171128,20171127,210644000,3840.0,121354,2451764,4659092320.0,3840.0,11,3839.0,148
rb1805,20171128,20171127,210644500,3840.0,121360,2451764,4659322700.0,3840.0,24,3839.0,156
rb1805,20171128,20171127,210645000,3840.0,121380,2451760,4660090680.0,3840.0,21,3839.0,143
rb1805,20171128,20171127,210645500,3839.0,121414,2451756,4661396240.0,3840.0,8,3839.0,141
rb1805,20171128,20171127,210646000,3840.0,121432,2451758,4662087440.0,3840.0,12,3839.0,144
rb1805,20171128,20171127,210646500,3839.0,121454,2451756,4662932200.0,3840.0,5,3839.0,152
rb1805,20171128,20171127,210647000,3839.0,121490,2451766,4664314380.0,3840.0,5,3839.0,162
rb1805,20171128,20171127,210647500,3839.0,121490,2451766,4664314380.0,3840.0,16,3839.0,164
rb1805,20171128,20171127,210648000,3839.0,121500,2451762,4664698340.0,3840.0,42,3839.0,166
rb1805,20171128,20171127,210648500,3840.0,121600,2451836,4668538320.0,3841.0,203,3840.0,55
rb1805,20171128,20171127,210649000,3841.0,121608,2451844,4668845580.0,3841.0,191,3840.0,67
rb1805,20171128,20171127,210649500,3841.0,121618,2451852,4669229600.0,3841.0,192,3840.0,63
rb1805,20171128,20171127,210650000,3840.0,121662,2451896,4670919200.0,3841.0,193,3840.0,47
rb1805,20171128,20171127,210650500,3840.0,121760,2451900,4674682560.0,3841.0,190,3840.0,38
rb1805,20171128,20171127,210651000,3840.0,121770,2451904,4675066560.0,3841.0,194,3840.0,40
rb1805,20171128,20171127,210651500,3840.0,121796,2451926,4676064960.0,3841.0,198,3840.0,33
rb1805,20171128,20171127,210652000,3841.0,121804,2451928,4676372180.0,3841.0,197,3840.0,34
rb1805,20171128,20171127,210652500,3840.0,121828,2451948,4677293780.0,3841.0,199,3840.0,124
rb1805,20171128,20171127,210653000,3840.0,121886,2451984,4679520980.0,3841.0,202,3840.0,142
rb1805,20171128,20171127,210653500,3840.0,121952,2451994,4682055980.0,3841.0,167,3840.0,140
rb1805,20171128,20171127,210654000,3840.0,121968,2452004,4682670440.0,3841.0,176,3840.0,151
rb1805,20171128,20171127,210654500,3840.0,122208,2452210,4691886740.0,3841.0,170,3840.0,56
rb1805,20171128,20171127,210655000,3840.0,122262,2452238,4693960360.0,3841.0,170,3840.0,65
rb1805,20171128,20171127,210655500,3841.0,122276,2452248,4694497980.0,3841.0,169,3840.0,62
rb1805,20171128,20171127,210656000,3841.0,122354,2452214,4697493520.0,3841.0,168,3840.0,43
rb1805,20171128,20171127,210656500,3841.0,122412,2452250,4699721260.0,3841.0,141,3840.0,41
rb1805,20171128,20171127,210657000,3841.0,122418,2452252,4699951680.0,3841.0,177,3840.0,65
rb1805,20171128,20171127,210657500,3840.0,122428,2452256,4700335700.0,3841.0,227,3840.0,163
rb1805,20171128,20171127,210658000,3840.0,122454,2452260,4701334100.0,3841.0,234,3840.0,151
rb1805,20171128,20171127,210658500,3841.0,122502,2452264,4703177700.0,3841.0,219,3840.0,148
rb1805,20171128,20171127,210659000,3840.0,122514,2452270,4703638500.0,3841.0,222,3840.0,150
rb1805,20171128,20171127,210659500,3840.0,122656,2452366,4709092560.0,3841.0,159,3840.0,144
rb1805,20171128,20171127,210700000,3840.0,122824,2452298,4715544400.0,3841.0,127,3840.0,94
rb1805,20171128,20171127,210700500,3841.0,122950,2452340,4720383800.0,3841.0,108,3840.0,84
rb1805,20171128,20171127,210701000,3840.0,123012,2452380,4722764720.0,3841.0,166,3840.0,62
rb1805,20171128,20171127,210701500,3841.0,123096,2452430,4725991000.0,3841.0,134,3840.0,115
rb1805,20171128,20171127,210702000,3841.0,123126,2452444,4727143180.0,3841.0,128,3840.0,109
rb1805,20171128,20171127,210702500,3841.0,123334,2452636,4735130420.0,3841.0,129,3840.0,11
rb1805,20171128,20171127,210703000,3841.0,123852,2452536,4755028980.0,3841.0,24,3840.0,55
rb1805,20171128,20171127,210703500,3841.0,123902,2452538,4756949320.0,3841.0,40,3840.0,50
rb1805,20171128,20171127,210704000,3840.0,123926,2452534,4757871120.0,3841.0,46,3840.0,62
rb1805,20171128,20171127,210704500,3840.0,123988,2452534,4760252520.0,3841.0,17,3840.0,176
rb1805,20171128,20171127,210705000,3841.0,124034,2452542,4762019340.0,3841.0,8,3840.0,177
rb1805,20171128,20171127,210705500,3841.0,124062,2452530,4763094820.0,3842.0,754,3841.0,37
rb1805,20171128,20171127,210706000,3841.0,124140,2452494,4766090900.0,3842.0,750,3841.0,18
rb1805,20171128,20171127,210706500,3840.0,124206,2452514,4768625700.0,3842.0,750,3840.0,182
rb1805,20171128,20171127,210707000,3840.0,124206,2452514,4768625700.0,3842.0,750,3841.0,30
rb1805,20171128,20171127,210707500,3842.0,124808,2452692,4791750920.0,3842.0,562,3840.0,115
rb1805,20171128,20171127,210708000,3842.0,124866,2452668,4793978840.0,3841.0,31,3840.0,154
rb1805,20171128,20171127,210708500,3841.0,124952,2452650,4797282180.0,3842.0,548,3841.0,112
rb1805,20171128,20171127,210709000,3842.0,125418,2452232,4815185500.0,3842.0,336,3841.0,97
rb1805,20171128,20171127,210709500,3842.0,125812,2452186,4830322980.0,3842.0,140,3841.0,148
rb1805,20171128,20171127,210710000,3841.0,125858,2452204,4832090280.0,3842.0,118,3841.0,171
rb1805,20171128,20171127,210710500,3842.0,126098,2452138,4841311080.0,3843.0,411,3842.0,135
rb1805,20171128,20171127,210711000,3843.0,126152,2452090,4843385980.0,3843.0,410,3842.0,124
rb1805,20171128,20171127,210711500,3842.0,126194,2452086,4844999960.0,3843.0,401,3842.0,125
rb1805,20171128,20171127,210712000,3842.0,126782,2452376,4867596680.0,3843.0,115,3842.0,125
rb1805,20171128,20171127,210712500,3842.0,127100,2452462,4879814620.0,3842.0,22,3841.0,334
rb1805,20171128,20171127,210713000,3843.0,127412,2452492,4891803780.0,3844.0,603,3843.0,200
rb1805,20171128,20171127,210713500,3843.0,127462,2452496,4893725380.0,3844.0,601,3843.0,202
rb1805,20171128,20171127,210714000,3843.0,127508,2452508,4895493340.0,3844.0,592,3843.0,192
rb1805,20171128,20171127,210714500,3843.0,127720,2452580,4903641580.0,3844.0,542,3843.0,157
rb1805,20171128,20171127,210715000,3843.0,128176,2452418,4921170040.0,3844.0,344,3843.0,155
rb1805,20171128,20171127,210715500,3843.0,128426,2452604,4930777620.0,3844.0,341,3843.0,45
rb1805,20171128,20171127,210716000,3843.0,129022,2452362,4953686860.0,3844.0,94,3843.0,16
rb1805,20171128,20171127,210716500,3843.0,129096,2452360,4956530800.0,3844.0,93,3843.0,35
rb1805,20171128,20171127,210717000,3844.0,129350,2452240,4966294380.0,3845.0,1331,3844.0,87
rb1805,20171128,20171127,210717500,3844.0,129734,2452120,4981055060.0,3844.0,144,3843.0,73
rb1805,20171128,20171127,210718000,3844.0,130164,2451766,4997584220.0,3845.0,1340,3844.0,27
rb1805,20171128,20171127,210718500,3845.0,130282,2451714,5002120340.0,3844.0,10,3843.0,85
rb1805,20171128,20171127,210719000,3844.0,130930,2451552,5027027960.0,3845.0,1450,3844.0,26
rb1805,20171128,20171127,210719500,3843.0,131096,2451612,5033408900.0,3844.0,76,3843.0,21
rb1805,20171128,20171127,210720000,3844.0,131202,2451588,5037483000.0,3844.0,70,3842.0,277
rb1805,20171128,20171127,210720500,3844.0,131380,2451632,5044325180.0,3844.0,36,3842.0,277
rb1805,20171128,20171127,210721000,3844.0,131444,2451678,5046785260.0,3844.0,20,3842.0,280
rb1805,20171128,20171127,210721500,3843.0,131834,2451546,5061776160.0,3843.0,9,3842.0,292
rb1805,20171128,20171127,210722000,3844.0,131900,2451544,5064312980.0,3844.0,76,3843.0,29
rb1805,20171128,20171127,210722500,3844.0,131944,2451538,5066004300.0,3844.0,99,3843.0,8
rb1805,20171128,20171127,210723000,3843.0,132046,2451552,5069924160.0,3843.0,18,3842.0,293
rb1805,20171128,20171127,210723500,3842.0,132106,2451588,5072229940.0,3843.0,48,3842.0,292
rb1805,20171128,20171127,210724000,3843.0,132108,2451590,5072306800.0,3843.0,130,3842.0,344
rb1805,20171128,20171127,210724500,3843.0,132206,2451612,5076072920.0,3843.0,148,3842.0,344
rb1805,20171128,20171127,210725000,3843.0,132230,2451624,5076995220.0,3843.0,139,3842.0,340
rb1805,20171128,20171127,210725500,3843.0,132316,2451566,5080300120.0,3843.0,118,3842.0,336
rb1805,20171128,20171127,210726000,3843.0,132618,2451436,5091905360.0,3844.0,226,3843.0,5
rb1805,20171128,20171127,210726500,3843.0,132724,2451434,5095978640.0,3843.0,4,3842.0,296
rb1805,20171128,20171127,210727000,3843.0,132762,2451442,5097438960.0,3844.0,247,3843.0,5
rb1805,20171128,20171127,210727500,3843.0,132830,2451436,5100052000.0,3843.0,102,3842.0,242
rb1805,20171128,20171127,210728000,3842.0,132846,2451436,5100666840.0,3843.0,103,3842.0,241
rb1805,20171128,20171127,210728500,3843.0,132868,2451420,5101512300.0,3843.0,103,3842.0,244
rb1805,20171128,20171127,210729000,3843.0,132916,2451378,5103356940.0,3843.0,81,3842.0,244
rb1805,20171128,20171127,210729500,3843.0,132946,2451378,5104509840.0,3843.0,84,3842.0,246
rb1805,20171128,20171127,210730000,3843.0,133010,2451346,5106969340.0,3843.0,55,3842.0,250
rb1805,20171128,20171127,210730500,3842.0,133032,2451340,5107814740.0,3843.0,49,3842.0,248
rb1805,20171128,20171127,210731000,3843.0,133156,2451418,5112579960.0,3844.0,318,3843.0,37
rb1805,20171128,20171127,210731500,3844.0,133446,2451618,5123727560.0,3844.0,168,3843.0,47
rb1805,20171128,20171127,210732000,3843.0,133456,2451620,5124111880.0,3844.0,171,3843.0,92
rb1805,20171128,20171127,210732500,3843.0,133662,2451580,5132028480.0,3844.0,184,3843.0,51
rb1805,20171128,20171127,210733000,3843.0,133870,2451652,5140021920.0,3843.0,22,3842.0,247
rb1805,20171128,20171127,210733500,3843.0,133874,2451650,5140175640.0,3843.0,67,3842.0,252
rb1805,20171128,20171127,210734000,3843.0,134032,2451742,5146247240.0,3843.0,111,3842.0,236
rb1805,20171128,20171127,210734500,3843.0,134170,2451754,5151550400.0,3843.0,118,3842.0,226
rb1805,20171128,20171127,210735000,3842.0,134262,2451776,5155085920.0,3843.0,108,3842.0,250
rb1805,20171128,20171127,210735500,3844.0,134504,2451748,5164386000.0,3844.0,177,3843.0,12
rb1805,20171128,20171127,210736000,3843.0,134544,2451782,5165923200.0,3843.0,14,3842.0,252
rb1805,20171128,20171127,210736500,3843.0,134546,2451784,5166000060.0,3843.0,24,3842.0,252
rb1805,20171128,20171127,210737000,3842.0,134578,2451798,5167229700.0,3843.0,56,3842.0,311
rb1805,20171128,20171127,210737500,3843.0,134664,2451854,5170534620.0,3843.0,24,3842.0,311
rb1805,20171128,20171127,210738000,3842.0,134738,2451914,5173378400.0,3844.0,260,3843.0,1
rb1805,20171128,20171127,210738500,3844.0,134802,2451916,5175837960.0,3844.0,259,3843.0,64
rb1805,20171128,20171127,210739000,3843.0,135160,2451916,5189595840.0,3844.0,266,3843.0,3
rb1805,20171128,20171127,210739500,3843.0,135374,2452112,5197819820.0,3843.0,3,3842.0,316
rb1805,20171128,20171127,210740000,3843.0,135388,2452108,5198357840.0,3844.0,286,3843.0,63
rb1805,20171128,20171127,210740500,3843.0,135412,2452130,5199280280.0,3844.0,282,3843.0,122
rb1805,20171128,20171127,210741000,3843.0,135418,2452132,5199510880.0,3844.0,269,3843.0,154
rb1805,20171128,20171127,210741500,3843.0,135426,2452138,5199818340.0,3844.0,278,3843.0,170
rb1805,20171128,20171127,210742000,3844.0,135686,2452372,5209810520.0,3844.0,263,3843.0,83
rb1805,20171128,20171127,210742500,3844.0,135734,2452412,5211655580.0,3844.0,244,3843.0,104
rb1805,20171128,20171127,210743000,3843.0,135854,2452468,5216267520.0,3844.0,226,3843.0,66
rb1805,20171128,20171127,210743500,3843.0,135858,2452468,5216421260.0,3844.0,251,3843.0,97
rb1805,20171128,20171127,210744000,3844.0,135874,2452472,5217036180.0,3844.0,253,3843.0,190
rb1805,20171128,20171127,210744500,3844.0,135894,2452478,5217804900.0,3844.0,245,3843.0,296
rb1805,20171128,20171127,210745000,3843.0,136052,2452534,5223876840.0,3844.0,252,3843.0,281
rb1805,20171128,20171127,210745500,3844.0,136104,2452582,5225875220.0,3844.0,256,3843.0,278
rb1805,20171128,20171127,210746000,3844.0,136128,2452586,5226797720.0,3844.0,249,3843.0,312
rb1805,20171128,20171127,210746500,3843.0,136158,2452612,5227950720.0,3844.0,244,3843.0,332
rb1805,20171128,20171127,210747000,3843.0,136178,2452616,5228719480.0,3844.0,241,3843.0,422
rb1805,20171128,20171127,210747500,3844.0,136274,2452682,5232409700.0,3844.0,195,3843.0,423
rb1805,20171128,20171127,210748000,3844.0,136680,2452900,5248016340.0,3845.0,1477,3844.0,116
rb1805,20171128,20171127,210748500,3845.0,136692,2452906,5248477640.0,3845.0,1476,3844.0,221
rb1805,20171128,20171127,210749000,3845.0,136744,2452892,5250476940.0,3845.0,1454,3844.0,441
rb1805,20171128,20171127,210749500,3844.0,136880,2452846,5255705860.0,3845.0,1413,3844.0,545
rb1805,20171128,20171127,210750000,3844.0,136926,2452848,5257474240.0,3845.0,1507,3844.0,571
rb1805,20171128,20171127,210750500,3844.0,137244,2452852,5269701240.0,3845.0,1354,3844.0,608
rb1805,20171128,20171127,210751000,3845.0,137288,2452836,5271393020.0,3845.0,1333,3844.0,607
rb1805,20171128,20171127,210751500,3844.0,137326,2452840,5272854020.0,3845.0,1315,3844.0,627
rb1805,20171128,20171127,210752000,3844.0,137582,2452906,5282694840.0,3845.0,1303,3844.0,508
rb1805,20171128,20171127,210752500,3844.0,137620,2452876,5284155600.0,3845.0,1319,3844.0,497
rb1805,20171128,20171127,210753000,3844.0,137836,2453004,5292458780.0,3845.0,1313,3844.0,402
rb1805,20171128,20171127,210753500,3845.0,137884,2453018,5294304020.0,3845.0,1317,3844.0,393
rb1805,20171128,20171127,210754000,3845.0,137998,2453044,5298687120.0,3845.0,1276,3844.0,393
rb1805,20171128,20171127,210754500,3844.0,138052,2453078,5300763080.0,3845.0,1268,3844.0,392
rb1805,20171128,20171127,210755000,3844.0,138356,2453264,5312451080.0,3845.0,1165,3844.0,359
rb1805,20171128,20171127,210755500,3845.0,138412,2453260,5314604180.0,3845.0,1149,3844.0,367
rb1805,20171128,20171127,210756000,3844.0,138550,2453206,5319910180.0,3845.0,1086,3844.0,376
rb1805,20171128,20171127,210756500,3844.0,139106,2453620,5341283320.0,3845.0,1069,3844.0,124
rb1805,20171128,20171127,210757000,3844.0,139510,2453906,5356813080.0,3844.0,20,3843.0,475
rb1805,20171128,20171127,210757500,3844.0,139582,2453942,5359580620.0,3844.0,156,3843.0,480
rb1805,20171128,20171127,210758000,3843.0,139672,2453952,5363040180.0,3844.0,237,3843.0,479
rb1805,20171128,20171127,210758500,3844.0,139698,2453948,5364039620.0,3844.0,240,3843.0,485
rb1805,20171128,20171127,210759000,3844.0,139854,2453942,5370036260.0,3844.0,165,3843.0,483
rb1805,20171128,20171127,210759500,3844.0,139888,2453932,5371343120.0,3844.0,155,3843.0,480
rb1805,20171128,20171127,210800000,3843.0,139918,2453930,5372496300.0,3844.0,144,3843.0,479
rb1805,20171128,20171127,210800500,3843.0,139984,2453956,5375033120.0,3844.0,145,3843.0,470
rb1805,20171128,20171127,210801000,3844.0,140156,2453982,5381643320.0,3844.0,155,3843.0,396
rb1805,20171128,20171127,210801500,3844.0,140252,2454046,5385333240.0,3844.0,146,3843.0,381
rb1805,20171128,20171127,210802000,3844.0,140326,2454110,5388177680.0,3844.0,144,3843.0,381
rb1805,20171128,20171127,210802500,3843.0,140436,2454178,5392406020.0,3844.0,99,3843.0,382
rb1805,20171128,20171127,210803000,3844.0,140464,2454204,5393482120.0,3844.0,132,3843.0,378
rb1805,20171128,20171127,210803500,3844.0,140484,2454216,5394250880.0,3844.0,160,3843.0,380
rb1805,20171128,20171127,210804000,3843.0,140510,2454232,5395250200.0,3844.0,223,3843.0,380
rb1805,20171128,20171127,210804500,3843.0,140580,2454248,5397940500.0,3844.0,240,3843.0,356
rb1805,20171128,20171127,210805000,3844.0,140634,2454302,5400015960.0,3844.0,307,3843.0,464
rb1805,20171128,20171127,210805500,3844.0,140692,2454306,5402245280.0,3844.0,299,3843.0,446
rb1805,20171128,20171127,210806000,3843.0,140706,2454312,5402783320.0,3844.0,307,3843.0,443
rb1805,20171128,20171127,210806500,3843.0,140732,2454316,5403782600.0,3844.0,316,3843.0,445
rb1805,20171128,20171127,210807000,3843.0,141182,2454094,5421080500.0,3844.0,207,3843.0,430
rb1805,20171128,20171127,210807500,3844.0,141202,2454100,5421849180.0,3844.0,226,3843.0,421
rb1805,20171128,20171127,210808000,3843.0,141248,2454130,5423616980.0,3844.0,243,3843.0,402
rb1805,20171128,20171127,210808500,3844.0,141306,2454182,5425845960.0,3844.0,250,3843.0,375
rb1805,20171128,20171127,210809000,3844.0,141370,2454226,5428305580.0,3844.0,260,3843.0,452
rb1805,20171128,20171127,210809500,3843.0,141436,2454240,5430842320.0,3844.0,250,3843.0,451
rb1805,20171128,20171127,210810000,3844.0,141508,2454280,5433609400.0,3844.0,266,3843.0,461
rb1805,20171128,20171127,210810500,3844.0,141550,2454304,5435223600.0,3844.0,265,3843.0,510
rb1805,20171128,20171127,210811000,3843.0,141600,2454346,5437145460.0,3844.0,257,3843.0,504
rb1805,20171128,20171127,210811500,3844.0,141610,2454346,5437529800.0,3844.0,272,3843.0,502
rb1805,20171128,20171127,210812000,3844.0,141688,2454336,5440527440.0,3844.0,279,3843.0,466
rb1805,20171128,20171127,210812500,3844.0,141706,2454336,5441219220.0,3844.0,366,3843.0,477
rb1805,20171128,20171127,210813000,3843.0,141732,2454348,5442218560.0,3844.0,377,3843.0,581
rb1805,20171128,20171127,210813500,3843.0,141756,2454352,5443140920.0,3844.0,397,3843.0,651
rb1805,20171128,20171127,210814000,3843.0,141772,2454354,5443755800.0,3844.0,399,3843.0,643
rb1805,20171128,20171127,210814500,3844.0,141802,2454354,5444908780.0,3844.0,498,3843.0,633
rb1805,20171128,20171127,210815000,3843.0,142230,2454742,5461356920.0,3844.0,536,3843.0,425
rb1805,20171128,20171127,210815500,3844.0,143070,2455522,5493638180.0,3844.0,535,3843.0,8
rb1805,20171128,20171127,210816000,3843.0,143094,2455522,5494560460.0,3843.0,175,3842.0,580
rb1805,20171128,20171127,210816500,3842.0,143392,2455580,5506011760.0,3843.0,362,3842.0,548
rb1805,20171128,20171127,210817000,3843.0,143410,2455582,5506703380.0,3843.0,358,3842.0,548
rb1805,20171128,20171127,210817500,3843.0,143820,2455596,5522459680.0,3843.0,163,3842.0,551
rb1805,20171128,20171127,210818000,3843.0,144094,2455594,5532989340.0,3843.0,44,3842.0,543
rb1805,20171128,20171127,210818500,3843.0,144180,2455538,5536294320.0,3843.0,5,3842.0,543
rb1805,20171128,20171127,210819000,3843.0,144244,2455600,5538753840.0,3843.0,75,3842.0,535
rb1805,20171128,20171127,210819500,3842.0,144458,2455806,5546977820.0,3843.0,117,3842.0,533
rb1805,20171128,20171127,210820000,3843.0,144686,2456026,5555739760.0,3843.0,17,3842.0,528
rb1805,20171128,20171127,210820500,3843.0,144746,2456062,5558045560.0,3844.0,685,3843.0,194
rb1805,20171128,20171127,210821000,3843.0,144778,2456088,5559275320.0,3844.0,688,3843.0,305
rb1805,20171128,20171127,210821500,3843.0,144784,2456094,5559505900.0,3844.0,689,3843.0,322
rb1805,20171128,20171127,210822000,3843.0,144868,2456176,5562734020.0,3844.0,690,3843.0,298
rb1805,20171128,20171127,210822500,3843.0,144904,2456206,5564117520.0,3844.0,690,3843.0,282
rb1805,20171128,20171127,210823000,3843.0,144912,2456210,5564424960.0,3844.0,693,3843.0,283
rb1805,20171128,20171127,210823500,3843.0,145276,2456518,5578413620.0,3844.0,690,3843.0,109
rb1805,20171128,20171127,210824000,3843.0,145436,2456540,5584562420.0,3844.0,694,3843.0,15
rb1805,20171128,20171127,210824500,3843.0,145448,2456544,5585023620.0,3844.0,693,3843.0,123
rb1805,20171128,20171127,210825000,3843.0,145514,2456584,5587560020.0,3844.0,709,3843.0,191
rb1805,20171128,20171127,210825500,3843.0,145560,2456594,5589328060.0,3844.0,698,3843.0,208
rb1805,20171128,20171127,210826000,3844.0,145688,2456704,5594247160.0,3844.0,698,3843.0,168
rb1805,20171128,20171127,210826500,3843.0,145914,2456924,5602932340.0,3844.0,700,3843.0,180
rb1805,20171128,20171127,210827000,3843.0,145940,2456920,5603931620.0,3844.0,696,3843.0,160
rb1805,20171128,20171127,210827500,3843.0,145966,2456934,5604930840.0,3844.0,695,3843.0,161
rb1805,20171128,20171127,210828000,3843.0,145990,2456934,5605853160.0,3844.0,696,3843.0,168
rb1805,20171128,20171127,210828500,3843.0,146170,2457110,5612770560.0,3844.0,698,3843.0,81
rb1805,20171128,20171127,210829000,3843.0,146248,2457120,5615768100.0,3844.0,701,3843.0,126
rb1805,20171128,20171127,210829500,3843.0,146254,2457124,5615998700.0,3844.0,700,3843.0,126
rb1805,20171128,20171127,210830000,3843.0,146270,2457116,5616613680.0,3844.0,782,3843.0,240
rb1805,20171128,20171127,210830500,3843.0,146388,2457128,5621149460.0,3844.0,741,3843.0,256
rb1805,20171128,20171127,210831000,3844.0,146452,2457184,5623609040.0,3844.0,741,3843.0,268
rb1805,20171128,20171127,210831500,3844.0,146520,2457224,5626222920.0,3844.0,722,3843.0,345
rb1805,20171128,20171127,210832000,3843.0,146766,2457230,5635677540.0,3844.0,682,3843.0,279
rb1805,20171128,20171127,210832500,3843.0,146770,2457234,5635831260.0,3844.0,682,3843.0,277
rb1805,20171128,20171127,210833000,3844.0,146792,2457238,5636676860.0,3844.0,679,3843.0,275
rb1805,20171128,20171127,210833500,3844.0,146938,2457272,5642289080.0,3844.0,610,3843.0,273
rb1805,20171128,20171127,210834000,3843.0,146958,2457290,5643057680.0,3844.0,611,3843.0,266
rb1805,20171128,20171127,210834500,3844.0,146960,2457290,5643134560.0,3844.0,631,3843.0,266
rb1805,20171128,20171127,210835000,3844.0,147004,2457326,5644825860.0,3844.0,613,3843.0,264
rb1805,20171128,20171127,210835500,3843.0,147020,2457340,5645440880.0,3844.0,607,3843.0,266
rb1805,20171128,20171127,210836000,3844.0,147042,2457348,5646286540.0,3844.0,599,3843.0,265
rb1805,20171128,20171127,210836500,3843.0,147112,2457378,5648976760.0,3844.0,593,3843.0,239
rb1805,20171128,20171127,210837000,3843.0,147124,2457388,5649437920.0,3844.0,593,3843.0,199
rb1805,20171128,20171127,210837500,3844.0,147126,2457390,5649514800.0,3844.0,583,3843.0,204
rb1805,20171128,20171127,210838000,3844.0,147140,2457400,5650052920.0,3844.0,583,3843.0,204
rb1805,20171128,20171127,210838500,3844.0,147146,2457400,5650283540.0,3844.0,584,3843.0,204
rb1805,20171128,20171127,210839000,3843.0,147162,2457406,5650898440.0,3844.0,588,3843.0,197
rb1805,20171128,20171127,210839500,3843.0,147172,2457408,5651282760.0,3844.0,588,3843.0,207
rb1805,20171128,20171127,210840000,3843.0,147278,2457490,5655357340.0,3844.0,570,3843.0,215
rb1805,20171128,20171127,210840500,3843.0,147398,2457486,5659969040.0,3844.0,581,3843.0,160
rb1805,20171128,20171127,210841000,3843.0,147446,2457526,5661813680.0,3844.0,581,3843.0,143
rb1805,20171128,20171127,210841500,3843.0,147474,2457528,5662889780.0,3844.0,581,3843.0,140
rb1805,20171128,20171127,210842000,3843.0,147520,2457530,5664657960.0,3844.0,564,3843.0,160
rb1805,20171128,20171127,210842500,3843.0,147542,2457530,5665503440.0,3844.0,569,3843.0,171
rb1805,20171128,20171127,210843000,3843.0,147546,2457532,5665657180.0,3844.0,568,3843.0,174
rb1805,20171128,20171127,210843500,3843.0,147898,2457784,5679184560.0,3843.0,237,3842.0,562
rb1805,20171128,20171127,210844000,3843.0,147928,2457804,5680337460.0,3843.0,245,3842.0,560
rb1805,20171128,20171127,210844500,3843.0,148014,2457870,5683642440.0,3843.0,209,3842.0,560
rb1805,20171128,20171127,210845000,3843.0,148506,2457788,5702550020.0,3844.0,567,3843.0,81
rb1805,20171128,20171127,210845500,3844.0,148520,2457800,5703088160.0,3844.0,561,3843.0,124
rb1805,20171128,20171127,210846000,3843.0,148532,2457790,5703549320.0,3844.0,561,3843.0,302
rb1805,20171128,20171127,210846500,3844.0,148574,2457788,5705163620.0,3844.0,548,3843.0,294
rb1805,20171128,20171127,210847000,3843.0,148648,2457726,5708007480.0,3844.0,700,3843.0,268
rb1805,20171128,20171127,210847500,3844.0,148688,2457762,5709545060.0,3844.0,679,3843.0,263
rb1805,20171128,20171127,210848000,3843.0,148708,2457764,5710313720.0,3844.0,680,3843.0,272
rb1805,20171128,20171127,210848500,3843.0,148992,2458006,5721230460.0,3844.0,550,3843.0,271
rb1805,20171128,20171127,210849000,3844.0,149228,2458114,5730301000.0,3844.0,504,3843.0,234
rb1805,20171128,20171127,210849500,3843.0,149240,2458124,5730762220.0,3844.0,505,3843.0,288
rb1805,20171128,20171127,210850000,3843.0,149246,2458130,5730992840.0,3844.0,504,3843.0,287
rb1805,20171128,20171127,210850500,3843.0,149278,2458152,5732222620.0,3844.0,562,3843.0,300
rb1805,20171128,20171127,210851000,3844.0,149302,2458168,5733145020.0,3844.0,562,3843.0,272
rb1805,20171128,20171127,210851500,3843.0,149508,2458088,5741061620.0,3844.0,576,3843.0,180
rb1805,20171128,20171127,210852000,3844.0,149564,2458090,5743213780.0,3844.0,583,3843.0,139
rb1805,20171128,20171127,210852500,3844.0,149588,2458112,5744136300.0,3844.0,574,3843.0,139
rb1805,20171128,20171127,210853000,3843.0,149642,2458112,5746211580.0,3844.0,571,3843.0,115
rb1805,20171128,20171127,210853500,3844.0,149672,2458122,5747364700.0,3844.0,564,3843.0,111
rb1805,20171128,20171127,210854000,3844.0,149728,2458162,5749517180.0,3844.0,546,3843.0,106
rb1805,20171128,20171127,210854500,3844.0,149786,2458176,5751746340.0,3844.0,539,3843.0,88
rb1805,20171128,20171127,210855000,3844.0,149840,2458158,5753821760.0,3844.0,532,3843.0,71
rb1805,20171128,20171127,210855500,3843.0,149916,2458150,5756742600.0,3844.0,529,3843.0,41
rb1805,20171128,20171127,210856000,3843.0,149966,2458158,5758664160.0,3844.0,547,3843.0,20
rb1805,20171128,20171127,210856500,3844.0,149968,2458158,5758741040.0,3844.0,544,3843.0,25
rb1805,20171128,20171127,210857000,3843.0,149984,2458158,5759355920.0,3844.0,548,3843.0,17
rb1805,20171128,20171127,210857500,3843.0,150002,2458172,5760047660.0,3844.0,558,3843.0,60
rb1805,20171128,20171127,210858000,3843.0,150030,2458176,5761123900.0,3844.0,549,3843.0,56
rb1805,20171128,20171127,210858500,3843.0,150070,2458170,5762661220.0,3844.0,545,3843.0,112
rb1805,20171128,20171127,210859000,3843.0,150100,2458144,5763814120.0,3844.0,561,3843.0,99
rb1805,20171128,20171127,210859500,3844.0,150154,2458154,5765889480.0,3844.0,552,3843.0,80
rb1805,20171128,20171127,210900000,3844.0,150164,2458156,5766273840.0,3844.0,552,3843.0,80
rb1805,20171128,20171127,210900500,3844.0,150172,2458160,5766581340.0,3844.0,553,3843.0,63
rb1805,20171128,20171127,210901000,3844.0,150182,2458162,5766965680.0,3844.0,559,3843.0,68
rb1805,20171128,20171127,210901500,3843.0,150186,2458164,5767119400.0,3844.0,560,3843.0,68
rb1805,20171128,20171127,210902000,3843.0,150192,2458170,5767350020.0,3844.0,564,3843.0,74
rb1805,20171128,20171127,210902500,3843.0,150342,2458200,5773114520.0,3843.0,7,3842.0,584
rb1805,20171128,20171127,210903000,3843.0,150354,2458200,5773575680.0,3843.0,9,3842.0,585
rb1805,20171128,20171127,210903500,3843.0,150390,2458182,5774959040.0,3843.0,9,3842.0,580
rb1805,20171128,20171127,210904000,3842.0,150408,2458168,5775650760.0,3843.0,23,3842.0,589
rb1805,20171128,20171127,210904500,3842.0,150426,2458178,5776342420.0,3843.0,34,3842.0,585
rb1805,20171128,20171127,210905000,3842.0,150714,2458378,5787407400.0,3843.0,189,3842.0,440
rb1805,20171128,20171127,210905500,3842.0,150764,2458400,5789328580.0,3843.0,228,3842.0,425
rb1805,20171128,20171127,210906000,3842.0,150800,2458424,5790711820.0,3843.0,225,3842.0,413
rb1805,20171128,20171127,210906500,3842.0,150946,2458468,5796321160.0,3843.0,229,3842.0,341
rb1805,20171128,20171127,210907000,3842.0,151638,2458838,5822907820.0,3842.0,101,3841.0,531
rb1805,20171128,20171127,210907500,3842.0,151678,2458854,5824444580.0,3842.0,138,3841.0,522
rb1805,20171128,20171127,210908000,3841.0,151732,2458896,5826519240.0,3842.0,123,3841.0,521
rb1805,20171128,20171127,210908500,3841.0,151750,2458890,5827210620.0,3842.0,133,3841.0,512
rb1805,20171128,20171127,210909000,3841.0,151792,2458916,5828823900.0,3842.0,132,3841.0,494
rb1805,20171128,20171127,210909500,3842.0,151816,2458918,5829745860.0,3842.0,131,3841.0,488
