instrument,tradingday,calendarday,time,lastp,volume,openinterest,turnover,ask1,asksz1,bid1,bidsz1
rb1805,20170704,20170703,183136500,3111.0,0,73246,0.0,0.0,0,0.0,0
rb1805,20170704,20170703,205900500,3111.0,12,73234,373320.0,3115.0,1,3110.0,3
rb1805,20170704,20170703,210000500,3110.0,22,73242,684320.0,3114.0,2,3111.0,1
rb1805,20170704,20170703,210001000,3115.0,48,73258,1493780.0,3116.0,6,3115.0,38
rb1805,20170704,20170703,210001500,3115.0,124,73334,3861180.0,3111.0,2,3109.0,2
rb1805,20170704,20170703,210002000,3115.0,126,73332,3923480.0,3113.0,3,3109.0,2
rb1805,20170704,20170703,210002500,3109.0,130,73330,4047840.0,3109.0,2,3108.0,1
rb1805,20170704,20170703,210003000,3108.0,132,73332,4110000.0,3109.0,5,3106.0,1
rb1805,20170704,20170703,210003500,3108.0,132,73332,4110000.0,3108.0,2,3106.0,1
rb1805,20170704,20170703,210004000,3108.0,132,73332,4110000.0,3111.0,1,3106.0,1
rb1805,20170704,20170703,210004500,3107.0,184,73360,5725220.0,3107.0,1,3105.0,2
rb1805,20170704,20170703,210005000,3091.0,224,73336,6964720.0,3111.0,1,3091.0,17
rb1805,20170704,20170703,210005500,3091.0,234,73328,7273820.0,3106.0,2,3098.0,1
rb1805,20170704,20170703,210006000,3111.0,240,73326,7460380.0,3113.0,3,3100.0,3
rb1805,20170704,20170703,210006500,3113.0,244,73324,7584900.0,3112.0,10,3101.0,1
rb1805,20170704,20170703,210007000,3113.0,244,73324,7584900.0,3111.0,2,3101.0,4
rb1805,20170704,20170703,210007500,3113.0,244,73324,7584900.0,3104.0,5,3102.0,1
rb1805,20170704,20170703,210008000,3105.0,254,73324,7895400.0,3109.0,1,3102.0,1
rb1805,20170704,20170703,210008500,3105.0,254,73324,7895400.0,3109.0,1,3103.0,1
rb1805,20170704,20170703,210009000,3105.0,254,73324,7895400.0,3109.0,1,3103.0,1
rb1805,20170704,20170703,210009500,3105.0,254,73324,7895400.0,3109.0,1,3103.0,1
rb1805,20170704,20170703,210010500,3105.0,254,73324,7895400.0,3109.0,1,3103.0,1
rb1805,20170704,20170703,210011000,3105.0,254,73324,7895400.0,3109.0,1,3103.0,1
rb1805,20170704,20170703,210011500,3105.0,254,73324,7895400.0,3109.0,1,3103.0,1
rb1805,20170704,20170703,210012000,3105.0,254,73324,7895400.0,3109.0,1,3103.0,1
rb1805,20170704,20170703,210012500,3105.0,254,73324,7895400.0,3109.0,1,3103.0,1
rb1805,20170704,20170703,210013000,3105.0,254,73324,7895400.0,3105.0,1,3103.0,1
rb1805,20170704,20170703,210014000,3105.0,254,73324,7895400.0,3105.0,1,3103.0,6
rb1805,20170704,20170703,210014500,3105.0,254,73324,7895400.0,3105.0,1,3104.0,1
rb1805,20170704,20170703,210015000,3105.0,254,73324,7895400.0,3105.0,1,3104.0,1
rb1805,20170704,20170703,210016000,3105.0,254,73324,7895400.0,3105.0,1,3104.0,1
rb1805,20170704,20170703,210016500,3105.0,254,73324,7895400.0,3105.0,1,3104.0,1
rb1805,20170704,20170703,210017000,3105.0,254,73324,7895400.0,3105.0,11,3104.0,1
rb1805,20170704,20170703,210017500,3105.0,254,73324,7895400.0,3105.0,11,3104.0,1
rb1805,20170704,20170703,210018500,3105.0,254,73324,7895400.0,3105.0,11,3104.0,5
rb1805,20170704,20170703,210019000,3104.0,256,73322,7957480.0,3105.0,11,3104.0,4
rb1805,20170704,20170703,210020000,3105.0,258,73320,8019580.0,3105.0,10,3104.0,4
rb1805,20170704,20170703,210020500,3105.0,258,73320,8019580.0,3105.0,10,3104.0,4
rb1805,20170704,20170703,210021500,3104.0,260,73318,8081660.0,3105.0,10,3104.0,3
rb1805,20170704,20170703,210022000,3104.0,260,73318,8081660.0,3105.0,10,3104.0,23
rb1805,20170704,20170703,210023000,3104.0,260,73318,8081660.0,3105.0,15,3104.0,23
rb1805,20170704,20170703,210023500,3104.0,262,73318,8143740.0,3105.0,15,3104.0,20
rb1805,20170704,20170703,210024000,3105.0,308,73360,9571640.0,3105.0,12,3103.0,7
rb1805,20170704,20170703,210024500,3105.0,308,73360,9571640.0,3105.0,12,3104.0,4
rb1805,20170704,20170703,210025000,3105.0,308,73360,9571640.0,3105.0,12,3104.0,5
rb1805,20170704,20170703,210026000,3103.0,328,73370,10192340.0,3105.0,12,3103.0,2
rb1805,20170704,20170703,210026500,3103.0,328,73370,10192340.0,3105.0,12,3103.0,5
rb1805,20170704,20170703,210027000,3103.0,328,73370,10192340.0,3105.0,13,3103.0,5
rb1805,20170704,20170703,210027500,3103.0,328,73370,10192340.0,3105.0,13,3103.0,5
rb1805,20170704,20170703,210028000,3103.0,328,73370,10192340.0,3105.0,13,3103.0,5
rb1805,20170704,20170703,210028500,3103.0,328,73370,10192340.0,3105.0,13,3103.0,5
rb1805,20170704,20170703,210030000,3103.0,328,73370,10192340.0,3105.0,13,3103.0,5
rb1805,20170704,20170703,210031500,3105.0,336,73370,10440740.0,3105.0,9,3103.0,5
rb1805,20170704,20170703,210032000,3105.0,336,73370,10440740.0,3105.0,9,3104.0,2
rb1805,20170704,20170703,210032500,3105.0,336,73370,10440740.0,3105.0,9,3104.0,2
rb1805,20170704,20170703,210033000,3105.0,336,73370,10440740.0,3105.0,9,3104.0,4
rb1805,20170704,20170703,210033500,3104.0,338,73370,10502820.0,3104.0,1,3103.0,2
rb1805,20170704,20170703,210034000,3105.0,348,73368,10813300.0,3105.0,5,3103.0,6
rb1805,20170704,20170703,210035000,3105.0,348,73368,10813300.0,3105.0,5,3103.0,3
rb1805,20170704,20170703,210036000,3105.0,350,73370,10875400.0,3105.0,4,3103.0,6
rb1805,20170704,20170703,210036500,3105.0,350,73370,10875400.0,3105.0,4,3103.0,6
rb1805,20170704,20170703,210037000,3105.0,350,73370,10875400.0,3105.0,4,3103.0,6
rb1805,20170704,20170703,210037500,3105.0,350,73370,10875400.0,3105.0,4,3103.0,6
rb1805,20170704,20170703,210038500,3105.0,350,73370,10875400.0,3105.0,4,3103.0,9
rb1805,20170704,20170703,210039000,3105.0,350,73370,10875400.0,3105.0,4,3103.0,9
rb1805,20170704,20170703,210040000,3105.0,350,73370,10875400.0,3105.0,4,3103.0,9
rb1805,20170704,20170703,210040500,3105.0,350,73370,10875400.0,3105.0,4,3103.0,9
rb1805,20170704,20170703,210041000,3105.0,350,73370,10875400.0,3105.0,4,3104.0,4
rb1805,20170704,20170703,210041500,3105.0,350,73370,10875400.0,3105.0,4,3104.0,7
rb1805,20170704,20170703,210042000,3105.0,350,73370,10875400.0,3105.0,5,3104.0,7
rb1805,20170704,20170703,210042500,3105.0,350,73370,10875400.0,3105.0,5,3104.0,9
rb1805,20170704,20170703,210043000,3105.0,350,73370,10875400.0,3105.0,5,3104.0,9
rb1805,20170704,20170703,210043500,3105.0,352,73372,10937500.0,3105.0,4,3104.0,9
rb1805,20170704,20170703,210044500,3105.0,352,73372,10937500.0,3105.0,4,3104.0,9
rb1805,20170704,20170703,210045000,3105.0,358,73372,11123800.0,3105.0,1,3104.0,6
rb1805,20170704,20170703,210045500,3105.0,360,73372,11185900.0,3109.0,2,3105.0,3
rb1805,20170704,20170703,210046000,3105.0,360,73372,11185900.0,3109.0,3,3105.0,11
rb1805,20170704,20170703,210047500,3105.0,360,73372,11185900.0,3109.0,3,3105.0,11
rb1805,20170704,20170703,210048000,3105.0,360,73372,11185900.0,3109.0,3,3105.0,11
rb1805,20170704,20170703,210048500,3103.0,408,73392,12675920.0,3103.0,12,3102.0,21
rb1805,20170704,20170703,210049000,3103.0,432,73416,13420640.0,3109.0,3,3104.0,2
rb1805,20170704,20170703,210049500,3103.0,432,73416,13420640.0,3109.0,3,3104.0,2
rb1805,20170704,20170703,210050000,3103.0,432,73416,13420640.0,3109.0,2,3104.0,2
rb1805,20170704,20170703,210050500,3103.0,432,73416,13420640.0,3109.0,3,3104.0,2
rb1805,20170704,20170703,210051000,3103.0,432,73416,13420640.0,3109.0,2,3104.0,2
rb1805,20170704,20170703,210051500,3103.0,432,73416,13420640.0,3109.0,2,3104.0,5
rb1805,20170704,20170703,210052000,3103.0,432,73416,13420640.0,3109.0,2,3104.0,2
rb1805,20170704,20170703,210052500,3103.0,432,73416,13420640.0,3109.0,2,3104.0,5
rb1805,20170704,20170703,210053500,3103.0,432,73416,13420640.0,3106.0,5,3104.0,2
rb1805,20170704,20170703,210054000,3103.0,432,73416,13420640.0,3106.0,5,3105.0,3
rb1805,20170704,20170703,210054500,3106.0,442,73416,13731240.0,3109.0,2,3105.0,3
rb1805,20170704,20170703,210055000,3106.0,442,73416,13731240.0,3109.0,3,3104.0,2
rb1805,20170704,20170703,210055500,3109.0,444,73418,13793420.0,3109.0,2,3104.0,5
rb1805,20170704,20170703,210056000,3109.0,448,73414,13917780.0,3110.0,3,3109.0,34
rb1805,20170704,20170703,210056500,3109.0,516,73390,16031900.0,3107.0,1,3105.0,2
rb1805,20170704,20170703,210057000,3106.0,518,73390,16094020.0,3107.0,1,3106.0,1
rb1805,20170704,20170703,210059000,3106.0,518,73390,16094020.0,3107.0,1,3106.0,1
rb1805,20170704,20170703,210059500,3106.0,518,73390,16094020.0,3107.0,2,3106.0,1
rb1805,20170704,20170703,210100000,3107.0,520,73392,16156160.0,3107.0,1,3106.0,1
rb1805,20170704,20170703,210100500,3107.0,522,73392,16218300.0,3108.0,2,3107.0,2
rb1805,20170704,20170703,210101000,3108.0,530,73398,16466860.0,3108.0,1,3105.0,2
rb1805,20170704,20170703,210101500,3108.0,530,73398,16466860.0,3108.0,6,3105.0,1
rb1805,20170704,20170703,210102000,3108.0,530,73398,16466860.0,3107.0,2,3106.0,1
rb1805,20170704,20170703,210102500,3108.0,530,73398,16466860.0,3107.0,2,3105.0,1
rb1805,20170704,20170703,210103000,3108.0,530,73398,16466860.0,3107.0,2,3105.0,1
rb1805,20170704,20170703,210103500,3108.0,530,73398,16466860.0,3107.0,7,3105.0,2
rb1805,20170704,20170703,210104000,3108.0,530,73398,16466860.0,3107.0,7,3105.0,2
rb1805,20170704,20170703,210104500,3108.0,530,73398,16466860.0,3107.0,7,3105.0,3
rb1805,20170704,20170703,210105000,3108.0,530,73398,16466860.0,3107.0,7,3106.0,1
rb1805,20170704,20170703,210105500,3108.0,530,73398,16466860.0,3107.0,2,3106.0,1
rb1805,20170704,20170703,210106000,3107.0,534,73402,16591140.0,3108.0,6,3107.0,2
rb1805,20170704,20170703,210107000,3107.0,538,73406,16715420.0,3108.0,6,3106.0,1
rb1805,20170704,20170703,210107500,3108.0,540,73408,16777580.0,3108.0,5,3106.0,1
rb1805,20170704,20170703,210108000,3108.0,540,73408,16777580.0,3108.0,5,3106.0,1
rb1805,20170704,20170703,210108500,3108.0,540,73408,16777580.0,3108.0,5,3107.0,1
rb1805,20170704,20170703,210109000,3108.0,540,73408,16777580.0,3108.0,5,3107.0,1
rb1805,20170704,20170703,210112000,3108.0,540,73408,16777580.0,3108.0,5,3107.0,1
rb1805,20170704,20170703,210112500,3108.0,540,73408,16777580.0,3108.0,5,3107.0,1
rb1805,20170704,20170703,210113500,3108.0,540,73408,16777580.0,3108.0,5,3107.0,1
rb1805,20170704,20170703,210114500,3107.0,542,73410,16839720.0,3108.0,6,3106.0,1
rb1805,20170704,20170703,210115000,3107.0,542,73410,16839720.0,3108.0,5,3106.0,1
rb1805,20170704,20170703,210116000,3107.0,542,73410,16839720.0,3108.0,6,3106.0,1
rb1805,20170704,20170703,210116500,3107.0,542,73410,16839720.0,3108.0,6,3106.0,1
rb1805,20170704,20170703,210117000,3107.0,542,73410,16839720.0,3108.0,6,3107.0,24
rb1805,20170704,20170703,210117500,3107.0,542,73410,16839720.0,3108.0,1,3107.0,24
rb1805,20170704,20170703,210118000,3108.0,544,73410,16901880.0,3110.0,3,3107.0,30
rb1805,20170704,20170703,210118500,3108.0,544,73410,16901880.0,3108.0,1,3107.0,30
rb1805,20170704,20170703,210119000,3108.0,544,73410,16901880.0,3108.0,1,3107.0,25
rb1805,20170704,20170703,210119500,3107.0,546,73410,16964020.0,3108.0,1,3107.0,24
rb1805,20170704,20170703,210120500,3107.0,546,73410,16964020.0,3108.0,3,3107.0,24
rb1805,20170704,20170703,210123500,3107.0,546,73410,16964020.0,3108.0,3,3107.0,24
rb1805,20170704,20170703,210124000,3107.0,568,73410,17647560.0,3108.0,3,3107.0,13
rb1805,20170704,20170703,210124500,3107.0,568,73410,17647560.0,3108.0,3,3107.0,13
rb1805,20170704,20170703,210125000,3107.0,568,73410,17647560.0,3108.0,5,3107.0,13
rb1805,20170704,20170703,210126000,3107.0,568,73410,17647560.0,3108.0,5,3107.0,13
rb1805,20170704,20170703,210126500,3107.0,568,73410,17647560.0,3108.0,5,3107.0,13
rb1805,20170704,20170703,210127500,3107.0,568,73410,17647560.0,3108.0,5,3107.0,12
rb1805,20170704,20170703,210129000,3107.0,568,73410,17647560.0,3108.0,5,3107.0,12
rb1805,20170704,20170703,210130000,3107.0,568,73410,17647560.0,3108.0,5,3107.0,13
rb1805,20170704,20170703,210131000,3108.0,570,73410,17709720.0,3108.0,4,3107.0,13
rb1805,20170704,20170703,210131500,3108.0,572,73410,17771880.0,3108.0,3,3107.0,13
rb1805,20170704,20170703,210132000,3108.0,574,73410,17834040.0,3108.0,2,3107.0,13
rb1805,20170704,20170703,210133000,3108.0,576,73410,17896200.0,3108.0,7,3107.0,13
rb1805,20170704,20170703,210133500,3108.0,576,73410,17896200.0,3108.0,7,3107.0,13
rb1805,20170704,20170703,210135000,3108.0,576,73410,17896200.0,3108.0,7,3107.0,13
rb1805,20170704,20170703,210136000,3108.0,576,73410,17896200.0,3108.0,12,3107.0,13
rb1805,20170704,20170703,210137000,3108.0,576,73410,17896200.0,3108.0,12,3107.0,14
rb1805,20170704,20170703,210138500,3107.0,578,73412,17958340.0,3108.0,12,3107.0,13
rb1805,20170704,20170703,210139000,3107.0,604,73438,18766160.0,3107.0,1,3106.0,1
rb1805,20170704,20170703,210139500,3107.0,604,73438,18766160.0,3107.0,1,3106.0,1
rb1805,20170704,20170703,210140500,3108.0,614,73446,19076940.0,3108.0,8,3106.0,1
rb1805,20170704,20170703,210141500,3108.0,614,73446,19076940.0,3108.0,8,3105.0,5
rb1805,20170704,20170703,210142000,3108.0,614,73446,19076940.0,3107.0,4,3105.0,10
rb1805,20170704,20170703,210143000,3108.0,614,73446,19076940.0,3107.0,4,3105.0,10
rb1805,20170704,20170703,210144000,3108.0,614,73446,19076940.0,3107.0,4,3105.0,11
rb1805,20170704,20170703,210144500,3105.0,618,73450,19201140.0,3107.0,9,3105.0,9
rb1805,20170704,20170703,210145000,3105.0,636,73456,19760040.0,3107.0,9,3104.0,2
rb1805,20170704,20170703,210145500,3105.0,636,73456,19760040.0,3107.0,9,3104.0,3
rb1805,20170704,20170703,210146500,3105.0,636,73456,19760040.0,3107.0,9,3104.0,2
rb1805,20170704,20170703,210147000,3104.0,640,73456,19884200.0,3104.0,9,3103.0,1
rb1805,20170704,20170703,210147500,3104.0,662,73434,20567080.0,3107.0,9,3104.0,9
rb1805,20170704,20170703,210149500,3104.0,664,73432,20629160.0,3107.0,9,3104.0,8
rb1805,20170704,20170703,210150000,3104.0,666,73432,20691240.0,3107.0,9,3104.0,8
rb1805,20170704,20170703,210151500,3104.0,666,73432,20691240.0,3107.0,9,3105.0,3
rb1805,20170704,20170703,210152000,3104.0,666,73432,20691240.0,3106.0,1,3105.0,3
rb1805,20170704,20170703,210152500,3106.0,668,73432,20753360.0,3107.0,9,3105.0,3
rb1805,20170704,20170703,210153000,3106.0,668,73432,20753360.0,3107.0,9,3105.0,3
rb1805,20170704,20170703,210154000,3106.0,668,73432,20753360.0,3107.0,9,3105.0,3
rb1805,20170704,20170703,210154500,3105.0,670,73432,20815460.0,3107.0,9,3105.0,2
rb1805,20170704,20170703,210155000,3105.0,672,73432,20877560.0,3107.0,9,3105.0,1
rb1805,20170704,20170703,210155500,3105.0,672,73432,20877560.0,3107.0,9,3105.0,1
rb1805,20170704,20170703,210157000,3105.0,672,73432,20877560.0,3107.0,9,3105.0,1
rb1805,20170704,20170703,210158000,3105.0,672,73432,20877560.0,3107.0,9,3105.0,1
rb1805,20170704,20170703,210158500,3105.0,672,73432,20877560.0,3107.0,9,3105.0,1
rb1805,20170704,20170703,210159500,3105.0,672,73432,20877560.0,3106.0,2,3105.0,1
rb1805,20170704,20170703,210200000,3105.0,672,73432,20877560.0,3106.0,2,3105.0,1
rb1805,20170704,20170703,210201500,3106.0,674,73434,20939680.0,3106.0,1,3105.0,1
rb1805,20170704,20170703,210202000,3105.0,676,73432,21001780.0,3106.0,1,3104.0,9
rb1805,20170704,20170703,210203000,3105.0,676,73432,21001780.0,3106.0,1,3104.0,9
rb1805,20170704,20170703,210203500,3105.0,676,73432,21001780.0,3106.0,1,3105.0,3
rb1805,20170704,20170703,210204000,3105.0,676,73432,21001780.0,3106.0,1,3105.0,3
rb1805,20170704,20170703,210205000,3105.0,678,73432,21063880.0,3106.0,1,3105.0,2
rb1805,20170704,20170703,210205500,3105.0,680,73432,21125980.0,3106.0,1,3105.0,1
rb1805,20170704,20170703,210206500,3105.0,680,73432,21125980.0,3106.0,1,3105.0,2
rb1805,20170704,20170703,210207000,3106.0,682,73434,21188100.0,3107.0,9,3105.0,3
rb1805,20170704,20170703,210207500,3105.0,686,73436,21312340.0,3107.0,8,3105.0,1
rb1805,20170704,20170703,210208500,3105.0,686,73436,21312340.0,3107.0,8,3105.0,1
rb1805,20170704,20170703,210209500,3105.0,686,73436,21312340.0,3106.0,1,3105.0,1
rb1805,20170704,20170703,210210000,3105.0,686,73436,21312340.0,3106.0,1,3105.0,1
rb1805,20170704,20170703,210210500,3105.0,686,73436,21312340.0,3106.0,1,3105.0,1
rb1805,20170704,20170703,210211000,3105.0,688,73438,21374440.0,3105.0,1,3104.0,9
rb1805,20170704,20170703,210211500,3105.0,688,73438,21374440.0,3105.0,1,3104.0,10
rb1805,20170704,20170703,210212000,3105.0,688,73438,21374440.0,3105.0,1,3104.0,10
rb1805,20170704,20170703,210212500,3105.0,688,73438,21374440.0,3105.0,1,3104.0,10
rb1805,20170704,20170703,210213000,3105.0,688,73438,21374440.0,3105.0,1,3104.0,10
rb1805,20170704,20170703,210216500,3105.0,688,73438,21374440.0,3105.0,1,3104.0,10
rb1805,20170704,20170703,210217000,3105.0,688,73438,21374440.0,3105.0,1,3104.0,10
rb1805,20170704,20170703,210217500,3105.0,688,73438,21374440.0,3105.0,1,3104.0,9
rb1805,20170704,20170703,210218000,3105.0,688,73438,21374440.0,3105.0,6,3104.0,9
rb1805,20170704,20170703,210218500,3104.0,698,73428,21684840.0,3105.0,6,3104.0,4
rb1805,20170704,20170703,210219000,3104.0,706,73430,21933160.0,3104.0,1,3103.0,1
rb1805,20170704,20170703,210219500,3103.0,708,73432,21995220.0,3103.0,2,3102.0,26
rb1805,20170704,20170703,210220500,3103.0,708,73432,21995220.0,3103.0,2,3102.0,26
rb1805,20170704,20170703,210221000,3102.0,710,73434,22057260.0,3103.0,2,3102.0,25
rb1805,20170704,20170703,210222000,3102.0,710,73434,22057260.0,3103.0,2,3102.0,25
rb1805,20170704,20170703,210222500,3102.0,710,73434,22057260.0,3103.0,2,3102.0,25
rb1805,20170704,20170703,210223500,3102.0,710,73434,22057260.0,3103.0,2,3102.0,25
rb1805,20170704,20170703,210224500,3102.0,734,73458,22801740.0,3103.0,2,3102.0,13
rb1805,20170704,20170703,210225500,3102.0,734,73458,22801740.0,3103.0,2,3102.0,14
rb1805,20170704,20170703,210226000,3102.0,734,73458,22801740.0,3103.0,2,3102.0,13
rb1805,20170704,20170703,210226500,3102.0,734,73458,22801740.0,3103.0,2,3102.0,13
rb1805,20170704,20170703,210227000,3102.0,734,73458,22801740.0,3103.0,2,3102.0,14
rb1805,20170704,20170703,210227500,3102.0,734,73458,22801740.0,3103.0,2,3102.0,15
rb1805,20170704,20170703,210228000,3103.0,736,73460,22863800.0,3103.0,1,3102.0,15
rb1805,20170704,20170703,210228500,3103.0,736,73460,22863800.0,3103.0,1,3102.0,14
rb1805,20170704,20170703,210229000,3103.0,736,73460,22863800.0,3103.0,1,3102.0,15
rb1805,20170704,20170703,210229500,3103.0,736,73460,22863800.0,3103.0,1,3102.0,16
rb1805,20170704,20170703,210230000,3102.0,768,73456,23856440.0,3102.0,96,3101.0,3
rb1805,20170704,20170703,210230500,3102.0,770,73454,23918480.0,3102.0,95,3101.0,3
rb1805,20170704,20170703,210231000,3102.0,770,73454,23918480.0,3102.0,95,3101.0,8
rb1805,20170704,20170703,210231500,3102.0,770,73454,23918480.0,3102.0,95,3101.0,8
rb1805,20170704,20170703,210232000,3102.0,770,73454,23918480.0,3102.0,95,3101.0,10
rb1805,20170704,20170703,210232500,3102.0,770,73454,23918480.0,3102.0,95,3101.0,10
rb1805,20170704,20170703,210233000,3102.0,774,73450,24042560.0,3102.0,93,3101.0,10
rb1805,20170704,20170703,210233500,3102.0,774,73450,24042560.0,3102.0,95,3101.0,10
rb1805,20170704,20170703,210235000,3102.0,776,73448,24104600.0,3102.0,94,3101.0,11
rb1805,20170704,20170703,210237500,3102.0,778,73446,24166640.0,3102.0,93,3101.0,11
rb1805,20170704,20170703,210238000,3102.0,778,73446,24166640.0,3102.0,93,3101.0,11
rb1805,20170704,20170703,210238500,3102.0,778,73446,24166640.0,3102.0,93,3101.0,11
rb1805,20170704,20170703,210239500,3102.0,778,73446,24166640.0,3102.0,93,3101.0,11
rb1805,20170704,20170703,210240000,3102.0,780,73446,24228680.0,3102.0,92,3101.0,11
rb1805,20170704,20170703,210240500,3102.0,780,73446,24228680.0,3102.0,92,3101.0,6
rb1805,20170704,20170703,210241000,3102.0,790,73436,24538880.0,3102.0,87,3101.0,6
rb1805,20170704,20170703,210241500,3102.0,790,73436,24538880.0,3102.0,87,3101.0,6
rb1805,20170704,20170703,210242000,3102.0,790,73436,24538880.0,3102.0,87,3101.0,7
rb1805,20170704,20170703,210242500,3101.0,792,73438,24600900.0,3102.0,87,3101.0,11
rb1805,20170704,20170703,210243000,3102.0,802,73438,24911100.0,3102.0,82,3101.0,11
rb1805,20170704,20170703,210243500,3102.0,804,73438,24973140.0,3102.0,81,3101.0,11
rb1805,20170704,20170703,210244000,3102.0,806,73438,25035180.0,3102.0,80,3101.0,11
rb1805,20170704,20170703,210244500,3102.0,806,73438,25035180.0,3102.0,80,3101.0,11
rb1805,20170704,20170703,210245000,3102.0,808,73438,25097220.0,3102.0,79,3101.0,11
rb1805,20170704,20170703,210245500,3102.0,810,73438,25159260.0,3102.0,78,3101.0,11
rb1805,20170704,20170703,210246000,3102.0,812,73438,25221300.0,3102.0,77,3101.0,11
rb1805,20170704,20170703,210246500,3102.0,812,73438,25221300.0,3102.0,77,3101.0,10
rb1805,20170704,20170703,210247000,3102.0,820,73438,25469460.0,3102.0,73,3101.0,11
rb1805,20170704,20170703,210247500,3102.0,822,73438,25531500.0,3102.0,72,3101.0,11
rb1805,20170704,20170703,210248000,3102.0,822,73438,25531500.0,3102.0,72,3101.0,11
rb1805,20170704,20170703,210248500,3102.0,822,73438,25531500.0,3102.0,72,3101.0,11
rb1805,20170704,20170703,210249500,3102.0,822,73438,25531500.0,3102.0,72,3101.0,12
rb1805,20170704,20170703,210250500,3102.0,822,73438,25531500.0,3102.0,72,3101.0,12
rb1805,20170704,20170703,210251000,3102.0,822,73438,25531500.0,3102.0,72,3101.0,14
rb1805,20170704,20170703,210251500,3102.0,822,73438,25531500.0,3102.0,72,3101.0,14
rb1805,20170704,20170703,210252000,3102.0,822,73438,25531500.0,3102.0,72,3101.0,9
rb1805,20170704,20170703,210252500,3102.0,824,73438,25593540.0,3102.0,71,3101.0,9
rb1805,20170704,20170703,210253000,3102.0,828,73438,25717600.0,3102.0,70,3101.0,8
rb1805,20170704,20170703,210253500,3102.0,828,73438,25717600.0,3102.0,70,3101.0,9
rb1805,20170704,20170703,210254000,3102.0,828,73438,25717600.0,3102.0,70,3101.0,9
rb1805,20170704,20170703,210254500,3102.0,830,73438,25779640.0,3102.0,69,3101.0,9
rb1805,20170704,20170703,210255000,3101.0,846,73430,26275800.0,3101.0,3,3100.0,7
rb1805,20170704,20170703,210255500,3101.0,852,73424,26461860.0,3102.0,69,3101.0,6
rb1805,20170704,20170703,210257000,3101.0,852,73424,26461860.0,3102.0,69,3101.0,6
rb1805,20170704,20170703,210257500,3102.0,854,73424,26523900.0,3102.0,68,3101.0,6
rb1805,20170704,20170703,210258000,3102.0,854,73424,26523900.0,3102.0,68,3101.0,7
rb1805,20170704,20170703,210258500,3102.0,854,73424,26523900.0,3102.0,68,3101.0,1
rb1805,20170704,20170703,210259500,3102.0,854,73424,26523900.0,3102.0,68,3101.0,1
rb1805,20170704,20170703,210300500,3102.0,854,73424,26523900.0,3102.0,68,3101.0,1
rb1805,20170704,20170703,210301000,3102.0,854,73424,26523900.0,3102.0,68,3101.0,4
rb1805,20170704,20170703,210301500,3102.0,860,73424,26710020.0,3102.0,65,3101.0,4
rb1805,20170704,20170703,210302000,3102.0,860,73424,26710020.0,3102.0,65,3101.0,4
rb1805,20170704,20170703,210302500,3102.0,860,73424,26710020.0,3102.0,65,3101.0,4
rb1805,20170704,20170703,210303000,3102.0,862,73424,26772060.0,3102.0,64,3101.0,4
rb1805,20170704,20170703,210303500,3102.0,864,73424,26834100.0,3102.0,63,3101.0,4
rb1805,20170704,20170703,210305000,3102.0,866,73424,26896140.0,3102.0,62,3101.0,4
rb1805,20170704,20170703,210306000,3102.0,868,73424,26958180.0,3102.0,61,3101.0,4
rb1805,20170704,20170703,210306500,3101.0,878,73424,27268300.0,3101.0,26,3100.0,8
rb1805,20170704,20170703,210307500,3101.0,880,73424,27330320.0,3101.0,25,3100.0,8
rb1805,20170704,20170703,210308000,3101.0,884,73420,27454360.0,3101.0,23,3100.0,9
rb1805,20170704,20170703,210308500,3101.0,884,73420,27454360.0,3101.0,23,3100.0,9
rb1805,20170704,20170703,210309000,3101.0,890,73420,27640420.0,3101.0,20,3100.0,9
rb1805,20170704,20170703,210310000,3100.0,910,73414,28260420.0,3100.0,2,3099.0,10
rb1805,20170704,20170703,210310500,3101.0,918,73406,28508460.0,3101.0,18,3100.0,6
rb1805,20170704,20170703,210311000,3100.0,922,73402,28632460.0,3101.0,18,3100.0,2
rb1805,20170704,20170703,210311500,3101.0,924,73402,28694480.0,3101.0,17,3100.0,2
rb1805,20170704,20170703,210312000,3100.0,926,73402,28756480.0,3101.0,17,3100.0,6
rb1805,20170704,20170703,210312500,3100.0,926,73402,28756480.0,3101.0,17,3100.0,8
rb1805,20170704,20170703,210313000,3101.0,928,73400,28818500.0,3101.0,16,3100.0,8
rb1805,20170704,20170703,210313500,3100.0,936,73396,29066560.0,3101.0,13,3100.0,13
rb1805,20170704,20170703,210314000,3101.0,938,73396,29128580.0,3101.0,12,3100.0,20
rb1805,20170704,20170703,210314500,3101.0,944,73392,29314640.0,3101.0,9,3100.0,23
rb1805,20170704,20170703,210315000,3101.0,962,73374,29872820.0,3102.0,60,3100.0,23
rb1805,20170704,20170703,210315500,3101.0,962,73374,29872820.0,3102.0,60,3101.0,1
rb1805,20170704,20170703,210316000,3101.0,962,73374,29872820.0,3102.0,60,3100.0,22
rb1805,20170704,20170703,210316500,3101.0,962,73374,29872820.0,3102.0,60,3101.0,4
rb1805,20170704,20170703,210317000,3101.0,962,73374,29872820.0,3102.0,60,3101.0,3
rb1805,20170704,20170703,210317500,3101.0,964,73374,29934840.0,3102.0,61,3101.0,3
rb1805,20170704,20170703,210318000,3102.0,966,73374,29996880.0,3102.0,60,3101.0,3
rb1805,20170704,20170703,210319500,3102.0,966,73374,29996880.0,3102.0,60,3101.0,2
rb1805,20170704,20170703,210320000,3102.0,966,73374,29996880.0,3102.0,60,3101.0,2
rb1805,20170704,20170703,210321000,3102.0,968,73374,30058920.0,3102.0,59,3101.0,5
rb1805,20170704,20170703,210322000,3102.0,968,73374,30058920.0,3102.0,59,3101.0,6
rb1805,20170704,20170703,210322500,3102.0,968,73374,30058920.0,3102.0,59,3101.0,7
rb1805,20170704,20170703,210324000,3102.0,968,73374,30058920.0,3102.0,59,3101.0,7
rb1805,20170704,20170703,210324500,3102.0,968,73374,30058920.0,3102.0,59,3101.0,7
rb1805,20170704,20170703,210325000,3102.0,970,73374,30120960.0,3102.0,58,3101.0,7
rb1805,20170704,20170703,210325500,3102.0,978,73374,30369120.0,3102.0,54,3101.0,7
rb1805,20170704,20170703,210327500,3102.0,978,73374,30369120.0,3102.0,54,3101.0,7
rb1805,20170704,20170703,210329000,3102.0,1002,73350,31113600.0,3102.0,42,3101.0,8
rb1805,20170704,20170703,210329500,3102.0,1004,73350,31175640.0,3102.0,41,3101.0,9
rb1805,20170704,20170703,210330000,3102.0,1004,73350,31175640.0,3102.0,41,3101.0,9
rb1805,20170704,20170703,210331000,3102.0,1006,73350,31237680.0,3102.0,40,3101.0,9
rb1805,20170704,20170703,210331500,3102.0,1006,73350,31237680.0,3102.0,40,3101.0,10
rb1805,20170704,20170703,210332500,3102.0,1006,73350,31237680.0,3102.0,40,3101.0,10
rb1805,20170704,20170703,210333500,3102.0,1008,73348,31299720.0,3102.0,39,3101.0,10
rb1805,20170704,20170703,210334000,3102.0,1008,73348,31299720.0,3102.0,39,3101.0,12
rb1805,20170704,20170703,210334500,3102.0,1008,73348,31299720.0,3102.0,40,3101.0,12
rb1805,20170704,20170703,210335000,3102.0,1008,73348,31299720.0,3102.0,45,3101.0,12
rb1805,20170704,20170703,210335500,3102.0,1008,73348,31299720.0,3102.0,40,3101.0,12
rb1805,20170704,20170703,210336500,3102.0,1014,73348,31485840.0,3102.0,37,3101.0,12
rb1805,20170704,20170703,210337000,3102.0,1014,73348,31485840.0,3102.0,37,3101.0,12
rb1805,20170704,20170703,210337500,3102.0,1014,73348,31485840.0,3102.0,37,3101.0,12
rb1805,20170704,20170703,210338000,3102.0,1014,73348,31485840.0,3102.0,37,3101.0,12
rb1805,20170704,20170703,210339500,3102.0,1014,73348,31485840.0,3102.0,36,3101.0,12
rb1805,20170704,20170703,210340000,3102.0,1014,73348,31485840.0,3102.0,36,3101.0,12
rb1805,20170704,20170703,210341500,3102.0,1020,73348,31671960.0,3102.0,33,3101.0,12
rb1805,20170704,20170703,210342000,3102.0,1020,73348,31671960.0,3102.0,33,3101.0,12
rb1805,20170704,20170703,210343000,3102.0,1022,73348,31734000.0,3102.0,32,3101.0,12
rb1805,20170704,20170703,210343500,3102.0,1022,73348,31734000.0,3102.0,32,3101.0,14
rb1805,20170704,20170703,210344500,3102.0,1022,73348,31734000.0,3102.0,32,3101.0,17
rb1805,20170704,20170703,210345000,3102.0,1024,73348,31796040.0,3102.0,31,3101.0,17
rb1805,20170704,20170703,210346500,3102.0,1024,73348,31796040.0,3102.0,31,3101.0,17
rb1805,20170704,20170703,210347500,3102.0,1034,73352,32106160.0,3102.0,30,3101.0,13
rb1805,20170704,20170703,210348000,3102.0,1034,73352,32106160.0,3102.0,30,3101.0,14
rb1805,20170704,20170703,210349000,3102.0,1034,73352,32106160.0,3102.0,30,3101.0,15
rb1805,20170704,20170703,210349500,3102.0,1038,73352,32230240.0,3102.0,28,3101.0,15
rb1805,20170704,20170703,210350000,3102.0,1046,73346,32478400.0,3102.0,24,3101.0,15
rb1805,20170704,20170703,210350500,3102.0,1046,73346,32478400.0,3102.0,24,3101.0,14
rb1805,20170704,20170703,210352500,3102.0,1046,73346,32478400.0,3102.0,24,3101.0,14
rb1805,20170704,20170703,210353000,3102.0,1046,73346,32478400.0,3102.0,24,3101.0,14
rb1805,20170704,20170703,210354000,3102.0,1048,73346,32540440.0,3102.0,23,3101.0,14
rb1805,20170704,20170703,210354500,3102.0,1048,73346,32540440.0,3102.0,23,3101.0,12
rb1805,20170704,20170703,210355000,3101.0,1054,73344,32726500.0,3102.0,23,3101.0,9
rb1805,20170704,20170703,210355500,3101.0,1054,73344,32726500.0,3102.0,23,3101.0,10
rb1805,20170704,20170703,210356500,3102.0,1056,73344,32788540.0,3102.0,22,3101.0,12
rb1805,20170704,20170703,210357000,3102.0,1056,73344,32788540.0,3102.0,22,3101.0,12
rb1805,20170704,20170703,210358000,3102.0,1056,73344,32788540.0,3102.0,22,3101.0,17
rb1805,20170704,20170703,210358500,3102.0,1056,73344,32788540.0,3102.0,22,3101.0,23
rb1805,20170704,20170703,210359000,3102.0,1056,73344,32788540.0,3102.0,22,3101.0,17
rb1805,20170704,20170703,210359500,3102.0,1058,73344,32850580.0,3102.0,21,3101.0,23
rb1805,20170704,20170703,210400500,3102.0,1060,73344,32912620.0,3102.0,20,3101.0,23
rb1805,20170704,20170703,210402000,3102.0,1074,73332,33346900.0,3102.0,13,3101.0,23
rb1805,20170704,20170703,210402500,3102.0,1076,73332,33408940.0,3102.0,12,3101.0,23
rb1805,20170704,20170703,210403000,3102.0,1078,73330,33470980.0,3102.0,11,3101.0,24
rb1805,20170704,20170703,210403500,3102.0,1082,73326,33595060.0,3102.0,9,3101.0,17
rb1805,20170704,20170703,210404000,3102.0,1100,73322,34153280.0,3102.0,7,3101.0,10
rb1805,20170704,20170703,210404500,3102.0,1100,73322,34153280.0,3102.0,7,3101.0,4
rb1805,20170704,20170703,210405000,3102.0,1104,73318,34277360.0,3102.0,5,3101.0,7
rb1805,20170704,20170703,210405500,3102.0,1114,73308,34587560.0,3103.0,1,3102.0,1
rb1805,20170704,20170703,210406000,3102.0,1114,73308,34587560.0,3103.0,1,3102.0,3
rb1805,20170704,20170703,210407000,3102.0,1116,73306,34649600.0,3103.0,1,3102.0,2
rb1805,20170704,20170703,210409000,3102.0,1116,73306,34649600.0,3103.0,1,3102.0,3
rb1805,20170704,20170703,210410500,3103.0,1118,73308,34711660.0,3104.0,1,3102.0,3
rb1805,20170704,20170703,210411000,3103.0,1118,73308,34711660.0,3104.0,1,3102.0,3
rb1805,20170704,20170703,210411500,3103.0,1118,73308,34711660.0,3104.0,1,3103.0,1
rb1805,20170704,20170703,210412500,3103.0,1118,73308,34711660.0,3104.0,3,3103.0,1
rb1805,20170704,20170703,210414500,3103.0,1118,73308,34711660.0,3104.0,3,3103.0,1
rb1805,20170704,20170703,210415000,3103.0,1118,73308,34711660.0,3104.0,3,3103.0,2
rb1805,20170704,20170703,210417000,3103.0,1118,73308,34711660.0,3104.0,3,3103.0,2
rb1805,20170704,20170703,210417500,3104.0,1120,73308,34773740.0,3104.0,2,3103.0,2
rb1805,20170704,20170703,210418000,3104.0,1122,73306,34835820.0,3104.0,1,3103.0,2
rb1805,20170704,20170703,210421000,3104.0,1122,73306,34835820.0,3104.0,1,3103.0,2
rb1805,20170704,20170703,210421500,3104.0,1122,73306,34835820.0,3104.0,1,3103.0,4
rb1805,20170704,20170703,210424000,3104.0,1124,73306,34897900.0,3105.0,7,3103.0,4
rb1805,20170704,20170703,210424500,3104.0,1124,73306,34897900.0,3105.0,8,3103.0,4
rb1805,20170704,20170703,210425500,3104.0,1124,73306,34897900.0,3105.0,8,3104.0,1
rb1805,20170704,20170703,210426000,3104.0,1124,73306,34897900.0,3105.0,3,3104.0,1
rb1805,20170704,20170703,210427000,3104.0,1124,73306,34897900.0,3105.0,5,3104.0,1
rb1805,20170704,20170703,210427500,3104.0,1124,73306,34897900.0,3105.0,6,3104.0,1
rb1805,20170704,20170703,210429000,3104.0,1124,73306,34897900.0,3105.0,6,3104.0,2
rb1805,20170704,20170703,210429500,3104.0,1128,73308,35022060.0,3105.0,11,3103.0,7
rb1805,20170704,20170703,210430000,3104.0,1128,73308,35022060.0,3104.0,3,3103.0,7
rb1805,20170704,20170703,210430500,3103.0,1134,73314,35208280.0,3104.0,6,3103.0,6
rb1805,20170704,20170703,210431500,3103.0,1134,73314,35208280.0,3104.0,6,3103.0,6
rb1805,20170704,20170703,210432000,3103.0,1146,73310,35580640.0,3104.0,6,3102.0,4
rb1805,20170704,20170703,210433000,3103.0,1146,73310,35580640.0,3104.0,6,3102.0,3
rb1805,20170704,20170703,210434000,3103.0,1146,73310,35580640.0,3104.0,1,3102.0,8
rb1805,20170704,20170703,210435000,3103.0,1146,73310,35580640.0,3104.0,1,3102.0,10
rb1805,20170704,20170703,210437000,3103.0,1146,73310,35580640.0,3104.0,1,3102.0,10
rb1805,20170704,20170703,210438000,3103.0,1146,73310,35580640.0,3104.0,1,3102.0,11
rb1805,20170704,20170703,210438500,3103.0,1146,73310,35580640.0,3104.0,1,3103.0,2
rb1805,20170704,20170703,210439000,3104.0,1148,73310,35642720.0,3105.0,9,3103.0,8
rb1805,20170704,20170703,210439500,3104.0,1148,73310,35642720.0,3105.0,4,3103.0,8
rb1805,20170704,20170703,210440500,3104.0,1148,73310,35642720.0,3104.0,1,3103.0,8
rb1805,20170704,20170703,210441500,3104.0,1148,73310,35642720.0,3104.0,1,3103.0,8
rb1805,20170704,20170703,210442500,3104.0,1148,73310,35642720.0,3104.0,1,3103.0,8
rb1805,20170704,20170703,210443500,3104.0,1148,73310,35642720.0,3104.0,1,3103.0,3
rb1805,20170704,20170703,210446000,3104.0,1148,73310,35642720.0,3104.0,2,3103.0,8
rb1805,20170704,20170703,210446500,3104.0,1150,73310,35704800.0,3104.0,1,3103.0,8
rb1805,20170704,20170703,210448000,3104.0,1150,73310,35704800.0,3104.0,1,3103.0,8
rb1805,20170704,20170703,210450500,3104.0,1150,73310,35704800.0,3104.0,1,3103.0,8
rb1805,20170704,20170703,210451500,3104.0,1150,73310,35704800.0,3104.0,1,3103.0,8
rb1805,20170704,20170703,210456000,3104.0,1150,73310,35704800.0,3104.0,1,3103.0,6
rb1805,20170704,20170703,210456500,3104.0,1150,73310,35704800.0,3104.0,1,3103.0,1
rb1805,20170704,20170703,210457000,3104.0,1152,73308,35766880.0,3105.0,2,3104.0,5
rb1805,20170704,20170703,210458500,3104.0,1152,73308,35766880.0,3105.0,2,3104.0,5
rb1805,20170704,20170703,210501000,3104.0,1152,73308,35766880.0,3105.0,2,3104.0,5
rb1805,20170704,20170703,210502500,3104.0,1152,73308,35766880.0,3105.0,2,3104.0,5
rb1805,20170704,20170703,210503000,3104.0,1152,73308,35766880.0,3105.0,2,3104.0,5
rb1805,20170704,20170703,210503500,3104.0,1152,73308,35766880.0,3105.0,2,3104.0,6
rb1805,20170704,20170703,210505000,3104.0,1152,73308,35766880.0,3105.0,7,3104.0,6
rb1805,20170704,20170703,210508000,3104.0,1152,73308,35766880.0,3105.0,7,3104.0,7
rb1805,20170704,20170703,210509000,3104.0,1152,73308,35766880.0,3105.0,7,3104.0,7
rb1805,20170704,20170703,210509500,3104.0,1152,73308,35766880.0,3105.0,7,3104.0,7
rb1805,20170704,20170703,210510000,3104.0,1152,73308,35766880.0,3105.0,13,3104.0,7
rb1805,20170704,20170703,210511500,3104.0,1152,73308,35766880.0,3105.0,8,3104.0,7
rb1805,20170704,20170703,210513000,3104.0,1154,73306,35828960.0,3105.0,8,3104.0,7
rb1805,20170704,20170703,210514500,3104.0,1156,73304,35891040.0,3105.0,8,3104.0,6
rb1805,20170704,20170703,210515000,3104.0,1158,73302,35953120.0,3105.0,8,3104.0,5
rb1805,20170704,20170703,210516000,3104.0,1160,73300,36015200.0,3105.0,8,3104.0,4
rb1805,20170704,20170703,210517000,3104.0,1162,73298,36077280.0,3105.0,8,3104.0,3
rb1805,20170704,20170703,210518000,3104.0,1164,73298,36139360.0,3105.0,8,3104.0,2
rb1805,20170704,20170703,210518500,3104.0,1166,73298,36201440.0,3105.0,8,3104.0,1
rb1805,20170704,20170703,210519500,3104.0,1166,73298,36201440.0,3105.0,8,3104.0,1
rb1805,20170704,20170703,210521000,3104.0,1166,73298,36201440.0,3105.0,9,3104.0,1
rb1805,20170704,20170703,210522000,3104.0,1168,73298,36263520.0,3105.0,9,3103.0,1
rb1805,20170704,20170703,210522500,3104.0,1168,73298,36263520.0,3103.0,1,3102.0,16
rb1805,20170704,20170703,210523000,3104.0,1168,73298,36263520.0,3103.0,1,3102.0,12
rb1805,20170704,20170703,210525000,3103.0,1170,73296,36325580.0,3105.0,9,3103.0,5
rb1805,20170704,20170703,210525500,3103.0,1170,73296,36325580.0,3105.0,9,3102.0,7
rb1805,20170704,20170703,210526000,3103.0,1170,73296,36325580.0,3105.0,14,3103.0,2
rb1805,20170704,20170703,210526500,3103.0,1170,73296,36325580.0,3105.0,15,3103.0,2
rb1805,20170704,20170703,210527000,3103.0,1170,73296,36325580.0,3105.0,15,3103.0,2
rb1805,20170704,20170703,210527500,3103.0,1170,73296,36325580.0,3105.0,15,3103.0,2
rb1805,20170704,20170703,210532000,3103.0,1170,73296,36325580.0,3105.0,15,3103.0,2
rb1805,20170704,20170703,210535500,3103.0,1170,73296,36325580.0,3105.0,21,3103.0,2
rb1805,20170704,20170703,210536500,3103.0,1170,73296,36325580.0,3105.0,21,3103.0,2
rb1805,20170704,20170703,210537000,3103.0,1170,73296,36325580.0,3105.0,21,3103.0,2
rb1805,20170704,20170703,210537500,3103.0,1170,73296,36325580.0,3105.0,21,3103.0,3
rb1805,20170704,20170703,210538000,3103.0,1170,73296,36325580.0,3105.0,15,3103.0,3
rb1805,20170704,20170703,210540000,3103.0,1172,73294,36387640.0,3105.0,15,3103.0,2
rb1805,20170704,20170703,210542500,3103.0,1172,73294,36387640.0,3105.0,16,3103.0,3
rb1805,20170704,20170703,210543000,3103.0,1172,73294,36387640.0,3104.0,1,3103.0,1
rb1805,20170704,20170703,210544000,3103.0,1172,73294,36387640.0,3104.0,1,3103.0,1
rb1805,20170704,20170703,210546500,3103.0,1174,73294,36449700.0,3103.0,1,3102.0,10
rb1805,20170704,20170703,210547000,3103.0,1174,73294,36449700.0,3103.0,1,3102.0,5
rb1805,20170704,20170703,210547500,3103.0,1174,73294,36449700.0,3103.0,1,3102.0,5
rb1805,20170704,20170703,210550500,3103.0,1174,73294,36449700.0,3103.0,1,3102.0,5
rb1805,20170704,20170703,210551000,3103.0,1176,73294,36511760.0,3104.0,1,3103.0,2
rb1805,20170704,20170703,210553000,3103.0,1176,73294,36511760.0,3104.0,1,3103.0,2
rb1805,20170704,20170703,210553500,3103.0,1176,73294,36511760.0,3104.0,1,3103.0,2
rb1805,20170704,20170703,210554000,3103.0,1176,73294,36511760.0,3104.0,3,3103.0,2
rb1805,20170704,20170703,210554500,3103.0,1176,73294,36511760.0,3104.0,8,3103.0,2
rb1805,20170704,20170703,210555500,3103.0,1176,73294,36511760.0,3104.0,8,3103.0,2
rb1805,20170704,20170703,210556000,3103.0,1176,73294,36511760.0,3104.0,8,3103.0,2
rb1805,20170704,20170703,210556500,3103.0,1182,73296,36697980.0,3104.0,6,3103.0,1
rb1805,20170704,20170703,210558000,3103.0,1184,73296,36760040.0,3104.0,6,3102.0,5
rb1805,20170704,20170703,210559000,3103.0,1184,73296,36760040.0,3104.0,6,3102.0,5
rb1805,20170704,20170703,210559500,3104.0,1196,73296,37132520.0,3105.0,15,3104.0,4
rb1805,20170704,20170703,210600000,3104.0,1202,73296,37318760.0,3105.0,15,3104.0,1
rb1805,20170704,20170703,210600500,3104.0,1204,73296,37380840.0,3105.0,17,3102.0,5
rb1805,20170704,20170703,210601000,3104.0,1204,73296,37380840.0,3105.0,12,3103.0,2
rb1805,20170704,20170703,210601500,3104.0,1204,73296,37380840.0,3105.0,12,3103.0,2
rb1805,20170704,20170703,210603000,3104.0,1204,73296,37380840.0,3105.0,12,3103.0,8
rb1805,20170704,20170703,210604000,3104.0,1204,73296,37380840.0,3105.0,10,3103.0,9
rb1805,20170704,20170703,210605500,3104.0,1204,73296,37380840.0,3104.0,1,3103.0,8
rb1805,20170704,20170703,210606500,3104.0,1204,73296,37380840.0,3104.0,1,3103.0,9
rb1805,20170704,20170703,210607000,3103.0,1208,73300,37504960.0,3104.0,1,3103.0,6
rb1805,20170704,20170703,210608000,3104.0,1210,73298,37567040.0,3105.0,10,3104.0,1
rb1805,20170704,20170703,210608500,3104.0,1210,73298,37567040.0,3105.0,10,3104.0,1
rb1805,20170704,20170703,210609000,3104.0,1210,73298,37567040.0,3105.0,10,3104.0,1
rb1805,20170704,20170703,210610000,3104.0,1212,73296,37629120.0,3105.0,10,3103.0,6
rb1805,20170704,20170703,210610500,3104.0,1212,73296,37629120.0,3105.0,10,3103.0,7
rb1805,20170704,20170703,210611500,3104.0,1212,73296,37629120.0,3105.0,9,3103.0,7
rb1805,20170704,20170703,210612500,3104.0,1212,73296,37629120.0,3105.0,9,3103.0,7
rb1805,20170704,20170703,210613000,3104.0,1212,73296,37629120.0,3105.0,9,3104.0,3
rb1805,20170704,20170703,210614000,3104.0,1212,73296,37629120.0,3105.0,9,3104.0,3
rb1805,20170704,20170703,210614500,3104.0,1212,73296,37629120.0,3105.0,9,3104.0,8
rb1805,20170704,20170703,210615000,3105.0,1214,73296,37691220.0,3105.0,8,3104.0,8
rb1805,20170704,20170703,210615500,3105.0,1214,73296,37691220.0,3105.0,8,3104.0,8
rb1805,20170704,20170703,210616500,3105.0,1214,73296,37691220.0,3105.0,9,3104.0,8
rb1805,20170704,20170703,210617000,3105.0,1214,73296,37691220.0,3105.0,9,3103.0,7
rb1805,20170704,20170703,210617500,3105.0,1214,73296,37691220.0,3104.0,1,3103.0,7
rb1805,20170704,20170703,210618000,3105.0,1224,73302,38001700.0,3105.0,4,3103.0,8
rb1805,20170704,20170703,210618500,3105.0,1224,73302,38001700.0,3105.0,4,3103.0,7
rb1805,20170704,20170703,210619000,3105.0,1224,73302,38001700.0,3105.0,4,3104.0,3
rb1805,20170704,20170703,210621000,3105.0,1230,73306,38188000.0,3105.0,1,3104.0,3
rb1805,20170704,20170703,210621500,3105.0,1232,73306,38250100.0,3106.0,3,3105.0,2
rb1805,20170704,20170703,210622000,3105.0,1232,73306,38250100.0,3106.0,3,3105.0,2
rb1805,20170704,20170703,210622500,3105.0,1232,73306,38250100.0,3106.0,3,3105.0,2
rb1805,20170704,20170703,210623000,3105.0,1234,73306,38312200.0,3106.0,3,3105.0,1
rb1805,20170704,20170703,210625500,3105.0,1236,73306,38374300.0,3106.0,3,3104.0,3
rb1805,20170704,20170703,210626500,3105.0,1236,73306,38374300.0,3106.0,3,3104.0,3
rb1805,20170704,20170703,210631000,3105.0,1236,73306,38374300.0,3106.0,3,3104.0,3
rb1805,20170704,20170703,210631500,3105.0,1236,73306,38374300.0,3106.0,3,3104.0,8
rb1805,20170704,20170703,210633000,3105.0,1236,73306,38374300.0,3106.0,3,3104.0,8
rb1805,20170704,20170703,210636000,3106.0,1238,73306,38436420.0,3106.0,2,3104.0,8
rb1805,20170704,20170703,210637000,3106.0,1240,73306,38498540.0,3106.0,1,3104.0,8
rb1805,20170704,20170703,210638500,3106.0,1240,73306,38498540.0,3106.0,1,3104.0,8
rb1805,20170704,20170703,210640000,3106.0,1240,73306,38498540.0,3105.0,1,3104.0,8
rb1805,20170704,20170703,210641000,3106.0,1240,73306,38498540.0,3105.0,1,3104.0,3
rb1805,20170704,20170703,210641500,3106.0,1240,73306,38498540.0,3105.0,1,3104.0,3
rb1805,20170704,20170703,210642000,3106.0,1240,73306,38498540.0,3105.0,1,3104.0,8
rb1805,20170704,20170703,210642500,3106.0,1240,73306,38498540.0,3105.0,1,3104.0,8
rb1805,20170704,20170703,210643500,3106.0,1240,73306,38498540.0,3105.0,1,3104.0,8
rb1805,20170704,20170703,210644000,3104.0,1256,73306,38995180.0,3104.0,12,3103.0,9
rb1805,20170704,20170703,210645000,3104.0,1256,73306,38995180.0,3104.0,12,3103.0,4
rb1805,20170704,20170703,210648500,3104.0,1256,73306,38995180.0,3104.0,12,3103.0,4
rb1805,20170704,20170703,210649000,3104.0,1256,73306,38995180.0,3104.0,12,3103.0,4
rb1805,20170704,20170703,210651500,3104.0,1256,73306,38995180.0,3104.0,12,3103.0,4
rb1805,20170704,20170703,210653000,3104.0,1256,73306,38995180.0,3104.0,17,3103.0,4
rb1805,20170704,20170703,210655500,3104.0,1262,73306,39181420.0,3104.0,14,3103.0,9
rb1805,20170704,20170703,210656500,3104.0,1262,73306,39181420.0,3104.0,14,3103.0,9
rb1805,20170704,20170703,210657000,3104.0,1264,73304,39243500.0,3104.0,13,3103.0,4
rb1805,20170704,20170703,210657500,3104.0,1264,73304,39243500.0,3104.0,13,3103.0,4
rb1805,20170704,20170703,210659500,3104.0,1264,73304,39243500.0,3104.0,13,3103.0,4
rb1805,20170704,20170703,210700000,3104.0,1264,73304,39243500.0,3104.0,13,3103.0,4
rb1805,20170704,20170703,210702500,3104.0,1266,73304,39305580.0,3104.0,12,3103.0,4
rb1805,20170704,20170703,210703000,3104.0,1272,73304,39491820.0,3104.0,9,3103.0,4
rb1805,20170704,20170703,210706000,3104.0,1274,73304,39553900.0,3104.0,8,3103.0,4
rb1805,20170704,20170703,210706500,3104.0,1276,73302,39615980.0,3104.0,7,3103.0,4
rb1805,20170704,20170703,210708500,3103.0,1278,73300,39678040.0,3104.0,7,3103.0,3
rb1805,20170704,20170703,210710500,3103.0,1284,73300,39864220.0,3103.0,7,3102.0,10
rb1805,20170704,20170703,210711000,3103.0,1288,73298,39988340.0,3103.0,5,3102.0,6
rb1805,20170704,20170703,210711500,3103.0,1288,73298,39988340.0,3103.0,5,3102.0,5
rb1805,20170704,20170703,210712500,3103.0,1288,73298,39988340.0,3103.0,5,3102.0,5
rb1805,20170704,20170703,210713500,3103.0,1288,73298,39988340.0,3103.0,5,3102.0,6
rb1805,20170704,20170703,210714500,3103.0,1288,73298,39988340.0,3103.0,5,3102.0,6
rb1805,20170704,20170703,210715000,3103.0,1288,73298,39988340.0,3103.0,5,3102.0,5
rb1805,20170704,20170703,210715500,3103.0,1288,73298,39988340.0,3103.0,5,3102.0,6
rb1805,20170704,20170703,210716500,3103.0,1288,73298,39988340.0,3103.0,5,3102.0,6
rb1805,20170704,20170703,210717000,3103.0,1298,73298,40298640.0,3104.0,7,3103.0,8
rb1805,20170704,20170703,210717500,3103.0,1298,73298,40298640.0,3104.0,7,3103.0,1
rb1805,20170704,20170703,210718000,3103.0,1298,73298,40298640.0,3104.0,7,3103.0,1
rb1805,20170704,20170703,210718500,3103.0,1298,73298,40298640.0,3104.0,7,3103.0,1
rb1805,20170704,20170703,210719500,3103.0,1298,73298,40298640.0,3104.0,7,3103.0,1
rb1805,20170704,20170703,210720500,3103.0,1298,73298,40298640.0,3104.0,7,3103.0,1
rb1805,20170704,20170703,210721000,3103.0,1298,73298,40298640.0,3104.0,7,3103.0,7
rb1805,20170704,20170703,210721500,3103.0,1298,73298,40298640.0,3104.0,7,3103.0,7
rb1805,20170704,20170703,210722000,3103.0,1300,73300,40360700.0,3104.0,7,3103.0,7
rb1805,20170704,20170703,210722500,3103.0,1300,73300,40360700.0,3104.0,7,3103.0,6
rb1805,20170704,20170703,210723000,3104.0,1308,73302,40609020.0,3104.0,3,3103.0,6
rb1805,20170704,20170703,210723500,3104.0,1310,73304,40671100.0,3104.0,2,3103.0,6
rb1805,20170704,20170703,210724000,3104.0,1310,73304,40671100.0,3104.0,2,3103.0,6
rb1805,20170704,20170703,210724500,3104.0,1310,73304,40671100.0,3104.0,2,3103.0,12
rb1805,20170704,20170703,210727500,3104.0,1310,73304,40671100.0,3104.0,2,3103.0,7
rb1805,20170704,20170703,210728000,3104.0,1310,73304,40671100.0,3104.0,2,3103.0,8
rb1805,20170704,20170703,210728500,3104.0,1310,73304,40671100.0,3104.0,2,3103.0,8
rb1805,20170704,20170703,210729500,3104.0,1310,73304,40671100.0,3104.0,2,3103.0,8
rb1805,20170704,20170703,210730000,3104.0,1310,73304,40671100.0,3104.0,2,3103.0,9
rb1805,20170704,20170703,210732500,3104.0,1310,73304,40671100.0,3104.0,2,3103.0,9
rb1805,20170704,20170703,210734000,3104.0,1310,73304,40671100.0,3104.0,3,3103.0,9
rb1805,20170704,20170703,210734500,3104.0,1316,73308,40857340.0,3105.0,9,3103.0,9
rb1805,20170704,20170703,210736000,3103.0,1326,73300,41167640.0,3105.0,9,3103.0,4
rb1805,20170704,20170703,210736500,3103.0,1326,73300,41167640.0,3105.0,9,3103.0,2
rb1805,20170704,20170703,210737000,3103.0,1326,73300,41167640.0,3105.0,9,3103.0,2
rb1805,20170704,20170703,210738000,3103.0,1326,73300,41167640.0,3105.0,9,3103.0,3
rb1805,20170704,20170703,210739500,3103.0,1326,73300,41167640.0,3105.0,8,3103.0,3
rb1805,20170704,20170703,210743000,3103.0,1326,73300,41167640.0,3105.0,11,3103.0,8
rb1805,20170704,20170703,210744000,3103.0,1326,73300,41167640.0,3105.0,11,3103.0,8
rb1805,20170704,20170703,210746500,3103.0,1326,73300,41167640.0,3105.0,11,3103.0,9
rb1805,20170704,20170703,210747500,3103.0,1326,73300,41167640.0,3105.0,11,3103.0,9
rb1805,20170704,20170703,210748000,3103.0,1326,73300,41167640.0,3104.0,20,3103.0,9
rb1805,20170704,20170703,210749500,3103.0,1326,73300,41167640.0,3104.0,21,3103.0,9
rb1805,20170704,20170703,210750000,3103.0,1326,73300,41167640.0,3104.0,22,3103.0,9
rb1805,20170704,20170703,210750500,3103.0,1326,73300,41167640.0,3104.0,22,3103.0,9
rb1805,20170704,20170703,210751000,3103.0,1326,73300,41167640.0,3104.0,22,3103.0,10
rb1805,20170704,20170703,210753500,3104.0,1336,73292,41478040.0,3104.0,17,3103.0,16
rb1805,20170704,20170703,210754000,3104.0,1336,73292,41478040.0,3104.0,17,3103.0,17
rb1805,20170704,20170703,210755000,3104.0,1338,73292,41540120.0,3104.0,16,3103.0,17
rb1805,20170704,20170703,210756500,3104.0,1338,73292,41540120.0,3104.0,16,3103.0,17
rb1805,20170704,20170703,210758500,3104.0,1338,73292,41540120.0,3104.0,18,3103.0,17
rb1805,20170704,20170703,210759000,3104.0,1338,73292,41540120.0,3104.0,18,3103.0,17
rb1805,20170704,20170703,210759500,3104.0,1374,73262,42657560.0,3105.0,11,3104.0,14
rb1805,20170704,20170703,210800000,3104.0,1374,73262,42657560.0,3105.0,11,3104.0,10
rb1805,20170704,20170703,210800500,3104.0,1374,73262,42657560.0,3105.0,11,3104.0,11
rb1805,20170704,20170703,210801000,3104.0,1374,73262,42657560.0,3105.0,11,3104.0,26
rb1805,20170704,20170703,210801500,3105.0,1386,73250,43030160.0,3105.0,5,3104.0,24
rb1805,20170704,20170703,210802000,3105.0,1386,73250,43030160.0,3105.0,5,3104.0,23
rb1805,20170704,20170703,210803000,3105.0,1392,73250,43216460.0,3105.0,2,3104.0,29
rb1805,20170704,20170703,210803500,3105.0,1392,73250,43216460.0,3105.0,2,3104.0,28
rb1805,20170704,20170703,210804000,3105.0,1392,73250,43216460.0,3105.0,3,3104.0,28
rb1805,20170704,20170703,210805000,3105.0,1392,73250,43216460.0,3105.0,3,3104.0,28
rb1805,20170704,20170703,210806000,3105.0,1394,73252,43278560.0,3105.0,2,3104.0,28
rb1805,20170704,20170703,210806500,3105.0,1394,73252,43278560.0,3105.0,2,3104.0,29
rb1805,20170704,20170703,210807000,3105.0,1394,73252,43278560.0,3105.0,2,3104.0,29
rb1805,20170704,20170703,210807500,3105.0,1394,73252,43278560.0,3105.0,2,3104.0,29
rb1805,20170704,20170703,210809500,3105.0,1396,73254,43340660.0,3105.0,1,3104.0,29
rb1805,20170704,20170703,210810000,3105.0,1396,73254,43340660.0,3105.0,1,3104.0,29
rb1805,20170704,20170703,210810500,3105.0,1396,73254,43340660.0,3105.0,1,3104.0,30
rb1805,20170704,20170703,210811000,3105.0,1398,73254,43402760.0,3106.0,1,3105.0,1
rb1805,20170704,20170703,210812000,3105.0,1398,73254,43402760.0,3106.0,1,3105.0,1
rb1805,20170704,20170703,210814500,3105.0,1398,73254,43402760.0,3106.0,1,3105.0,1
rb1805,20170704,20170703,210815000,3105.0,1398,73254,43402760.0,3106.0,1,3105.0,1
rb1805,20170704,20170703,210815500,3105.0,1398,73254,43402760.0,3106.0,1,3105.0,1
rb1805,20170704,20170703,210816000,3105.0,1398,73254,43402760.0,3106.0,1,3105.0,1
rb1805,20170704,20170703,210816500,3105.0,1398,73254,43402760.0,3106.0,1,3105.0,2
rb1805,20170704,20170703,210819000,3105.0,1402,73254,43526960.0,3106.0,1,3104.0,30
rb1805,20170704,20170703,210819500,3105.0,1402,73254,43526960.0,3106.0,1,3105.0,1
rb1805,20170704,20170703,210820000,3105.0,1402,73254,43526960.0,3106.0,1,3105.0,1
rb1805,20170704,20170703,210820500,3105.0,1402,73254,43526960.0,3106.0,1,3105.0,2
rb1805,20170704,20170703,210822000,3105.0,1406,73254,43651160.0,3105.0,17,3104.0,35
rb1805,20170704,20170703,210822500,3105.0,1406,73254,43651160.0,3105.0,17,3104.0,30
rb1805,20170704,20170703,210824500,3105.0,1408,73254,43713260.0,3105.0,16,3104.0,30
rb1805,20170704,20170703,210825000,3105.0,1410,73254,43775360.0,3105.0,15,3104.0,30
rb1805,20170704,20170703,210826000,3105.0,1410,73254,43775360.0,3105.0,15,3104.0,30
rb1805,20170704,20170703,210826500,3105.0,1410,73254,43775360.0,3105.0,16,3104.0,29
rb1805,20170704,20170703,210827000,3105.0,1410,73254,43775360.0,3105.0,15,3104.0,34
rb1805,20170704,20170703,210827500,3105.0,1410,73254,43775360.0,3105.0,15,3104.0,34
rb1805,20170704,20170703,210828500,3105.0,1410,73254,43775360.0,3105.0,15,3104.0,29
rb1805,20170704,20170703,210830000,3105.0,1410,73254,43775360.0,3105.0,15,3104.0,29
rb1805,20170704,20170703,210830500,3105.0,1410,73254,43775360.0,3105.0,15,3104.0,34
rb1805,20170704,20170703,210831500,3105.0,1410,73254,43775360.0,3105.0,15,3104.0,34
rb1805,20170704,20170703,210832000,3105.0,1410,73254,43775360.0,3105.0,15,3104.0,34
rb1805,20170704,20170703,210833000,3105.0,1410,73254,43775360.0,3105.0,15,3104.0,34
rb1805,20170704,20170703,210835000,3105.0,1420,73254,44085860.0,3105.0,10,3104.0,34
rb1805,20170704,20170703,210835500,3105.0,1420,73254,44085860.0,3105.0,10,3104.0,34
rb1805,20170704,20170703,210837500,3105.0,1422,73254,44147960.0,3105.0,8,3104.0,34
rb1805,20170704,20170703,210838000,3105.0,1422,73254,44147960.0,3105.0,8,3104.0,27
rb1805,20170704,20170703,210838500,3104.0,1438,73238,44644740.0,3105.0,1,3104.0,26
rb1805,20170704,20170703,210839000,3104.0,1438,73238,44644740.0,3105.0,1,3104.0,26
rb1805,20170704,20170703,210840000,3104.0,1438,73238,44644740.0,3105.0,1,3104.0,32
rb1805,20170704,20170703,210840500,3105.0,1440,73238,44706840.0,3106.0,1,3105.0,1
rb1805,20170704,20170703,210841000,3105.0,1440,73238,44706840.0,3106.0,1,3105.0,2
rb1805,20170704,20170703,210841500,3105.0,1440,73238,44706840.0,3106.0,7,3105.0,1
rb1805,20170704,20170703,210842000,3105.0,1442,73236,44768940.0,3105.0,1,3104.0,28
rb1805,20170704,20170703,210842500,3105.0,1442,73236,44768940.0,3105.0,1,3104.0,23
rb1805,20170704,20170703,210843500,3105.0,1442,73236,44768940.0,3105.0,1,3104.0,23
rb1805,20170704,20170703,210844000,3105.0,1442,73236,44768940.0,3105.0,1,3104.0,23
rb1805,20170704,20170703,210844500,3105.0,1444,73236,44831040.0,3106.0,7,3104.0,23
rb1805,20170704,20170703,210845000,3105.0,1444,73236,44831040.0,3106.0,6,3104.0,23
rb1805,20170704,20170703,210845500,3105.0,1444,73236,44831040.0,3106.0,6,3104.0,23
rb1805,20170704,20170703,210846000,3105.0,1444,73236,44831040.0,3106.0,7,3104.0,23
rb1805,20170704,20170703,210846500,3105.0,1444,73236,44831040.0,3106.0,6,3104.0,23
rb1805,20170704,20170703,210847000,3105.0,1444,73236,44831040.0,3106.0,6,3104.0,34
rb1805,20170704,20170703,210847500,3106.0,1456,73224,45203760.0,3107.0,5,3104.0,35
rb1805,20170704,20170703,210848500,3106.0,1456,73224,45203760.0,3107.0,5,3104.0,31
rb1805,20170704,20170703,210849000,3106.0,1456,73224,45203760.0,3107.0,6,3104.0,25
rb1805,20170704,20170703,210849500,3106.0,1456,73224,45203760.0,3107.0,6,3105.0,2
rb1805,20170704,20170703,210850000,3106.0,1456,73224,45203760.0,3107.0,6,3105.0,2
rb1805,20170704,20170703,210850500,3107.0,1458,73226,45265900.0,3107.0,5,3105.0,3
rb1805,20170704,20170703,210851000,3107.0,1458,73226,45265900.0,3107.0,5,3105.0,3
rb1805,20170704,20170703,210851500,3107.0,1458,73226,45265900.0,3107.0,5,3106.0,2
rb1805,20170704,20170703,210852000,3107.0,1458,73226,45265900.0,3107.0,5,3106.0,2
rb1805,20170704,20170703,210852500,3107.0,1458,73226,45265900.0,3107.0,1,3106.0,2
rb1805,20170704,20170703,210853000,3107.0,1458,73226,45265900.0,3108.0,8,3106.0,2
rb1805,20170704,20170703,210853500,3107.0,1458,73226,45265900.0,3108.0,3,3106.0,2
rb1805,20170704,20170703,210854000,3107.0,1458,73226,45265900.0,3108.0,3,3106.0,2
rb1805,20170704,20170703,210854500,3107.0,1458,73226,45265900.0,3108.0,3,3106.0,2
rb1805,20170704,20170703,210855000,3107.0,1458,73226,45265900.0,3108.0,3,3106.0,2
rb1805,20170704,20170703,210855500,3107.0,1458,73226,45265900.0,3108.0,3,3106.0,2
rb1805,20170704,20170703,210857000,3108.0,1460,73226,45328060.0,3108.0,2,3106.0,2
rb1805,20170704,20170703,210858000,3108.0,1460,73226,45328060.0,3108.0,2,3106.0,2
rb1805,20170704,20170703,210859000,3108.0,1460,73226,45328060.0,3108.0,2,3106.0,2
rb1805,20170704,20170703,210859500,3108.0,1460,73226,45328060.0,3108.0,2,3106.0,2
rb1805,20170704,20170703,210900500,3108.0,1460,73226,45328060.0,3108.0,2,3106.0,2
rb1805,20170704,20170703,210903000,3108.0,1460,73226,45328060.0,3108.0,2,3106.0,2
rb1805,20170704,20170703,210904000,3108.0,1460,73226,45328060.0,3108.0,2,3106.0,3
rb1805,20170704,20170703,210905000,3108.0,1460,73226,45328060.0,3108.0,3,3106.0,3
rb1805,20170704,20170703,210906000,3108.0,1460,73226,45328060.0,3108.0,3,3106.0,8
rb1805,20170704,20170703,210907000,3108.0,1460,73226,45328060.0,3108.0,3,3106.0,9
rb1805,20170704,20170703,210907500,3108.0,1460,73226,45328060.0,3108.0,3,3106.0,9
rb1805,20170704,20170703,210908000,3108.0,1460,73226,45328060.0,3108.0,3,3106.0,9
rb1805,20170704,20170703,210908500,3108.0,1460,73226,45328060.0,3107.0,3,3106.0,9
rb1805,20170704,20170703,210909000,3108.0,1460,73226,45328060.0,3108.0,3,3106.0,9
rb1805,20170704,20170703,210909500,3108.0,1460,73226,45328060.0,3108.0,4,3106.0,9
rb1805,20170704,20170703,210910000,3108.0,1460,73226,45328060.0,3108.0,3,3106.0,9
rb1805,20170704,20170703,210910500,3108.0,1460,73226,45328060.0,3108.0,3,3106.0,9
rb1805,20170704,20170703,210911000,3108.0,1460,73226,45328060.0,3108.0,2,3106.0,14
rb1805,20170704,20170703,210912000,3108.0,1460,73226,45328060.0,3108.0,3,3106.0,14
rb1805,20170704,20170703,210912500,3108.0,1460,73226,45328060.0,3108.0,2,3106.0,14
rb1805,20170704,20170703,210915000,3108.0,1460,73226,45328060.0,3108.0,2,3106.0,14
rb1805,20170704,20170703,210915500,3108.0,1460,73226,45328060.0,3108.0,2,3106.0,14
rb1805,20170704,20170703,210916500,3108.0,1460,73226,45328060.0,3108.0,4,3106.0,14
rb1805,20170704,20170703,210917000,3108.0,1460,73226,45328060.0,3108.0,4,3106.0,9
rb1805,20170704,20170703,210917500,3108.0,1460,73226,45328060.0,3107.0,3,3106.0,9
rb1805,20170704,20170703,210918000,3108.0,1460,73226,45328060.0,3107.0,4,3106.0,9
rb1805,20170704,20170703,210918500,3106.0,1462,73226,45390180.0,3107.0,4,3106.0,8
rb1805,20170704,20170703,210919500,3106.0,1468,73230,45576540.0,3107.0,4,3106.0,5
rb1805,20170704,20170703,210920000,3106.0,1474,73236,45762900.0,3107.0,4,3106.0,2
rb1805,20170704,20170703,210920500,3106.0,1474,73236,45762900.0,3107.0,4,3106.0,2
rb1805,20170704,20170703,210921500,3106.0,1474,73236,45762900.0,3107.0,4,3106.0,2
rb1805,20170704,20170703,210922500,3106.0,1474,73236,45762900.0,3107.0,10,3106.0,2
rb1805,20170704,20170703,210923000,3107.0,1476,73238,45825040.0,3107.0,9,3106.0,2
rb1805,20170704,20170703,210923500,3107.0,1476,73238,45825040.0,3107.0,9,3106.0,2
rb1805,20170704,20170703,210924000,3107.0,1476,73238,45825040.0,3107.0,9,3106.0,2
rb1805,20170704,20170703,210926000,3107.0,1478,73240,45887180.0,3107.0,9,3106.0,2
rb1805,20170704,20170703,210926500,3107.0,1478,73240,45887180.0,3107.0,15,3106.0,2
rb1805,20170704,20170703,210928000,3106.0,1482,73244,46011420.0,3107.0,15,3106.0,1
rb1805,20170704,20170703,210928500,3106.0,1482,73244,46011420.0,3107.0,15,3106.0,1
rb1805,20170704,20170703,210929000,3106.0,1482,73244,46011420.0,3107.0,15,3106.0,1
rb1805,20170704,20170703,210930000,3106.0,1482,73244,46011420.0,3107.0,15,3106.0,1
rb1805,20170704,20170703,210932000,3106.0,1482,73244,46011420.0,3107.0,15,3106.0,1
rb1805,20170704,20170703,210933500,3106.0,1482,73244,46011420.0,3107.0,15,3106.0,1
rb1805,20170704,20170703,210934500,3106.0,1484,73244,46073540.0,3107.0,15,3105.0,5
rb1805,20170704,20170703,210935000,3105.0,1486,73242,46135640.0,3107.0,15,3105.0,4
rb1805,20170704,20170703,210935500,3105.0,1486,73242,46135640.0,3107.0,15,3105.0,4
rb1805,20170704,20170703,210936000,3105.0,1486,73242,46135640.0,3107.0,15,3105.0,4
rb1805,20170704,20170703,210936500,3105.0,1486,73242,46135640.0,3107.0,15,3105.0,4
rb1805,20170704,20170703,210939500,3105.0,1486,73242,46135640.0,3107.0,15,3105.0,4
rb1805,20170704,20170703,210940000,3105.0,1486,73242,46135640.0,3107.0,16,3105.0,4
rb1805,20170704,20170703,210941000,3105.0,1486,73242,46135640.0,3107.0,17,3105.0,4
rb1805,20170704,20170703,210942500,3105.0,1486,73242,46135640.0,3107.0,18,3105.0,4
rb1805,20170704,20170703,210943500,3105.0,1486,73242,46135640.0,3107.0,18,3106.0,1
rb1805,20170704,20170703,210944000,3106.0,1488,73242,46197760.0,3106.0,1,3105.0,4
rb1805,20170704,20170703,210944500,3106.0,1488,73242,46197760.0,3106.0,1,3105.0,4
rb1805,20170704,20170703,210945500,3106.0,1488,73242,46197760.0,3107.0,18,3105.0,4
rb1805,20170704,20170703,210946000,3106.0,1488,73242,46197760.0,3107.0,24,3105.0,4
rb1805,20170704,20170703,210948500,3105.0,1490,73242,46259860.0,3107.0,24,3105.0,3
rb1805,20170704,20170703,210949000,3105.0,1490,73242,46259860.0,3107.0,24,3105.0,3
rb1805,20170704,20170703,210949500,3105.0,1490,73242,46259860.0,3107.0,23,3105.0,3
rb1805,20170704,20170703,210950000,3105.0,1496,73240,46446160.0,3105.0,2,3104.0,5
rb1805,20170704,20170703,210950500,3105.0,1496,73240,46446160.0,3105.0,1,3104.0,2
rb1805,20170704,20170703,210951500,3105.0,1496,73240,46446160.0,3107.0,22,3104.0,2
rb1805,20170704,20170703,210952000,3105.0,1496,73240,46446160.0,3106.0,2,3104.0,2
rb1805,20170704,20170703,210953000,3105.0,1496,73240,46446160.0,3106.0,2,3104.0,2
rb1805,20170704,20170703,210953500,3104.0,1500,73244,46570320.0,3104.0,2,3103.0,70
rb1805,20170704,20170703,210954000,3104.0,1500,73244,46570320.0,3104.0,2,3103.0,65
rb1805,20170704,20170703,210954500,3104.0,1500,73244,46570320.0,3105.0,2,3103.0,65
rb1805,20170704,20170703,210955000,3104.0,1500,73244,46570320.0,3105.0,2,3103.0,65
rb1805,20170704,20170703,210956000,3104.0,1500,73244,46570320.0,3105.0,2,3103.0,65
rb1805,20170704,20170703,210957500,3104.0,1500,73244,46570320.0,3105.0,2,3103.0,65
rb1805,20170704,20170703,210958500,3104.0,1500,73244,46570320.0,3105.0,2,3103.0,65
rb1805,20170704,20170703,210959000,3104.0,1500,73244,46570320.0,3105.0,2,3103.0,66
rb1805,20170704,20170703,211001000,3104.0,1500,73244,46570320.0,3105.0,2,3103.0,65
rb1805,20170704,20170703,211001500,3104.0,1500,73244,46570320.0,3105.0,2,3103.0,65
rb1805,20170704,20170703,211004000,3104.0,1500,73244,46570320.0,3105.0,2,3103.0,65
rb1805,20170704,20170703,211004500,3104.0,1500,73244,46570320.0,3105.0,2,3103.0,65
rb1805,20170704,20170703,211005000,3104.0,1500,73244,46570320.0,3105.0,2,3103.0,65
rb1805,20170704,20170703,211005500,3104.0,1500,73244,46570320.0,3105.0,2,3103.0,65
rb1805,20170704,20170703,211008000,3104.0,1500,73244,46570320.0,3105.0,8,3103.0,65
rb1805,20170704,20170703,211009000,3104.0,1500,73244,46570320.0,3105.0,8,3103.0,65
rb1805,20170704,20170703,211010000,3104.0,1500,73244,46570320.0,3105.0,8,3103.0,70
rb1805,20170704,20170703,211013000,3104.0,1500,73244,46570320.0,3105.0,8,3103.0,70
rb1805,20170704,20170703,211016500,3104.0,1500,73244,46570320.0,3105.0,8,3104.0,1
rb1805,20170704,20170703,211017000,3104.0,1500,73244,46570320.0,3105.0,8,3104.0,1
rb1805,20170704,20170703,211018000,3104.0,1500,73244,46570320.0,3105.0,8,3104.0,2
rb1805,20170704,20170703,211018500,3104.0,1504,73248,46694480.0,3104.0,2,3103.0,70
rb1805,20170704,20170703,211019000,3104.0,1504,73248,46694480.0,3104.0,2,3103.0,70
rb1805,20170704,20170703,211019500,3104.0,1504,73248,46694480.0,3104.0,1,3103.0,70
rb1805,20170704,20170703,211020500,3104.0,1504,73248,46694480.0,3105.0,8,3103.0,70
rb1805,20170704,20170703,211021500,3104.0,1504,73248,46694480.0,3105.0,8,3103.0,70
rb1805,20170704,20170703,211024000,3104.0,1504,73248,46694480.0,3105.0,10,3103.0,70
rb1805,20170704,20170703,211026000,3104.0,1504,73248,46694480.0,3105.0,10,3103.0,65
rb1805,20170704,20170703,211027000,3104.0,1504,73248,46694480.0,3105.0,10,3103.0,65
rb1805,20170704,20170703,211030500,3104.0,1504,73248,46694480.0,3105.0,10,3104.0,1
rb1805,20170704,20170703,211032000,3104.0,1504,73248,46694480.0,3105.0,10,3104.0,1
rb1805,20170704,20170703,211034000,3104.0,1504,73248,46694480.0,3105.0,10,3104.0,1
rb1805,20170704,20170703,211035500,3104.0,1504,73248,46694480.0,3105.0,11,3104.0,1
rb1805,20170704,20170703,211036000,3104.0,1504,73248,46694480.0,3105.0,5,3104.0,1
rb1805,20170704,20170703,211036500,3104.0,1504,73248,46694480.0,3105.0,5,3104.0,1
rb1805,20170704,20170703,211037500,3104.0,1504,73248,46694480.0,3105.0,5,3104.0,1
rb1805,20170704,20170703,211039000,3104.0,1504,73248,46694480.0,3105.0,5,3104.0,1
rb1805,20170704,20170703,211043000,3104.0,1504,73248,46694480.0,3105.0,5,3104.0,1
rb1805,20170704,20170703,211043500,3104.0,1504,73248,46694480.0,3105.0,5,3104.0,1
rb1805,20170704,20170703,211044000,3104.0,1504,73248,46694480.0,3105.0,7,3104.0,1
rb1805,20170704,20170703,211044500,3104.0,1504,73248,46694480.0,3105.0,7,3104.0,1
rb1805,20170704,20170703,211045000,3104.0,1504,73248,46694480.0,3105.0,7,3104.0,2
rb1805,20170704,20170703,211046500,3104.0,1506,73248,46756560.0,3105.0,7,3104.0,1
rb1805,20170704,20170703,211049000,3104.0,1506,73248,46756560.0,3105.0,7,3104.0,1
rb1805,20170704,20170703,211057500,3104.0,1506,73248,46756560.0,3105.0,7,3104.0,2
rb1805,20170704,20170703,211102500,3104.0,1506,73248,46756560.0,3105.0,7,3104.0,2
rb1805,20170704,20170703,211109500,3104.0,1506,73248,46756560.0,3105.0,8,3104.0,1
rb1805,20170704,20170703,211111500,3104.0,1508,73248,46818640.0,3105.0,8,3103.0,65
rb1805,20170704,20170703,211112500,3104.0,1508,73248,46818640.0,3104.0,20,3103.0,65
rb1805,20170704,20170703,211113000,3104.0,1508,73248,46818640.0,3104.0,20,3103.0,65
rb1805,20170704,20170703,211117500,3104.0,1508,73248,46818640.0,3104.0,20,3103.0,65
rb1805,20170704,20170703,211119000,3104.0,1508,73248,46818640.0,3104.0,20,3103.0,65
rb1805,20170704,20170703,211123000,3104.0,1508,73248,46818640.0,3104.0,20,3103.0,65
rb1805,20170704,20170703,211124000,3104.0,1508,73248,46818640.0,3104.0,20,3103.0,65
rb1805,20170704,20170703,211125500,3104.0,1512,73248,46942800.0,3104.0,18,3103.0,65
rb1805,20170704,20170703,211127500,3104.0,1512,73248,46942800.0,3104.0,18,3103.0,65
rb1805,20170704,20170703,211130000,3104.0,1512,73248,46942800.0,3104.0,18,3103.0,65
rb1805,20170704,20170703,211131500,3104.0,1512,73248,46942800.0,3104.0,18,3103.0,65
rb1805,20170704,20170703,211133000,3103.0,1514,73248,47004860.0,3104.0,18,3103.0,64
rb1805,20170704,20170703,211136000,3103.0,1516,73250,47066920.0,3104.0,18,3103.0,63
rb1805,20170704,20170703,211138500,3103.0,1516,73250,47066920.0,3104.0,18,3103.0,63
rb1805,20170704,20170703,211140500,3103.0,1516,73250,47066920.0,3104.0,18,3103.0,63
rb1805,20170704,20170703,211141500,3103.0,1516,73250,47066920.0,3104.0,18,3103.0,63
rb1805,20170704,20170703,211144000,3103.0,1516,73250,47066920.0,3104.0,18,3103.0,63
rb1805,20170704,20170703,211147500,3103.0,1518,73250,47128980.0,3104.0,18,3103.0,62
rb1805,20170704,20170703,211148500,3103.0,1520,73250,47191040.0,3104.0,18,3103.0,61
rb1805,20170704,20170703,211149500,3103.0,1520,73250,47191040.0,3104.0,18,3103.0,62
rb1805,20170704,20170703,211150000,3103.0,1520,73250,47191040.0,3104.0,19,3103.0,62
rb1805,20170704,20170703,211151000,3104.0,1534,73250,47625600.0,3104.0,12,3103.0,67
rb1805,20170704,20170703,211152500,3104.0,1540,73250,47811840.0,3104.0,9,3103.0,67
rb1805,20170704,20170703,211153500,3104.0,1540,73250,47811840.0,3104.0,9,3103.0,66
rb1805,20170704,20170703,211155000,3103.0,1544,73250,47935960.0,3104.0,9,3103.0,64
rb1805,20170704,20170703,211156000,3104.0,1550,73244,48122200.0,3104.0,6,3103.0,64
rb1805,20170704,20170703,211156500,3104.0,1554,73240,48246360.0,3104.0,4,3103.0,64
rb1805,20170704,20170703,211157000,3104.0,1560,73240,48432600.0,3104.0,1,3103.0,64
rb1805,20170704,20170703,211200500,3104.0,1560,73240,48432600.0,3104.0,1,3103.0,64
rb1805,20170704,20170703,211203000,3104.0,1560,73240,48432600.0,3104.0,1,3103.0,64
rb1805,20170704,20170703,211203500,3104.0,1560,73240,48432600.0,3104.0,1,3103.0,64
rb1805,20170704,20170703,211204000,3104.0,1560,73240,48432600.0,3104.0,1,3103.0,64
rb1805,20170704,20170703,211205000,3104.0,1562,73238,48494680.0,3105.0,4,3104.0,1
rb1805,20170704,20170703,211205500,3104.0,1564,73236,48556760.0,3105.0,4,3104.0,1
rb1805,20170704,20170703,211206000,3104.0,1564,73236,48556760.0,3105.0,5,3104.0,1
rb1805,20170704,20170703,211210500,3104.0,1564,73236,48556760.0,3105.0,6,3104.0,1
rb1805,20170704,20170703,211211500,3104.0,1564,73236,48556760.0,3105.0,6,3104.0,1
rb1805,20170704,20170703,211215000,3104.0,1564,73236,48556760.0,3105.0,6,3104.0,1
rb1805,20170704,20170703,211217000,3104.0,1564,73236,48556760.0,3105.0,6,3104.0,1
rb1805,20170704,20170703,211218000,3104.0,1566,73236,48618840.0,3104.0,5,3103.0,64
rb1805,20170704,20170703,211218500,3104.0,1566,73236,48618840.0,3104.0,5,3103.0,59
rb1805,20170704,20170703,211219500,3104.0,1566,73236,48618840.0,3104.0,5,3103.0,59
rb1805,20170704,20170703,211220000,3104.0,1566,73236,48618840.0,3104.0,5,3103.0,59
rb1805,20170704,20170703,211221000,3104.0,1568,73236,48680920.0,3104.0,4,3103.0,59
rb1805,20170704,20170703,211224000,3104.0,1568,73236,48680920.0,3104.0,4,3103.0,59
rb1805,20170704,20170703,211225000,3104.0,1568,73236,48680920.0,3104.0,4,3103.0,59
rb1805,20170704,20170703,211226500,3104.0,1568,73236,48680920.0,3104.0,4,3103.0,60
rb1805,20170704,20170703,211231500,3104.0,1568,73236,48680920.0,3104.0,4,3103.0,60
rb1805,20170704,20170703,211233500,3103.0,1570,73236,48742980.0,3104.0,4,3103.0,59
rb1805,20170704,20170703,211234000,3103.0,1570,73236,48742980.0,3104.0,4,3103.0,59
rb1805,20170704,20170703,211236500,3104.0,1572,73236,48805060.0,3104.0,3,3103.0,59
rb1805,20170704,20170703,211238500,3104.0,1572,73236,48805060.0,3104.0,3,3103.0,59
rb1805,20170704,20170703,211239500,3104.0,1572,73236,48805060.0,3104.0,3,3103.0,59
rb1805,20170704,20170703,211240000,3104.0,1572,73236,48805060.0,3104.0,6,3103.0,59
rb1805,20170704,20170703,211245500,3104.0,1574,73236,48867140.0,3104.0,5,3103.0,59
rb1805,20170704,20170703,211246000,3104.0,1574,73236,48867140.0,3104.0,5,3103.0,59
rb1805,20170704,20170703,211248500,3104.0,1574,73236,48867140.0,3104.0,5,3103.0,59
rb1805,20170704,20170703,211249500,3104.0,1574,73236,48867140.0,3104.0,11,3103.0,59
rb1805,20170704,20170703,211250500,3104.0,1574,73236,48867140.0,3104.0,17,3103.0,59
rb1805,20170704,20170703,211251500,3104.0,1574,73236,48867140.0,3104.0,5,3103.0,59
rb1805,20170704,20170703,211254000,3104.0,1576,73234,48929220.0,3104.0,7,3103.0,59
rb1805,20170704,20170703,211254500,3104.0,1576,73234,48929220.0,3104.0,19,3103.0,59
rb1805,20170704,20170703,211255000,3104.0,1576,73234,48929220.0,3104.0,19,3103.0,59
rb1805,20170704,20170703,211255500,3104.0,1576,73234,48929220.0,3104.0,19,3103.0,59
rb1805,20170704,20170703,211257000,3104.0,1576,73234,48929220.0,3104.0,19,3103.0,59
rb1805,20170704,20170703,211300500,3103.0,1582,73240,49115400.0,3104.0,19,3103.0,56
rb1805,20170704,20170703,211303500,3103.0,1582,73240,49115400.0,3104.0,19,3103.0,56
rb1805,20170704,20170703,211305500,3104.0,1586,73236,49239560.0,3104.0,17,3103.0,56
rb1805,20170704,20170703,211306500,3104.0,1586,73236,49239560.0,3104.0,5,3103.0,56
rb1805,20170704,20170703,211307000,3103.0,1588,73236,49301620.0,3104.0,5,3103.0,55
rb1805,20170704,20170703,211309500,3103.0,1588,73236,49301620.0,3104.0,11,3103.0,55
rb1805,20170704,20170703,211310500,3103.0,1588,73236,49301620.0,3104.0,23,3103.0,55
rb1805,20170704,20170703,211315500,3103.0,1588,73236,49301620.0,3104.0,23,3103.0,56
rb1805,20170704,20170703,211316000,3103.0,1588,73236,49301620.0,3104.0,23,3103.0,56
rb1805,20170704,20170703,211316500,3103.0,1590,73236,49363680.0,3104.0,23,3103.0,55
rb1805,20170704,20170703,211318500,3103.0,1590,73236,49363680.0,3104.0,23,3103.0,55
rb1805,20170704,20170703,211319000,3103.0,1592,73236,49425740.0,3104.0,23,3103.0,54
rb1805,20170704,20170703,211320500,3103.0,1594,73236,49487800.0,3104.0,23,3103.0,53
rb1805,20170704,20170703,211323500,3103.0,1596,73236,49549860.0,3104.0,23,3103.0,52
rb1805,20170704,20170703,211324500,3103.0,1612,73242,50046340.0,3104.0,23,3103.0,44
rb1805,20170704,20170703,211326000,3103.0,1616,73246,50170460.0,3104.0,22,3103.0,42
rb1805,20170704,20170703,211327500,3103.0,1622,73252,50356640.0,3104.0,22,3103.0,39
rb1805,20170704,20170703,211328000,3103.0,1624,73252,50418700.0,3104.0,23,3103.0,38
rb1805,20170704,20170703,211329000,3103.0,1624,73252,50418700.0,3104.0,23,3103.0,38
rb1805,20170704,20170703,211329500,3103.0,1624,73252,50418700.0,3104.0,25,3103.0,38
rb1805,20170704,20170703,211330500,3103.0,1624,73252,50418700.0,3104.0,20,3103.0,37
rb1805,20170704,20170703,211331500,3103.0,1626,73254,50480760.0,3104.0,20,3103.0,36
rb1805,20170704,20170703,211332000,3103.0,1626,73254,50480760.0,3104.0,20,3103.0,36
rb1805,20170704,20170703,211333500,3103.0,1626,73254,50480760.0,3104.0,23,3103.0,36
rb1805,20170704,20170703,211335000,3103.0,1644,73254,51039300.0,3104.0,23,3103.0,27
rb1805,20170704,20170703,211336000,3103.0,1668,73278,51784020.0,3104.0,23,3103.0,15
rb1805,20170704,20170703,211336500,3103.0,1672,73282,51908140.0,3104.0,21,3103.0,13
rb1805,20170704,20170703,211338000,3103.0,1672,73282,51908140.0,3104.0,22,3103.0,13
rb1805,20170704,20170703,211339500,3103.0,1674,73282,51970200.0,3104.0,23,3103.0,12
rb1805,20170704,20170703,211341000,3103.0,1674,73282,51970200.0,3104.0,28,3103.0,12
rb1805,20170704,20170703,211344000,3103.0,1674,73282,51970200.0,3104.0,16,3103.0,12
rb1805,20170704,20170703,211346000,3103.0,1674,73282,51970200.0,3104.0,16,3103.0,12
rb1805,20170704,20170703,211350000,3103.0,1674,73282,51970200.0,3104.0,19,3103.0,12
rb1805,20170704,20170703,211352000,3103.0,1674,73282,51970200.0,3104.0,35,3103.0,12
rb1805,20170704,20170703,211353500,3103.0,1674,73282,51970200.0,3104.0,35,3103.0,12
rb1805,20170704,20170703,211355000,3103.0,1686,73294,52342560.0,3104.0,35,3103.0,6
rb1805,20170704,20170703,211355500,3103.0,1698,73306,52714920.0,3104.0,35,3102.0,2
rb1805,20170704,20170703,211356000,3103.0,1698,73306,52714920.0,3104.0,37,3102.0,2
rb1805,20170704,20170703,211358500,3103.0,1698,73306,52714920.0,3103.0,1,3102.0,2
rb1805,20170704,20170703,211359000,3102.0,1700,73304,52776960.0,3103.0,3,3102.0,1
rb1805,20170704,20170703,211359500,3102.0,1700,73304,52776960.0,3103.0,3,3102.0,1
rb1805,20170704,20170703,211400500,3102.0,1700,73304,52776960.0,3103.0,4,3102.0,1
rb1805,20170704,20170703,211401000,3102.0,1700,73304,52776960.0,3103.0,4,3102.0,1
rb1805,20170704,20170703,211402000,3102.0,1700,73304,52776960.0,3103.0,9,3102.0,1
rb1805,20170704,20170703,211402500,3102.0,1702,73304,52839000.0,3103.0,9,3101.0,3
rb1805,20170704,20170703,211403000,3101.0,1704,73304,52901020.0,3103.0,4,3101.0,7
rb1805,20170704,20170703,211404500,3101.0,1704,73304,52901020.0,3102.0,2,3101.0,7
rb1805,20170704,20170703,211405000,3101.0,1704,73304,52901020.0,3102.0,2,3101.0,7
rb1805,20170704,20170703,211406000,3101.0,1704,73304,52901020.0,3102.0,2,3101.0,7
rb1805,20170704,20170703,211406500,3101.0,1704,73304,52901020.0,3102.0,2,3101.0,7
rb1805,20170704,20170703,211407000,3101.0,1704,73304,52901020.0,3102.0,2,3101.0,2
rb1805,20170704,20170703,211407500,3101.0,1704,73304,52901020.0,3102.0,3,3101.0,2
rb1805,20170704,20170703,211408500,3101.0,1704,73304,52901020.0,3102.0,2,3101.0,7
rb1805,20170704,20170703,211409000,3101.0,1704,73304,52901020.0,3102.0,2,3101.0,2
rb1805,20170704,20170703,211409500,3101.0,1704,73304,52901020.0,3102.0,2,3101.0,2
rb1805,20170704,20170703,211410000,3102.0,1706,73304,52963060.0,3102.0,1,3101.0,2
rb1805,20170704,20170703,211412500,3102.0,1706,73304,52963060.0,3102.0,1,3101.0,2
rb1805,20170704,20170703,211413500,3102.0,1706,73304,52963060.0,3102.0,2,3101.0,2
rb1805,20170704,20170703,211416000,3102.0,1706,73304,52963060.0,3102.0,2,3101.0,3
rb1805,20170704,20170703,211416500,3102.0,1706,73304,52963060.0,3102.0,2,3101.0,3
rb1805,20170704,20170703,211417000,3102.0,1706,73304,52963060.0,3102.0,2,3101.0,3
rb1805,20170704,20170703,211418000,3102.0,1706,73304,52963060.0,3102.0,2,3101.0,3
rb1805,20170704,20170703,211419000,3102.0,1706,73304,52963060.0,3102.0,1,3101.0,3
rb1805,20170704,20170703,211422500,3102.0,1708,73304,53025100.0,3102.0,1,3101.0,3
rb1805,20170704,20170703,211424000,3101.0,1714,73310,53211160.0,3102.0,1,3100.0,12
rb1805,20170704,20170703,211424500,3101.0,1714,73310,53211160.0,3102.0,1,3100.0,12
rb1805,20170704,20170703,211425000,3101.0,1714,73310,53211160.0,3101.0,2,3100.0,17
rb1805,20170704,20170703,211429500,3101.0,1714,73310,53211160.0,3101.0,2,3100.0,12
rb1805,20170704,20170703,211435000,3101.0,1716,73310,53273180.0,3101.0,1,3100.0,12
rb1805,20170704,20170703,211435500,3101.0,1716,73310,53273180.0,3101.0,1,3100.0,12
rb1805,20170704,20170703,211438000,3101.0,1718,73310,53335200.0,3103.0,6,3100.0,12
rb1805,20170704,20170703,211438500,3101.0,1718,73310,53335200.0,3102.0,2,3100.0,17
rb1805,20170704,20170703,211440500,3101.0,1718,73310,53335200.0,3102.0,2,3100.0,18
rb1805,20170704,20170703,211444000,3101.0,1718,73310,53335200.0,3102.0,2,3100.0,18
rb1805,20170704,20170703,211446000,3101.0,1718,73310,53335200.0,3102.0,2,3100.0,17
rb1805,20170704,20170703,211447500,3101.0,1718,73310,53335200.0,3102.0,3,3100.0,17
rb1805,20170704,20170703,211448500,3101.0,1718,73310,53335200.0,3102.0,3,3100.0,17
rb1805,20170704,20170703,211449500,3101.0,1718,73310,53335200.0,3102.0,3,3100.0,18
rb1805,20170704,20170703,211450000,3101.0,1718,73310,53335200.0,3102.0,3,3101.0,1
rb1805,20170704,20170703,211450500,3101.0,1720,73310,53397220.0,3102.0,3,3100.0,17
rb1805,20170704,20170703,211451000,3101.0,1720,73310,53397220.0,3102.0,3,3100.0,18
rb1805,20170704,20170703,211452500,3101.0,1720,73310,53397220.0,3102.0,3,3100.0,19
rb1805,20170704,20170703,211454500,3100.0,1722,73310,53459220.0,3102.0,3,3100.0,18
rb1805,20170704,20170703,211455000,3100.0,1724,73310,53521220.0,3102.0,3,3100.0,17
rb1805,20170704,20170703,211455500,3100.0,1724,73310,53521220.0,3102.0,1,3100.0,17
rb1805,20170704,20170703,211456500,3100.0,1724,73310,53521220.0,3102.0,1,3100.0,18
rb1805,20170704,20170703,211458000,3100.0,1724,73310,53521220.0,3102.0,1,3101.0,2
rb1805,20170704,20170703,211458500,3100.0,1724,73310,53521220.0,3102.0,1,3101.0,2
rb1805,20170704,20170703,211500500,3100.0,1724,73310,53521220.0,3102.0,1,3101.0,2
rb1805,20170704,20170703,211501000,3102.0,1726,73308,53583260.0,3103.0,6,3101.0,2
rb1805,20170704,20170703,211503500,3102.0,1726,73308,53583260.0,3103.0,6,3101.0,2
rb1805,20170704,20170703,211504500,3103.0,1738,73320,53955620.0,3104.0,26,3101.0,3
rb1805,20170704,20170703,211505000,3103.0,1738,73320,53955620.0,3103.0,2,3101.0,3
rb1805,20170704,20170703,211506500,3103.0,1742,73320,54079740.0,3104.0,26,3103.0,48
rb1805,20170704,20170703,211507000,3103.0,1744,73322,54141800.0,3104.0,16,3103.0,47
rb1805,20170704,20170703,211507500,3103.0,1750,73322,54327980.0,3104.0,16,3103.0,44
rb1805,20170704,20170703,211509500,3103.0,1750,73322,54327980.0,3104.0,16,3103.0,44
rb1805,20170704,20170703,211512000,3103.0,1750,73322,54327980.0,3104.0,28,3103.0,44
rb1805,20170704,20170703,211513500,3103.0,1756,73328,54514160.0,3104.0,28,3103.0,41
rb1805,20170704,20170703,211515000,3103.0,1756,73328,54514160.0,3104.0,28,3103.0,41
rb1805,20170704,20170703,211516000,3103.0,1756,73328,54514160.0,3104.0,28,3103.0,41
rb1805,20170704,20170703,211518000,3103.0,1756,73328,54514160.0,3104.0,28,3103.0,41
rb1805,20170704,20170703,211518500,3103.0,1756,73328,54514160.0,3104.0,28,3103.0,41
rb1805,20170704,20170703,211519000,3103.0,1756,73328,54514160.0,3104.0,28,3103.0,41
rb1805,20170704,20170703,211519500,3103.0,1756,73328,54514160.0,3104.0,28,3103.0,42
rb1805,20170704,20170703,211520000,3103.0,1756,73328,54514160.0,3104.0,28,3103.0,42
rb1805,20170704,20170703,211521000,3103.0,1756,73328,54514160.0,3104.0,28,3103.0,42
rb1805,20170704,20170703,211524000,3103.0,1760,73328,54638280.0,3104.0,28,3103.0,41
rb1805,20170704,20170703,211526000,3103.0,1760,73328,54638280.0,3104.0,28,3103.0,42
rb1805,20170704,20170703,211527500,3103.0,1760,73328,54638280.0,3104.0,28,3103.0,42
rb1805,20170704,20170703,211528500,3103.0,1760,73328,54638280.0,3104.0,28,3103.0,42
rb1805,20170704,20170703,211530500,3103.0,1760,73328,54638280.0,3104.0,28,3103.0,41
rb1805,20170704,20170703,211531000,3103.0,1764,73332,54762400.0,3104.0,28,3103.0,39
rb1805,20170704,20170703,211534000,3103.0,1788,73356,55507120.0,3104.0,28,3103.0,28
rb1805,20170704,20170703,211534500,3103.0,1792,73356,55631240.0,3104.0,28,3103.0,26
rb1805,20170704,20170703,211535000,3103.0,1806,73370,56065660.0,3104.0,32,3103.0,19
rb1805,20170704,20170703,211536000,3104.0,1808,73370,56127740.0,3104.0,32,3103.0,19
rb1805,20170704,20170703,211536500,3104.0,1808,73370,56127740.0,3104.0,31,3103.0,19
rb1805,20170704,20170703,211537000,3103.0,1810,73370,56189800.0,3104.0,31,3103.0,18
rb1805,20170704,20170703,211537500,3103.0,1810,73370,56189800.0,3104.0,31,3103.0,18
rb1805,20170704,20170703,211540500,3103.0,1810,73370,56189800.0,3104.0,31,3103.0,18
rb1805,20170704,20170703,211541500,3103.0,1812,73370,56251860.0,3104.0,31,3103.0,17
rb1805,20170704,20170703,211543000,3103.0,1812,73370,56251860.0,3104.0,31,3103.0,17
rb1805,20170704,20170703,211544000,3103.0,1812,73370,56251860.0,3104.0,31,3103.0,17
rb1805,20170704,20170703,211545000,3103.0,1812,73370,56251860.0,3104.0,31,3103.0,17
rb1805,20170704,20170703,211545500,3103.0,1834,73370,56934540.0,3104.0,30,3103.0,7
rb1805,20170704,20170703,211546500,3103.0,1834,73370,56934540.0,3104.0,30,3103.0,7
rb1805,20170704,20170703,211547000,3103.0,1836,73370,56996600.0,3104.0,30,3103.0,6
rb1805,20170704,20170703,211549000,3103.0,1840,73370,57120720.0,3104.0,29,3103.0,9
rb1805,20170704,20170703,211549500,3103.0,1840,73370,57120720.0,3104.0,29,3103.0,8
rb1805,20170704,20170703,211550000,3104.0,1850,73370,57431120.0,3104.0,21,3103.0,8
rb1805,20170704,20170703,211550500,3104.0,1854,73368,57555280.0,3104.0,19,3103.0,8
rb1805,20170704,20170703,211551000,3104.0,1854,73368,57555280.0,3104.0,19,3103.0,8
rb1805,20170704,20170703,211552000,3104.0,1854,73368,57555280.0,3104.0,19,3103.0,8
rb1805,20170704,20170703,211552500,3104.0,1854,73368,57555280.0,3104.0,7,3103.0,8
rb1805,20170704,20170703,211553000,3104.0,1854,73368,57555280.0,3104.0,8,3103.0,8
rb1805,20170704,20170703,211553500,3103.0,1858,73372,57679400.0,3104.0,7,3103.0,7
rb1805,20170704,20170703,211554500,3103.0,1858,73372,57679400.0,3104.0,7,3103.0,2
rb1805,20170704,20170703,211555000,3103.0,1858,73372,57679400.0,3104.0,7,3103.0,2
rb1805,20170704,20170703,211555500,3103.0,1858,73372,57679400.0,3104.0,7,3103.0,2
rb1805,20170704,20170703,211556000,3103.0,1858,73372,57679400.0,3104.0,7,3103.0,2
rb1805,20170704,20170703,211558000,3103.0,1858,73372,57679400.0,3104.0,7,3103.0,2
rb1805,20170704,20170703,211558500,3103.0,1858,73372,57679400.0,3104.0,7,3103.0,7
rb1805,20170704,20170703,211559000,3104.0,1864,73366,57865640.0,3104.0,4,3103.0,7
rb1805,20170704,20170703,211559500,3104.0,1870,73366,58051880.0,3104.0,1,3103.0,7
rb1805,20170704,20170703,211600000,3104.0,1870,73366,58051880.0,3104.0,1,3103.0,2
rb1805,20170704,20170703,211600500,3104.0,1870,73366,58051880.0,3104.0,1,3103.0,3
rb1805,20170704,20170703,211601500,3104.0,1872,73366,58113960.0,3105.0,13,3103.0,3
rb1805,20170704,20170703,211602000,3104.0,1872,73366,58113960.0,3105.0,13,3103.0,3
rb1805,20170704,20170703,211603000,3105.0,1874,73366,58176060.0,3105.0,12,3103.0,8
rb1805,20170704,20170703,211604500,3105.0,1874,73366,58176060.0,3105.0,12,3103.0,8
rb1805,20170704,20170703,211606000,3105.0,1874,73366,58176060.0,3105.0,13,3103.0,8
rb1805,20170704,20170703,211612000,3105.0,1874,73366,58176060.0,3105.0,13,3103.0,8
rb1805,20170704,20170703,211615000,3105.0,1874,73366,58176060.0,3105.0,13,3103.0,8
rb1805,20170704,20170703,211618000,3105.0,1874,73366,58176060.0,3105.0,13,3103.0,8
rb1805,20170704,20170703,211618500,3105.0,1874,73366,58176060.0,3105.0,13,3103.0,10
rb1805,20170704,20170703,211620500,3105.0,1874,73366,58176060.0,3105.0,13,3103.0,11
rb1805,20170704,20170703,211621500,3105.0,1874,73366,58176060.0,3105.0,13,3103.0,11
rb1805,20170704,20170703,211622500,3105.0,1874,73366,58176060.0,3105.0,18,3103.0,11
rb1805,20170704,20170703,211623000,3105.0,1874,73366,58176060.0,3104.0,1,3103.0,6
rb1805,20170704,20170703,211623500,3105.0,1874,73366,58176060.0,3104.0,1,3103.0,6
rb1805,20170704,20170703,211624000,3105.0,1874,73366,58176060.0,3104.0,1,3103.0,6
rb1805,20170704,20170703,211624500,3105.0,1874,73366,58176060.0,3104.0,1,3103.0,7
rb1805,20170704,20170703,211628000,3105.0,1874,73366,58176060.0,3104.0,6,3103.0,7
rb1805,20170704,20170703,211628500,3105.0,1874,73366,58176060.0,3104.0,6,3103.0,7
rb1805,20170704,20170703,211629500,3105.0,1874,73366,58176060.0,3104.0,1,3103.0,7
rb1805,20170704,20170703,211632000,3105.0,1874,73366,58176060.0,3104.0,1,3103.0,12
rb1805,20170704,20170703,211633000,3105.0,1874,73366,58176060.0,3104.0,1,3103.0,12
rb1805,20170704,20170703,211634500,3104.0,1876,73366,58238140.0,3105.0,18,3103.0,12
rb1805,20170704,20170703,211636500,3104.0,1876,73366,58238140.0,3105.0,18,3103.0,12
rb1805,20170704,20170703,211643000,3104.0,1876,73366,58238140.0,3105.0,48,3103.0,12
rb1805,20170704,20170703,211644000,3104.0,1876,73366,58238140.0,3105.0,48,3103.0,13
rb1805,20170704,20170703,211644500,3104.0,1876,73366,58238140.0,3105.0,48,3103.0,12
rb1805,20170704,20170703,211647500,3103.0,1878,73368,58300200.0,3105.0,48,3103.0,11
rb1805,20170704,20170703,211648000,3103.0,1878,73368,58300200.0,3105.0,48,3103.0,11
rb1805,20170704,20170703,211648500,3103.0,1878,73368,58300200.0,3105.0,38,3103.0,11
rb1805,20170704,20170703,211649000,3103.0,1878,73368,58300200.0,3104.0,1,3103.0,11
rb1805,20170704,20170703,211649500,3103.0,1878,73368,58300200.0,3104.0,1,3103.0,11
rb1805,20170704,20170703,211652000,3103.0,1878,73368,58300200.0,3104.0,1,3103.0,11
rb1805,20170704,20170703,211653500,3103.0,1880,73370,58362260.0,3104.0,1,3103.0,10
rb1805,20170704,20170703,211654500,3103.0,1880,73370,58362260.0,3104.0,1,3103.0,5
rb1805,20170704,20170703,211655000,3103.0,1882,73370,58424320.0,3104.0,1,3103.0,4
rb1805,20170704,20170703,211657000,3103.0,1882,73370,58424320.0,3104.0,1,3103.0,4
rb1805,20170704,20170703,211702500,3104.0,1884,73372,58486400.0,3105.0,38,3104.0,1
rb1805,20170704,20170703,211703000,3104.0,1886,73372,58548480.0,3105.0,38,3103.0,4
rb1805,20170704,20170703,211704500,3104.0,1886,73372,58548480.0,3105.0,38,3103.0,4
rb1805,20170704,20170703,211705000,3104.0,1886,73372,58548480.0,3104.0,1,3103.0,5
rb1805,20170704,20170703,211705500,3104.0,1886,73372,58548480.0,3104.0,1,3103.0,10
rb1805,20170704,20170703,211707500,3104.0,1886,73372,58548480.0,3104.0,1,3103.0,10
rb1805,20170704,20170703,211709500,3104.0,1888,73374,58610560.0,3105.0,33,3103.0,10
rb1805,20170704,20170703,211710000,3104.0,1888,73374,58610560.0,3105.0,33,3104.0,2
rb1805,20170704,20170703,211710500,3104.0,1888,73374,58610560.0,3105.0,33,3104.0,3
rb1805,20170704,20170703,211712500,3105.0,1896,73376,58858960.0,3105.0,29,3104.0,3
rb1805,20170704,20170703,211715500,3105.0,1920,73372,59604160.0,3105.0,17,3104.0,5
rb1805,20170704,20170703,211716000,3105.0,1920,73372,59604160.0,3105.0,17,3104.0,4
rb1805,20170704,20170703,211716500,3104.0,1922,73372,59666240.0,3105.0,17,3104.0,3
rb1805,20170704,20170703,211718500,3105.0,1926,73368,59790440.0,3105.0,15,3104.0,4
rb1805,20170704,20170703,211719500,3105.0,1930,73364,59914640.0,3105.0,13,3104.0,4
rb1805,20170704,20170703,211720000,3105.0,1930,73364,59914640.0,3105.0,13,3104.0,4
rb1805,20170704,20170703,211720500,3105.0,1932,73362,59976740.0,3105.0,12,3104.0,3
rb1805,20170704,20170703,211721000,3105.0,1932,73362,59976740.0,3105.0,12,3104.0,5
rb1805,20170704,20170703,211722500,3105.0,1934,73362,60038840.0,3105.0,11,3104.0,5
rb1805,20170704,20170703,211723500,3105.0,1934,73362,60038840.0,3105.0,11,3104.0,7
rb1805,20170704,20170703,211726500,3105.0,1934,73362,60038840.0,3105.0,11,3104.0,8
rb1805,20170704,20170703,211727000,3105.0,1934,73362,60038840.0,3105.0,11,3104.0,7
rb1805,20170704,20170703,211727500,3105.0,1934,73362,60038840.0,3105.0,11,3104.0,8
rb1805,20170704,20170703,211729000,3105.0,1936,73362,60100940.0,3105.0,10,3104.0,12
rb1805,20170704,20170703,211729500,3105.0,1936,73362,60100940.0,3105.0,10,3104.0,14
rb1805,20170704,20170703,211730000,3105.0,1936,73362,60100940.0,3105.0,10,3104.0,13
rb1805,20170704,20170703,211730500,3105.0,1936,73362,60100940.0,3105.0,10,3104.0,13
rb1805,20170704,20170703,211731500,3105.0,1936,73362,60100940.0,3105.0,10,3104.0,15
rb1805,20170704,20170703,211732000,3105.0,1936,73362,60100940.0,3105.0,10,3104.0,16
rb1805,20170704,20170703,211733000,3105.0,1938,73362,60163040.0,3105.0,9,3104.0,11
rb1805,20170704,20170703,211734000,3105.0,1944,73362,60349340.0,3105.0,7,3104.0,11
rb1805,20170704,20170703,211734500,3105.0,1948,73358,60473540.0,3105.0,5,3104.0,9
rb1805,20170704,20170703,211735500,3105.0,1948,73358,60473540.0,3105.0,5,3104.0,9
rb1805,20170704,20170703,211736000,3105.0,1948,73358,60473540.0,3105.0,5,3104.0,8
rb1805,20170704,20170703,211736500,3105.0,1950,73358,60535640.0,3105.0,4,3104.0,10
rb1805,20170704,20170703,211737500,3105.0,1950,73358,60535640.0,3105.0,4,3104.0,11
rb1805,20170704,20170703,211738000,3105.0,1950,73358,60535640.0,3105.0,4,3104.0,11
rb1805,20170704,20170703,211738500,3105.0,1954,73358,60659840.0,3105.0,2,3104.0,12
rb1805,20170704,20170703,211739000,3105.0,1956,73358,60721940.0,3105.0,1,3104.0,12
rb1805,20170704,20170703,211740500,3105.0,1956,73358,60721940.0,3105.0,1,3104.0,12
rb1805,20170704,20170703,211741000,3105.0,1956,73358,60721940.0,3105.0,1,3104.0,12
rb1805,20170704,20170703,211741500,3105.0,1958,73358,60784040.0,3106.0,1,3104.0,12
rb1805,20170704,20170703,211742000,3105.0,1958,73358,60784040.0,3106.0,1,3104.0,12
rb1805,20170704,20170703,211742500,3105.0,1958,73358,60784040.0,3106.0,1,3104.0,12
rb1805,20170704,20170703,211743000,3104.0,1960,73358,60846120.0,3106.0,1,3104.0,11
rb1805,20170704,20170703,211743500,3104.0,1960,73358,60846120.0,3106.0,1,3104.0,10
rb1805,20170704,20170703,211745000,3104.0,1960,73358,60846120.0,3106.0,1,3104.0,11
rb1805,20170704,20170703,211745500,3104.0,1960,73358,60846120.0,3106.0,1,3104.0,11
rb1805,20170704,20170703,211746500,3104.0,1982,73356,61529000.0,3106.0,1,3104.0,12
rb1805,20170704,20170703,211747000,3104.0,1982,73356,61529000.0,3106.0,1,3104.0,13
rb1805,20170704,20170703,211747500,3104.0,1982,73356,61529000.0,3106.0,1,3105.0,2
rb1805,20170704,20170703,211749000,3106.0,1984,73356,61591120.0,3107.0,8,3105.0,2
rb1805,20170704,20170703,211749500,3106.0,1984,73356,61591120.0,3107.0,7,3105.0,2
rb1805,20170704,20170703,211750000,3106.0,1984,73356,61591120.0,3107.0,8,3105.0,2
rb1805,20170704,20170703,211751500,3106.0,1984,73356,61591120.0,3107.0,8,3105.0,7
rb1805,20170704,20170703,211753000,3106.0,1984,73356,61591120.0,3107.0,8,3105.0,7
rb1805,20170704,20170703,211754500,3106.0,1984,73356,61591120.0,3107.0,8,3105.0,5
rb1805,20170704,20170703,211757500,3106.0,1984,73356,61591120.0,3107.0,8,3106.0,9
rb1805,20170704,20170703,211758000,3106.0,1984,73356,61591120.0,3107.0,8,3106.0,9
rb1805,20170704,20170703,211758500,3106.0,1984,73356,61591120.0,3107.0,8,3106.0,14
rb1805,20170704,20170703,211759000,3106.0,1984,73356,61591120.0,3107.0,7,3106.0,14
rb1805,20170704,20170703,211759500,3106.0,1984,73356,61591120.0,3107.0,8,3106.0,14
rb1805,20170704,20170703,211800000,3106.0,1984,73356,61591120.0,3107.0,7,3106.0,14
rb1805,20170704,20170703,211801000,3106.0,1984,73356,61591120.0,3107.0,8,3106.0,14
rb1805,20170704,20170703,211802000,3106.0,1984,73356,61591120.0,3107.0,7,3106.0,14
rb1805,20170704,20170703,211803000,3106.0,1984,73356,61591120.0,3107.0,7,3106.0,15
rb1805,20170704,20170703,211804000,3107.0,1986,73356,61653260.0,3107.0,6,3106.0,15
rb1805,20170704,20170703,211805500,3107.0,1988,73356,61715400.0,3107.0,7,3106.0,15
rb1805,20170704,20170703,211806500,3107.0,1988,73356,61715400.0,3107.0,7,3106.0,15
rb1805,20170704,20170703,211807500,3107.0,1988,73356,61715400.0,3107.0,8,3106.0,15
rb1805,20170704,20170703,211808000,3107.0,1988,73356,61715400.0,3107.0,8,3106.0,10
rb1805,20170704,20170703,211809000,3107.0,1988,73356,61715400.0,3107.0,8,3106.0,10
rb1805,20170704,20170703,211810500,3106.0,1990,73356,61777520.0,3107.0,8,3106.0,9
rb1805,20170704,20170703,211811500,3106.0,2002,73358,62150240.0,3107.0,8,3106.0,3
rb1805,20170704,20170703,211812500,3106.0,2008,73358,62336600.0,3106.0,4,3105.0,7
rb1805,20170704,20170703,211813000,3106.0,2008,73358,62336600.0,3107.0,8,3105.0,2
rb1805,20170704,20170703,211813500,3106.0,2008,73358,62336600.0,3107.0,13,3105.0,2
rb1805,20170704,20170703,211814000,3106.0,2008,73358,62336600.0,3106.0,3,3105.0,2
rb1805,20170704,20170703,211814500,3105.0,2012,73356,62460800.0,3107.0,12,3104.0,2
rb1805,20170704,20170703,211815000,3104.0,2014,73356,62522880.0,3106.0,3,3104.0,1
rb1805,20170704,20170703,211815500,3105.0,2016,73358,62584980.0,3105.0,2,3104.0,6
rb1805,20170704,20170703,211816000,3105.0,2016,73358,62584980.0,3105.0,2,3104.0,6
rb1805,20170704,20170703,211817000,3104.0,2022,73360,62771220.0,3105.0,2,3103.0,11
rb1805,20170704,20170703,211817500,3103.0,2034,73362,63143580.0,3105.0,2,3102.0,6
rb1805,20170704,20170703,211818000,3103.0,2034,73362,63143580.0,3105.0,7,3103.0,2
rb1805,20170704,20170703,211819000,3103.0,2038,73366,63267700.0,3105.0,7,3102.0,6
rb1805,20170704,20170703,211821500,3103.0,2038,73366,63267700.0,3105.0,7,3102.0,3
rb1805,20170704,20170703,211822000,3103.0,2038,73366,63267700.0,3104.0,2,3102.0,3
rb1805,20170704,20170703,211823500,3103.0,2038,73366,63267700.0,3104.0,2,3102.0,3
rb1805,20170704,20170703,211824500,3102.0,2042,73370,63391780.0,3104.0,2,3102.0,1
rb1805,20170704,20170703,211825000,3102.0,2042,73370,63391780.0,3104.0,2,3103.0,1
rb1805,20170704,20170703,211825500,3103.0,2044,73372,63453840.0,3103.0,4,3102.0,1
rb1805,20170704,20170703,211829000,3103.0,2044,73372,63453840.0,3103.0,4,3102.0,3
rb1805,20170704,20170703,211829500,3102.0,2046,73372,63515880.0,3103.0,5,3102.0,2
rb1805,20170704,20170703,211830000,3102.0,2046,73372,63515880.0,3103.0,4,3102.0,2
rb1805,20170704,20170703,211830500,3102.0,2046,73372,63515880.0,3103.0,4,3102.0,2
rb1805,20170704,20170703,211831500,3102.0,2046,73372,63515880.0,3103.0,4,3102.0,3
rb1805,20170704,20170703,211832500,3102.0,2046,73372,63515880.0,3103.0,4,3102.0,5
rb1805,20170704,20170703,211834000,3103.0,2050,73376,63640000.0,3103.0,2,3102.0,5
rb1805,20170704,20170703,211836500,3103.0,2052,73378,63702060.0,3103.0,7,3102.0,5
rb1805,20170704,20170703,211837500,3103.0,2054,73380,63764120.0,3103.0,6,3102.0,5
rb1805,20170704,20170703,211839000,3103.0,2054,73380,63764120.0,3103.0,6,3102.0,5
rb1805,20170704,20170703,211840000,3103.0,2056,73382,63826180.0,3103.0,5,3102.0,5
rb1805,20170704,20170703,211841000,3103.0,2058,73384,63888240.0,3103.0,4,3102.0,5
rb1805,20170704,20170703,211842500,3103.0,2060,73386,63950300.0,3103.0,3,3102.0,5
rb1805,20170704,20170703,211845500,3103.0,2060,73386,63950300.0,3103.0,3,3102.0,6
rb1805,20170704,20170703,211846000,3103.0,2062,73388,64012360.0,3103.0,2,3102.0,6
rb1805,20170704,20170703,211846500,3103.0,2062,73388,64012360.0,3103.0,4,3102.0,6
rb1805,20170704,20170703,211847000,3103.0,2062,73388,64012360.0,3103.0,4,3102.0,6
rb1805,20170704,20170703,211848000,3103.0,2064,73390,64074420.0,3103.0,3,3102.0,6
rb1805,20170704,20170703,211848500,3103.0,2064,73390,64074420.0,3103.0,3,3102.0,7
rb1805,20170704,20170703,211849000,3103.0,2064,73390,64074420.0,3103.0,4,3102.0,7
rb1805,20170704,20170703,211850000,3103.0,2066,73392,64136480.0,3103.0,3,3102.0,7
rb1805,20170704,20170703,211850500,3103.0,2066,73392,64136480.0,3103.0,3,3102.0,8
rb1805,20170704,20170703,211851000,3103.0,2068,73394,64198540.0,3103.0,2,3102.0,8
rb1805,20170704,20170703,211852000,3103.0,2070,73396,64260600.0,3103.0,4,3102.0,8
rb1805,20170704,20170703,211854000,3103.0,2072,73398,64322660.0,3103.0,3,3102.0,8
rb1805,20170704,20170703,211858000,3103.0,2072,73398,64322660.0,3103.0,3,3102.0,9
rb1805,20170704,20170703,211901500,3103.0,2072,73398,64322660.0,3103.0,8,3102.0,9
rb1805,20170704,20170703,211904000,3103.0,2072,73398,64322660.0,3103.0,8,3102.0,8
rb1805,20170704,20170703,211904500,3103.0,2072,73398,64322660.0,3103.0,8,3102.0,8
rb1805,20170704,20170703,211905000,3103.0,2072,73398,64322660.0,3103.0,3,3102.0,8
rb1805,20170704,20170703,211907000,3103.0,2074,73400,64384720.0,3103.0,2,3102.0,8
rb1805,20170704,20170703,211908000,3103.0,2076,73402,64446780.0,3103.0,1,3102.0,8
rb1805,20170704,20170703,211908500,3103.0,2076,73402,64446780.0,3103.0,1,3102.0,8
rb1805,20170704,20170703,211909000,3103.0,2076,73402,64446780.0,3103.0,1,3102.0,8
rb1805,20170704,20170703,211911000,3103.0,2082,73404,64632920.0,3105.0,11,3102.0,7
rb1805,20170704,20170703,211911500,3103.0,2082,73404,64632920.0,3104.0,2,3102.0,7
rb1805,20170704,20170703,211912500,3103.0,2082,73404,64632920.0,3104.0,2,3102.0,7
rb1805,20170704,20170703,211913000,3103.0,2082,73404,64632920.0,3104.0,7,3102.0,7
rb1805,20170704,20170703,211916500,3103.0,2082,73404,64632920.0,3104.0,7,3102.0,7
rb1805,20170704,20170703,211918000,3103.0,2082,73404,64632920.0,3104.0,7,3102.0,8
rb1805,20170704,20170703,211919000,3103.0,2082,73404,64632920.0,3103.0,1,3102.0,8
rb1805,20170704,20170703,211920500,3103.0,2082,73404,64632920.0,3103.0,1,3102.0,8
rb1805,20170704,20170703,211922500,3103.0,2082,73404,64632920.0,3103.0,1,3102.0,8
rb1805,20170704,20170703,211924500,3103.0,2082,73404,64632920.0,3103.0,1,3102.0,9
rb1805,20170704,20170703,211925000,3103.0,2082,73404,64632920.0,3103.0,1,3102.0,9
rb1805,20170704,20170703,211926500,3103.0,2082,73404,64632920.0,3103.0,1,3102.0,9
rb1805,20170704,20170703,211927000,3103.0,2084,73402,64694980.0,3104.0,7,3103.0,2
rb1805,20170704,20170703,211927500,3103.0,2086,73400,64757040.0,3104.0,7,3103.0,1
rb1805,20170704,20170703,211929000,3103.0,2086,73400,64757040.0,3104.0,5,3103.0,1
rb1805,20170704,20170703,211929500,3103.0,2086,73400,64757040.0,3105.0,11,3103.0,1
rb1805,20170704,20170703,211930000,3103.0,2086,73400,64757040.0,3104.0,3,3103.0,1
rb1805,20170704,20170703,211931500,3103.0,2086,73400,64757040.0,3104.0,3,3103.0,1
rb1805,20170704,20170703,211932500,3104.0,2088,73400,64819120.0,3104.0,2,3103.0,1
rb1805,20170704,20170703,211938500,3104.0,2088,73400,64819120.0,3104.0,2,3103.0,1
rb1805,20170704,20170703,211939500,3104.0,2088,73400,64819120.0,3104.0,7,3103.0,1
rb1805,20170704,20170703,211943000,3104.0,2088,73400,64819120.0,3104.0,10,3103.0,1
rb1805,20170704,20170703,211948000,3104.0,2088,73400,64819120.0,3104.0,10,3103.0,1
rb1805,20170704,20170703,211955000,3104.0,2088,73400,64819120.0,3104.0,5,3103.0,1
rb1805,20170704,20170703,211956500,3104.0,2088,73400,64819120.0,3104.0,3,3103.0,1
rb1805,20170704,20170703,211958000,3103.0,2092,73400,64943260.0,3104.0,2,3102.0,14
rb1805,20170704,20170703,211958500,3104.0,2094,73400,65005340.0,3104.0,1,3102.0,14
rb1805,20170704,20170703,211959000,3104.0,2094,73400,65005340.0,3104.0,1,3103.0,1
rb1805,20170704,20170703,212002000,3104.0,2094,73400,65005340.0,3104.0,1,3103.0,1
rb1805,20170704,20170703,212005500,3104.0,2094,73400,65005340.0,3104.0,1,3103.0,1
rb1805,20170704,20170703,212007000,3104.0,2094,73400,65005340.0,3104.0,1,3103.0,2
rb1805,20170704,20170703,212007500,3104.0,2094,73400,65005340.0,3104.0,1,3103.0,2
rb1805,20170704,20170703,212008000,3104.0,2094,73400,65005340.0,3104.0,1,3103.0,2
rb1805,20170704,20170703,212008500,3104.0,2094,73400,65005340.0,3104.0,1,3103.0,2
rb1805,20170704,20170703,212009000,3104.0,2096,73398,65067420.0,3105.0,5,3103.0,2
rb1805,20170704,20170703,212012000,3103.0,2098,73396,65129480.0,3105.0,5,3103.0,1
rb1805,20170704,20170703,212016000,3103.0,2098,73396,65129480.0,3106.0,7,3103.0,1
rb1805,20170704,20170703,212016500,3103.0,2098,73396,65129480.0,3105.0,2,3103.0,1
rb1805,20170704,20170703,212017000,3103.0,2098,73396,65129480.0,3105.0,2,3103.0,1
rb1805,20170704,20170703,212017500,3103.0,2098,73396,65129480.0,3105.0,2,3103.0,1
rb1805,20170704,20170703,212019000,3103.0,2098,73396,65129480.0,3105.0,7,3103.0,1
rb1805,20170704,20170703,212020500,3103.0,2098,73396,65129480.0,3105.0,7,3103.0,1
rb1805,20170704,20170703,212021500,3103.0,2098,73396,65129480.0,3105.0,7,3103.0,1
rb1805,20170704,20170703,212024500,3103.0,2098,73396,65129480.0,3105.0,7,3103.0,3
rb1805,20170704,20170703,212028500,3103.0,2098,73396,65129480.0,3105.0,7,3103.0,3
rb1805,20170704,20170703,212030000,3105.0,2100,73396,65191580.0,3105.0,6,3103.0,8
rb1805,20170704,20170703,212030500,3105.0,2100,73396,65191580.0,3105.0,6,3103.0,9
rb1805,20170704,20170703,212032000,3105.0,2100,73396,65191580.0,3104.0,3,3103.0,9
rb1805,20170704,20170703,212033500,3105.0,2100,73396,65191580.0,3104.0,3,3103.0,9
rb1805,20170704,20170703,212037000,3105.0,2100,73396,65191580.0,3104.0,3,3103.0,9
rb1805,20170704,20170703,212038000,3105.0,2100,73396,65191580.0,3104.0,3,3103.0,9
rb1805,20170704,20170703,212039000,3105.0,2100,73396,65191580.0,3104.0,9,3103.0,9
rb1805,20170704,20170703,212040000,3105.0,2100,73396,65191580.0,3104.0,11,3103.0,9
rb1805,20170704,20170703,212042000,3105.0,2100,73396,65191580.0,3104.0,11,3103.0,9
rb1805,20170704,20170703,212045000,3103.0,2108,73404,65439820.0,3104.0,16,3102.0,13
rb1805,20170704,20170703,212045500,3103.0,2108,73404,65439820.0,3104.0,16,3102.0,13
rb1805,20170704,20170703,212046000,3103.0,2108,73404,65439820.0,3103.0,3,3102.0,13
rb1805,20170704,20170703,212046500,3102.0,2112,73404,65563900.0,3103.0,10,3102.0,11
rb1805,20170704,20170703,212047500,3103.0,2118,73404,65750080.0,3103.0,4,3102.0,11
rb1805,20170704,20170703,212048000,3103.0,2118,73404,65750080.0,3103.0,2,3102.0,11
rb1805,20170704,20170703,212048500,3103.0,2118,73404,65750080.0,3103.0,2,3102.0,11
rb1805,20170704,20170703,212049000,3103.0,2118,73404,65750080.0,3103.0,2,3102.0,16
rb1805,20170704,20170703,212050500,3103.0,2118,73404,65750080.0,3103.0,2,3102.0,16
rb1805,20170704,20170703,212052000,3103.0,2118,73404,65750080.0,3103.0,2,3102.0,11
rb1805,20170704,20170703,212053000,3103.0,2118,73404,65750080.0,3103.0,2,3102.0,10
rb1805,20170704,20170703,212055500,3103.0,2122,73408,65874200.0,3104.0,11,3103.0,3
rb1805,20170704,20170703,212056000,3103.0,2128,73414,66060380.0,3103.0,2,3102.0,10
rb1805,20170704,20170703,212057500,3102.0,2130,73414,66122420.0,3103.0,3,3102.0,9
rb1805,20170704,20170703,212058000,3103.0,2136,73416,66308600.0,3103.0,1,3102.0,9
rb1805,20170704,20170703,212059500,3103.0,2138,73418,66370660.0,3104.0,7,3102.0,9
rb1805,20170704,20170703,212100500,3103.0,2138,73418,66370660.0,3103.0,4,3102.0,9
rb1805,20170704,20170703,212101000,3103.0,2138,73418,66370660.0,3104.0,7,3102.0,9
rb1805,20170704,20170703,212103000,3103.0,2138,73418,66370660.0,3104.0,7,3102.0,4
rb1805,20170704,20170703,212105000,3103.0,2138,73418,66370660.0,3104.0,8,3102.0,4
rb1805,20170704,20170703,212109500,3103.0,2138,73418,66370660.0,3104.0,8,3102.0,5
rb1805,20170704,20170703,212112500,3103.0,2138,73418,66370660.0,3104.0,13,3102.0,5
rb1805,20170704,20170703,212113500,3103.0,2138,73418,66370660.0,3104.0,13,3102.0,8
