instrument,tradingday,calendarday,time,lastp,volume,openinterest,turnover,ask1,asksz1,bid1,bidsz1
rb1805,20170818,20170817,183655500,3681.0,0,204178,0.0,0.0,0,0.0,0
rb1805,20170818,20170817,205900500,3662.0,324,204280,11864880.0,3669.0,6,3661.0,20
rb1805,20170818,20170817,210000500,3662.0,334,204278,12231080.0,3668.0,1,3663.0,3
rb1805,20170818,20170817,210001000,3668.0,540,204278,19783240.0,3666.0,9,3665.0,1
rb1805,20170818,20170817,210001500,3665.0,658,204232,24107680.0,3665.0,1,3662.0,72
rb1805,20170818,20170817,210002000,3665.0,704,204220,25793260.0,3665.0,14,3662.0,74
rb1805,20170818,20170817,210002500,3665.0,956,204266,35024240.0,3665.0,27,3661.0,19
rb1805,20170818,20170817,210003000,3664.0,990,204262,36269620.0,3664.0,4,3662.0,7
rb1805,20170818,20170817,210003500,3665.0,1036,204248,37955240.0,3665.0,6,3664.0,7
rb1805,20170818,20170817,210004000,3664.0,1064,204226,38981080.0,3664.0,9,3663.0,16
rb1805,20170818,20170817,210004500,3663.0,1152,204256,42205040.0,3667.0,16,3662.0,9
rb1805,20170818,20170817,210005000,3664.0,1314,204210,48138000.0,3662.0,2,3661.0,80
rb1805,20170818,20170817,210005500,3662.0,1390,204214,50921320.0,3664.0,3,3661.0,71
rb1805,20170818,20170817,210006000,3661.0,1402,204224,51360720.0,3662.0,2,3661.0,69
rb1805,20170818,20170817,210006500,3667.0,1426,204228,52239940.0,3667.0,5,3664.0,22
rb1805,20170818,20170817,210007000,3664.0,1452,204226,53192720.0,3665.0,1,3664.0,14
rb1805,20170818,20170817,210007500,3664.0,1460,204220,53485840.0,3665.0,4,3664.0,10
rb1805,20170818,20170817,210008000,3665.0,1490,204204,54585140.0,3666.0,7,3662.0,5
rb1805,20170818,20170817,210008500,3663.0,1504,204216,55097960.0,3665.0,2,3663.0,5
rb1805,20170818,20170817,210009000,3664.0,1510,204222,55317780.0,3664.0,7,3663.0,5
rb1805,20170818,20170817,210009500,3664.0,1524,204234,55830740.0,3664.0,2,3663.0,5
rb1805,20170818,20170817,210010000,3664.0,1534,204238,56197140.0,3667.0,4,3664.0,13
rb1805,20170818,20170817,210010500,3664.0,1554,204236,56930220.0,3665.0,16,3664.0,14
rb1805,20170818,20170817,210011000,3664.0,1576,204238,57736500.0,3665.0,6,3664.0,15
rb1805,20170818,20170817,210011500,3665.0,1588,204226,58176300.0,3667.0,1,3664.0,16
rb1805,20170818,20170817,210012000,3665.0,1594,204224,58396160.0,3665.0,2,3664.0,22
rb1805,20170818,20170817,210012500,3665.0,1622,204222,59422140.0,3665.0,4,3664.0,13
rb1805,20170818,20170817,210013000,3664.0,1634,204214,59861900.0,3666.0,1,3665.0,3
rb1805,20170818,20170817,210013500,3665.0,1640,204214,60081860.0,3666.0,1,3665.0,2
rb1805,20170818,20170817,210014000,3665.0,1642,204212,60155160.0,3666.0,1,3665.0,7
rb1805,20170818,20170817,210014500,3666.0,1646,204214,60301780.0,3668.0,8,3667.0,6
rb1805,20170818,20170817,210015000,3665.0,1660,204222,60815120.0,3667.0,20,3665.0,10
rb1805,20170818,20170817,210015500,3665.0,1690,204208,61914600.0,3665.0,6,3664.0,6
rb1805,20170818,20170817,210016000,3665.0,1704,204200,62427680.0,3666.0,1,3665.0,1
rb1805,20170818,20170817,210016500,3665.0,1706,204198,62500980.0,3666.0,1,3664.0,12
rb1805,20170818,20170817,210017000,3665.0,1708,204198,62574280.0,3666.0,3,3665.0,2
rb1805,20170818,20170817,210017500,3664.0,1734,204206,63527080.0,3667.0,13,3664.0,4
rb1805,20170818,20170817,210018000,3666.0,1736,204206,63600400.0,3667.0,13,3665.0,1
rb1805,20170818,20170817,210018500,3666.0,1742,204204,63820360.0,3667.0,13,3665.0,1
rb1805,20170818,20170817,210019000,3666.0,1742,204204,63820360.0,3666.0,2,3665.0,1
rb1805,20170818,20170817,210019500,3666.0,1748,204202,64040300.0,3667.0,14,3665.0,2
rb1805,20170818,20170817,210020000,3666.0,1750,204202,64113620.0,3667.0,14,3665.0,2
rb1805,20170818,20170817,210020500,3665.0,1754,204204,64260220.0,3667.0,14,3664.0,8
rb1805,20170818,20170817,210021000,3666.0,1776,204204,65066940.0,3667.0,4,3666.0,1
rb1805,20170818,20170817,210021500,3666.0,1782,204204,65286900.0,3666.0,5,3665.0,2
rb1805,20170818,20170817,210022000,3666.0,1792,204194,65653500.0,3667.0,4,3666.0,9
rb1805,20170818,20170817,210022500,3667.0,1800,204198,65946860.0,3668.0,13,3667.0,17
rb1805,20170818,20170817,210023000,3667.0,1828,204196,66973620.0,3668.0,13,3667.0,5
rb1805,20170818,20170817,210023500,3667.0,1828,204196,66973620.0,3668.0,14,3667.0,6
rb1805,20170818,20170817,210024000,3668.0,1846,204202,67633860.0,3668.0,5,3667.0,10
rb1805,20170818,20170817,210024500,3668.0,1846,204202,67633860.0,3668.0,5,3667.0,11
rb1805,20170818,20170817,210025000,3669.0,1862,204194,68220740.0,3668.0,1,3667.0,12
rb1805,20170818,20170817,210025500,3668.0,1864,204194,68294100.0,3669.0,11,3668.0,1
rb1805,20170818,20170817,210026000,3667.0,1872,204194,68587540.0,3669.0,10,3668.0,1
rb1805,20170818,20170817,210026500,3668.0,1876,204194,68734240.0,3669.0,10,3668.0,4
rb1805,20170818,20170817,210027000,3669.0,1900,204194,69614440.0,3669.0,10,3668.0,2
rb1805,20170818,20170817,210027500,3668.0,1922,204208,70421600.0,3670.0,29,3668.0,1
rb1805,20170818,20170817,210028000,3669.0,1926,204208,70568340.0,3670.0,29,3669.0,1
rb1805,20170818,20170817,210028500,3670.0,2018,204166,73944400.0,3671.0,1,3670.0,11
rb1805,20170818,20170817,210029000,3670.0,2066,204174,75706020.0,3671.0,3,3670.0,45
rb1805,20170818,20170817,210029500,3670.0,2070,204178,75852820.0,3671.0,3,3670.0,43
rb1805,20170818,20170817,210030000,3671.0,2076,204184,76073080.0,3672.0,13,3671.0,2
rb1805,20170818,20170817,210030500,3671.0,2084,204180,76366760.0,3671.0,5,3670.0,48
rb1805,20170818,20170817,210031000,3670.0,2184,204272,80036760.0,3671.0,5,3670.0,2
rb1805,20170818,20170817,210031500,3671.0,2214,204274,81137720.0,3672.0,30,3671.0,15
rb1805,20170818,20170817,210032000,3671.0,2248,204276,82385860.0,3671.0,9,3669.0,3
rb1805,20170818,20170817,210032500,3671.0,2254,204278,82606040.0,3671.0,5,3669.0,1
rb1805,20170818,20170817,210033000,3671.0,2256,204280,82679460.0,3671.0,5,3669.0,1
rb1805,20170818,20170817,210033500,3669.0,2258,204280,82752840.0,3671.0,6,3670.0,4
rb1805,20170818,20170817,210034000,3671.0,2284,204298,83707300.0,3672.0,23,3671.0,1
rb1805,20170818,20170817,210034500,3671.0,2300,204300,84294700.0,3672.0,21,3671.0,7
rb1805,20170818,20170817,210035000,3670.0,2322,204292,85102240.0,3670.0,9,3669.0,1
rb1805,20170818,20170817,210035500,3670.0,2328,204290,85322440.0,3670.0,11,3668.0,14
rb1805,20170818,20170817,210036000,3669.0,2344,204278,85909520.0,3670.0,18,3669.0,4
rb1805,20170818,20170817,210036500,3669.0,2362,204272,86569940.0,3669.0,1,3668.0,14
rb1805,20170818,20170817,210037000,3669.0,2368,204272,86790080.0,3670.0,24,3668.0,14
rb1805,20170818,20170817,210037500,3670.0,2374,204268,87010280.0,3670.0,24,3668.0,14
rb1805,20170818,20170817,210038000,3668.0,2378,204270,87157000.0,3670.0,24,3669.0,17
rb1805,20170818,20170817,210038500,3670.0,2380,204270,87230400.0,3670.0,23,3669.0,17
rb1805,20170818,20170817,210039000,3669.0,2388,204278,87523960.0,3670.0,22,3669.0,15
rb1805,20170818,20170817,210039500,3670.0,2470,204286,90532480.0,3669.0,1,3668.0,3
rb1805,20170818,20170817,210040000,3670.0,2476,204282,90752680.0,3670.0,10,3669.0,6
rb1805,20170818,20170817,210040500,3669.0,2492,204280,91339740.0,3669.0,1,3668.0,4
rb1805,20170818,20170817,210041000,3669.0,2494,204280,91413120.0,3670.0,9,3668.0,5
rb1805,20170818,20170817,210041500,3668.0,2506,204276,91853280.0,3670.0,9,3669.0,1
rb1805,20170818,20170817,210042000,3669.0,2510,204274,92000040.0,3669.0,4,3667.0,6
rb1805,20170818,20170817,210042500,3669.0,2526,204286,92587040.0,3669.0,6,3667.0,5
rb1805,20170818,20170817,210043000,3668.0,2536,204286,92953840.0,3668.0,5,3667.0,11
rb1805,20170818,20170817,210043500,3669.0,2554,204290,93614120.0,3669.0,9,3668.0,1
rb1805,20170818,20170817,210044000,3669.0,2554,204290,93614120.0,3669.0,9,3668.0,2
rb1805,20170818,20170817,210044500,3668.0,2556,204290,93687480.0,3669.0,10,3668.0,1
rb1805,20170818,20170817,210045000,3668.0,2558,204290,93760840.0,3669.0,11,3667.0,10
rb1805,20170818,20170817,210045500,3669.0,2566,204298,94054360.0,3668.0,1,3667.0,11
rb1805,20170818,20170817,210046000,3669.0,2582,204306,94641400.0,3670.0,9,3669.0,3
rb1805,20170818,20170817,210046500,3669.0,2588,204312,94861540.0,3669.0,14,3667.0,13
rb1805,20170818,20170817,210047000,3667.0,2602,204310,95375000.0,3669.0,4,3667.0,5
rb1805,20170818,20170817,210047500,3669.0,2606,204310,95521740.0,3669.0,19,3667.0,5
rb1805,20170818,20170817,210048000,3667.0,2616,204310,95888440.0,3668.0,8,3667.0,2
rb1805,20170818,20170817,210048500,3667.0,2622,204312,96108460.0,3667.0,1,3666.0,20
rb1805,20170818,20170817,210049000,3668.0,2628,204316,96328500.0,3668.0,7,3666.0,16
rb1805,20170818,20170817,210049500,3668.0,2638,204318,96695180.0,3668.0,16,3666.0,16
rb1805,20170818,20170817,210050000,3668.0,2642,204318,96841900.0,3668.0,14,3667.0,1
rb1805,20170818,20170817,210050500,3667.0,2644,204318,96915240.0,3667.0,1,3666.0,14
rb1805,20170818,20170817,210051000,3666.0,2648,204320,97061920.0,3668.0,13,3666.0,13
rb1805,20170818,20170817,210051500,3666.0,2650,204320,97135240.0,3668.0,14,3666.0,12
rb1805,20170818,20170817,210052000,3667.0,2654,204316,97281920.0,3667.0,1,3666.0,12
rb1805,20170818,20170817,210052500,3667.0,2654,204316,97281920.0,3668.0,19,3666.0,13
rb1805,20170818,20170817,210053000,3667.0,2654,204316,97281920.0,3667.0,1,3666.0,13
rb1805,20170818,20170817,210053500,3667.0,2654,204316,97281920.0,3667.0,1,3666.0,14
rb1805,20170818,20170817,210054000,3667.0,2654,204316,97281920.0,3667.0,1,3666.0,13
rb1805,20170818,20170817,210054500,3666.0,2656,204314,97355240.0,3667.0,1,3666.0,14
rb1805,20170818,20170817,210055000,3666.0,2656,204314,97355240.0,3667.0,2,3666.0,14
rb1805,20170818,20170817,210055500,3667.0,2660,204312,97501920.0,3668.0,14,3667.0,1
rb1805,20170818,20170817,210056000,3667.0,2666,204312,97721940.0,3668.0,48,3666.0,16
rb1805,20170818,20170817,210056500,3667.0,2666,204312,97721940.0,3667.0,1,3666.0,16
rb1805,20170818,20170817,210057000,3667.0,2670,204312,97868620.0,3667.0,15,3666.0,46
rb1805,20170818,20170817,210057500,3667.0,2674,204308,98015300.0,3667.0,15,3666.0,46
rb1805,20170818,20170817,210058000,3667.0,2684,204308,98382000.0,3667.0,3,3666.0,46
rb1805,20170818,20170817,210058500,3666.0,2696,204314,98821920.0,3667.0,3,3666.0,40
rb1805,20170818,20170817,210059000,3667.0,2708,204320,99261960.0,3668.0,14,3667.0,5
rb1805,20170818,20170817,210059500,3667.0,2724,204336,99848680.0,3668.0,51,3666.0,61
rb1805,20170818,20170817,210100000,3667.0,2724,204336,99848680.0,3667.0,2,3666.0,66
rb1805,20170818,20170817,210100500,3668.0,2748,204346,100728960.0,3668.0,11,3667.0,5
rb1805,20170818,20170817,210101000,3668.0,2748,204346,100728960.0,3668.0,46,3667.0,5
rb1805,20170818,20170817,210101500,3667.0,2760,204344,101169000.0,3667.0,5,3666.0,66
rb1805,20170818,20170817,210102000,3667.0,2762,204344,101242340.0,3667.0,6,3666.0,66
rb1805,20170818,20170817,210102500,3666.0,2766,204348,101388980.0,3667.0,6,3666.0,64
rb1805,20170818,20170817,210103000,3667.0,2768,204348,101462320.0,3667.0,20,3666.0,64
rb1805,20170818,20170817,210103500,3667.0,2768,204348,101462320.0,3667.0,41,3666.0,64
rb1805,20170818,20170817,210104000,3666.0,2778,204354,101828960.0,3667.0,23,3666.0,63
rb1805,20170818,20170817,210104500,3666.0,2778,204354,101828960.0,3667.0,48,3666.0,63
rb1805,20170818,20170817,210105000,3666.0,2788,204362,102195580.0,3667.0,27,3666.0,61
rb1805,20170818,20170817,210105500,3667.0,2796,204364,102488920.0,3667.0,24,3666.0,60
rb1805,20170818,20170817,210106000,3666.0,2806,204368,102855580.0,3667.0,47,3666.0,60
rb1805,20170818,20170817,210106500,3666.0,2816,204378,103222180.0,3667.0,27,3666.0,55
rb1805,20170818,20170817,210107000,3666.0,2818,204378,103295500.0,3667.0,39,3666.0,58
rb1805,20170818,20170817,210107500,3667.0,2822,204378,103442180.0,3667.0,51,3666.0,58
rb1805,20170818,20170817,210108000,3666.0,2824,204380,103515500.0,3667.0,47,3666.0,57
rb1805,20170818,20170817,210108500,3666.0,2836,204390,103955420.0,3667.0,47,3666.0,51
rb1805,20170818,20170817,210109000,3666.0,2838,204390,104028740.0,3667.0,57,3666.0,51
rb1805,20170818,20170817,210109500,3666.0,2838,204390,104028740.0,3667.0,52,3666.0,52
rb1805,20170818,20170817,210110000,3666.0,2942,204486,107841380.0,3667.0,43,3666.0,1
rb1805,20170818,20170817,210110500,3666.0,2944,204486,107914700.0,3666.0,8,3665.0,66
rb1805,20170818,20170817,210111000,3666.0,2946,204486,107988020.0,3666.0,2,3665.0,65
rb1805,20170818,20170817,210111500,3666.0,2948,204486,108061340.0,3666.0,10,3665.0,64
rb1805,20170818,20170817,210112000,3665.0,2950,204484,108134640.0,3666.0,7,3665.0,64
rb1805,20170818,20170817,210112500,3665.0,2950,204484,108134640.0,3666.0,9,3665.0,65
rb1805,20170818,20170817,210113000,3665.0,2960,204486,108501140.0,3666.0,9,3665.0,60
rb1805,20170818,20170817,210113500,3665.0,2966,204490,108721060.0,3666.0,8,3665.0,58
rb1805,20170818,20170817,210114000,3666.0,2974,204492,109014340.0,3666.0,5,3665.0,58
rb1805,20170818,20170817,210114500,3666.0,3016,204476,110553680.0,3666.0,5,3665.0,39
rb1805,20170818,20170817,210115000,3666.0,3108,204544,113925580.0,3667.0,60,3664.0,3
rb1805,20170818,20170817,210115500,3664.0,3112,204548,114072140.0,3666.0,37,3664.0,6
rb1805,20170818,20170817,210116000,3664.0,3112,204548,114072140.0,3665.0,18,3664.0,8
rb1805,20170818,20170817,210116500,3665.0,3142,204568,115171640.0,3666.0,30,3664.0,6
rb1805,20170818,20170817,210117000,3666.0,3146,204568,115318280.0,3666.0,28,3664.0,3
rb1805,20170818,20170817,210117500,3666.0,3150,204566,115464920.0,3666.0,26,3664.0,10
rb1805,20170818,20170817,210118000,3664.0,3154,204568,115611480.0,3666.0,32,3664.0,8
rb1805,20170818,20170817,210118500,3664.0,3154,204568,115611480.0,3666.0,44,3664.0,7
rb1805,20170818,20170817,210119000,3664.0,3158,204570,115758060.0,3665.0,3,3664.0,6
rb1805,20170818,20170817,210119500,3664.0,3160,204572,115831340.0,3665.0,4,3664.0,19
rb1805,20170818,20170817,210120000,3664.0,3162,204574,115904620.0,3665.0,4,3664.0,18
rb1805,20170818,20170817,210120500,3665.0,3168,204576,116124520.0,3665.0,1,3664.0,19
rb1805,20170818,20170817,210121000,3664.0,3176,204580,116417640.0,3665.0,1,3664.0,20
rb1805,20170818,20170817,210121500,3664.0,3182,204582,116637500.0,3665.0,1,3664.0,14
rb1805,20170818,20170817,210122000,3664.0,3212,204564,117736700.0,3664.0,12,3663.0,58
rb1805,20170818,20170817,210122500,3664.0,3236,204540,118616060.0,3665.0,5,3663.0,65
rb1805,20170818,20170817,210123000,3664.0,3236,204540,118616060.0,3664.0,10,3663.0,63
rb1805,20170818,20170817,210123500,3664.0,3242,204544,118835900.0,3664.0,8,3663.0,64
rb1805,20170818,20170817,210124000,3665.0,3266,204566,119715280.0,3665.0,4,3663.0,64
rb1805,20170818,20170817,210124500,3665.0,3286,204566,120448100.0,3665.0,3,3664.0,1
rb1805,20170818,20170817,210125000,3663.0,3306,204570,121180740.0,3665.0,15,3663.0,58
rb1805,20170818,20170817,210125500,3663.0,3316,204564,121547060.0,3665.0,4,3663.0,54
rb1805,20170818,20170817,210126000,3663.0,3316,204564,121547060.0,3665.0,9,3664.0,1
rb1805,20170818,20170817,210126500,3664.0,3318,204562,121620340.0,3665.0,9,3663.0,54
rb1805,20170818,20170817,210127000,3664.0,3318,204562,121620340.0,3665.0,20,3663.0,54
rb1805,20170818,20170817,210128000,3665.0,3320,204562,121693640.0,3665.0,20,3664.0,1
rb1805,20170818,20170817,210128500,3665.0,3322,204562,121766940.0,3665.0,20,3664.0,1
rb1805,20170818,20170817,210129000,3664.0,3336,204558,122279900.0,3664.0,4,3663.0,55
rb1805,20170818,20170817,210129500,3664.0,3344,204562,122573000.0,3664.0,9,3663.0,54
rb1805,20170818,20170817,210130000,3664.0,3352,204568,122866060.0,3664.0,14,3663.0,51
rb1805,20170818,20170817,210130500,3664.0,3354,204568,122939340.0,3664.0,25,3663.0,54
rb1805,20170818,20170817,210131000,3664.0,3386,204584,124111700.0,3664.0,20,3663.0,48
rb1805,20170818,20170817,210131500,3663.0,3408,204588,124917560.0,3664.0,20,3663.0,37
rb1805,20170818,20170817,210132000,3663.0,3408,204588,124917560.0,3664.0,20,3663.0,37
rb1805,20170818,20170817,210132500,3663.0,3492,204574,127994480.0,3663.0,14,3662.0,19
rb1805,20170818,20170817,210133000,3662.0,3496,204578,128140960.0,3663.0,15,3662.0,18
rb1805,20170818,20170817,210133500,3662.0,3580,204608,131217900.0,3665.0,23,3662.0,5
rb1805,20170818,20170817,210134000,3663.0,3588,204608,131510940.0,3663.0,7,3662.0,5
rb1805,20170818,20170817,210134500,3663.0,3590,204608,131584200.0,3663.0,7,3662.0,6
rb1805,20170818,20170817,210135000,3664.0,3614,204612,132463380.0,3664.0,10,3662.0,5
rb1805,20170818,20170817,210135500,3662.0,3616,204612,132536620.0,3663.0,3,3662.0,4
rb1805,20170818,20170817,210136000,3661.0,3626,204610,132902800.0,3662.0,7,3661.0,90
rb1805,20170818,20170817,210136500,3662.0,3648,204616,133708460.0,3663.0,17,3662.0,9
rb1805,20170818,20170817,210137000,3662.0,3658,204614,134074660.0,3663.0,17,3662.0,4
rb1805,20170818,20170817,210137500,3662.0,3670,204620,134514080.0,3662.0,14,3661.0,94
rb1805,20170818,20170817,210138000,3662.0,3672,204622,134587320.0,3662.0,10,3661.0,94
rb1805,20170818,20170817,210138500,3663.0,3710,204648,135978820.0,3663.0,14,3661.0,90
rb1805,20170818,20170817,210139000,3663.0,3714,204646,136125340.0,3663.0,14,3661.0,88
rb1805,20170818,20170817,210139500,3663.0,3714,204646,136125340.0,3663.0,14,3661.0,93
rb1805,20170818,20170817,210140000,3663.0,3714,204646,136125340.0,3663.0,33,3662.0,16
rb1805,20170818,20170817,210140500,3662.0,3730,204652,136711260.0,3663.0,33,3662.0,9
rb1805,20170818,20170817,210141000,3663.0,3748,204660,137370460.0,3663.0,33,3662.0,2
rb1805,20170818,20170817,210141500,3661.0,3792,204702,138981340.0,3662.0,1,3661.0,95
rb1805,20170818,20170817,210142000,3662.0,3794,204702,139054580.0,3662.0,11,3661.0,96
rb1805,20170818,20170817,210142500,3662.0,3800,204702,139274300.0,3662.0,8,3661.0,98
rb1805,20170818,20170817,210143000,3662.0,3800,204702,139274300.0,3662.0,4,3661.0,100
rb1805,20170818,20170817,210143500,3661.0,3822,204722,140079720.0,3662.0,4,3661.0,84
rb1805,20170818,20170817,210144000,3661.0,3902,204702,143008520.0,3662.0,4,3661.0,44
rb1805,20170818,20170817,210144500,3661.0,3906,204704,143154960.0,3662.0,7,3661.0,41
rb1805,20170818,20170817,210145000,3661.0,3914,204706,143447880.0,3662.0,1,3661.0,39
rb1805,20170818,20170817,210145500,3662.0,3922,204704,143740840.0,3662.0,2,3661.0,41
rb1805,20170818,20170817,210146000,3661.0,3940,204702,144399860.0,3663.0,14,3661.0,47
rb1805,20170818,20170817,210146500,3662.0,3952,204692,144839300.0,3663.0,9,3662.0,4
rb1805,20170818,20170817,210147000,3661.0,3976,204700,145718060.0,3663.0,10,3661.0,93
rb1805,20170818,20170817,210147500,3662.0,3982,204704,145937740.0,3662.0,3,3661.0,87
rb1805,20170818,20170817,210148000,3662.0,3986,204700,146084220.0,3663.0,35,3662.0,1
rb1805,20170818,20170817,210148500,3662.0,3992,204698,146303940.0,3662.0,3,3661.0,90
rb1805,20170818,20170817,210149000,3662.0,3994,204700,146377180.0,3662.0,11,3661.0,89
rb1805,20170818,20170817,210149500,3662.0,4008,204714,146889740.0,3662.0,9,3661.0,85
rb1805,20170818,20170817,210150000,3661.0,4020,204720,147329120.0,3662.0,12,3661.0,82
rb1805,20170818,20170817,210150500,3661.0,4026,204722,147548780.0,3662.0,12,3661.0,78
rb1805,20170818,20170817,210151000,3661.0,4026,204722,147548780.0,3662.0,12,3661.0,79
rb1805,20170818,20170817,210151500,3662.0,4046,204720,148281180.0,3662.0,2,3661.0,85
rb1805,20170818,20170817,210152000,3662.0,4060,204728,148793820.0,3662.0,3,3661.0,77
rb1805,20170818,20170817,210152500,3662.0,4062,204728,148867060.0,3662.0,2,3661.0,77
rb1805,20170818,20170817,210153000,3662.0,4068,204724,149086780.0,3662.0,1,3661.0,78
rb1805,20170818,20170817,210153500,3662.0,4074,204724,149306480.0,3662.0,6,3661.0,82
rb1805,20170818,20170817,210154000,3661.0,4098,204724,150185260.0,3663.0,34,3662.0,1
rb1805,20170818,20170817,210154500,3661.0,4102,204726,150331720.0,3662.0,5,3661.0,78
rb1805,20170818,20170817,210155000,3662.0,4108,204730,150551440.0,3662.0,2,3661.0,78
rb1805,20170818,20170817,210155500,3662.0,4112,204734,150697920.0,3662.0,10,3661.0,77
rb1805,20170818,20170817,210156000,3661.0,4120,204740,150990840.0,3662.0,11,3661.0,75
rb1805,20170818,20170817,210156500,3662.0,4134,204734,151503420.0,3662.0,2,3661.0,70
rb1805,20170818,20170817,210157000,3662.0,4136,204734,151576660.0,3663.0,35,3662.0,4
rb1805,20170818,20170817,210157500,3662.0,4144,204730,151869620.0,3662.0,11,3661.0,71
rb1805,20170818,20170817,210158000,3662.0,4146,204730,151942860.0,3662.0,4,3661.0,71
rb1805,20170818,20170817,210158500,3661.0,4284,204714,156995040.0,3662.0,8,3661.0,2
rb1805,20170818,20170817,210159000,3661.0,4292,204718,157287920.0,3662.0,9,3660.0,90
rb1805,20170818,20170817,210159500,3661.0,4292,204718,157287920.0,3662.0,9,3661.0,6
rb1805,20170818,20170817,210200000,3661.0,4314,204714,158093440.0,3661.0,1,3660.0,90
rb1805,20170818,20170817,210200500,3662.0,4352,204712,159484360.0,3662.0,5,3661.0,2
rb1805,20170818,20170817,210201000,3662.0,4372,204710,160216580.0,3662.0,6,3661.0,7
rb1805,20170818,20170817,210201500,3662.0,4380,204712,160509480.0,3662.0,5,3661.0,2
rb1805,20170818,20170817,210202000,3662.0,4390,204714,160875680.0,3663.0,47,3662.0,3
rb1805,20170818,20170817,210202500,3661.0,4400,204718,161241840.0,3661.0,3,3660.0,82
rb1805,20170818,20170817,210203000,3661.0,4406,204718,161461500.0,3663.0,39,3661.0,19
rb1805,20170818,20170817,210203500,3661.0,4432,204736,162413360.0,3661.0,7,3660.0,84
rb1805,20170818,20170817,210204000,3661.0,4446,204738,162925900.0,3662.0,11,3661.0,32
rb1805,20170818,20170817,210204500,3662.0,4456,204738,163292100.0,3662.0,6,3661.0,33
rb1805,20170818,20170817,210205000,3661.0,4468,204744,163731420.0,3662.0,12,3661.0,29
rb1805,20170818,20170817,210205500,3661.0,4468,204744,163731420.0,3662.0,12,3661.0,35
rb1805,20170818,20170817,210206000,3661.0,4496,204772,164756540.0,3662.0,10,3661.0,18
rb1805,20170818,20170817,210206500,3662.0,4498,204774,164829780.0,3662.0,9,3661.0,21
rb1805,20170818,20170817,210207000,3662.0,4520,204772,165635420.0,3663.0,51,3662.0,4
rb1805,20170818,20170817,210207500,3661.0,4530,204768,166001600.0,3662.0,1,3661.0,30
rb1805,20170818,20170817,210208000,3662.0,4536,204766,166221320.0,3662.0,1,3661.0,32
rb1805,20170818,20170817,210208500,3662.0,4538,204768,166294560.0,3663.0,51,3662.0,6
rb1805,20170818,20170817,210209000,3662.0,4538,204768,166294560.0,3663.0,51,3662.0,12
rb1805,20170818,20170817,210209500,3662.0,4538,204768,166294560.0,3663.0,56,3662.0,13
rb1805,20170818,20170817,210210000,3662.0,4538,204768,166294560.0,3663.0,56,3662.0,20
rb1805,20170818,20170817,210210500,3663.0,4542,204772,166441080.0,3663.0,41,3662.0,20
rb1805,20170818,20170817,210211000,3662.0,4572,204766,167539680.0,3663.0,71,3662.0,5
rb1805,20170818,20170817,210211500,3662.0,4588,204774,168125600.0,3662.0,14,3661.0,28
rb1805,20170818,20170817,210212000,3662.0,4596,204774,168418560.0,3662.0,5,3661.0,28
rb1805,20170818,20170817,210212500,3661.0,4606,204784,168784680.0,3662.0,19,3661.0,24
rb1805,20170818,20170817,210213000,3661.0,4606,204784,168784680.0,3662.0,29,3661.0,24
rb1805,20170818,20170817,210213500,3662.0,4632,204802,169736580.0,3662.0,28,3661.0,13
rb1805,20170818,20170817,210214000,3663.0,4690,204772,171860560.0,3663.0,44,3662.0,3
rb1805,20170818,20170817,210214500,3662.0,4708,204774,172519720.0,3662.0,16,3661.0,27
rb1805,20170818,20170817,210215000,3661.0,4946,204696,181234960.0,3661.0,111,3660.0,106
rb1805,20170818,20170817,210215500,3661.0,5168,204640,189362380.0,3664.0,8,3662.0,1
rb1805,20170818,20170817,210216000,3664.0,5176,204642,189655500.0,3664.0,7,3662.0,5
rb1805,20170818,20170817,210216500,3664.0,5180,204642,189802060.0,3664.0,5,3663.0,8
rb1805,20170818,20170817,210217000,3663.0,5182,204642,189875320.0,3664.0,5,3663.0,7
rb1805,20170818,20170817,210217500,3663.0,5196,204642,190388140.0,3664.0,5,3662.0,10
rb1805,20170818,20170817,210218000,3662.0,5224,204660,191413440.0,3662.0,6,3661.0,38
rb1805,20170818,20170817,210218500,3662.0,5250,204674,192365560.0,3663.0,18,3662.0,2
rb1805,20170818,20170817,210219000,3662.0,5308,204718,194489900.0,3664.0,3,3662.0,5
rb1805,20170818,20170817,210219500,3664.0,5320,204718,194929580.0,3665.0,15,3664.0,2
rb1805,20170818,20170817,210220000,3664.0,5324,204718,195076140.0,3664.0,5,3663.0,11
rb1805,20170818,20170817,210220500,3664.0,5330,204720,195295980.0,3665.0,19,3663.0,12
rb1805,20170818,20170817,210221000,3664.0,5334,204720,195442540.0,3665.0,19,3663.0,47
rb1805,20170818,20170817,210221500,3664.0,5334,204720,195442540.0,3664.0,20,3663.0,51
rb1805,20170818,20170817,210222000,3664.0,5338,204720,195589100.0,3664.0,20,3663.0,51
rb1805,20170818,20170817,210222500,3665.0,5380,204724,197128000.0,3665.0,13,3664.0,1
rb1805,20170818,20170817,210223000,3665.0,5382,204724,197201300.0,3665.0,8,3664.0,3
rb1805,20170818,20170817,210223500,3665.0,5386,204724,197347880.0,3665.0,12,3664.0,1
rb1805,20170818,20170817,210224000,3665.0,5386,204724,197347880.0,3665.0,12,3664.0,8
rb1805,20170818,20170817,210224500,3665.0,5398,204722,197787680.0,3665.0,2,3664.0,9
rb1805,20170818,20170817,210225000,3664.0,5426,204718,198813600.0,3664.0,27,3663.0,30
rb1805,20170818,20170817,210225500,3665.0,5494,204734,201305600.0,3666.0,34,3665.0,10
rb1805,20170818,20170817,210226000,3665.0,5514,204734,202038600.0,3665.0,44,3663.0,33
rb1805,20170818,20170817,210226500,3665.0,5514,204734,202038600.0,3665.0,22,3664.0,15
rb1805,20170818,20170817,210227000,3665.0,5514,204734,202038600.0,3665.0,17,3664.0,15
rb1805,20170818,20170817,210227500,3665.0,5516,204734,202111900.0,3665.0,10,3664.0,16
rb1805,20170818,20170817,210228000,3665.0,5538,204736,202918200.0,3666.0,40,3665.0,1
rb1805,20170818,20170817,210228500,3665.0,5540,204734,202991500.0,3666.0,29,3665.0,4
rb1805,20170818,20170817,210229000,3665.0,5540,204734,202991500.0,3666.0,7,3665.0,4
rb1805,20170818,20170817,210229500,3666.0,5548,204738,203284780.0,3666.0,3,3665.0,7
rb1805,20170818,20170817,210230000,3666.0,5548,204738,203284780.0,3666.0,3,3665.0,9
rb1805,20170818,20170817,210230500,3666.0,5554,204742,203504740.0,3667.0,31,3666.0,8
rb1805,20170818,20170817,210231000,3666.0,5558,204740,203651400.0,3667.0,33,3666.0,9
rb1805,20170818,20170817,210231500,3667.0,5560,204738,203724740.0,3667.0,39,3666.0,9
rb1805,20170818,20170817,210232000,3666.0,5564,204738,203871400.0,3667.0,39,3666.0,8
rb1805,20170818,20170817,210232500,3666.0,5588,204754,204751240.0,3666.0,4,3665.0,22
rb1805,20170818,20170817,210233000,3665.0,5612,204760,205631020.0,3666.0,1,3665.0,19
rb1805,20170818,20170817,210233500,3665.0,5616,204762,205777640.0,3667.0,37,3665.0,20
rb1805,20170818,20170817,210234000,3666.0,5622,204762,205997600.0,3667.0,40,3666.0,13
rb1805,20170818,20170817,210234500,3667.0,5626,204758,206144280.0,3667.0,65,3666.0,13
rb1805,20170818,20170817,210235000,3667.0,5632,204758,206364280.0,3667.0,64,3666.0,12
rb1805,20170818,20170817,210235500,3666.0,5694,204736,208637800.0,3667.0,8,3666.0,22
rb1805,20170818,20170817,210236000,3666.0,5704,204736,209004460.0,3667.0,8,3666.0,23
rb1805,20170818,20170817,210236500,3667.0,5722,204738,209664520.0,3668.0,13,3667.0,1
rb1805,20170818,20170817,210237000,3667.0,5722,204738,209664520.0,3668.0,39,3667.0,5
rb1805,20170818,20170817,210237500,3666.0,5750,204750,210691180.0,3668.0,39,3666.0,18
rb1805,20170818,20170817,210238000,3668.0,5752,204750,210764540.0,3668.0,12,3667.0,1
rb1805,20170818,20170817,210238500,3667.0,5754,204750,210837880.0,3668.0,12,3666.0,19
rb1805,20170818,20170817,210239000,3667.0,5754,204750,210837880.0,3668.0,17,3666.0,20
rb1805,20170818,20170817,210239500,3667.0,5758,204752,210984540.0,3667.0,1,3666.0,17
rb1805,20170818,20170817,210240000,3667.0,5760,204750,211057880.0,3667.0,1,3666.0,17
rb1805,20170818,20170817,210240500,3668.0,5764,204746,211204580.0,3668.0,16,3666.0,42
rb1805,20170818,20170817,210241000,3668.0,5766,204746,211277940.0,3668.0,10,3667.0,5
rb1805,20170818,20170817,210241500,3668.0,5768,204746,211351300.0,3668.0,9,3667.0,13
rb1805,20170818,20170817,210242000,3668.0,5770,204746,211424660.0,3668.0,8,3667.0,13
rb1805,20170818,20170817,210242500,3668.0,5770,204746,211424660.0,3668.0,10,3667.0,13
rb1805,20170818,20170817,210243000,3669.0,5822,204728,213331940.0,3669.0,17,3667.0,3
rb1805,20170818,20170817,210243500,3667.0,5844,204714,214138840.0,3668.0,15,3667.0,15
rb1805,20170818,20170817,210244000,3668.0,5878,204686,215385960.0,3669.0,17,3668.0,1
rb1805,20170818,20170817,210244500,3668.0,5880,204686,215459320.0,3669.0,17,3668.0,4
rb1805,20170818,20170817,210245000,3668.0,5902,204684,216266280.0,3668.0,5,3667.0,13
rb1805,20170818,20170817,210245500,3669.0,5948,204700,217953400.0,3667.0,1,3666.0,48
rb1805,20170818,20170817,210246000,3667.0,5952,204704,218100080.0,3669.0,37,3667.0,10
rb1805,20170818,20170817,210246500,3667.0,5952,204704,218100080.0,3669.0,38,3668.0,1
rb1805,20170818,20170817,210247000,3668.0,5954,204704,218173440.0,3668.0,1,3667.0,10
rb1805,20170818,20170817,210247500,3668.0,5966,204694,218613600.0,3669.0,40,3668.0,10
rb1805,20170818,20170817,210248000,3669.0,5980,204686,219127140.0,3669.0,39,3668.0,7
rb1805,20170818,20170817,210248500,3669.0,5980,204686,219127140.0,3669.0,36,3668.0,8
rb1805,20170818,20170817,210249000,3669.0,5980,204686,219127140.0,3669.0,19,3668.0,8
rb1805,20170818,20170817,210249500,3669.0,6010,204704,220227840.0,3669.0,4,3668.0,8
rb1805,20170818,20170817,210250000,3669.0,6022,204698,220668080.0,3669.0,1,3668.0,6
rb1805,20170818,20170817,210250500,3669.0,6024,204698,220741460.0,3669.0,3,3668.0,6
rb1805,20170818,20170817,210251000,3668.0,6034,204700,221108340.0,3669.0,1,3668.0,5
rb1805,20170818,20170817,210251500,3669.0,6038,204698,221255100.0,3670.0,19,3668.0,7
rb1805,20170818,20170817,210252000,3669.0,6038,204698,221255100.0,3670.0,19,3669.0,11
rb1805,20170818,20170817,210252500,3669.0,6042,204698,221401860.0,3670.0,19,3669.0,10
rb1805,20170818,20170817,210253000,3669.0,6042,204698,221401860.0,3670.0,19,3669.0,10
rb1805,20170818,20170817,210253500,3669.0,6042,204698,221401860.0,3670.0,21,3669.0,12
rb1805,20170818,20170817,210254000,3669.0,6042,204698,221401860.0,3670.0,22,3669.0,14
rb1805,20170818,20170817,210254500,3669.0,6042,204698,221401860.0,3670.0,22,3669.0,15
rb1805,20170818,20170817,210255000,3669.0,6066,204702,222282460.0,3670.0,22,3669.0,6
rb1805,20170818,20170817,210255500,3669.0,6066,204702,222282460.0,3670.0,23,3669.0,7
rb1805,20170818,20170817,210256000,3669.0,6080,204712,222796120.0,3669.0,5,3668.0,15
rb1805,20170818,20170817,210256500,3669.0,6090,204720,223163020.0,3670.0,24,3668.0,18
rb1805,20170818,20170817,210257000,3669.0,6090,204720,223163020.0,3670.0,24,3669.0,2
rb1805,20170818,20170817,210257500,3669.0,6094,204720,223309800.0,3670.0,23,3669.0,5
rb1805,20170818,20170817,210258000,3669.0,6094,204720,223309800.0,3670.0,24,3669.0,5
rb1805,20170818,20170817,210258500,3670.0,6098,204718,223456600.0,3670.0,22,3669.0,5
rb1805,20170818,20170817,210259000,3669.0,6114,204718,224043640.0,3669.0,2,3668.0,18
rb1805,20170818,20170817,210259500,3669.0,6118,204718,224190400.0,3670.0,26,3668.0,27
rb1805,20170818,20170817,210300000,3669.0,6118,204718,224190400.0,3670.0,26,3668.0,31
rb1805,20170818,20170817,210300500,3669.0,6118,204718,224190400.0,3670.0,26,3668.0,32
rb1805,20170818,20170817,210301000,3670.0,6138,204714,224924400.0,3670.0,16,3668.0,33
rb1805,20170818,20170817,210301500,3670.0,6174,204702,226245600.0,3671.0,15,3670.0,8
rb1805,20170818,20170817,210302000,3671.0,6176,204702,226319020.0,3671.0,14,3670.0,9
rb1805,20170818,20170817,210302500,3670.0,6198,204706,227126420.0,3670.0,5,3669.0,3
rb1805,20170818,20170817,210303000,3670.0,6216,204710,227787020.0,3671.0,23,3670.0,2
rb1805,20170818,20170817,210303500,3670.0,6236,204700,228520980.0,3670.0,18,3669.0,1
rb1805,20170818,20170817,210304000,3669.0,6238,204700,228594360.0,3669.0,5,3668.0,19
rb1805,20170818,20170817,210304500,3668.0,6278,204728,230061560.0,3668.0,34,3667.0,16
rb1805,20170818,20170817,210305000,3668.0,6310,204742,231235140.0,3668.0,17,3667.0,9
rb1805,20170818,20170817,210305500,3667.0,6328,204738,231895200.0,3667.0,3,3666.0,23
rb1805,20170818,20170817,210306000,3667.0,6332,204738,232041880.0,3667.0,6,3666.0,23
rb1805,20170818,20170817,210306500,3666.0,6340,204740,232335160.0,3667.0,18,3666.0,19
rb1805,20170818,20170817,210307000,3666.0,6384,204762,233948200.0,3666.0,29,3665.0,13
rb1805,20170818,20170817,210307500,3665.0,6388,204766,234094800.0,3666.0,8,3665.0,10
rb1805,20170818,20170817,210308000,3665.0,6392,204766,234241420.0,3666.0,19,3665.0,11
rb1805,20170818,20170817,210308500,3665.0,6392,204766,234241420.0,3666.0,17,3665.0,14
rb1805,20170818,20170817,210309000,3665.0,6422,204754,235340920.0,3665.0,12,3664.0,7
rb1805,20170818,20170817,210309500,3664.0,6440,204738,236000600.0,3665.0,4,3664.0,19
rb1805,20170818,20170817,210310000,3665.0,6444,204734,236147200.0,3665.0,2,3664.0,37
rb1805,20170818,20170817,210310500,3665.0,6446,204734,236220500.0,3665.0,1,3664.0,36
rb1805,20170818,20170817,210311000,3665.0,6472,204716,237173500.0,3667.0,8,3666.0,1
rb1805,20170818,20170817,210311500,3666.0,6478,204716,237393460.0,3667.0,4,3665.0,17
rb1805,20170818,20170817,210312000,3666.0,6478,204716,237393460.0,3668.0,5,3665.0,16
rb1805,20170818,20170817,210312500,3666.0,6482,204720,237540100.0,3668.0,8,3666.0,6
rb1805,20170818,20170817,210313000,3666.0,6482,204720,237540100.0,3669.0,7,3667.0,10
rb1805,20170818,20170817,210313500,3666.0,6482,204720,237540100.0,3669.0,3,3667.0,13
rb1805,20170818,20170817,210314000,3666.0,6482,204720,237540100.0,3669.0,3,3667.0,18
rb1805,20170818,20170817,210314500,3668.0,6488,204724,237760220.0,3670.0,19,3668.0,5
rb1805,20170818,20170817,210315000,3668.0,6488,204724,237760220.0,3670.0,20,3669.0,9
rb1805,20170818,20170817,210315500,3668.0,6488,204724,237760220.0,3670.0,20,3669.0,8
rb1805,20170818,20170817,210316000,3668.0,6488,204724,237760220.0,3670.0,20,3669.0,8
rb1805,20170818,20170817,210316500,3670.0,6496,204728,238053800.0,3670.0,17,3669.0,8
rb1805,20170818,20170817,210317000,3669.0,6502,204728,238273940.0,3670.0,17,3669.0,5
rb1805,20170818,20170817,210317500,3669.0,6502,204728,238273940.0,3670.0,20,3669.0,5
rb1805,20170818,20170817,210318000,3669.0,6514,204732,238714220.0,3669.0,2,3668.0,8
rb1805,20170818,20170817,210318500,3670.0,6534,204748,239448140.0,3670.0,24,3668.0,8
rb1805,20170818,20170817,210319000,3670.0,6534,204748,239448140.0,3669.0,11,3667.0,5
rb1805,20170818,20170817,210319500,3670.0,6534,204748,239448140.0,3669.0,11,3667.0,7
rb1805,20170818,20170817,210320000,3670.0,6536,204748,239521540.0,3669.0,10,3667.0,15
rb1805,20170818,20170817,210320500,3670.0,6536,204748,239521540.0,3669.0,11,3668.0,20
rb1805,20170818,20170817,210321000,3669.0,6552,204752,240108460.0,3669.0,9,3668.0,14
rb1805,20170818,20170817,210321500,3668.0,6564,204752,240548640.0,3669.0,10,3668.0,9
rb1805,20170818,20170817,210322000,3668.0,6582,204770,241208880.0,3668.0,10,3667.0,7
rb1805,20170818,20170817,210322500,3668.0,6582,204770,241208880.0,3668.0,2,3667.0,2
rb1805,20170818,20170817,210323000,3668.0,6586,204770,241355600.0,3668.0,11,3667.0,2
rb1805,20170818,20170817,210323500,3668.0,6606,204770,242089200.0,3668.0,3,3667.0,3
rb1805,20170818,20170817,210324000,3668.0,6610,204768,242235920.0,3668.0,4,3667.0,3
rb1805,20170818,20170817,210324500,3668.0,6610,204768,242235920.0,3668.0,14,3667.0,3
rb1805,20170818,20170817,210325000,3667.0,6616,204772,242455940.0,3667.0,5,3666.0,18
rb1805,20170818,20170817,210325500,3667.0,6624,204780,242749300.0,3668.0,14,3667.0,1
rb1805,20170818,20170817,210326000,3667.0,6624,204780,242749300.0,3668.0,14,3667.0,6
rb1805,20170818,20170817,210326500,3667.0,6624,204780,242749300.0,3668.0,14,3667.0,11
rb1805,20170818,20170817,210327000,3667.0,6624,204780,242749300.0,3668.0,14,3667.0,11
rb1805,20170818,20170817,210327500,3667.0,6624,204780,242749300.0,3668.0,11,3667.0,11
rb1805,20170818,20170817,210328000,3667.0,6646,204798,243556040.0,3668.0,11,3667.0,9
rb1805,20170818,20170817,210328500,3668.0,6660,204790,244069460.0,3668.0,9,3667.0,4
rb1805,20170818,20170817,210329000,3668.0,6662,204792,244142820.0,3668.0,8,3667.0,7
rb1805,20170818,20170817,210329500,3668.0,6672,204792,244509620.0,3668.0,3,3667.0,7
rb1805,20170818,20170817,210330000,3668.0,6678,204792,244729700.0,3669.0,13,3668.0,9
rb1805,20170818,20170817,210330500,3668.0,6678,204792,244729700.0,3669.0,11,3668.0,6
rb1805,20170818,20170817,210331000,3668.0,6678,204792,244729700.0,3669.0,11,3668.0,5
rb1805,20170818,20170817,210331500,3669.0,6680,204792,244803080.0,3669.0,10,3668.0,7
rb1805,20170818,20170817,210332000,3669.0,6702,204776,245610260.0,3670.0,29,3669.0,7
rb1805,20170818,20170817,210332500,3670.0,6708,204782,245830460.0,3670.0,26,3668.0,8
rb1805,20170818,20170817,210333000,3670.0,6708,204782,245830460.0,3670.0,26,3668.0,8
rb1805,20170818,20170817,210333500,3670.0,6708,204782,245830460.0,3670.0,26,3668.0,8
rb1805,20170818,20170817,210334000,3668.0,6728,204802,246564060.0,3670.0,26,3668.0,1
rb1805,20170818,20170817,210334500,3668.0,6728,204802,246564060.0,3670.0,26,3667.0,19
rb1805,20170818,20170817,210335000,3668.0,6730,204804,246637420.0,3670.0,31,3668.0,10
rb1805,20170818,20170817,210335500,3668.0,6730,204804,246637420.0,3670.0,31,3668.0,10
rb1805,20170818,20170817,210336000,3668.0,6730,204804,246637420.0,3670.0,31,3669.0,5
rb1805,20170818,20170817,210336500,3669.0,6732,204804,246710800.0,3670.0,26,3669.0,4
rb1805,20170818,20170817,210337000,3669.0,6734,204804,246784180.0,3670.0,27,3669.0,3
rb1805,20170818,20170817,210337500,3669.0,6734,204804,246784180.0,3670.0,27,3669.0,3
rb1805,20170818,20170817,210338000,3669.0,6734,204804,246784180.0,3670.0,34,3669.0,3
rb1805,20170818,20170817,210338500,3669.0,6734,204804,246784180.0,3670.0,34,3669.0,3
rb1805,20170818,20170817,210339000,3669.0,6738,204806,246930940.0,3670.0,34,3669.0,1
rb1805,20170818,20170817,210339500,3669.0,6738,204806,246930940.0,3670.0,34,3669.0,1
rb1805,20170818,20170817,210340000,3669.0,6740,204808,247004320.0,3669.0,1,3668.0,20
rb1805,20170818,20170817,210340500,3669.0,6744,204808,247151080.0,3670.0,36,3669.0,3
rb1805,20170818,20170817,210341000,3669.0,6750,204812,247371220.0,3670.0,29,3669.0,4
rb1805,20170818,20170817,210341500,3669.0,6758,204818,247664780.0,3670.0,27,3669.0,6
rb1805,20170818,20170817,210342000,3669.0,6760,204818,247738160.0,3670.0,27,3669.0,5
rb1805,20170818,20170817,210342500,3669.0,6760,204818,247738160.0,3670.0,32,3669.0,5
rb1805,20170818,20170817,210343000,3669.0,6760,204818,247738160.0,3670.0,32,3669.0,18
rb1805,20170818,20170817,210343500,3670.0,6762,204820,247811560.0,3670.0,31,3669.0,18
rb1805,20170818,20170817,210344000,3670.0,6786,204830,248692160.0,3670.0,31,3668.0,33
rb1805,20170818,20170817,210344500,3669.0,6788,204830,248765540.0,3670.0,31,3669.0,1
rb1805,20170818,20170817,210345000,3670.0,6804,204824,249352740.0,3670.0,23,3669.0,14
rb1805,20170818,20170817,210345500,3670.0,6850,204798,251040940.0,3671.0,28,3670.0,2
rb1805,20170818,20170817,210346000,3670.0,6854,204798,251187740.0,3671.0,28,3670.0,13
rb1805,20170818,20170817,210346500,3670.0,6854,204798,251187740.0,3671.0,28,3670.0,28
rb1805,20170818,20170817,210347000,3671.0,6858,204798,251334560.0,3671.0,29,3670.0,35
rb1805,20170818,20170817,210347500,3671.0,6906,204836,253096640.0,3671.0,6,3670.0,35
rb1805,20170818,20170817,210348000,3671.0,6918,204846,253537160.0,3672.0,58,3671.0,26
rb1805,20170818,20170817,210348500,3672.0,6920,204848,253610600.0,3672.0,57,3671.0,21
rb1805,20170818,20170817,210349000,3672.0,6932,204848,254051220.0,3672.0,52,3671.0,15
rb1805,20170818,20170817,210349500,3672.0,7036,204744,257870100.0,3673.0,3,3671.0,30
rb1805,20170818,20170817,210350000,3672.0,7038,204744,257943540.0,3673.0,3,3672.0,3
rb1805,20170818,20170817,210350500,3672.0,7066,204756,258971800.0,3674.0,10,3673.0,1
rb1805,20170818,20170817,210351000,3672.0,7066,204756,258971800.0,3674.0,10,3673.0,1
rb1805,20170818,20170817,210351500,3672.0,7068,204756,259045240.0,3673.0,1,3672.0,4
rb1805,20170818,20170817,210352000,3673.0,7076,204758,259339120.0,3674.0,8,3673.0,5
rb1805,20170818,20170817,210352500,3674.0,7078,204756,259412600.0,3674.0,7,3673.0,6
rb1805,20170818,20170817,210353000,3673.0,7094,204754,260000300.0,3673.0,36,3672.0,9
rb1805,20170818,20170817,210353500,3673.0,7140,204746,261689880.0,3673.0,14,3672.0,24
rb1805,20170818,20170817,210354000,3674.0,7180,204722,263159200.0,3675.0,11,3673.0,14
rb1805,20170818,20170817,210354500,3675.0,7182,204720,263232700.0,3675.0,10,3674.0,2
rb1805,20170818,20170817,210355000,3674.0,7188,204722,263453160.0,3675.0,9,3673.0,25
rb1805,20170818,20170817,210355500,3674.0,7190,204720,263526640.0,3674.0,4,3673.0,41
rb1805,20170818,20170817,210356000,3674.0,7210,204724,264261440.0,3675.0,10,3674.0,7
rb1805,20170818,20170817,210356500,3674.0,7232,204710,265069920.0,3676.0,6,3674.0,9
rb1805,20170818,20170817,210357000,3673.0,7314,204734,268082120.0,3676.0,48,3674.0,13
rb1805,20170818,20170817,210357500,3674.0,7320,204732,268302540.0,3675.0,1,3674.0,7
rb1805,20170818,20170817,210358000,3674.0,7320,204732,268302540.0,3675.0,1,3674.0,7
rb1805,20170818,20170817,210358500,3675.0,7322,204732,268376040.0,3676.0,47,3675.0,9
rb1805,20170818,20170817,210359000,3674.0,7346,204730,269258020.0,3675.0,6,3674.0,6
rb1805,20170818,20170817,210359500,3676.0,7376,204730,270360420.0,3676.0,47,3673.0,12
rb1805,20170818,20170817,210400000,3675.0,7404,204710,271389280.0,3675.0,11,3673.0,13
rb1805,20170818,20170817,210400500,3675.0,7412,204704,271683280.0,3675.0,7,3674.0,4
rb1805,20170818,20170817,210401000,3675.0,7428,204702,272271280.0,3676.0,49,3674.0,4
rb1805,20170818,20170817,210401500,3676.0,7430,204702,272344800.0,3676.0,58,3675.0,4
rb1805,20170818,20170817,210402000,3676.0,7438,204706,272638880.0,3676.0,54,3675.0,4
rb1805,20170818,20170817,210402500,3675.0,7448,204706,273006400.0,3676.0,53,3675.0,1
rb1805,20170818,20170817,210403000,3675.0,7454,204706,273226900.0,3675.0,2,3673.0,4
rb1805,20170818,20170817,210403500,3675.0,7472,204708,273888400.0,3675.0,16,3673.0,4
rb1805,20170818,20170817,210404000,3674.0,7480,204704,274182340.0,3674.0,9,3673.0,4
rb1805,20170818,20170817,210404500,3673.0,7496,204704,274770020.0,3673.0,10,3672.0,18
rb1805,20170818,20170817,210405000,3673.0,7496,204704,274770020.0,3673.0,1,3672.0,18
rb1805,20170818,20170817,210405500,3673.0,7514,204704,275431160.0,3673.0,2,3672.0,22
rb1805,20170818,20170817,210406000,3673.0,7518,204702,275578060.0,3673.0,1,3672.0,21
rb1805,20170818,20170817,210406500,3672.0,7520,204702,275651500.0,3673.0,14,3672.0,20
rb1805,20170818,20170817,210407000,3672.0,7524,204700,275798400.0,3673.0,13,3672.0,16
rb1805,20170818,20170817,210407500,3673.0,7556,204692,276973700.0,3674.0,18,3673.0,13
rb1805,20170818,20170817,210408000,3673.0,7556,204692,276973700.0,3674.0,9,3673.0,13
rb1805,20170818,20170817,210408500,3673.0,7560,204692,277120620.0,3674.0,9,3673.0,11
rb1805,20170818,20170817,210409000,3674.0,7574,204678,277634980.0,3675.0,24,3674.0,7
rb1805,20170818,20170817,210409500,3673.0,7596,204662,278443260.0,3674.0,1,3673.0,9
rb1805,20170818,20170817,210410000,3674.0,7598,204664,278516740.0,3674.0,3,3673.0,10
rb1805,20170818,20170817,210410500,3674.0,7600,204666,278590220.0,3675.0,20,3674.0,49
rb1805,20170818,20170817,210411000,3675.0,7640,204654,280060220.0,3675.0,29,3674.0,49
rb1805,20170818,20170817,210411500,3675.0,7640,204654,280060220.0,3675.0,29,3674.0,49
rb1805,20170818,20170817,210412000,3675.0,7698,204656,282191720.0,3676.0,49,3675.0,1
rb1805,20170818,20170817,210412500,3675.0,7700,204656,282265220.0,3675.0,2,3674.0,50
rb1805,20170818,20170817,210413000,3675.0,7700,204656,282265220.0,3676.0,49,3674.0,50
rb1805,20170818,20170817,210413500,3676.0,7706,204656,282485760.0,3676.0,56,3674.0,50
rb1805,20170818,20170817,210414000,3676.0,7708,204654,282559280.0,3675.0,1,3674.0,50
rb1805,20170818,20170817,210414500,3675.0,7712,204654,282706280.0,3676.0,59,3675.0,1
rb1805,20170818,20170817,210415000,3675.0,7712,204654,282706280.0,3676.0,60,3675.0,2
rb1805,20170818,20170817,210415500,3675.0,7712,204654,282706280.0,3676.0,60,3675.0,1
rb1805,20170818,20170817,210416000,3675.0,7716,204652,282853280.0,3675.0,6,3674.0,52
rb1805,20170818,20170817,210416500,3675.0,7716,204652,282853280.0,3676.0,64,3674.0,52
rb1805,20170818,20170817,210417000,3675.0,7722,204654,283073780.0,3676.0,62,3675.0,1
rb1805,20170818,20170817,210417500,3676.0,7724,204654,283147300.0,3675.0,1,3674.0,55
rb1805,20170818,20170817,210418000,3675.0,7726,204654,283220800.0,3676.0,61,3675.0,5
rb1805,20170818,20170817,210418500,3675.0,7728,204654,283294300.0,3676.0,72,3675.0,5
rb1805,20170818,20170817,210419000,3675.0,7732,204654,283441300.0,3676.0,72,3675.0,4
rb1805,20170818,20170817,210419500,3675.0,7732,204654,283441300.0,3676.0,72,3675.0,4
rb1805,20170818,20170817,210420000,3676.0,7736,204654,283588320.0,3676.0,74,3675.0,18
rb1805,20170818,20170817,210420500,3676.0,7738,204654,283661840.0,3676.0,73,3675.0,18
rb1805,20170818,20170817,210421000,3675.0,7740,204656,283735340.0,3676.0,73,3675.0,17
rb1805,20170818,20170817,210421500,3676.0,7762,204658,284544040.0,3676.0,63,3675.0,17
rb1805,20170818,20170817,210422000,3675.0,7784,204658,285352540.0,3676.0,63,3675.0,3
rb1805,20170818,20170817,210422500,3675.0,7784,204658,285352540.0,3676.0,63,3675.0,11
rb1805,20170818,20170817,210423000,3675.0,7788,204660,285499560.0,3676.0,62,3675.0,20
rb1805,20170818,20170817,210423500,3676.0,7794,204662,285720080.0,3676.0,63,3675.0,18
rb1805,20170818,20170817,210424000,3676.0,7794,204662,285720080.0,3676.0,62,3675.0,18
rb1805,20170818,20170817,210424500,3676.0,7794,204662,285720080.0,3676.0,62,3675.0,40
rb1805,20170818,20170817,210425000,3676.0,7794,204662,285720080.0,3676.0,62,3675.0,40
rb1805,20170818,20170817,210425500,3675.0,7808,204650,286234700.0,3676.0,56,3675.0,39
rb1805,20170818,20170817,210426000,3675.0,7808,204650,286234700.0,3676.0,56,3675.0,39
rb1805,20170818,20170817,210426500,3675.0,7812,204650,286381700.0,3676.0,60,3675.0,38
rb1805,20170818,20170817,210427000,3676.0,7814,204650,286455220.0,3676.0,61,3675.0,39
rb1805,20170818,20170817,210427500,3676.0,7818,204650,286602240.0,3676.0,61,3675.0,38
rb1805,20170818,20170817,210428000,3676.0,7894,204676,289395840.0,3676.0,31,3675.0,30
rb1805,20170818,20170817,210428500,3675.0,7896,204676,289469340.0,3676.0,31,3675.0,29
rb1805,20170818,20170817,210429000,3676.0,7920,204662,290351560.0,3676.0,21,3675.0,29
rb1805,20170818,20170817,210429500,3676.0,7920,204662,290351560.0,3676.0,30,3675.0,29
rb1805,20170818,20170817,210430000,3675.0,7978,204662,292483060.0,3675.0,6,3674.0,4
rb1805,20170818,20170817,210430500,3675.0,7980,204662,292556560.0,3675.0,6,3674.0,4
rb1805,20170818,20170817,210431000,3675.0,7984,204662,292703560.0,3675.0,6,3674.0,6
rb1805,20170818,20170817,210431500,3674.0,7986,204662,292777040.0,3675.0,9,3674.0,5
rb1805,20170818,20170817,210432000,3674.0,7996,204662,293144440.0,3674.0,8,3673.0,25
rb1805,20170818,20170817,210432500,3674.0,8008,204654,293585320.0,3675.0,13,3673.0,25
rb1805,20170818,20170817,210433000,3675.0,8018,204654,293952820.0,3675.0,8,3673.0,25
rb1805,20170818,20170817,210433500,3674.0,8020,204654,294026300.0,3675.0,93,3674.0,4
rb1805,20170818,20170817,210434000,3675.0,8056,204650,295349080.0,3675.0,86,3673.0,31
rb1805,20170818,20170817,210434500,3675.0,8056,204650,295349080.0,3675.0,86,3673.0,31
rb1805,20170818,20170817,210435000,3675.0,8056,204650,295349080.0,3675.0,86,3673.0,41
rb1805,20170818,20170817,210435500,3675.0,8056,204650,295349080.0,3675.0,86,3673.0,29
rb1805,20170818,20170817,210436000,3675.0,8062,204648,295569540.0,3675.0,85,3673.0,28
rb1805,20170818,20170817,210436500,3675.0,8062,204648,295569540.0,3675.0,85,3674.0,1
rb1805,20170818,20170817,210437000,3674.0,8064,204648,295643020.0,3674.0,1,3673.0,28
rb1805,20170818,20170817,210437500,3674.0,8064,204648,295643020.0,3675.0,85,3673.0,29
rb1805,20170818,20170817,210438000,3673.0,8068,204648,295789940.0,3675.0,85,3674.0,1
rb1805,20170818,20170817,210438500,3674.0,8076,204650,296083860.0,3675.0,85,3674.0,2
rb1805,20170818,20170817,210439000,3674.0,8080,204650,296230820.0,3674.0,5,3673.0,27
rb1805,20170818,20170817,210439500,3674.0,8080,204650,296230820.0,3674.0,1,3673.0,27
rb1805,20170818,20170817,210440000,3673.0,8084,204652,296377760.0,3674.0,6,3673.0,25
rb1805,20170818,20170817,210440500,3673.0,8086,204654,296451220.0,3674.0,7,3673.0,24
rb1805,20170818,20170817,210441000,3673.0,8086,204654,296451220.0,3674.0,7,3673.0,24
rb1805,20170818,20170817,210441500,3673.0,8094,204654,296745060.0,3674.0,7,3673.0,17
rb1805,20170818,20170817,210442000,3674.0,8112,204640,297406380.0,3674.0,3,3673.0,12
rb1805,20170818,20170817,210443000,3674.0,8124,204648,297847260.0,3675.0,92,3674.0,2
rb1805,20170818,20170817,210443500,3674.0,8128,204648,297994220.0,3674.0,6,3673.0,35
rb1805,20170818,20170817,210444000,3673.0,8148,204668,298728820.0,3674.0,2,3673.0,24
rb1805,20170818,20170817,210444500,3673.0,8148,204668,298728820.0,3674.0,11,3673.0,24
rb1805,20170818,20170817,210445000,3673.0,8150,204666,298802280.0,3674.0,12,3673.0,23
rb1805,20170818,20170817,210445500,3673.0,8160,204662,299169620.0,3674.0,10,3673.0,20
rb1805,20170818,20170817,210446000,3674.0,8170,204672,299537020.0,3674.0,6,3673.0,25
rb1805,20170818,20170817,210446500,3674.0,8176,204674,299757460.0,3674.0,3,3673.0,25
rb1805,20170818,20170817,210447000,3674.0,8176,204674,299757460.0,3674.0,2,3673.0,25
rb1805,20170818,20170817,210447500,3673.0,8180,204672,299904380.0,3674.0,2,3673.0,23
rb1805,20170818,20170817,210448000,3674.0,8184,204670,300051320.0,3674.0,3,3673.0,22
rb1805,20170818,20170817,210448500,3674.0,8192,204676,300345240.0,3675.0,93,3674.0,6
rb1805,20170818,20170817,210449000,3674.0,8204,204688,300786120.0,3674.0,14,3673.0,17
rb1805,20170818,20170817,210449500,3675.0,8224,204704,301520960.0,3675.0,92,3673.0,17
rb1805,20170818,20170817,210450000,3673.0,8244,204684,302255560.0,3674.0,3,3673.0,7
rb1805,20170818,20170817,210450500,3674.0,8246,204684,302329040.0,3674.0,4,3673.0,12
rb1805,20170818,20170817,210451000,3674.0,8246,204684,302329040.0,3674.0,2,3673.0,13
rb1805,20170818,20170817,210451500,3674.0,8246,204684,302329040.0,3675.0,94,3673.0,13
rb1805,20170818,20170817,210452000,3674.0,8248,204684,302402520.0,3674.0,3,3673.0,13
rb1805,20170818,20170817,210452500,3674.0,8250,204686,302476000.0,3674.0,2,3673.0,13
rb1805,20170818,20170817,210453000,3674.0,8250,204686,302476000.0,3674.0,2,3673.0,13
rb1805,20170818,20170817,210453500,3674.0,8252,204688,302549480.0,3674.0,1,3673.0,13
rb1805,20170818,20170817,210454000,3674.0,8252,204688,302549480.0,3674.0,1,3673.0,13
rb1805,20170818,20170817,210454500,3674.0,8254,204690,302622960.0,3675.0,94,3673.0,13
rb1805,20170818,20170817,210455000,3673.0,8256,204690,302696420.0,3675.0,95,3674.0,2
rb1805,20170818,20170817,210455500,3674.0,8260,204694,302843380.0,3674.0,4,3673.0,12
rb1805,20170818,20170817,210456000,3673.0,8270,204684,303210680.0,3675.0,96,3673.0,7
rb1805,20170818,20170817,210456500,3673.0,8272,204684,303284140.0,3674.0,3,3673.0,9
rb1805,20170818,20170817,210457000,3673.0,8272,204684,303284140.0,3675.0,95,3673.0,9
rb1805,20170818,20170817,210457500,3674.0,8276,204686,303431100.0,3674.0,1,3673.0,9
rb1805,20170818,20170817,210458000,3674.0,8276,204686,303431100.0,3674.0,3,3673.0,15
rb1805,20170818,20170817,210458500,3673.0,8298,204684,304239380.0,3675.0,91,3673.0,11
rb1805,20170818,20170817,210459000,3675.0,8308,204686,304606820.0,3675.0,90,3673.0,12
rb1805,20170818,20170817,210459500,3675.0,8308,204686,304606820.0,3675.0,91,3673.0,12
rb1805,20170818,20170817,210500000,3675.0,8312,204688,304753820.0,3675.0,85,3673.0,13
rb1805,20170818,20170817,210500500,3675.0,8312,204688,304753820.0,3675.0,85,3673.0,13
rb1805,20170818,20170817,210501000,3675.0,8312,204688,304753820.0,3674.0,2,3673.0,13
rb1805,20170818,20170817,210501500,3673.0,8314,204686,304827280.0,3674.0,1,3673.0,12
rb1805,20170818,20170817,210502000,3673.0,8314,204686,304827280.0,3674.0,13,3673.0,13
rb1805,20170818,20170817,210502500,3673.0,8314,204686,304827280.0,3674.0,16,3673.0,13
rb1805,20170818,20170817,210503000,3673.0,8314,204686,304827280.0,3674.0,17,3673.0,14
rb1805,20170818,20170817,210503500,3674.0,8318,204688,304974240.0,3674.0,15,3673.0,16
rb1805,20170818,20170817,210504000,3674.0,8318,204688,304974240.0,3674.0,95,3673.0,16
rb1805,20170818,20170817,210504500,3673.0,8350,204696,306149600.0,3673.0,28,3672.0,16
rb1805,20170818,20170817,210505000,3673.0,8352,204694,306223060.0,3673.0,31,3672.0,16
rb1805,20170818,20170817,210505500,3673.0,8356,204694,306369980.0,3673.0,29,3672.0,16
rb1805,20170818,20170817,210506000,3672.0,8394,204708,307765400.0,3672.0,10,3671.0,16
rb1805,20170818,20170817,210506500,3672.0,8398,204712,307912280.0,3672.0,8,3671.0,15
rb1805,20170818,20170817,210507000,3672.0,8398,204712,307912280.0,3672.0,8,3671.0,15
rb1805,20170818,20170817,210507500,3672.0,8398,204712,307912280.0,3672.0,8,3671.0,15
rb1805,20170818,20170817,210508500,3671.0,8400,204712,307985700.0,3672.0,9,3671.0,15
rb1805,20170818,20170817,210509000,3672.0,8418,204712,308646660.0,3673.0,12,3672.0,11
rb1805,20170818,20170817,210509500,3672.0,8418,204712,308646660.0,3673.0,14,3672.0,11
rb1805,20170818,20170817,210510000,3672.0,8418,204712,308646660.0,3673.0,14,3672.0,11
rb1805,20170818,20170817,210510500,3672.0,8418,204712,308646660.0,3673.0,14,3672.0,11
rb1805,20170818,20170817,210511000,3672.0,8420,204712,308720100.0,3673.0,15,3672.0,11
rb1805,20170818,20170817,210511500,3672.0,8422,204712,308793540.0,3673.0,15,3672.0,10
rb1805,20170818,20170817,210512000,3672.0,8422,204712,308793540.0,3673.0,15,3672.0,10
rb1805,20170818,20170817,210512500,3672.0,8422,204712,308793540.0,3673.0,15,3672.0,10
rb1805,20170818,20170817,210513000,3672.0,8424,204712,308866980.0,3673.0,15,3672.0,9
rb1805,20170818,20170817,210513500,3672.0,8442,204696,309527940.0,3673.0,15,3671.0,17
rb1805,20170818,20170817,210514000,3673.0,8452,204706,309895240.0,3673.0,10,3671.0,17
rb1805,20170818,20170817,210514500,3673.0,8452,204706,309895240.0,3673.0,90,3671.0,17
rb1805,20170818,20170817,210515000,3671.0,8454,204704,309968660.0,3672.0,2,3671.0,16
rb1805,20170818,20170817,210515500,3671.0,8454,204704,309968660.0,3672.0,2,3671.0,17
rb1805,20170818,20170817,210516000,3671.0,8454,204704,309968660.0,3672.0,7,3671.0,17
rb1805,20170818,20170817,210516500,3671.0,8458,204706,310115500.0,3672.0,7,3671.0,15
rb1805,20170818,20170817,210517000,3672.0,8470,204700,310556040.0,3672.0,6,3671.0,10
rb1805,20170818,20170817,210517500,3672.0,8470,204700,310556040.0,3672.0,6,3671.0,10
rb1805,20170818,20170817,210518000,3671.0,8472,204700,310629460.0,3672.0,6,3671.0,9
rb1805,20170818,20170817,210518500,3671.0,8482,204696,310996640.0,3673.0,6,3671.0,13
rb1805,20170818,20170817,210519000,3672.0,8488,204696,311216960.0,3673.0,4,3672.0,5
rb1805,20170818,20170817,210519500,3672.0,8498,204696,311584160.0,3672.0,1,3671.0,20
rb1805,20170818,20170817,210520000,3672.0,8512,204692,312098180.0,3673.0,7,3671.0,14
rb1805,20170818,20170817,210520500,3672.0,8512,204692,312098180.0,3673.0,7,3672.0,1
rb1805,20170818,20170817,210521000,3672.0,8528,204708,312685700.0,3673.0,10,3671.0,14
rb1805,20170818,20170817,210521500,3671.0,8530,204706,312759120.0,3672.0,1,3671.0,13
rb1805,20170818,20170817,210522000,3673.0,8550,204718,313493700.0,3673.0,1,3671.0,13
rb1805,20170818,20170817,210522500,3672.0,8552,204718,313567140.0,3673.0,1,3671.0,14
rb1805,20170818,20170817,210523000,3672.0,8552,204718,313567140.0,3673.0,2,3671.0,14
rb1805,20170818,20170817,210523500,3672.0,8552,204718,313567140.0,3673.0,2,3671.0,14
rb1805,20170818,20170817,210524000,3671.0,8558,204718,313787400.0,3672.0,2,3671.0,12
rb1805,20170818,20170817,210524500,3671.0,8562,204718,313934240.0,3672.0,2,3671.0,10
rb1805,20170818,20170817,210525000,3671.0,8562,204718,313934240.0,3672.0,2,3671.0,11
rb1805,20170818,20170817,210525500,3671.0,8568,204718,314154500.0,3672.0,2,3671.0,12
rb1805,20170818,20170817,210526000,3672.0,8572,204718,314301380.0,3673.0,5,3672.0,3
rb1805,20170818,20170817,210526500,3672.0,8598,204720,315256100.0,3673.0,5,3671.0,20
rb1805,20170818,20170817,210527000,3672.0,8598,204720,315256100.0,3673.0,5,3671.0,20
rb1805,20170818,20170817,210527500,3672.0,8598,204720,315256100.0,3673.0,6,3671.0,20
rb1805,20170818,20170817,210528000,3671.0,8600,204718,315329520.0,3672.0,1,3671.0,16
rb1805,20170818,20170817,210528500,3671.0,8600,204718,315329520.0,3672.0,1,3671.0,16
rb1805,20170818,20170817,210529000,3672.0,8602,204720,315402960.0,3672.0,1,3671.0,17
rb1805,20170818,20170817,210529500,3672.0,8602,204720,315402960.0,3672.0,1,3671.0,17
rb1805,20170818,20170817,210530000,3672.0,8604,204720,315476400.0,3673.0,11,3672.0,2
rb1805,20170818,20170817,210530500,3672.0,8604,204720,315476400.0,3673.0,6,3672.0,6
rb1805,20170818,20170817,210531000,3672.0,8604,204720,315476400.0,3673.0,5,3672.0,18
rb1805,20170818,20170817,210531500,3672.0,8604,204720,315476400.0,3673.0,5,3672.0,23
rb1805,20170818,20170817,210532000,3673.0,8610,204718,315696780.0,3673.0,2,3672.0,23
rb1805,20170818,20170817,210532500,3673.0,8616,204718,315917160.0,3674.0,18,3673.0,9
rb1805,20170818,20170817,210533000,3673.0,8618,204718,315990620.0,3674.0,18,3673.0,4
rb1805,20170818,20170817,210533500,3673.0,8618,204718,315990620.0,3674.0,18,3673.0,22
rb1805,20170818,20170817,210534000,3674.0,8654,204728,317313260.0,3675.0,102,3674.0,18
rb1805,20170818,20170817,210534500,3674.0,8654,204728,317313260.0,3675.0,97,3674.0,11
rb1805,20170818,20170817,210535000,3674.0,8654,204728,317313260.0,3675.0,97,3674.0,21
rb1805,20170818,20170817,210535500,3674.0,8654,204728,317313260.0,3675.0,97,3674.0,21
rb1805,20170818,20170817,210536000,3674.0,8656,204726,317386740.0,3675.0,97,3674.0,20
rb1805,20170818,20170817,210536500,3675.0,8692,204690,318709740.0,3675.0,78,3674.0,19
rb1805,20170818,20170817,210537000,3675.0,8848,204712,324442740.0,3676.0,21,3675.0,22
rb1805,20170818,20170817,210537500,3675.0,8848,204712,324442740.0,3676.0,21,3675.0,15
rb1805,20170818,20170817,210538000,3675.0,8850,204710,324516240.0,3676.0,21,3675.0,15
rb1805,20170818,20170817,210538500,3675.0,8852,204708,324589740.0,3676.0,21,3675.0,14
rb1805,20170818,20170817,210539000,3675.0,8874,204686,325398240.0,3676.0,21,3675.0,3
rb1805,20170818,20170817,210539500,3675.0,8882,204682,325692240.0,3675.0,10,3674.0,23
rb1805,20170818,20170817,210540000,3674.0,8930,204660,327456020.0,3675.0,3,3674.0,12
rb1805,20170818,20170817,210540500,3675.0,8934,204660,327603020.0,3675.0,1,3674.0,12
rb1805,20170818,20170817,210541000,3675.0,8934,204660,327603020.0,3675.0,1,3674.0,12
rb1805,20170818,20170817,210541500,3675.0,8946,204660,328044020.0,3675.0,1,3674.0,8
rb1805,20170818,20170817,210542000,3675.0,8946,204660,328044020.0,3675.0,2,3674.0,8
rb1805,20170818,20170817,210542500,3674.0,8982,204652,329366660.0,3675.0,2,3673.0,7
rb1805,20170818,20170817,210543000,3674.0,8982,204652,329366660.0,3675.0,2,3673.0,4
rb1805,20170818,20170817,210543500,3674.0,8994,204664,329807540.0,3674.0,2,3673.0,4
rb1805,20170818,20170817,210544000,3674.0,8994,204664,329807540.0,3674.0,7,3673.0,4
rb1805,20170818,20170817,210544500,3674.0,8994,204664,329807540.0,3674.0,8,3673.0,1
rb1805,20170818,20170817,210545000,3673.0,8996,204664,329881000.0,3673.0,1,3672.0,25
rb1805,20170818,20170817,210545500,3673.0,8996,204664,329881000.0,3674.0,8,3672.0,9
rb1805,20170818,20170817,210546000,3673.0,8996,204664,329881000.0,3674.0,18,3673.0,4
rb1805,20170818,20170817,210546500,3674.0,9002,204660,330101400.0,3674.0,17,3672.0,16
rb1805,20170818,20170817,210547000,3672.0,9022,204650,330835800.0,3674.0,17,3672.0,6
rb1805,20170818,20170817,210547500,3674.0,9050,204654,331864520.0,3674.0,3,3672.0,6
rb1805,20170818,20170817,210548000,3674.0,9050,204654,331864520.0,3674.0,7,3672.0,6
rb1805,20170818,20170817,210548500,3674.0,9050,204654,331864520.0,3674.0,7,3672.0,15
rb1805,20170818,20170817,210549000,3674.0,9052,204656,331938000.0,3674.0,6,3672.0,15
rb1805,20170818,20170817,210549500,3674.0,9058,204654,332158440.0,3675.0,19,3674.0,7
rb1805,20170818,20170817,210550000,3674.0,9058,204654,332158440.0,3675.0,14,3674.0,7
rb1805,20170818,20170817,210550500,3674.0,9062,204650,332305400.0,3675.0,14,3674.0,5
rb1805,20170818,20170817,210551000,3674.0,9062,204650,332305400.0,3675.0,16,3674.0,5
rb1805,20170818,20170817,210552000,3674.0,9062,204650,332305400.0,3675.0,16,3674.0,5
rb1805,20170818,20170817,210552500,3674.0,9072,204640,332672800.0,3674.0,14,3672.0,25
rb1805,20170818,20170817,210553000,3674.0,9102,204640,333775000.0,3675.0,19,3674.0,15
rb1805,20170818,20170817,210553500,3674.0,9108,204642,333995440.0,3675.0,19,3674.0,12
rb1805,20170818,20170817,210554000,3674.0,9110,204642,334068920.0,3675.0,21,3674.0,11
rb1805,20170818,20170817,210554500,3674.0,9110,204642,334068920.0,3675.0,18,3674.0,11
rb1805,20170818,20170817,210555000,3674.0,9110,204642,334068920.0,3675.0,22,3674.0,11
rb1805,20170818,20170817,210555500,3674.0,9110,204642,334068920.0,3675.0,23,3674.0,11
rb1805,20170818,20170817,210556000,3674.0,9110,204642,334068920.0,3675.0,23,3674.0,11
rb1805,20170818,20170817,210556500,3675.0,9112,204642,334142420.0,3675.0,47,3674.0,11
rb1805,20170818,20170817,210557000,3674.0,9126,204644,334656780.0,3675.0,48,3674.0,4
rb1805,20170818,20170817,210557500,3674.0,9134,204652,334950700.0,3674.0,4,3673.0,1
rb1805,20170818,20170817,210558000,3673.0,9136,204654,335024160.0,3674.0,5,3672.0,39
rb1805,20170818,20170817,210558500,3674.0,9138,204654,335097640.0,3675.0,50,3673.0,9
rb1805,20170818,20170817,210559000,3674.0,9138,204654,335097640.0,3675.0,51,3673.0,9
rb1805,20170818,20170817,210559500,3674.0,9138,204654,335097640.0,3674.0,40,3673.0,9
rb1805,20170818,20170817,210600000,3674.0,9138,204654,335097640.0,3674.0,42,3673.0,9
rb1805,20170818,20170817,210600500,3674.0,9138,204654,335097640.0,3674.0,42,3673.0,9
rb1805,20170818,20170817,210601000,3674.0,9142,204658,335244600.0,3674.0,42,3673.0,9
rb1805,20170818,20170817,210601500,3674.0,9142,204658,335244600.0,3674.0,42,3673.0,10
rb1805,20170818,20170817,210602000,3674.0,9142,204658,335244600.0,3674.0,42,3673.0,10
rb1805,20170818,20170817,210602500,3674.0,9142,204658,335244600.0,3674.0,42,3673.0,10
rb1805,20170818,20170817,210603000,3674.0,9142,204658,335244600.0,3674.0,42,3673.0,10
rb1805,20170818,20170817,210604000,3674.0,9142,204658,335244600.0,3674.0,42,3673.0,10
rb1805,20170818,20170817,210604500,3674.0,9142,204658,335244600.0,3674.0,42,3673.0,10
rb1805,20170818,20170817,210605000,3674.0,9154,204660,335685380.0,3674.0,41,3673.0,5
rb1805,20170818,20170817,210605500,3674.0,9154,204660,335685380.0,3674.0,41,3673.0,5
rb1805,20170818,20170817,210606000,3674.0,9156,204662,335758860.0,3674.0,40,3673.0,5
rb1805,20170818,20170817,210606500,3674.0,9166,204656,336126180.0,3674.0,39,3673.0,1
rb1805,20170818,20170817,210607000,3674.0,9166,204656,336126180.0,3674.0,39,3673.0,5
rb1805,20170818,20170817,210607500,3674.0,9166,204656,336126180.0,3674.0,39,3673.0,5
rb1805,20170818,20170817,210608000,3674.0,9166,204656,336126180.0,3674.0,40,3673.0,6
rb1805,20170818,20170817,210608500,3673.0,9170,204652,336273100.0,3674.0,40,3673.0,4
rb1805,20170818,20170817,210609000,3673.0,9170,204652,336273100.0,3674.0,40,3673.0,4
rb1805,20170818,20170817,210609500,3674.0,9176,204656,336493520.0,3674.0,38,3673.0,3
rb1805,20170818,20170817,210610000,3674.0,9176,204656,336493520.0,3674.0,38,3673.0,3
rb1805,20170818,20170817,210610500,3673.0,9178,204656,336566980.0,3674.0,38,3673.0,2
rb1805,20170818,20170817,210611000,3673.0,9178,204656,336566980.0,3674.0,41,3673.0,2
rb1805,20170818,20170817,210611500,3673.0,9178,204656,336566980.0,3674.0,41,3673.0,2
rb1805,20170818,20170817,210613500,3673.0,9184,204660,336787360.0,3673.0,7,3672.0,42
rb1805,20170818,20170817,210614000,3673.0,9186,204662,336860820.0,3673.0,6,3672.0,42
rb1805,20170818,20170817,210614500,3673.0,9186,204662,336860820.0,3673.0,6,3672.0,42
rb1805,20170818,20170817,210615000,3673.0,9190,204666,337007740.0,3673.0,4,3672.0,42
rb1805,20170818,20170817,210615500,3673.0,9190,204666,337007740.0,3673.0,4,3672.0,42
rb1805,20170818,20170817,210616000,3673.0,9190,204666,337007740.0,3673.0,4,3672.0,35
rb1805,20170818,20170817,210616500,3673.0,9190,204666,337007740.0,3673.0,4,3672.0,35
rb1805,20170818,20170817,210617000,3673.0,9190,204666,337007740.0,3673.0,4,3672.0,35
rb1805,20170818,20170817,210617500,3673.0,9200,204674,337375040.0,3674.0,40,3673.0,5
rb1805,20170818,20170817,210618000,3673.0,9200,204674,337375040.0,3674.0,41,3673.0,6
rb1805,20170818,20170817,210618500,3672.0,9222,204680,338183100.0,3674.0,38,3672.0,32
rb1805,20170818,20170817,210619000,3672.0,9222,204680,338183100.0,3674.0,38,3672.0,33
rb1805,20170818,20170817,210620000,3672.0,9222,204680,338183100.0,3674.0,43,3673.0,1
rb1805,20170818,20170817,210620500,3673.0,9224,204680,338256560.0,3673.0,19,3672.0,22
rb1805,20170818,20170817,210621000,3673.0,9224,204680,338256560.0,3673.0,17,3672.0,22
rb1805,20170818,20170817,210621500,3673.0,9224,204680,338256560.0,3673.0,16,3672.0,22
rb1805,20170818,20170817,210622000,3673.0,9224,204680,338256560.0,3673.0,21,3672.0,22
rb1805,20170818,20170817,210622500,3673.0,9224,204680,338256560.0,3673.0,21,3672.0,22
rb1805,20170818,20170817,210623000,3673.0,9226,204680,338330020.0,3673.0,20,3672.0,22
rb1805,20170818,20170817,210623500,3673.0,9246,204694,339064620.0,3673.0,10,3672.0,22
rb1805,20170818,20170817,210624000,3673.0,9246,204694,339064620.0,3673.0,8,3672.0,22
rb1805,20170818,20170817,210624500,3672.0,9256,204704,339431820.0,3673.0,8,3672.0,17
rb1805,20170818,20170817,210625000,3673.0,9258,204706,339505280.0,3673.0,7,3672.0,17
rb1805,20170818,20170817,210625500,3673.0,9258,204706,339505280.0,3673.0,7,3672.0,17
rb1805,20170818,20170817,210626000,3673.0,9258,204706,339505280.0,3673.0,9,3672.0,17
rb1805,20170818,20170817,210626500,3672.0,9260,204708,339578720.0,3673.0,9,3672.0,16
rb1805,20170818,20170817,210627000,3672.0,9260,204708,339578720.0,3673.0,9,3672.0,16
rb1805,20170818,20170817,210627500,3672.0,9260,204708,339578720.0,3673.0,9,3672.0,16
rb1805,20170818,20170817,210628000,3672.0,9268,204710,339872520.0,3673.0,8,3672.0,14
rb1805,20170818,20170817,210628500,3672.0,9268,204710,339872520.0,3673.0,9,3672.0,14
rb1805,20170818,20170817,210629000,3672.0,9270,204710,339945960.0,3673.0,9,3672.0,14
rb1805,20170818,20170817,210629500,3672.0,9298,204710,340974120.0,3673.0,10,3671.0,15
rb1805,20170818,20170817,210630000,3672.0,9300,204710,341047560.0,3673.0,15,3671.0,15
rb1805,20170818,20170817,210630500,3673.0,9302,204708,341121020.0,3673.0,44,3671.0,15
rb1805,20170818,20170817,210631000,3673.0,9302,204708,341121020.0,3673.0,39,3671.0,17
rb1805,20170818,20170817,210632000,3673.0,9302,204708,341121020.0,3673.0,38,3671.0,17
rb1805,20170818,20170817,210632500,3673.0,9302,204708,341121020.0,3672.0,1,3671.0,17
rb1805,20170818,20170817,210633000,3673.0,9302,204708,341121020.0,3672.0,2,3671.0,14
rb1805,20170818,20170817,210634000,3672.0,9304,204710,341194460.0,3672.0,1,3671.0,15
rb1805,20170818,20170817,210634500,3672.0,9306,204712,341267900.0,3673.0,36,3671.0,16
rb1805,20170818,20170817,210635000,3672.0,9306,204712,341267900.0,3673.0,39,3671.0,16
rb1805,20170818,20170817,210635500,3672.0,9306,204712,341267900.0,3673.0,39,3671.0,16
rb1805,20170818,20170817,210636000,3672.0,9306,204712,341267900.0,3673.0,39,3672.0,12
rb1805,20170818,20170817,210636500,3672.0,9330,204716,342149180.0,3672.0,19,3671.0,16
rb1805,20170818,20170817,210637000,3671.0,9332,204716,342222600.0,3673.0,39,3671.0,15
rb1805,20170818,20170817,210637500,3671.0,9332,204716,342222600.0,3672.0,2,3671.0,20
rb1805,20170818,20170817,210638000,3671.0,9332,204716,342222600.0,3672.0,2,3671.0,20
rb1805,20170818,20170817,210638500,3671.0,9332,204716,342222600.0,3672.0,3,3671.0,45
rb1805,20170818,20170817,210639000,3671.0,9332,204716,342222600.0,3672.0,3,3671.0,45
rb1805,20170818,20170817,210639500,3672.0,9338,204716,342442920.0,3672.0,25,3671.0,46
rb1805,20170818,20170817,210640000,3672.0,9348,204716,342810120.0,3672.0,20,3671.0,41
rb1805,20170818,20170817,210640500,3672.0,9350,204714,342883560.0,3672.0,19,3671.0,41
rb1805,20170818,20170817,210641000,3672.0,9350,204714,342883560.0,3672.0,19,3671.0,39
rb1805,20170818,20170817,210641500,3672.0,9350,204714,342883560.0,3672.0,19,3671.0,40
rb1805,20170818,20170817,210642000,3672.0,9352,204712,342957000.0,3672.0,18,3671.0,40
rb1805,20170818,20170817,210642500,3672.0,9354,204712,343030440.0,3672.0,17,3671.0,40
rb1805,20170818,20170817,210643000,3671.0,9356,204712,343103860.0,3672.0,17,3671.0,39
rb1805,20170818,20170817,210643500,3671.0,9356,204712,343103860.0,3672.0,18,3671.0,40
rb1805,20170818,20170817,210644000,3671.0,9356,204712,343103860.0,3672.0,19,3671.0,40
rb1805,20170818,20170817,210644500,3672.0,9360,204712,343250740.0,3672.0,17,3671.0,40
rb1805,20170818,20170817,210645000,3672.0,9362,204712,343324180.0,3672.0,16,3671.0,40
rb1805,20170818,20170817,210645500,3672.0,9374,204702,343764820.0,3672.0,10,3671.0,40
rb1805,20170818,20170817,210646000,3672.0,9378,204702,343911700.0,3672.0,8,3671.0,40
rb1805,20170818,20170817,210646500,3672.0,9394,204704,344499220.0,3673.0,40,3672.0,12
rb1805,20170818,20170817,210647000,3672.0,9394,204704,344499220.0,3673.0,34,3671.0,40
rb1805,20170818,20170817,210647500,3672.0,9394,204704,344499220.0,3673.0,32,3672.0,21
rb1805,20170818,20170817,210648000,3672.0,9394,204704,344499220.0,3673.0,32,3672.0,23
rb1805,20170818,20170817,210648500,3672.0,9398,204704,344646120.0,3673.0,31,3672.0,22
rb1805,20170818,20170817,210649000,3672.0,9402,204704,344793000.0,3673.0,31,3672.0,18
rb1805,20170818,20170817,210649500,3672.0,9402,204704,344793000.0,3673.0,31,3672.0,17
rb1805,20170818,20170817,210650000,3672.0,9402,204704,344793000.0,3673.0,31,3672.0,17
rb1805,20170818,20170817,210650500,3672.0,9406,204700,344939880.0,3673.0,31,3672.0,15
rb1805,20170818,20170817,210651000,3672.0,9406,204700,344939880.0,3673.0,31,3672.0,15
rb1805,20170818,20170817,210652000,3672.0,9406,204700,344939880.0,3673.0,112,3672.0,15
rb1805,20170818,20170817,210652500,3672.0,9406,204700,344939880.0,3673.0,112,3672.0,14
rb1805,20170818,20170817,210653000,3672.0,9406,204700,344939880.0,3673.0,112,3672.0,21
rb1805,20170818,20170817,210653500,3672.0,9406,204700,344939880.0,3673.0,112,3672.0,22
rb1805,20170818,20170817,210655000,3672.0,9416,204700,345307080.0,3673.0,112,3672.0,17
rb1805,20170818,20170817,210655500,3672.0,9416,204700,345307080.0,3673.0,112,3672.0,29
rb1805,20170818,20170817,210656000,3672.0,9416,204700,345307080.0,3673.0,32,3672.0,30
rb1805,20170818,20170817,210656500,3673.0,9480,204708,347657800.0,3674.0,54,3673.0,36
rb1805,20170818,20170817,210657000,3673.0,9480,204708,347657800.0,3674.0,50,3673.0,4
rb1805,20170818,20170817,210657500,3673.0,9482,204706,347731260.0,3674.0,50,3673.0,2
rb1805,20170818,20170817,210658000,3673.0,9482,204706,347731260.0,3674.0,50,3673.0,10
rb1805,20170818,20170817,210658500,3673.0,9482,204706,347731260.0,3674.0,47,3673.0,2
rb1805,20170818,20170817,210659000,3673.0,9482,204706,347731260.0,3674.0,47,3673.0,2
rb1805,20170818,20170817,210659500,3673.0,9484,204706,347804720.0,3674.0,47,3673.0,1
rb1805,20170818,20170817,210700000,3673.0,9484,204706,347804720.0,3674.0,42,3673.0,1
rb1805,20170818,20170817,210700500,3673.0,9484,204706,347804720.0,3674.0,42,3673.0,2
rb1805,20170818,20170817,210701000,3673.0,9484,204706,347804720.0,3674.0,42,3673.0,2
rb1805,20170818,20170817,210701500,3673.0,9486,204706,347878180.0,3674.0,42,3673.0,1
rb1805,20170818,20170817,210702000,3673.0,9486,204706,347878180.0,3674.0,42,3673.0,1
rb1805,20170818,20170817,210702500,3673.0,9486,204706,347878180.0,3674.0,42,3673.0,9
rb1805,20170818,20170817,210703000,3674.0,9488,204708,347951660.0,3674.0,41,3673.0,9
rb1805,20170818,20170817,210704000,3674.0,9488,204708,347951660.0,3674.0,41,3673.0,9
rb1805,20170818,20170817,210704500,3674.0,9488,204708,347951660.0,3674.0,41,3673.0,9
rb1805,20170818,20170817,210705000,3674.0,9570,204752,350964340.0,3675.0,37,3674.0,14
rb1805,20170818,20170817,210705500,3675.0,9578,204750,351258340.0,3675.0,30,3674.0,4
rb1805,20170818,20170817,210706000,3675.0,9580,204752,351331840.0,3675.0,29,3674.0,6
rb1805,20170818,20170817,210706500,3675.0,9586,204746,351552340.0,3675.0,26,3674.0,6
rb1805,20170818,20170817,210707000,3675.0,9586,204746,351552340.0,3675.0,26,3674.0,3
rb1805,20170818,20170817,210707500,3675.0,9606,204754,352287340.0,3675.0,16,3674.0,15
rb1805,20170818,20170817,210708000,3674.0,9608,204752,352360820.0,3675.0,16,3674.0,14
rb1805,20170818,20170817,210708500,3674.0,9608,204752,352360820.0,3675.0,16,3674.0,14
rb1805,20170818,20170817,210709000,3674.0,9608,204752,352360820.0,3675.0,16,3674.0,20
rb1805,20170818,20170817,210710000,3674.0,9608,204752,352360820.0,3675.0,16,3674.0,20
rb1805,20170818,20170817,210710500,3675.0,9640,204758,353536820.0,3676.0,27,3675.0,31
rb1805,20170818,20170817,210711000,3675.0,9640,204758,353536820.0,3676.0,27,3675.0,15
rb1805,20170818,20170817,210711500,3675.0,9640,204758,353536820.0,3676.0,27,3675.0,33
rb1805,20170818,20170817,210712000,3676.0,9642,204758,353610340.0,3676.0,26,3675.0,33
rb1805,20170818,20170817,210712500,3675.0,9666,204764,354492540.0,3676.0,16,3675.0,31
rb1805,20170818,20170817,210713000,3676.0,9682,204778,355080700.0,3676.0,9,3675.0,32
rb1805,20170818,20170817,210713500,3676.0,9682,204778,355080700.0,3676.0,9,3675.0,32
rb1805,20170818,20170817,210714000,3676.0,9692,204780,355448280.0,3676.0,5,3675.0,32
rb1805,20170818,20170817,210714500,3676.0,9702,204774,355815880.0,3677.0,22,3676.0,9
rb1805,20170818,20170817,210715000,3676.0,9702,204774,355815880.0,3677.0,22,3676.0,11
rb1805,20170818,20170817,210715500,3677.0,9708,204772,356036500.0,3677.0,19,3676.0,11
rb1805,20170818,20170817,210716000,3677.0,9744,204754,357360220.0,3677.0,4,3676.0,9
rb1805,20170818,20170817,210716500,3677.0,9746,204752,357433760.0,3678.0,15,3677.0,4
rb1805,20170818,20170817,210717000,3677.0,9750,204750,357580840.0,3678.0,21,3677.0,4
rb1805,20170818,20170817,210717500,3678.0,9762,204760,358022180.0,3678.0,20,3677.0,8
rb1805,20170818,20170817,210718000,3677.0,9796,204746,359272520.0,3678.0,12,3676.0,14
rb1805,20170818,20170817,210718500,3678.0,9820,204734,360155240.0,3679.0,47,3678.0,42
rb1805,20170818,20170817,210719000,3679.0,9910,204656,363465460.0,3679.0,46,3678.0,1
rb1805,20170818,20170817,210719500,3678.0,9926,204658,364053940.0,3678.0,1,3677.0,1
rb1805,20170818,20170817,210720000,3678.0,9926,204658,364053940.0,3678.0,9,3677.0,4
rb1805,20170818,20170817,210720500,3677.0,9928,204660,364127480.0,3678.0,9,3677.0,3
rb1805,20170818,20170817,210721000,3679.0,9948,204666,364863100.0,3679.0,51,3676.0,16
rb1805,20170818,20170817,210721500,3679.0,9948,204666,364863100.0,3678.0,1,3677.0,3
rb1805,20170818,20170817,210722000,3679.0,9960,204674,365304500.0,3679.0,49,3677.0,4
rb1805,20170818,20170817,210722500,3677.0,9968,204672,365598700.0,3679.0,48,3677.0,9
rb1805,20170818,20170817,210723000,3679.0,9984,204670,366187260.0,3679.0,42,3678.0,3
rb1805,20170818,20170817,210723500,3679.0,9990,204672,366407980.0,3679.0,40,3678.0,4
rb1805,20170818,20170817,210724000,3679.0,10000,204680,366775800.0,3679.0,39,3678.0,5
rb1805,20170818,20170817,210724500,3679.0,10014,204680,367290760.0,3679.0,37,3678.0,5
rb1805,20170818,20170817,210725000,3679.0,10034,204670,368026560.0,3679.0,32,3678.0,5
rb1805,20170818,20170817,210725500,3679.0,10034,204670,368026560.0,3679.0,33,3678.0,5
rb1805,20170818,20170817,210726000,3677.0,10054,204656,368762120.0,3679.0,44,3677.0,5
rb1805,20170818,20170817,210726500,3679.0,10058,204656,368909280.0,3679.0,33,3677.0,11
rb1805,20170818,20170817,210727000,3679.0,10064,204654,369130000.0,3678.0,1,3677.0,12
rb1805,20170818,20170817,210727500,3678.0,10066,204656,369203560.0,3679.0,37,3678.0,15
rb1805,20170818,20170817,210728000,3679.0,10072,204654,369424300.0,3679.0,34,3678.0,26
rb1805,20170818,20170817,210728500,3678.0,10078,204654,369645000.0,3679.0,33,3678.0,23
rb1805,20170818,20170817,210729000,3679.0,10084,204656,369865740.0,3679.0,31,3678.0,23
rb1805,20170818,20170817,210729500,3678.0,10090,204662,370086420.0,3679.0,31,3678.0,21
rb1805,20170818,20170817,210730000,3678.0,10092,204664,370159980.0,3679.0,32,3678.0,27
rb1805,20170818,20170817,210730500,3678.0,10108,204670,370748500.0,3679.0,30,3678.0,21
rb1805,20170818,20170817,210731000,3679.0,10110,204670,370822080.0,3679.0,29,3678.0,21
rb1805,20170818,20170817,210731500,3679.0,10114,204670,370969240.0,3679.0,28,3678.0,21
rb1805,20170818,20170817,210732500,3679.0,10148,204678,372220000.0,3679.0,18,3678.0,16
rb1805,20170818,20170817,210733000,3678.0,10158,204686,372587840.0,3679.0,16,3678.0,14
rb1805,20170818,20170817,210733500,3678.0,10170,204688,373029220.0,3679.0,17,3678.0,9
rb1805,20170818,20170817,210734000,3678.0,10170,204688,373029220.0,3679.0,18,3678.0,9
rb1805,20170818,20170817,210734500,3678.0,10170,204688,373029220.0,3679.0,18,3678.0,9
rb1805,20170818,20170817,210735000,3678.0,10172,204688,373102780.0,3679.0,18,3678.0,8
rb1805,20170818,20170817,210735500,3678.0,10174,204688,373176340.0,3679.0,28,3678.0,7
rb1805,20170818,20170817,210736000,3678.0,10174,204688,373176340.0,3679.0,38,3678.0,7
rb1805,20170818,20170817,210736500,3678.0,10176,204688,373249900.0,3679.0,38,3678.0,7
rb1805,20170818,20170817,210737000,3678.0,10178,204688,373323460.0,3679.0,38,3678.0,6
rb1805,20170818,20170817,210737500,3678.0,10190,204688,373764820.0,3678.0,10,3677.0,31
rb1805,20170818,20170817,210738000,3677.0,10196,204692,373985520.0,3679.0,37,3678.0,1
rb1805,20170818,20170817,210738500,3678.0,10202,204692,374206200.0,3678.0,2,3677.0,18
rb1805,20170818,20170817,210739000,3679.0,10208,204690,374426900.0,3679.0,36,3677.0,31
rb1805,20170818,20170817,210739500,3679.0,10210,204692,374500480.0,3679.0,35,3677.0,31
rb1805,20170818,20170817,210740000,3679.0,10210,204692,374500480.0,3679.0,35,3677.0,31
rb1805,20170818,20170817,210740500,3679.0,10216,204694,374721160.0,3679.0,34,3677.0,30
rb1805,20170818,20170817,210741000,3679.0,10216,204694,374721160.0,3679.0,34,3678.0,4
rb1805,20170818,20170817,210741500,3678.0,10224,204688,375015400.0,3679.0,35,3677.0,28
rb1805,20170818,20170817,210742000,3678.0,10224,204688,375015400.0,3679.0,35,3678.0,6
rb1805,20170818,20170817,210742500,3677.0,10228,204688,375162500.0,3678.0,13,3677.0,27
rb1805,20170818,20170817,210743000,3677.0,10228,204688,375162500.0,3679.0,38,3677.0,27
rb1805,20170818,20170817,210743500,3677.0,10228,204688,375162500.0,3678.0,3,3677.0,66
rb1805,20170818,20170817,210744000,3678.0,10234,204690,375383200.0,3679.0,37,3677.0,66
rb1805,20170818,20170817,210744500,3678.0,10234,204690,375383200.0,3678.0,10,3677.0,66
rb1805,20170818,20170817,210745000,3678.0,10234,204690,375383200.0,3678.0,10,3677.0,66
rb1805,20170818,20170817,210745500,3678.0,10254,204690,376118800.0,3679.0,45,3678.0,13
rb1805,20170818,20170817,210746000,3678.0,10258,204690,376265920.0,3678.0,23,3677.0,77
rb1805,20170818,20170817,210746500,3677.0,10412,204710,381928500.0,3678.0,28,3676.0,34
rb1805,20170818,20170817,210747000,3677.0,10418,204714,382149100.0,3677.0,8,3676.0,31
rb1805,20170818,20170817,210747500,3678.0,10462,204740,383767300.0,3678.0,22,3676.0,19
rb1805,20170818,20170817,210748000,3678.0,10464,204740,383840860.0,3677.0,9,3676.0,19
rb1805,20170818,20170817,210748500,3678.0,10472,204738,384135100.0,3677.0,5,3676.0,19
rb1805,20170818,20170817,210749000,3678.0,10476,204738,384282220.0,3677.0,3,3676.0,20
rb1805,20170818,20170817,210749500,3678.0,10478,204738,384355780.0,3677.0,2,3676.0,21
rb1805,20170818,20170817,210750000,3677.0,10488,204744,384723480.0,3678.0,24,3677.0,85
rb1805,20170818,20170817,210750500,3677.0,10488,204744,384723480.0,3678.0,19,3677.0,85
rb1805,20170818,20170817,210751000,3678.0,10490,204746,384797040.0,3678.0,26,3677.0,85
rb1805,20170818,20170817,210751500,3678.0,10490,204746,384797040.0,3678.0,18,3677.0,88
rb1805,20170818,20170817,210752000,3678.0,10494,204750,384944160.0,3678.0,26,3677.0,88
rb1805,20170818,20170817,210752500,3678.0,10494,204750,384944160.0,3678.0,26,3677.0,88
rb1805,20170818,20170817,210753000,3678.0,10496,204750,385017720.0,3678.0,25,3677.0,88
rb1805,20170818,20170817,210753500,3677.0,10502,204752,385238360.0,3678.0,30,3677.0,86
rb1805,20170818,20170817,210754000,3677.0,10502,204752,385238360.0,3678.0,38,3677.0,86
rb1805,20170818,20170817,210754500,3677.0,10502,204752,385238360.0,3678.0,38,3677.0,86
rb1805,20170818,20170817,210755000,3677.0,10508,204756,385459020.0,3678.0,36,3677.0,85
rb1805,20170818,20170817,210755500,3678.0,10568,204788,387665820.0,3678.0,6,3677.0,85
rb1805,20170818,20170817,210756000,3678.0,10582,204800,388180740.0,3679.0,46,3678.0,14
rb1805,20170818,20170817,210756500,3678.0,10584,204800,388254300.0,3679.0,40,3677.0,85
rb1805,20170818,20170817,210757000,3678.0,10584,204800,388254300.0,3679.0,40,3678.0,11
rb1805,20170818,20170817,210757500,3678.0,10586,204800,388327860.0,3679.0,40,3678.0,19
rb1805,20170818,20170817,210758000,3678.0,10588,204800,388401420.0,3679.0,40,3678.0,19
rb1805,20170818,20170817,210758500,3678.0,10588,204800,388401420.0,3679.0,40,3678.0,19
rb1805,20170818,20170817,210759000,3678.0,10626,204786,389799060.0,3679.0,40,3677.0,86
rb1805,20170818,20170817,210759500,3678.0,10626,204786,389799060.0,3678.0,1,3677.0,86
rb1805,20170818,20170817,210800000,3678.0,10628,204788,389872620.0,3679.0,40,3677.0,87
rb1805,20170818,20170817,210800500,3679.0,10632,204790,390019780.0,3679.0,38,3677.0,87
rb1805,20170818,20170817,210801000,3679.0,10632,204790,390019780.0,3678.0,4,3677.0,87
rb1805,20170818,20170817,210801500,3677.0,10806,204960,396417760.0,3678.0,4,3677.0,2
rb1805,20170818,20170817,210802000,3677.0,10810,204958,396564840.0,3677.0,2,3676.0,12
rb1805,20170818,20170817,210802500,3677.0,10812,204960,396638380.0,3678.0,13,3676.0,12
rb1805,20170818,20170817,210803000,3677.0,10816,204964,396785460.0,3677.0,6,3676.0,12
rb1805,20170818,20170817,210804000,3677.0,10818,204966,396859000.0,3677.0,5,3676.0,12
rb1805,20170818,20170817,210804500,3677.0,10826,204972,397153140.0,3677.0,2,3676.0,12
rb1805,20170818,20170817,210805000,3677.0,10826,204972,397153140.0,3677.0,2,3676.0,13
rb1805,20170818,20170817,210805500,3676.0,10838,204980,397594260.0,3677.0,2,3676.0,8
rb1805,20170818,20170817,210806000,3676.0,10838,204980,397594260.0,3677.0,4,3676.0,8
rb1805,20170818,20170817,210806500,3677.0,10840,204982,397667800.0,3677.0,3,3676.0,20
rb1805,20170818,20170817,210807000,3677.0,10842,204984,397741340.0,3677.0,2,3676.0,20
rb1805,20170818,20170817,210807500,3677.0,10842,204984,397741340.0,3677.0,2,3676.0,20
rb1805,20170818,20170817,210808000,3676.0,10844,204986,397814860.0,3677.0,2,3676.0,20
rb1805,20170818,20170817,210808500,3677.0,10850,204992,398035460.0,3678.0,11,3676.0,19
rb1805,20170818,20170817,210809000,3677.0,10850,204992,398035460.0,3677.0,1,3676.0,7
rb1805,20170818,20170817,210809500,3677.0,10850,204992,398035460.0,3677.0,1,3676.0,7
rb1805,20170818,20170817,210810000,3676.0,10860,204988,398403060.0,3677.0,19,3676.0,11
rb1805,20170818,20170817,210810500,3676.0,10860,204988,398403060.0,3677.0,21,3676.0,12
rb1805,20170818,20170817,210811000,3676.0,10860,204988,398403060.0,3677.0,21,3676.0,12
rb1805,20170818,20170817,210811500,3677.0,10862,204988,398476600.0,3677.0,11,3676.0,9
rb1805,20170818,20170817,210812000,3677.0,10866,204988,398623680.0,3677.0,10,3676.0,9
rb1805,20170818,20170817,210812500,3677.0,10866,204988,398623680.0,3677.0,8,3676.0,9
rb1805,20170818,20170817,210813000,3677.0,10876,204992,398991340.0,3678.0,9,3677.0,3
rb1805,20170818,20170817,210813500,3677.0,10876,204992,398991340.0,3678.0,9,3677.0,4
rb1805,20170818,20170817,210814000,3677.0,10884,204992,399285500.0,3677.0,1,3676.0,15
rb1805,20170818,20170817,210814500,3677.0,10886,204992,399359040.0,3677.0,1,3676.0,17
rb1805,20170818,20170817,210815000,3677.0,10888,204994,399432580.0,3678.0,9,3677.0,1
rb1805,20170818,20170817,210815500,3677.0,10888,204994,399432580.0,3678.0,9,3677.0,1
rb1805,20170818,20170817,210816000,3677.0,10890,204996,399506120.0,3678.0,9,3676.0,18
rb1805,20170818,20170817,210816500,3677.0,10890,204996,399506120.0,3677.0,3,3676.0,19
rb1805,20170818,20170817,210817000,3677.0,10894,205000,399653200.0,3677.0,2,3676.0,19
rb1805,20170818,20170817,210817500,3677.0,10898,205002,399800280.0,3678.0,10,3677.0,4
rb1805,20170818,20170817,210818000,3677.0,10898,205002,399800280.0,3677.0,2,3676.0,19
rb1805,20170818,20170817,210818500,3677.0,10900,205002,399873820.0,3677.0,1,3676.0,19
rb1805,20170818,20170817,210819000,3677.0,10902,205002,399947360.0,3678.0,11,3677.0,4
rb1805,20170818,20170817,210819500,3677.0,10902,205002,399947360.0,3678.0,11,3677.0,5
rb1805,20170818,20170817,210820000,3677.0,10904,205004,400020900.0,3678.0,11,3677.0,4
rb1805,20170818,20170817,210820500,3677.0,10904,205004,400020900.0,3678.0,11,3677.0,4
rb1805,20170818,20170817,210821000,3677.0,10910,205010,400241520.0,3678.0,12,3677.0,1
rb1805,20170818,20170817,210821500,3677.0,10912,205010,400315060.0,3677.0,1,3676.0,20
rb1805,20170818,20170817,210822000,3677.0,10916,205010,400462140.0,3678.0,13,3677.0,6
rb1805,20170818,20170817,210822500,3677.0,10916,205010,400462140.0,3678.0,13,3677.0,4
rb1805,20170818,20170817,210823000,3677.0,10922,205014,400682760.0,3678.0,13,3677.0,13
rb1805,20170818,20170817,210823500,3677.0,10922,205014,400682760.0,3678.0,13,3677.0,15
rb1805,20170818,20170817,210824000,3677.0,10922,205014,400682760.0,3678.0,13,3677.0,17
rb1805,20170818,20170817,210824500,3677.0,10926,205016,400829840.0,3678.0,14,3677.0,15
rb1805,20170818,20170817,210825500,3677.0,10926,205016,400829840.0,3678.0,15,3677.0,15
rb1805,20170818,20170817,210826000,3677.0,10930,205014,400976920.0,3678.0,15,3677.0,13
rb1805,20170818,20170817,210826500,3678.0,10932,205014,401050480.0,3678.0,15,3677.0,13
rb1805,20170818,20170817,210827500,3678.0,10932,205014,401050480.0,3678.0,15,3677.0,13
rb1805,20170818,20170817,210828000,3677.0,10934,205012,401124020.0,3678.0,15,3677.0,27
rb1805,20170818,20170817,210828500,3678.0,10966,204996,402300980.0,3679.0,42,3678.0,1
rb1805,20170818,20170817,210829000,3678.0,10966,204996,402300980.0,3679.0,37,3678.0,19
rb1805,20170818,20170817,210829500,3678.0,10966,204996,402300980.0,3679.0,37,3678.0,21
rb1805,20170818,20170817,210830000,3678.0,10966,204996,402300980.0,3679.0,37,3678.0,21
rb1805,20170818,20170817,210830500,3678.0,10968,204996,402374540.0,3679.0,37,3678.0,19
rb1805,20170818,20170817,210831000,3678.0,10968,204996,402374540.0,3679.0,37,3678.0,19
rb1805,20170818,20170817,210831500,3678.0,10972,204998,402521660.0,3679.0,37,3678.0,17
rb1805,20170818,20170817,210832000,3678.0,10972,204998,402521660.0,3679.0,39,3678.0,19
rb1805,20170818,20170817,210832500,3678.0,10972,204998,402521660.0,3679.0,36,3678.0,19
rb1805,20170818,20170817,210833000,3678.0,10972,204998,402521660.0,3679.0,37,3678.0,19
rb1805,20170818,20170817,210833500,3678.0,10972,204998,402521660.0,3679.0,37,3678.0,20
rb1805,20170818,20170817,210834000,3678.0,10972,204998,402521660.0,3679.0,37,3678.0,23
rb1805,20170818,20170817,210834500,3678.0,10976,204998,402668780.0,3679.0,37,3678.0,21
rb1805,20170818,20170817,210835000,3678.0,10976,204998,402668780.0,3679.0,37,3678.0,21
rb1805,20170818,20170817,210835500,3679.0,10978,205000,402742360.0,3679.0,36,3678.0,22
rb1805,20170818,20170817,210836000,3679.0,11000,205008,403551740.0,3679.0,25,3678.0,22
rb1805,20170818,20170817,210836500,3679.0,11046,205012,405244080.0,3679.0,2,3678.0,22
rb1805,20170818,20170817,210837000,3679.0,11050,205014,405391240.0,3680.0,105,3679.0,12
rb1805,20170818,20170817,210837500,3680.0,11072,205026,406200820.0,3680.0,90,3679.0,13
rb1805,20170818,20170817,210838000,3680.0,11180,204986,410175220.0,3680.0,36,3679.0,13
rb1805,20170818,20170817,210838500,3680.0,11180,204986,410175220.0,3680.0,36,3679.0,13
rb1805,20170818,20170817,210839000,3680.0,11182,204986,410248820.0,3680.0,36,3679.0,13
rb1805,20170818,20170817,210839500,3680.0,11188,204980,410469620.0,3680.0,21,3679.0,14
rb1805,20170818,20170817,210840000,3680.0,11230,204966,412015220.0,3681.0,30,3679.0,14
rb1805,20170818,20170817,210840500,3680.0,11230,204966,412015220.0,3681.0,30,3680.0,1
rb1805,20170818,20170817,210841000,3680.0,11230,204966,412015220.0,3681.0,13,3680.0,19
rb1805,20170818,20170817,210841500,3681.0,11234,204968,412162460.0,3681.0,12,3680.0,20
rb1805,20170818,20170817,210842000,3679.0,11322,204940,415401500.0,3680.0,24,3679.0,13
rb1805,20170818,20170817,210842500,3680.0,11368,204946,417094300.0,3680.0,1,3679.0,23
rb1805,20170818,20170817,210843000,3680.0,11370,204946,417167900.0,3682.0,45,3681.0,1
rb1805,20170818,20170817,210843500,3681.0,11378,204948,417462380.0,3681.0,6,3680.0,4
rb1805,20170818,20170817,210844000,3681.0,11386,204952,417756840.0,3682.0,45,3681.0,1
rb1805,20170818,20170817,210844500,3681.0,11394,204946,418051320.0,3681.0,1,3680.0,18
rb1805,20170818,20170817,210845000,3681.0,11410,204960,418640280.0,3681.0,6,3680.0,18
rb1805,20170818,20170817,210845500,3680.0,11412,204960,418713880.0,3681.0,12,3680.0,18
rb1805,20170818,20170817,210846000,3681.0,11436,204980,419597320.0,3682.0,40,3681.0,3
rb1805,20170818,20170817,210846500,3681.0,11436,204980,419597320.0,3682.0,28,3681.0,4
rb1805,20170818,20170817,210847000,3681.0,11436,204980,419597320.0,3682.0,41,3681.0,5
rb1805,20170818,20170817,210847500,3681.0,11436,204980,419597320.0,3682.0,41,3681.0,5
rb1805,20170818,20170817,210848000,3680.0,11468,204968,420775040.0,3682.0,41,3680.0,37
rb1805,20170818,20170817,210848500,3682.0,11470,204968,420848680.0,3681.0,1,3680.0,87
rb1805,20170818,20170817,210849000,3681.0,11500,204978,421953240.0,3682.0,28,3681.0,1
rb1805,20170818,20170817,210849500,3681.0,11550,204992,423793740.0,3682.0,39,3680.0,83
rb1805,20170818,20170817,210850000,3682.0,11552,204992,423867380.0,3681.0,1,3680.0,88
rb1805,20170818,20170817,210850500,3681.0,11566,204990,424382820.0,3682.0,34,3680.0,88
rb1805,20170818,20170817,210851000,3681.0,11566,204990,424382820.0,3682.0,23,3681.0,2
rb1805,20170818,20170817,210851500,3682.0,11568,204990,424456460.0,3682.0,23,3681.0,2
rb1805,20170818,20170817,210852000,3682.0,11580,204992,424898300.0,3682.0,17,3681.0,7
rb1805,20170818,20170817,210852500,3681.0,11584,204994,425045540.0,3682.0,18,3681.0,5
rb1805,20170818,20170817,210853000,3681.0,11584,204994,425045540.0,3682.0,19,3681.0,38
rb1805,20170818,20170817,210853500,3681.0,11590,204998,425266440.0,3682.0,17,3681.0,37
rb1805,20170818,20170817,210854000,3682.0,11596,204994,425487360.0,3682.0,13,3681.0,37
rb1805,20170818,20170817,210854500,3682.0,11604,204988,425781920.0,3682.0,9,3681.0,37
rb1805,20170818,20170817,210855000,3682.0,11624,204988,426518320.0,3682.0,1,3681.0,37
rb1805,20170818,20170817,210855500,3682.0,11626,204988,426591960.0,3683.0,19,3682.0,1
rb1805,20170818,20170817,210856000,3682.0,11626,204988,426591960.0,3683.0,24,3682.0,9
rb1805,20170818,20170817,210856500,3682.0,11630,204986,426739240.0,3683.0,24,3682.0,15
rb1805,20170818,20170817,210857000,3682.0,11630,204986,426739240.0,3683.0,35,3682.0,15
rb1805,20170818,20170817,210857500,3682.0,11650,204988,427475820.0,3683.0,26,3682.0,15
rb1805,20170818,20170817,210858000,3683.0,11692,204966,429022680.0,3683.0,7,3682.0,15
rb1805,20170818,20170817,210858500,3683.0,11734,204976,430569620.0,3684.0,28,3683.0,16
rb1805,20170818,20170817,210859000,3683.0,11744,204986,430937920.0,3684.0,28,3683.0,16
rb1805,20170818,20170817,210859500,3683.0,11772,204982,431969160.0,3684.0,31,3683.0,2
rb1805,20170818,20170817,210900000,3682.0,11786,204978,432484680.0,3684.0,25,3682.0,8
rb1805,20170818,20170817,210900500,3684.0,11804,204978,433147800.0,3684.0,14,3682.0,11
rb1805,20170818,20170817,210901000,3684.0,11858,204974,435137360.0,3685.0,22,3684.0,5
rb1805,20170818,20170817,210901500,3684.0,11882,204970,436021400.0,3684.0,3,3682.0,22
rb1805,20170818,20170817,210902000,3684.0,11884,204970,436095080.0,3684.0,12,3683.0,2
rb1805,20170818,20170817,210902500,3683.0,11892,204974,436389720.0,3683.0,6,3682.0,7
rb1805,20170818,20170817,210903000,3683.0,11892,204974,436389720.0,3683.0,8,3682.0,8
rb1805,20170818,20170817,210903500,3682.0,11902,204976,436757960.0,3683.0,7,3682.0,8
rb1805,20170818,20170817,210904000,3683.0,11918,204986,437347220.0,3684.0,49,3683.0,4
rb1805,20170818,20170817,210904500,3683.0,11932,204984,437862840.0,3683.0,10,3682.0,4
rb1805,20170818,20170817,210905000,3683.0,11946,204986,438378460.0,3684.0,49,3683.0,1
rb1805,20170818,20170817,210905500,3683.0,11964,204986,439041480.0,3684.0,63,3683.0,1
rb1805,20170818,20170817,210906000,3683.0,11964,204986,439041480.0,3683.0,11,3682.0,9
rb1805,20170818,20170817,210906500,3683.0,11990,205004,439999060.0,3683.0,6,3682.0,7
rb1805,20170818,20170817,210907000,3683.0,11990,205004,439999060.0,3683.0,3,3682.0,7
rb1805,20170818,20170817,210907500,3683.0,11996,205008,440220000.0,3683.0,3,3682.0,7
rb1805,20170818,20170817,210908000,3682.0,12000,205010,440367300.0,3683.0,14,3682.0,6
rb1805,20170818,20170817,210908500,3682.0,12008,205016,440661860.0,3683.0,14,3682.0,2
rb1805,20170818,20170817,210909000,3683.0,12010,205016,440735520.0,3683.0,13,3682.0,2
rb1805,20170818,20170817,210909500,3683.0,12010,205016,440735520.0,3683.0,14,3682.0,2
rb1805,20170818,20170817,210910000,3683.0,12012,205016,440809180.0,3683.0,13,3682.0,3
rb1805,20170818,20170817,210910500,3682.0,12022,205012,441177380.0,3683.0,26,3682.0,3
rb1805,20170818,20170817,210911000,3683.0,12024,205014,441251040.0,3683.0,25,3682.0,8
rb1805,20170818,20170817,210911500,3682.0,12030,205016,441471980.0,3683.0,25,3682.0,7
rb1805,20170818,20170817,210912000,3682.0,12032,205016,441545620.0,3683.0,26,3682.0,9
rb1805,20170818,20170817,210912500,3682.0,12034,205018,441619260.0,3683.0,26,3682.0,8
rb1805,20170818,20170817,210913000,3682.0,12038,205022,441766540.0,3683.0,27,3682.0,6
rb1805,20170818,20170817,210913500,3682.0,12050,205034,442208380.0,3682.0,1,3681.0,31
rb1805,20170818,20170817,210914000,3683.0,12114,205062,444565480.0,3683.0,9,3682.0,3
rb1805,20170818,20170817,210914500,3682.0,12140,205068,445523000.0,3684.0,64,3682.0,3
rb1805,20170818,20170817,210915000,3682.0,12140,205068,445523000.0,3683.0,1,3682.0,12
rb1805,20170818,20170817,210915500,3683.0,12142,205070,445596660.0,3684.0,59,3682.0,7
rb1805,20170818,20170817,210916000,3684.0,12148,205076,445817660.0,3684.0,72,3682.0,6
rb1805,20170818,20170817,210916500,3684.0,12148,205076,445817660.0,3683.0,16,3682.0,7
rb1805,20170818,20170817,210917000,3683.0,12158,205086,446185960.0,3683.0,11,3682.0,2
rb1805,20170818,20170817,210917500,3682.0,12166,205084,446480520.0,3682.0,9,3681.0,23
rb1805,20170818,20170817,210918000,3683.0,12186,205066,447216940.0,3683.0,16,3682.0,4
rb1805,20170818,20170817,210918500,3682.0,12196,205066,447585140.0,3682.0,11,3681.0,16
rb1805,20170818,20170817,210919000,3682.0,12204,205062,447879700.0,3682.0,7,3681.0,13
rb1805,20170818,20170817,210919500,3682.0,12206,205060,447953340.0,3683.0,34,3681.0,14
rb1805,20170818,20170817,210920000,3682.0,12206,205060,447953340.0,3683.0,52,3682.0,1
rb1805,20170818,20170817,210920500,3682.0,12210,205058,448100620.0,3682.0,3,3681.0,14
rb1805,20170818,20170817,210921000,3682.0,12214,205058,448247900.0,3683.0,37,3682.0,1
rb1805,20170818,20170817,210921500,3682.0,12216,205058,448321540.0,3682.0,7,3681.0,14
rb1805,20170818,20170817,210922000,3682.0,12216,205058,448321540.0,3682.0,4,3681.0,14
rb1805,20170818,20170817,210922500,3682.0,12220,205060,448468820.0,3682.0,1,3681.0,26
rb1805,20170818,20170817,210923000,3682.0,12228,205068,448763380.0,3682.0,1,3681.0,26
rb1805,20170818,20170817,210923500,3682.0,12228,205068,448763380.0,3682.0,2,3681.0,26
rb1805,20170818,20170817,210924000,3682.0,12230,205068,448837020.0,3682.0,1,3681.0,31
rb1805,20170818,20170817,210924500,3682.0,12230,205068,448837020.0,3682.0,4,3681.0,31
rb1805,20170818,20170817,210925000,3682.0,12234,205070,448984280.0,3682.0,3,3681.0,30
rb1805,20170818,20170817,210925500,3682.0,12238,205074,449131560.0,3683.0,39,3681.0,30
rb1805,20170818,20170817,210926000,3682.0,12238,205074,449131560.0,3683.0,54,3681.0,30
rb1805,20170818,20170817,210926500,3682.0,12238,205074,449131560.0,3682.0,1,3681.0,30
rb1805,20170818,20170817,210927000,3682.0,12240,205074,449205200.0,3683.0,33,3682.0,4
rb1805,20170818,20170817,210927500,3681.0,12250,205074,449573380.0,3682.0,5,3681.0,29
rb1805,20170818,20170817,210928000,3681.0,12252,205074,449647000.0,3682.0,2,3681.0,28
rb1805,20170818,20170817,210928500,3682.0,12254,205074,449720640.0,3682.0,5,3681.0,28
rb1805,20170818,20170817,210929000,3681.0,12266,205074,450162360.0,3682.0,12,3681.0,22
rb1805,20170818,20170817,210929500,3681.0,12266,205074,450162360.0,3682.0,12,3681.0,22
rb1805,20170818,20170817,210930000,3681.0,12268,205074,450235980.0,3682.0,12,3681.0,21
rb1805,20170818,20170817,210930500,3681.0,12268,205074,450235980.0,3682.0,13,3681.0,21
rb1805,20170818,20170817,210931000,3681.0,12312,205092,451855620.0,3681.0,12,3680.0,101
rb1805,20170818,20170817,210931500,3680.0,12314,205094,451929220.0,3681.0,2,3680.0,91
rb1805,20170818,20170817,210932000,3680.0,12318,205094,452076420.0,3681.0,5,3680.0,89
rb1805,20170818,20170817,210932500,3681.0,12322,205096,452223660.0,3681.0,3,3680.0,89
rb1805,20170818,20170817,210933000,3680.0,12394,205086,454873400.0,3682.0,37,3680.0,60
rb1805,20170818,20170817,210933500,3680.0,12394,205086,454873400.0,3682.0,27,3680.0,60
rb1805,20170818,20170817,210934000,3680.0,12398,205086,455020600.0,3682.0,25,3680.0,58
rb1805,20170818,20170817,210934500,3680.0,12404,205080,455241400.0,3682.0,26,3681.0,1
rb1805,20170818,20170817,210935000,3681.0,12408,205078,455388640.0,3682.0,26,3680.0,56
rb1805,20170818,20170817,210935500,3680.0,12426,205086,456051260.0,3682.0,24,3680.0,53
rb1805,20170818,20170817,210936000,3680.0,12426,205086,456051260.0,3682.0,27,3680.0,54
rb1805,20170818,20170817,210936500,3680.0,12426,205086,456051260.0,3682.0,27,3680.0,54
rb1805,20170818,20170817,210937000,3680.0,12428,205086,456124860.0,3682.0,27,3680.0,54
rb1805,20170818,20170817,210937500,3680.0,12428,205086,456124860.0,3682.0,32,3680.0,54
rb1805,20170818,20170817,210938000,3680.0,12428,205086,456124860.0,3681.0,3,3680.0,56
rb1805,20170818,20170817,210938500,3680.0,12432,205082,456272060.0,3681.0,3,3680.0,55
rb1805,20170818,20170817,210939000,3681.0,12438,205082,456492920.0,3682.0,40,3680.0,56
rb1805,20170818,20170817,210939500,3680.0,12458,205082,457229200.0,3682.0,33,3680.0,66
rb1805,20170818,20170817,210940000,3680.0,12458,205082,457229200.0,3682.0,33,3680.0,66
rb1805,20170818,20170817,210940500,3680.0,12462,205080,457376400.0,3682.0,28,3681.0,1
rb1805,20170818,20170817,210941000,3681.0,12464,205080,457450020.0,3681.0,1,3680.0,69
rb1805,20170818,20170817,210941500,3681.0,12472,205082,457744500.0,3682.0,25,3681.0,19
rb1805,20170818,20170817,210942000,3681.0,12474,205082,457818120.0,3682.0,31,3681.0,15
rb1805,20170818,20170817,210942500,3681.0,12474,205082,457818120.0,3682.0,31,3681.0,14
rb1805,20170818,20170817,210943000,3681.0,12478,205084,457965360.0,3682.0,34,3681.0,8
rb1805,20170818,20170817,210943500,3680.0,12632,204998,463632720.0,3680.0,4,3679.0,8
rb1805,20170818,20170817,210944000,3680.0,12632,204998,463632720.0,3680.0,4,3679.0,8
rb1805,20170818,20170817,210944500,3681.0,12646,205002,464147980.0,3681.0,19,3680.0,7
rb1805,20170818,20170817,210945000,3680.0,12664,205004,464810380.0,3680.0,10,3679.0,13
rb1805,20170818,20170817,210945500,3680.0,12664,205004,464810380.0,3680.0,2,3679.0,13
rb1805,20170818,20170817,210946000,3680.0,12664,205004,464810380.0,3680.0,5,3679.0,13
rb1805,20170818,20170817,210946500,3680.0,12668,205004,464957580.0,3681.0,47,3680.0,1
rb1805,20170818,20170817,210947000,3680.0,12674,205006,465178360.0,3680.0,12,3679.0,12
rb1805,20170818,20170817,210947500,3680.0,12680,205006,465399160.0,3680.0,12,3679.0,12
rb1805,20170818,20170817,210948000,3680.0,12680,205006,465399160.0,3680.0,24,3679.0,12
rb1805,20170818,20170817,210948500,3680.0,12680,205006,465399160.0,3680.0,21,3679.0,13
rb1805,20170818,20170817,210949000,3679.0,12682,205006,465472740.0,3680.0,21,3679.0,12
rb1805,20170818,20170817,210949500,3679.0,12686,205004,465619900.0,3680.0,21,3679.0,10
rb1805,20170818,20170817,210950000,3679.0,12690,205004,465767080.0,3680.0,14,3679.0,9
rb1805,20170818,20170817,210950500,3679.0,12708,204988,466429300.0,3680.0,18,3679.0,6
rb1805,20170818,20170817,210951000,3679.0,12708,204988,466429300.0,3680.0,24,3679.0,6
rb1805,20170818,20170817,210951500,3679.0,12710,204990,466502880.0,3680.0,24,3679.0,5
rb1805,20170818,20170817,210952000,3679.0,12710,204990,466502880.0,3680.0,26,3679.0,5
rb1805,20170818,20170817,210952500,3679.0,12710,204990,466502880.0,3680.0,26,3679.0,5
rb1805,20170818,20170817,210953000,3679.0,12712,204992,466576460.0,3680.0,26,3679.0,6
rb1805,20170818,20170817,210953500,3679.0,12712,204992,466576460.0,3680.0,26,3679.0,6
