instrument,tradingday,calendarday,time,lastp,volume,openinterest,turnover,ask1,asksz1,bid1,bidsz1
rb1805,20170802,20170801,183316500,3437.0,0,106178,0.0,0.0,0,0.0,0
rb1805,20170802,20170801,205900500,3437.0,18,106162,618660.0,3440.0,2,3432.0,1
rb1805,20170802,20170801,210000500,3432.0,28,106172,961860.0,3435.0,6,3431.0,1
rb1805,20170802,20170801,210001000,3426.0,44,106174,1510560.0,3431.0,1,3425.0,5
rb1805,20170802,20170801,210001500,3425.0,48,106176,1647580.0,3430.0,1,3425.0,7
rb1805,20170802,20170801,210002000,3425.0,52,106176,1784580.0,3430.0,1,3425.0,5
rb1805,20170802,20170801,210002500,3429.0,56,106172,1921740.0,3429.0,1,3428.0,1
rb1805,20170802,20170801,210003000,3426.0,62,106170,2127340.0,3427.0,1,3426.0,1
rb1805,20170802,20170801,210003500,3420.0,92,106164,3154360.0,3427.0,4,3420.0,7
rb1805,20170802,20170801,210004000,3427.0,96,106164,3291440.0,3429.0,1,3427.0,1
rb1805,20170802,20170801,210004500,3427.0,98,106164,3359980.0,3423.0,3,3421.0,2
rb1805,20170802,20170801,210005000,3423.0,116,106170,3975760.0,3430.0,1,3423.0,2
rb1805,20170802,20170801,210005500,3423.0,198,106194,6782520.0,3423.0,29,3418.0,2
rb1805,20170802,20170801,210006000,3419.0,214,106210,7329420.0,3419.0,2,3416.0,1
rb1805,20170802,20170801,210006500,3416.0,226,106218,7739640.0,3418.0,2,3415.0,1
rb1805,20170802,20170801,210007000,3412.0,240,106212,8217520.0,3418.0,35,3412.0,8
rb1805,20170802,20170801,210007500,3418.0,252,106214,8627560.0,3418.0,38,3412.0,7
rb1805,20170802,20170801,210008000,3408.0,286,106202,9787160.0,3412.0,1,3407.0,32
rb1805,20170802,20170801,210008500,3404.0,334,106196,11423100.0,3407.0,1,3402.0,31
rb1805,20170802,20170801,210009000,3403.0,350,106188,11968140.0,3411.0,30,3402.0,4
rb1805,20170802,20170801,210009500,3409.0,370,106192,12650160.0,3412.0,3,3403.0,2
rb1805,20170802,20170801,210010000,3412.0,372,106192,12718400.0,3411.0,1,3407.0,3
rb1805,20170802,20170801,210010500,3412.0,382,106190,13059580.0,3418.0,41,3411.0,1
rb1805,20170802,20170801,210011000,3412.0,386,106194,13196060.0,3417.0,8,3412.0,1
rb1805,20170802,20170801,210011500,3412.0,386,106194,13196060.0,3417.0,15,3415.0,1
rb1805,20170802,20170801,210012000,3412.0,386,106194,13196060.0,3417.0,10,3415.0,4
rb1805,20170802,20170801,210012500,3416.0,398,106186,13605880.0,3416.0,2,3412.0,4
rb1805,20170802,20170801,210013000,3416.0,400,106188,13674200.0,3415.0,1,3413.0,1
rb1805,20170802,20170801,210013500,3415.0,420,106186,14357320.0,3417.0,1,3415.0,1
rb1805,20170802,20170801,210014000,3415.0,424,106182,14493920.0,3417.0,2,3416.0,1
rb1805,20170802,20170801,210014500,3417.0,440,106172,15040620.0,3418.0,5,3414.0,1
rb1805,20170802,20170801,210015000,3418.0,450,106182,15382420.0,3419.0,15,3415.0,9
rb1805,20170802,20170801,210015500,3418.0,450,106182,15382420.0,3419.0,15,3415.0,12
rb1805,20170802,20170801,210016000,3418.0,450,106182,15382420.0,3419.0,15,3415.0,12
rb1805,20170802,20170801,210016500,3418.0,450,106182,15382420.0,3419.0,15,3415.0,14
rb1805,20170802,20170801,210017000,3418.0,450,106182,15382420.0,3419.0,15,3415.0,14
rb1805,20170802,20170801,210017500,3415.0,454,106182,15519020.0,3419.0,15,3415.0,13
rb1805,20170802,20170801,210018000,3419.0,456,106182,15587400.0,3419.0,14,3415.0,13
rb1805,20170802,20170801,210018500,3419.0,456,106182,15587400.0,3419.0,14,3415.0,13
rb1805,20170802,20170801,210019000,3419.0,456,106182,15587400.0,3419.0,14,3415.0,16
rb1805,20170802,20170801,210019500,3416.0,458,106182,15655720.0,3419.0,14,3416.0,3
rb1805,20170802,20170801,210020000,3416.0,458,106182,15655720.0,3419.0,14,3417.0,5
rb1805,20170802,20170801,210020500,3419.0,474,106186,16202640.0,3419.0,15,3418.0,3
rb1805,20170802,20170801,210021000,3418.0,488,106186,16681240.0,3418.0,3,3416.0,8
rb1805,20170802,20170801,210021500,3418.0,488,106186,16681240.0,3419.0,11,3417.0,8
rb1805,20170802,20170801,210022000,3418.0,488,106186,16681240.0,3419.0,8,3417.0,8
rb1805,20170802,20170801,210022500,3419.0,492,106184,16817980.0,3419.0,10,3418.0,2
rb1805,20170802,20170801,210023000,3419.0,492,106184,16817980.0,3419.0,7,3418.0,2
rb1805,20170802,20170801,210023500,3419.0,492,106184,16817980.0,3419.0,7,3418.0,2
rb1805,20170802,20170801,210024000,3418.0,502,106176,17159840.0,3419.0,4,3417.0,5
rb1805,20170802,20170801,210024500,3417.0,506,106172,17296520.0,3418.0,3,3417.0,3
rb1805,20170802,20170801,210025000,3417.0,506,106172,17296520.0,3419.0,4,3417.0,3
rb1805,20170802,20170801,210025500,3417.0,506,106172,17296520.0,3419.0,4,3417.0,3
rb1805,20170802,20170801,210026000,3417.0,506,106172,17296520.0,3419.0,4,3417.0,3
rb1805,20170802,20170801,210027000,3419.0,508,106172,17364900.0,3419.0,3,3418.0,1
rb1805,20170802,20170801,210027500,3419.0,508,106172,17364900.0,3419.0,4,3418.0,1
rb1805,20170802,20170801,210028000,3419.0,512,106170,17501660.0,3419.0,2,3418.0,1
rb1805,20170802,20170801,210028500,3419.0,512,106170,17501660.0,3419.0,2,3418.0,1
rb1805,20170802,20170801,210029000,3419.0,512,106170,17501660.0,3419.0,2,3418.0,1
rb1805,20170802,20170801,210029500,3417.0,524,106162,17911720.0,3417.0,19,3416.0,9
rb1805,20170802,20170801,210030000,3417.0,556,106146,19005160.0,3417.0,3,3416.0,10
rb1805,20170802,20170801,210030500,3417.0,562,106140,19210180.0,3419.0,2,3417.0,1
rb1805,20170802,20170801,210031000,3419.0,564,106142,19278560.0,3419.0,1,3417.0,1
rb1805,20170802,20170801,210032000,3419.0,566,106142,19346940.0,3423.0,1,3417.0,1
rb1805,20170802,20170801,210032500,3417.0,568,106144,19415280.0,3422.0,2,3416.0,10
rb1805,20170802,20170801,210033000,3417.0,568,106144,19415280.0,3422.0,11,3416.0,10
rb1805,20170802,20170801,210033500,3422.0,570,106144,19483720.0,3422.0,2,3418.0,1
rb1805,20170802,20170801,210034000,3422.0,570,106144,19483720.0,3422.0,2,3418.0,1
rb1805,20170802,20170801,210034500,3422.0,570,106144,19483720.0,3421.0,2,3418.0,1
rb1805,20170802,20170801,210035000,3418.0,572,106144,19552080.0,3419.0,1,3416.0,10
rb1805,20170802,20170801,210035500,3419.0,574,106142,19620460.0,3421.0,7,3418.0,2
rb1805,20170802,20170801,210036000,3418.0,578,106142,19757180.0,3421.0,5,3416.0,12
rb1805,20170802,20170801,210036500,3421.0,580,106144,19825600.0,3421.0,1,3416.0,10
rb1805,20170802,20170801,210037000,3421.0,580,106144,19825600.0,3421.0,1,3416.0,10
rb1805,20170802,20170801,210037500,3421.0,580,106144,19825600.0,3421.0,1,3416.0,10
rb1805,20170802,20170801,210038000,3421.0,580,106144,19825600.0,3421.0,1,3418.0,1
rb1805,20170802,20170801,210038500,3421.0,580,106144,19825600.0,3422.0,3,3419.0,1
rb1805,20170802,20170801,210039000,3421.0,580,106144,19825600.0,3421.0,1,3418.0,1
rb1805,20170802,20170801,210039500,3418.0,582,106142,19893960.0,3421.0,3,3418.0,5
rb1805,20170802,20170801,210040000,3419.0,590,106138,20167480.0,3420.0,1,3418.0,3
rb1805,20170802,20170801,210040500,3419.0,590,106138,20167480.0,3420.0,1,3418.0,3
rb1805,20170802,20170801,210041500,3418.0,596,106144,20372560.0,3418.0,3,3416.0,11
rb1805,20170802,20170801,210042000,3418.0,604,106142,20646000.0,3420.0,3,3418.0,1
rb1805,20170802,20170801,210042500,3418.0,604,106142,20646000.0,3420.0,4,3418.0,1
rb1805,20170802,20170801,210043000,3418.0,606,106142,20714360.0,3420.0,1,3417.0,2
rb1805,20170802,20170801,210044000,3418.0,606,106142,20714360.0,3420.0,1,3417.0,3
rb1805,20170802,20170801,210044500,3418.0,606,106142,20714360.0,3420.0,1,3417.0,3
rb1805,20170802,20170801,210045000,3418.0,606,106142,20714360.0,3420.0,2,3418.0,1
rb1805,20170802,20170801,210045500,3418.0,606,106142,20714360.0,3420.0,2,3418.0,1
rb1805,20170802,20170801,210046500,3418.0,606,106142,20714360.0,3420.0,2,3418.0,1
rb1805,20170802,20170801,210047000,3418.0,606,106142,20714360.0,3420.0,2,3418.0,1
rb1805,20170802,20170801,210047500,3418.0,606,106142,20714360.0,3420.0,2,3418.0,1
rb1805,20170802,20170801,210048000,3418.0,606,106142,20714360.0,3420.0,2,3417.0,3
rb1805,20170802,20170801,210048500,3418.0,606,106142,20714360.0,3420.0,2,3417.0,4
rb1805,20170802,20170801,210049000,3418.0,606,106142,20714360.0,3420.0,2,3417.0,7
rb1805,20170802,20170801,210049500,3418.0,612,106136,20919440.0,3418.0,2,3417.0,7
rb1805,20170802,20170801,210050000,3418.0,616,106132,21056160.0,3420.0,4,3418.0,2
rb1805,20170802,20170801,210050500,3418.0,616,106132,21056160.0,3420.0,2,3417.0,4
rb1805,20170802,20170801,210051000,3418.0,616,106132,21056160.0,3420.0,2,3418.0,2
rb1805,20170802,20170801,210051500,3418.0,616,106132,21056160.0,3420.0,2,3418.0,2
rb1805,20170802,20170801,210052500,3418.0,616,106132,21056160.0,3420.0,2,3418.0,5
rb1805,20170802,20170801,210053000,3418.0,616,106132,21056160.0,3420.0,2,3418.0,6
rb1805,20170802,20170801,210053500,3418.0,616,106132,21056160.0,3420.0,2,3419.0,2
rb1805,20170802,20170801,210054000,3418.0,616,106132,21056160.0,3420.0,2,3419.0,5
rb1805,20170802,20170801,210054500,3420.0,620,106132,21192960.0,3422.0,6,3419.0,6
rb1805,20170802,20170801,210055000,3420.0,620,106132,21192960.0,3421.0,1,3419.0,6
rb1805,20170802,20170801,210055500,3420.0,620,106132,21192960.0,3421.0,1,3419.0,6
rb1805,20170802,20170801,210056500,3420.0,620,106132,21192960.0,3420.0,1,3419.0,6
rb1805,20170802,20170801,210057000,3419.0,624,106134,21329740.0,3422.0,3,3419.0,5
rb1805,20170802,20170801,210057500,3419.0,624,106134,21329740.0,3421.0,1,3419.0,5
rb1805,20170802,20170801,210058000,3419.0,624,106134,21329740.0,3421.0,1,3419.0,5
rb1805,20170802,20170801,210058500,3419.0,626,106136,21398120.0,3420.0,5,3419.0,4
rb1805,20170802,20170801,210059000,3419.0,630,106132,21534900.0,3420.0,4,3419.0,3
rb1805,20170802,20170801,210059500,3419.0,636,106128,21740040.0,3420.0,4,3418.0,16
rb1805,20170802,20170801,210100000,3420.0,642,106122,21945240.0,3420.0,1,3418.0,18
rb1805,20170802,20170801,210100500,3418.0,660,106108,22560480.0,3420.0,1,3419.0,15
rb1805,20170802,20170801,210101000,3419.0,692,106100,23654560.0,3419.0,1,3418.0,8
rb1805,20170802,20170801,210101500,3420.0,694,106100,23722960.0,3422.0,3,3419.0,1
rb1805,20170802,20170801,210102000,3419.0,696,106102,23791340.0,3419.0,1,3418.0,7
rb1805,20170802,20170801,210102500,3419.0,698,106102,23859720.0,3421.0,2,3419.0,4
rb1805,20170802,20170801,210103000,3419.0,706,106102,24133240.0,3421.0,2,3419.0,1
rb1805,20170802,20170801,210103500,3419.0,706,106102,24133240.0,3421.0,7,3419.0,1
rb1805,20170802,20170801,210104000,3419.0,706,106102,24133240.0,3420.0,5,3418.0,7
rb1805,20170802,20170801,210104500,3420.0,710,106106,24270040.0,3420.0,3,3418.0,8
rb1805,20170802,20170801,210105000,3420.0,710,106106,24270040.0,3420.0,3,3419.0,10
rb1805,20170802,20170801,210105500,3420.0,710,106106,24270040.0,3420.0,3,3419.0,10
rb1805,20170802,20170801,210106500,3420.0,712,106108,24338440.0,3420.0,7,3419.0,10
rb1805,20170802,20170801,210107000,3419.0,716,106106,24475200.0,3420.0,2,3419.0,8
rb1805,20170802,20170801,210107500,3419.0,716,106106,24475200.0,3420.0,2,3419.0,8
rb1805,20170802,20170801,210108500,3420.0,720,106106,24612000.0,3421.0,7,3419.0,8
rb1805,20170802,20170801,210109000,3420.0,720,106106,24612000.0,3421.0,7,3419.0,8
rb1805,20170802,20170801,210109500,3420.0,720,106106,24612000.0,3421.0,7,3420.0,1
rb1805,20170802,20170801,210110000,3420.0,720,106106,24612000.0,3421.0,2,3420.0,1
rb1805,20170802,20170801,210111500,3420.0,720,106106,24612000.0,3421.0,2,3420.0,1
rb1805,20170802,20170801,210112000,3420.0,720,106106,24612000.0,3421.0,2,3420.0,1
rb1805,20170802,20170801,210112500,3420.0,720,106106,24612000.0,3422.0,11,3420.0,1
rb1805,20170802,20170801,210113000,3422.0,736,106106,25159520.0,3422.0,3,3420.0,2
rb1805,20170802,20170801,210113500,3422.0,740,106102,25296400.0,3422.0,1,3420.0,2
rb1805,20170802,20170801,210114000,3422.0,740,106102,25296400.0,3422.0,1,3420.0,1
rb1805,20170802,20170801,210114500,3422.0,740,106102,25296400.0,3422.0,1,3420.0,2
rb1805,20170802,20170801,210115000,3422.0,740,106102,25296400.0,3422.0,1,3420.0,2
rb1805,20170802,20170801,210115500,3422.0,740,106102,25296400.0,3422.0,1,3420.0,6
rb1805,20170802,20170801,210116000,3422.0,740,106102,25296400.0,3423.0,4,3420.0,6
rb1805,20170802,20170801,210116500,3422.0,740,106102,25296400.0,3423.0,6,3420.0,7
rb1805,20170802,20170801,210117000,3422.0,740,106102,25296400.0,3423.0,1,3422.0,1
rb1805,20170802,20170801,210117500,3423.0,742,106100,25364860.0,3424.0,2,3422.0,6
rb1805,20170802,20170801,210118000,3423.0,742,106100,25364860.0,3424.0,2,3422.0,6
rb1805,20170802,20170801,210118500,3424.0,744,106100,25433340.0,3424.0,1,3422.0,6
rb1805,20170802,20170801,210119000,3422.0,750,106098,25638660.0,3424.0,1,3423.0,1
rb1805,20170802,20170801,210119500,3424.0,752,106098,25707140.0,3425.0,9,3424.0,1
rb1805,20170802,20170801,210120000,3425.0,754,106098,25775640.0,3425.0,8,3424.0,1
rb1805,20170802,20170801,210120500,3425.0,754,106098,25775640.0,3425.0,8,3424.0,1
rb1805,20170802,20170801,210121000,3424.0,756,106100,25844120.0,3425.0,8,3423.0,5
rb1805,20170802,20170801,210121500,3425.0,764,106100,26118120.0,3425.0,4,3423.0,8
rb1805,20170802,20170801,210122000,3425.0,766,106100,26186620.0,3425.0,3,3424.0,1
rb1805,20170802,20170801,210122500,3427.0,780,106098,26666220.0,3427.0,11,3425.0,16
rb1805,20170802,20170801,210123000,3428.0,804,106118,27488720.0,3428.0,1,3425.0,3
rb1805,20170802,20170801,210123500,3428.0,804,106118,27488720.0,3428.0,6,3425.0,3
rb1805,20170802,20170801,210124000,3428.0,804,106118,27488720.0,3427.0,2,3425.0,3
rb1805,20170802,20170801,210124500,3428.0,804,106118,27488720.0,3427.0,7,3425.0,3
rb1805,20170802,20170801,210125000,3428.0,804,106118,27488720.0,3427.0,7,3425.0,3
rb1805,20170802,20170801,210125500,3428.0,806,106118,27557280.0,3427.0,1,3425.0,3
rb1805,20170802,20170801,210126000,3428.0,806,106118,27557280.0,3427.0,1,3425.0,3
rb1805,20170802,20170801,210126500,3428.0,806,106118,27557280.0,3427.0,1,3426.0,1
rb1805,20170802,20170801,210127000,3427.0,808,106118,27625820.0,3428.0,6,3425.0,4
rb1805,20170802,20170801,210127500,3427.0,808,106118,27625820.0,3428.0,6,3425.0,4
rb1805,20170802,20170801,210128000,3427.0,808,106118,27625820.0,3426.0,1,3425.0,3
rb1805,20170802,20170801,210128500,3427.0,808,106118,27625820.0,3426.0,1,3423.0,8
rb1805,20170802,20170801,210129000,3427.0,808,106118,27625820.0,3426.0,6,3425.0,3
rb1805,20170802,20170801,210129500,3427.0,808,106118,27625820.0,3426.0,1,3425.0,3
rb1805,20170802,20170801,210130000,3427.0,808,106118,27625820.0,3426.0,1,3425.0,3
rb1805,20170802,20170801,210130500,3427.0,810,106118,27694360.0,3428.0,6,3427.0,29
rb1805,20170802,20170801,210131000,3427.0,816,106122,27899980.0,3428.0,4,3427.0,26
rb1805,20170802,20170801,210131500,3427.0,816,106122,27899980.0,3428.0,4,3427.0,26
rb1805,20170802,20170801,210132000,3427.0,816,106122,27899980.0,3428.0,4,3427.0,26
rb1805,20170802,20170801,210132500,3427.0,816,106122,27899980.0,3428.0,4,3427.0,26
rb1805,20170802,20170801,210133000,3427.0,826,106122,28242680.0,3428.0,1,3427.0,21
rb1805,20170802,20170801,210133500,3427.0,826,106122,28242680.0,3428.0,1,3427.0,21
rb1805,20170802,20170801,210134000,3428.0,828,106120,28311240.0,3430.0,5,3427.0,21
rb1805,20170802,20170801,210134500,3428.0,828,106120,28311240.0,3429.0,4,3427.0,24
rb1805,20170802,20170801,210135500,3428.0,828,106120,28311240.0,3429.0,3,3427.0,27
rb1805,20170802,20170801,210136000,3428.0,828,106120,28311240.0,3429.0,3,3427.0,27
rb1805,20170802,20170801,210136500,3428.0,828,106120,28311240.0,3429.0,3,3427.0,27
rb1805,20170802,20170801,210137000,3428.0,828,106120,28311240.0,3428.0,1,3427.0,27
rb1805,20170802,20170801,210137500,3428.0,828,106120,28311240.0,3428.0,1,3427.0,27
rb1805,20170802,20170801,210138000,3429.0,832,106120,28448380.0,3429.0,2,3427.0,27
rb1805,20170802,20170801,210138500,3429.0,832,106120,28448380.0,3429.0,2,3427.0,27
rb1805,20170802,20170801,210139000,3428.0,836,106116,28585500.0,3429.0,3,3427.0,24
rb1805,20170802,20170801,210139500,3429.0,840,106120,28722660.0,3429.0,1,3427.0,24
rb1805,20170802,20170801,210140000,3429.0,840,106120,28722660.0,3430.0,20,3429.0,1
rb1805,20170802,20170801,210140500,3429.0,842,106122,28791240.0,3430.0,15,3427.0,29
rb1805,20170802,20170801,210141000,3429.0,842,106122,28791240.0,3430.0,17,3428.0,5
rb1805,20170802,20170801,210141500,3429.0,842,106122,28791240.0,3430.0,12,3428.0,5
rb1805,20170802,20170801,210142000,3429.0,842,106122,28791240.0,3430.0,12,3428.0,8
rb1805,20170802,20170801,210142500,3429.0,842,106122,28791240.0,3430.0,12,3428.0,8
rb1805,20170802,20170801,210143000,3430.0,844,106122,28859840.0,3430.0,11,3428.0,8
rb1805,20170802,20170801,210143500,3430.0,854,106124,29202840.0,3430.0,6,3429.0,3
rb1805,20170802,20170801,210144000,3430.0,862,106132,29477240.0,3430.0,2,3428.0,8
rb1805,20170802,20170801,210144500,3430.0,862,106132,29477240.0,3430.0,2,3428.0,5
rb1805,20170802,20170801,210145000,3430.0,862,106132,29477240.0,3430.0,2,3428.0,8
rb1805,20170802,20170801,210145500,3430.0,862,106132,29477240.0,3430.0,7,3428.0,8
rb1805,20170802,20170801,210146000,3428.0,864,106132,29545800.0,3430.0,7,3428.0,4
rb1805,20170802,20170801,210146500,3428.0,864,106132,29545800.0,3430.0,7,3428.0,4
rb1805,20170802,20170801,210147000,3428.0,864,106132,29545800.0,3430.0,8,3428.0,4
rb1805,20170802,20170801,210147500,3428.0,864,106132,29545800.0,3430.0,7,3428.0,4
rb1805,20170802,20170801,210148000,3428.0,864,106132,29545800.0,3430.0,7,3428.0,7
rb1805,20170802,20170801,210148500,3428.0,864,106132,29545800.0,3430.0,7,3428.0,4
rb1805,20170802,20170801,210149000,3428.0,864,106132,29545800.0,3430.0,7,3428.0,4
rb1805,20170802,20170801,210149500,3428.0,864,106132,29545800.0,3430.0,7,3428.0,4
rb1805,20170802,20170801,210150000,3428.0,866,106132,29614360.0,3430.0,7,3429.0,5
rb1805,20170802,20170801,210150500,3429.0,874,106132,29888660.0,3430.0,10,3429.0,1
rb1805,20170802,20170801,210151000,3429.0,876,106134,29957240.0,3429.0,6,3427.0,25
rb1805,20170802,20170801,210151500,3429.0,876,106134,29957240.0,3429.0,6,3427.0,25
rb1805,20170802,20170801,210152000,3429.0,878,106132,30025820.0,3428.0,1,3427.0,25
rb1805,20170802,20170801,210152500,3429.0,878,106132,30025820.0,3428.0,1,3427.0,22
rb1805,20170802,20170801,210153000,3429.0,878,106132,30025820.0,3428.0,4,3427.0,22
rb1805,20170802,20170801,210153500,3429.0,878,106132,30025820.0,3428.0,4,3427.0,22
rb1805,20170802,20170801,210154500,3429.0,878,106132,30025820.0,3428.0,4,3427.0,22
rb1805,20170802,20170801,210155000,3428.0,884,106134,30231500.0,3428.0,1,3427.0,22
rb1805,20170802,20170801,210155500,3428.0,884,106134,30231500.0,3428.0,1,3427.0,22
rb1805,20170802,20170801,210156500,3428.0,886,106132,30300060.0,3429.0,5,3427.0,22
rb1805,20170802,20170801,210157500,3428.0,886,106132,30300060.0,3429.0,6,3427.0,22
rb1805,20170802,20170801,210158500,3428.0,886,106132,30300060.0,3429.0,6,3427.0,22
rb1805,20170802,20170801,210159000,3429.0,888,106132,30368640.0,3429.0,10,3427.0,22
rb1805,20170802,20170801,210159500,3429.0,888,106132,30368640.0,3429.0,10,3427.0,22
rb1805,20170802,20170801,210200500,3429.0,888,106132,30368640.0,3429.0,10,3427.0,22
rb1805,20170802,20170801,210201000,3429.0,888,106132,30368640.0,3429.0,10,3427.0,22
rb1805,20170802,20170801,210201500,3427.0,890,106132,30437180.0,3429.0,11,3427.0,24
rb1805,20170802,20170801,210202000,3427.0,890,106132,30437180.0,3429.0,11,3428.0,1
rb1805,20170802,20170801,210202500,3428.0,892,106130,30505740.0,3428.0,5,3427.0,24
rb1805,20170802,20170801,210203000,3429.0,894,106130,30574320.0,3429.0,5,3427.0,27
rb1805,20170802,20170801,210203500,3429.0,894,106130,30574320.0,3429.0,10,3427.0,21
rb1805,20170802,20170801,210204000,3427.0,896,106130,30642860.0,3429.0,10,3427.0,20
rb1805,20170802,20170801,210204500,3427.0,896,106130,30642860.0,3428.0,4,3427.0,20
rb1805,20170802,20170801,210205000,3427.0,896,106130,30642860.0,3429.0,10,3427.0,20
rb1805,20170802,20170801,210206000,3427.0,896,106130,30642860.0,3429.0,5,3427.0,23
rb1805,20170802,20170801,210206500,3427.0,896,106130,30642860.0,3429.0,5,3427.0,23
rb1805,20170802,20170801,210207000,3427.0,896,106130,30642860.0,3429.0,2,3427.0,26
rb1805,20170802,20170801,210207500,3427.0,896,106130,30642860.0,3429.0,2,3428.0,1
rb1805,20170802,20170801,210208000,3427.0,896,106130,30642860.0,3429.0,2,3428.0,4
rb1805,20170802,20170801,210208500,3427.0,896,106130,30642860.0,3429.0,2,3428.0,4
rb1805,20170802,20170801,210209000,3427.0,896,106130,30642860.0,3429.0,2,3428.0,4
rb1805,20170802,20170801,210209500,3427.0,896,106130,30642860.0,3429.0,2,3428.0,4
rb1805,20170802,20170801,210210000,3428.0,898,106128,30711420.0,3429.0,2,3428.0,3
rb1805,20170802,20170801,210211000,3428.0,898,106128,30711420.0,3429.0,2,3428.0,3
rb1805,20170802,20170801,210213000,3428.0,898,106128,30711420.0,3429.0,2,3428.0,3
rb1805,20170802,20170801,210213500,3428.0,898,106128,30711420.0,3429.0,2,3428.0,3
rb1805,20170802,20170801,210214000,3428.0,898,106128,30711420.0,3429.0,2,3427.0,27
rb1805,20170802,20170801,210215500,3429.0,904,106132,30917140.0,3430.0,19,3427.0,27
rb1805,20170802,20170801,210216000,3429.0,904,106132,30917140.0,3429.0,2,3427.0,27
rb1805,20170802,20170801,210216500,3429.0,904,106132,30917140.0,3429.0,2,3427.0,30
rb1805,20170802,20170801,210217000,3429.0,904,106132,30917140.0,3429.0,2,3427.0,30
rb1805,20170802,20170801,210218500,3429.0,904,106132,30917140.0,3429.0,7,3427.0,27
rb1805,20170802,20170801,210219000,3429.0,904,106132,30917140.0,3429.0,7,3427.0,27
rb1805,20170802,20170801,210220000,3427.0,906,106134,30985680.0,3429.0,7,3427.0,26
rb1805,20170802,20170801,210220500,3429.0,924,106148,31602900.0,3430.0,15,3429.0,13
rb1805,20170802,20170801,210221000,3429.0,938,106150,32082960.0,3430.0,15,3429.0,6
rb1805,20170802,20170801,210221500,3429.0,938,106150,32082960.0,3430.0,10,3429.0,6
rb1805,20170802,20170801,210223000,3429.0,944,106156,32288720.0,3430.0,9,3429.0,4
rb1805,20170802,20170801,210223500,3429.0,944,106156,32288720.0,3430.0,9,3429.0,4
rb1805,20170802,20170801,210224000,3429.0,944,106156,32288720.0,3430.0,9,3429.0,4
rb1805,20170802,20170801,210225000,3429.0,944,106156,32288720.0,3430.0,9,3429.0,4
rb1805,20170802,20170801,210226000,3429.0,946,106156,32357300.0,3430.0,9,3429.0,3
rb1805,20170802,20170801,210227000,3429.0,950,106156,32494460.0,3430.0,9,3429.0,1
rb1805,20170802,20170801,210227500,3429.0,952,106158,32563040.0,3430.0,9,3427.0,26
rb1805,20170802,20170801,210228000,3429.0,952,106158,32563040.0,3430.0,6,3428.0,2
rb1805,20170802,20170801,210228500,3428.0,956,106158,32700160.0,3428.0,3,3427.0,31
rb1805,20170802,20170801,210229000,3428.0,956,106158,32700160.0,3428.0,3,3427.0,31
rb1805,20170802,20170801,210229500,3428.0,956,106158,32700160.0,3428.0,3,3427.0,32
rb1805,20170802,20170801,210230000,3428.0,970,106160,33179960.0,3428.0,2,3427.0,25
rb1805,20170802,20170801,210230500,3428.0,970,106160,33179960.0,3428.0,2,3427.0,25
rb1805,20170802,20170801,210231000,3428.0,976,106158,33385640.0,3430.0,6,3428.0,4
rb1805,20170802,20170801,210231500,3428.0,976,106158,33385640.0,3430.0,9,3428.0,1
rb1805,20170802,20170801,210232000,3428.0,976,106158,33385640.0,3430.0,9,3428.0,4
rb1805,20170802,20170801,210234500,3428.0,976,106158,33385640.0,3430.0,9,3428.0,4
rb1805,20170802,20170801,210236500,3428.0,976,106158,33385640.0,3429.0,2,3428.0,9
rb1805,20170802,20170801,210237000,3428.0,976,106158,33385640.0,3429.0,2,3428.0,7
rb1805,20170802,20170801,210237500,3428.0,976,106158,33385640.0,3429.0,2,3428.0,1
rb1805,20170802,20170801,210238000,3428.0,976,106158,33385640.0,3429.0,7,3428.0,4
rb1805,20170802,20170801,210239000,3428.0,978,106158,33454200.0,3429.0,7,3428.0,3
rb1805,20170802,20170801,210239500,3429.0,980,106160,33522780.0,3429.0,6,3428.0,3
rb1805,20170802,20170801,210241000,3429.0,980,106160,33522780.0,3429.0,6,3428.0,3
rb1805,20170802,20170801,210241500,3428.0,982,106158,33591340.0,3429.0,3,3428.0,5
rb1805,20170802,20170801,210242000,3428.0,982,106158,33591340.0,3429.0,3,3428.0,5
rb1805,20170802,20170801,210242500,3429.0,984,106160,33659920.0,3429.0,2,3428.0,5
rb1805,20170802,20170801,210243000,3429.0,988,106164,33797080.0,3430.0,14,3429.0,3
rb1805,20170802,20170801,210243500,3429.0,994,106170,34002820.0,3429.0,2,3427.0,24
rb1805,20170802,20170801,210244000,3429.0,994,106170,34002820.0,3429.0,2,3427.0,24
rb1805,20170802,20170801,210244500,3429.0,994,106170,34002820.0,3429.0,3,3427.0,24
rb1805,20170802,20170801,210245000,3429.0,994,106170,34002820.0,3429.0,3,3427.0,24
rb1805,20170802,20170801,210247000,3429.0,994,106170,34002820.0,3429.0,3,3427.0,24
rb1805,20170802,20170801,210248000,3429.0,994,106170,34002820.0,3429.0,3,3427.0,25
rb1805,20170802,20170801,210248500,3429.0,994,106170,34002820.0,3429.0,3,3427.0,16
rb1805,20170802,20170801,210249000,3429.0,994,106170,34002820.0,3429.0,3,3427.0,16
rb1805,20170802,20170801,210249500,3429.0,994,106170,34002820.0,3429.0,3,3428.0,2
rb1805,20170802,20170801,210250000,3429.0,994,106170,34002820.0,3429.0,3,3428.0,2
rb1805,20170802,20170801,210250500,3429.0,994,106170,34002820.0,3429.0,6,3428.0,2
rb1805,20170802,20170801,210251000,3429.0,994,106170,34002820.0,3429.0,6,3428.0,2
rb1805,20170802,20170801,210251500,3429.0,994,106170,34002820.0,3429.0,6,3428.0,2
rb1805,20170802,20170801,210252000,3429.0,994,106170,34002820.0,3429.0,6,3427.0,20
rb1805,20170802,20170801,210252500,3429.0,994,106170,34002820.0,3429.0,3,3427.0,20
rb1805,20170802,20170801,210253000,3429.0,994,106170,34002820.0,3429.0,3,3427.0,20
rb1805,20170802,20170801,210253500,3429.0,994,106170,34002820.0,3429.0,3,3427.0,20
rb1805,20170802,20170801,210254000,3429.0,994,106170,34002820.0,3429.0,4,3427.0,16
rb1805,20170802,20170801,210254500,3429.0,994,106170,34002820.0,3429.0,4,3427.0,16
rb1805,20170802,20170801,210255000,3429.0,996,106172,34071400.0,3429.0,6,3427.0,16
rb1805,20170802,20170801,210255500,3429.0,996,106172,34071400.0,3429.0,2,3427.0,20
rb1805,20170802,20170801,210256000,3429.0,998,106174,34139980.0,3429.0,1,3427.0,19
rb1805,20170802,20170801,210256500,3429.0,998,106174,34139980.0,3429.0,1,3427.0,19
rb1805,20170802,20170801,210257000,3429.0,998,106174,34139980.0,3429.0,1,3427.0,20
rb1805,20170802,20170801,210257500,3429.0,998,106174,34139980.0,3429.0,1,3428.0,15
rb1805,20170802,20170801,210258000,3429.0,998,106174,34139980.0,3429.0,1,3428.0,15
rb1805,20170802,20170801,210258500,3429.0,998,106174,34139980.0,3429.0,1,3428.0,15
rb1805,20170802,20170801,210259000,3429.0,998,106174,34139980.0,3429.0,1,3428.0,18
rb1805,20170802,20170801,210259500,3429.0,998,106174,34139980.0,3429.0,1,3428.0,18
rb1805,20170802,20170801,210300000,3429.0,998,106174,34139980.0,3429.0,2,3428.0,18
rb1805,20170802,20170801,210300500,3429.0,998,106174,34139980.0,3429.0,1,3428.0,18
rb1805,20170802,20170801,210301000,3429.0,1000,106176,34208560.0,3430.0,21,3429.0,14
rb1805,20170802,20170801,210301500,3430.0,1004,106174,34345760.0,3430.0,20,3429.0,14
rb1805,20170802,20170801,210303000,3429.0,1008,106176,34482920.0,3430.0,21,3429.0,12
rb1805,20170802,20170801,210303500,3429.0,1010,106176,34551500.0,3430.0,21,3429.0,11
rb1805,20170802,20170801,210304000,3430.0,1012,106178,34620100.0,3430.0,20,3429.0,11
rb1805,20170802,20170801,210304500,3430.0,1012,106178,34620100.0,3430.0,20,3429.0,11
rb1805,20170802,20170801,210305500,3430.0,1012,106178,34620100.0,3430.0,19,3429.0,11
rb1805,20170802,20170801,210308000,3429.0,1014,106178,34688680.0,3430.0,18,3429.0,10
rb1805,20170802,20170801,210309000,3429.0,1014,106178,34688680.0,3430.0,19,3429.0,10
rb1805,20170802,20170801,210309500,3429.0,1014,106178,34688680.0,3430.0,16,3429.0,10
rb1805,20170802,20170801,210310000,3430.0,1034,106192,35374680.0,3430.0,6,3429.0,10
rb1805,20170802,20170801,210310500,3430.0,1034,106192,35374680.0,3430.0,6,3429.0,13
rb1805,20170802,20170801,210311000,3430.0,1046,106196,35786280.0,3431.0,2,3430.0,4
rb1805,20170802,20170801,210311500,3431.0,1048,106196,35854900.0,3431.0,1,3430.0,7
rb1805,20170802,20170801,210313000,3431.0,1048,106196,35854900.0,3431.0,1,3430.0,12
rb1805,20170802,20170801,210313500,3431.0,1048,106196,35854900.0,3431.0,1,3430.0,12
rb1805,20170802,20170801,210315000,3431.0,1048,106196,35854900.0,3431.0,1,3430.0,12
rb1805,20170802,20170801,210315500,3431.0,1048,106196,35854900.0,3431.0,2,3430.0,12
rb1805,20170802,20170801,210316000,3430.0,1052,106196,35992100.0,3431.0,6,3430.0,10
rb1805,20170802,20170801,210316500,3430.0,1052,106196,35992100.0,3431.0,8,3430.0,7
rb1805,20170802,20170801,210317000,3430.0,1052,106196,35992100.0,3431.0,9,3430.0,7
rb1805,20170802,20170801,210317500,3431.0,1054,106196,36060720.0,3431.0,8,3430.0,7
rb1805,20170802,20170801,210319000,3431.0,1054,106196,36060720.0,3431.0,8,3430.0,7
rb1805,20170802,20170801,210319500,3431.0,1064,106204,36403820.0,3431.0,3,3430.0,10
rb1805,20170802,20170801,210320000,3431.0,1064,106204,36403820.0,3431.0,3,3430.0,7
rb1805,20170802,20170801,210320500,3431.0,1064,106204,36403820.0,3431.0,3,3430.0,7
rb1805,20170802,20170801,210321500,3431.0,1066,106204,36472440.0,3431.0,2,3430.0,7
rb1805,20170802,20170801,210323000,3431.0,1066,106204,36472440.0,3431.0,2,3430.0,7
rb1805,20170802,20170801,210323500,3431.0,1066,106204,36472440.0,3431.0,2,3430.0,7
rb1805,20170802,20170801,210324000,3431.0,1066,106204,36472440.0,3431.0,2,3430.0,7
rb1805,20170802,20170801,210325500,3431.0,1066,106204,36472440.0,3431.0,3,3430.0,7
rb1805,20170802,20170801,210326000,3431.0,1066,106204,36472440.0,3431.0,3,3430.0,12
rb1805,20170802,20170801,210326500,3430.0,1070,106206,36609640.0,3431.0,3,3430.0,10
rb1805,20170802,20170801,210327000,3430.0,1070,106206,36609640.0,3431.0,2,3430.0,13
rb1805,20170802,20170801,210327500,3430.0,1070,106206,36609640.0,3431.0,2,3430.0,13
rb1805,20170802,20170801,210328000,3430.0,1070,106206,36609640.0,3431.0,2,3430.0,13
rb1805,20170802,20170801,210329000,3430.0,1070,106206,36609640.0,3431.0,2,3430.0,8
rb1805,20170802,20170801,210329500,3430.0,1070,106206,36609640.0,3431.0,2,3430.0,5
rb1805,20170802,20170801,210330000,3430.0,1070,106206,36609640.0,3431.0,2,3430.0,5
rb1805,20170802,20170801,210330500,3430.0,1070,106206,36609640.0,3431.0,2,3430.0,8
rb1805,20170802,20170801,210331500,3430.0,1070,106206,36609640.0,3431.0,2,3430.0,8
rb1805,20170802,20170801,210332000,3430.0,1070,106206,36609640.0,3431.0,2,3430.0,8
rb1805,20170802,20170801,210333000,3430.0,1072,106206,36678240.0,3431.0,2,3430.0,7
rb1805,20170802,20170801,210333500,3430.0,1072,106206,36678240.0,3431.0,2,3430.0,9
rb1805,20170802,20170801,210334000,3430.0,1072,106206,36678240.0,3431.0,2,3430.0,9
rb1805,20170802,20170801,210335500,3430.0,1072,106206,36678240.0,3431.0,3,3430.0,9
rb1805,20170802,20170801,210336500,3431.0,1074,106206,36746860.0,3431.0,1,3430.0,9
rb1805,20170802,20170801,210337000,3431.0,1074,106206,36746860.0,3431.0,1,3430.0,9
rb1805,20170802,20170801,210337500,3431.0,1074,106206,36746860.0,3431.0,2,3430.0,9
rb1805,20170802,20170801,210339000,3431.0,1076,106206,36815480.0,3431.0,1,3430.0,9
rb1805,20170802,20170801,210340000,3431.0,1076,106206,36815480.0,3431.0,1,3430.0,9
rb1805,20170802,20170801,210342500,3431.0,1076,106206,36815480.0,3431.0,1,3430.0,9
rb1805,20170802,20170801,210344000,3431.0,1078,106206,36884100.0,3432.0,5,3430.0,14
rb1805,20170802,20170801,210344500,3431.0,1078,106206,36884100.0,3432.0,5,3430.0,17
rb1805,20170802,20170801,210345000,3431.0,1078,106206,36884100.0,3432.0,5,3430.0,17
rb1805,20170802,20170801,210345500,3431.0,1078,106206,36884100.0,3432.0,5,3431.0,1
rb1805,20170802,20170801,210346000,3430.0,1098,106218,37570120.0,3431.0,3,3430.0,8
rb1805,20170802,20170801,210346500,3430.0,1098,106218,37570120.0,3432.0,6,3430.0,10
rb1805,20170802,20170801,210347000,3430.0,1098,106218,37570120.0,3432.0,8,3430.0,5
rb1805,20170802,20170801,210347500,3430.0,1098,106218,37570120.0,3432.0,8,3430.0,5
rb1805,20170802,20170801,210348500,3430.0,1098,106218,37570120.0,3432.0,8,3430.0,5
rb1805,20170802,20170801,210349000,3430.0,1098,106218,37570120.0,3432.0,8,3430.0,5
rb1805,20170802,20170801,210349500,3430.0,1098,106218,37570120.0,3432.0,9,3430.0,5
rb1805,20170802,20170801,210350000,3430.0,1098,106218,37570120.0,3432.0,13,3430.0,5
rb1805,20170802,20170801,210352000,3430.0,1098,106218,37570120.0,3432.0,13,3430.0,1
rb1805,20170802,20170801,210352500,3430.0,1098,106218,37570120.0,3432.0,13,3430.0,1
rb1805,20170802,20170801,210353500,3430.0,1098,106218,37570120.0,3431.0,1,3430.0,1
rb1805,20170802,20170801,210354000,3430.0,1098,106218,37570120.0,3431.0,1,3430.0,1
rb1805,20170802,20170801,210354500,3430.0,1100,106220,37638720.0,3431.0,1,3430.0,2
rb1805,20170802,20170801,210356000,3430.0,1100,106220,37638720.0,3431.0,1,3430.0,2
rb1805,20170802,20170801,210356500,3430.0,1104,106220,37775920.0,3431.0,4,3429.0,8
rb1805,20170802,20170801,210357000,3430.0,1120,106224,38324640.0,3430.0,1,3429.0,7
rb1805,20170802,20170801,210357500,3430.0,1120,106224,38324640.0,3431.0,1,3429.0,7
rb1805,20170802,20170801,210358000,3430.0,1120,106224,38324640.0,3431.0,1,3429.0,11
rb1805,20170802,20170801,210400000,3430.0,1120,106224,38324640.0,3431.0,1,3429.0,11
rb1805,20170802,20170801,210401000,3429.0,1122,106224,38393220.0,3431.0,1,3429.0,10
rb1805,20170802,20170801,210402500,3429.0,1122,106224,38393220.0,3430.0,5,3429.0,10
rb1805,20170802,20170801,210403500,3430.0,1126,106224,38530420.0,3430.0,3,3429.0,11
rb1805,20170802,20170801,210404000,3430.0,1132,106224,38736220.0,3431.0,1,3429.0,8
rb1805,20170802,20170801,210404500,3430.0,1132,106224,38736220.0,3431.0,1,3430.0,3
rb1805,20170802,20170801,210405500,3430.0,1132,106224,38736220.0,3431.0,2,3430.0,3
rb1805,20170802,20170801,210406500,3430.0,1138,106226,38942060.0,3432.0,11,3430.0,2
rb1805,20170802,20170801,210407000,3430.0,1138,106226,38942060.0,3431.0,2,3430.0,2
rb1805,20170802,20170801,210407500,3430.0,1138,106226,38942060.0,3431.0,2,3430.0,2
rb1805,20170802,20170801,210408000,3430.0,1138,106226,38942060.0,3431.0,2,3430.0,2
rb1805,20170802,20170801,210408500,3430.0,1138,106226,38942060.0,3431.0,2,3430.0,2
rb1805,20170802,20170801,210410000,3430.0,1138,106226,38942060.0,3431.0,2,3430.0,2
rb1805,20170802,20170801,210410500,3430.0,1138,106226,38942060.0,3431.0,2,3430.0,2
rb1805,20170802,20170801,210411000,3430.0,1138,106226,38942060.0,3431.0,2,3430.0,2
rb1805,20170802,20170801,210411500,3431.0,1142,106230,39079300.0,3432.0,10,3431.0,1
rb1805,20170802,20170801,210412000,3431.0,1142,106230,39079300.0,3432.0,10,3431.0,1
rb1805,20170802,20170801,210412500,3431.0,1142,106230,39079300.0,3432.0,10,3431.0,1
rb1805,20170802,20170801,210413500,3431.0,1142,106230,39079300.0,3431.0,1,3430.0,3
rb1805,20170802,20170801,210414000,3431.0,1142,106230,39079300.0,3431.0,1,3430.0,3
rb1805,20170802,20170801,210414500,3431.0,1142,106230,39079300.0,3431.0,1,3430.0,4
rb1805,20170802,20170801,210415000,3431.0,1142,106230,39079300.0,3431.0,1,3430.0,5
rb1805,20170802,20170801,210416000,3431.0,1144,106232,39147920.0,3432.0,10,3431.0,19
rb1805,20170802,20170801,210416500,3431.0,1144,106232,39147920.0,3432.0,10,3431.0,19
rb1805,20170802,20170801,210417000,3431.0,1146,106234,39216540.0,3432.0,10,3431.0,18
rb1805,20170802,20170801,210418000,3431.0,1146,106234,39216540.0,3432.0,13,3431.0,18
rb1805,20170802,20170801,210418500,3431.0,1146,106234,39216540.0,3432.0,16,3431.0,18
rb1805,20170802,20170801,210419000,3431.0,1146,106234,39216540.0,3432.0,10,3431.0,18
rb1805,20170802,20170801,210419500,3431.0,1146,106234,39216540.0,3432.0,7,3431.0,18
rb1805,20170802,20170801,210420500,3431.0,1146,106234,39216540.0,3432.0,11,3431.0,18
rb1805,20170802,20170801,210421000,3432.0,1148,106236,39285180.0,3432.0,10,3431.0,18
rb1805,20170802,20170801,210422000,3432.0,1148,106236,39285180.0,3432.0,10,3431.0,18
rb1805,20170802,20170801,210422500,3432.0,1168,106242,39971580.0,3435.0,1,3432.0,8
rb1805,20170802,20170801,210423000,3432.0,1188,106242,40657980.0,3433.0,3,3432.0,3
rb1805,20170802,20170801,210423500,3432.0,1188,106242,40657980.0,3433.0,6,3432.0,3
rb1805,20170802,20170801,210424000,3432.0,1188,106242,40657980.0,3433.0,6,3431.0,23
rb1805,20170802,20170801,210424500,3432.0,1188,106242,40657980.0,3432.0,3,3431.0,5
rb1805,20170802,20170801,210425500,3432.0,1188,106242,40657980.0,3432.0,3,3431.0,5
rb1805,20170802,20170801,210426500,3432.0,1188,106242,40657980.0,3432.0,3,3430.0,5
rb1805,20170802,20170801,210427000,3432.0,1188,106242,40657980.0,3432.0,3,3430.0,4
rb1805,20170802,20170801,210427500,3432.0,1194,106242,40863900.0,3433.0,6,3432.0,3
rb1805,20170802,20170801,210428000,3432.0,1200,106248,41069820.0,3432.0,15,3430.0,6
rb1805,20170802,20170801,210428500,3432.0,1200,106248,41069820.0,3432.0,15,3430.0,4
rb1805,20170802,20170801,210429000,3432.0,1200,106248,41069820.0,3432.0,15,3431.0,1
rb1805,20170802,20170801,210429500,3432.0,1200,106248,41069820.0,3432.0,10,3431.0,1
rb1805,20170802,20170801,210430000,3432.0,1200,106248,41069820.0,3432.0,10,3431.0,1
rb1805,20170802,20170801,210430500,3432.0,1200,106248,41069820.0,3432.0,10,3431.0,1
rb1805,20170802,20170801,210431000,3432.0,1200,106248,41069820.0,3432.0,10,3431.0,1
rb1805,20170802,20170801,210431500,3432.0,1200,106248,41069820.0,3432.0,10,3431.0,1
rb1805,20170802,20170801,210432000,3432.0,1200,106248,41069820.0,3432.0,10,3431.0,1
rb1805,20170802,20170801,210432500,3432.0,1200,106248,41069820.0,3432.0,10,3431.0,1
rb1805,20170802,20170801,210433000,3432.0,1200,106248,41069820.0,3432.0,10,3431.0,1
rb1805,20170802,20170801,210433500,3432.0,1200,106248,41069820.0,3432.0,15,3431.0,1
rb1805,20170802,20170801,210434000,3432.0,1200,106248,41069820.0,3432.0,15,3431.0,1
rb1805,20170802,20170801,210435000,3432.0,1200,106248,41069820.0,3432.0,15,3431.0,1
rb1805,20170802,20170801,210435500,3432.0,1200,106248,41069820.0,3432.0,15,3431.0,1
rb1805,20170802,20170801,210436000,3431.0,1202,106250,41138440.0,3432.0,15,3430.0,4
rb1805,20170802,20170801,210436500,3431.0,1202,106250,41138440.0,3432.0,15,3430.0,4
rb1805,20170802,20170801,210439500,3431.0,1202,106250,41138440.0,3432.0,15,3430.0,2
rb1805,20170802,20170801,210440000,3431.0,1202,106250,41138440.0,3432.0,15,3430.0,5
rb1805,20170802,20170801,210440500,3431.0,1202,106250,41138440.0,3432.0,15,3430.0,2
rb1805,20170802,20170801,210441500,3431.0,1202,106250,41138440.0,3431.0,3,3430.0,2
rb1805,20170802,20170801,210442500,3431.0,1202,106250,41138440.0,3431.0,3,3430.0,2
rb1805,20170802,20170801,210443000,3431.0,1204,106252,41207060.0,3431.0,5,3430.0,2
rb1805,20170802,20170801,210444000,3431.0,1204,106252,41207060.0,3431.0,5,3430.0,2
rb1805,20170802,20170801,210444500,3431.0,1204,106252,41207060.0,3431.0,5,3430.0,2
rb1805,20170802,20170801,210445000,3431.0,1204,106252,41207060.0,3431.0,10,3430.0,2
rb1805,20170802,20170801,210446000,3430.0,1206,106252,41275660.0,3431.0,10,3430.0,1
rb1805,20170802,20170801,210446500,3430.0,1208,106252,41344260.0,3430.0,11,3429.0,1
rb1805,20170802,20170801,210447000,3430.0,1208,106252,41344260.0,3430.0,11,3429.0,1
rb1805,20170802,20170801,210447500,3429.0,1210,106250,41412840.0,3429.0,6,3428.0,4
rb1805,20170802,20170801,210448000,3428.0,1214,106252,41549980.0,3429.0,5,3428.0,3
rb1805,20170802,20170801,210449000,3428.0,1214,106252,41549980.0,3429.0,5,3428.0,3
rb1805,20170802,20170801,210449500,3428.0,1214,106252,41549980.0,3429.0,6,3428.0,3
rb1805,20170802,20170801,210451000,3428.0,1214,106252,41549980.0,3429.0,6,3428.0,3
rb1805,20170802,20170801,210451500,3428.0,1214,106252,41549980.0,3429.0,6,3427.0,18
rb1805,20170802,20170801,210452000,3428.0,1214,106252,41549980.0,3429.0,4,3427.0,21
rb1805,20170802,20170801,210452500,3428.0,1214,106252,41549980.0,3429.0,4,3427.0,21
rb1805,20170802,20170801,210453500,3428.0,1214,106252,41549980.0,3429.0,9,3427.0,21
rb1805,20170802,20170801,210454000,3427.0,1216,106252,41618520.0,3429.0,12,3427.0,17
rb1805,20170802,20170801,210455000,3427.0,1228,106264,42029760.0,3429.0,12,3427.0,11
rb1805,20170802,20170801,210455500,3427.0,1228,106264,42029760.0,3429.0,12,3427.0,11
rb1805,20170802,20170801,210456000,3427.0,1228,106264,42029760.0,3429.0,12,3427.0,11
rb1805,20170802,20170801,210456500,3427.0,1228,106264,42029760.0,3429.0,15,3427.0,11
rb1805,20170802,20170801,210457000,3427.0,1228,106264,42029760.0,3429.0,15,3427.0,11
rb1805,20170802,20170801,210457500,3427.0,1228,106264,42029760.0,3429.0,15,3427.0,8
rb1805,20170802,20170801,210458500,3427.0,1228,106264,42029760.0,3429.0,15,3427.0,11
rb1805,20170802,20170801,210459000,3427.0,1228,106264,42029760.0,3429.0,15,3427.0,11
rb1805,20170802,20170801,210459500,3427.0,1228,106264,42029760.0,3429.0,15,3427.0,11
rb1805,20170802,20170801,210500000,3427.0,1228,106264,42029760.0,3429.0,15,3427.0,21
rb1805,20170802,20170801,210500500,3427.0,1228,106264,42029760.0,3429.0,15,3427.0,18
rb1805,20170802,20170801,210501000,3427.0,1248,106264,42715160.0,3429.0,15,3427.0,8
rb1805,20170802,20170801,210501500,3428.0,1254,106264,42920840.0,3428.0,5,3427.0,8
rb1805,20170802,20170801,210502000,3427.0,1260,106270,43126460.0,3428.0,10,3427.0,5
rb1805,20170802,20170801,210502500,3427.0,1270,106270,43469160.0,3427.0,6,3425.0,12
rb1805,20170802,20170801,210503000,3427.0,1270,106270,43469160.0,3427.0,4,3426.0,3
rb1805,20170802,20170801,210503500,3427.0,1270,106270,43469160.0,3427.0,8,3426.0,7
rb1805,20170802,20170801,210504000,3427.0,1272,106268,43537700.0,3427.0,7,3426.0,7
rb1805,20170802,20170801,210504500,3427.0,1272,106268,43537700.0,3427.0,7,3425.0,12
rb1805,20170802,20170801,210505000,3427.0,1272,106268,43537700.0,3426.0,3,3425.0,15
rb1805,20170802,20170801,210505500,3427.0,1272,106268,43537700.0,3427.0,7,3425.0,15
rb1805,20170802,20170801,210506000,3427.0,1272,106268,43537700.0,3427.0,4,3425.0,19
rb1805,20170802,20170801,210506500,3425.0,1278,106272,43743200.0,3427.0,7,3425.0,17
rb1805,20170802,20170801,210507000,3425.0,1278,106272,43743200.0,3427.0,10,3426.0,1
rb1805,20170802,20170801,210507500,3426.0,1280,106272,43811720.0,3426.0,5,3425.0,16
rb1805,20170802,20170801,210508000,3426.0,1280,106272,43811720.0,3426.0,13,3425.0,9
rb1805,20170802,20170801,210508500,3425.0,1298,106260,44428220.0,3425.0,5,3424.0,1
rb1805,20170802,20170801,210509000,3425.0,1304,106254,44633720.0,3425.0,2,3424.0,1
rb1805,20170802,20170801,210509500,3424.0,1306,106254,44702200.0,3424.0,1,3423.0,8
rb1805,20170802,20170801,210510000,3425.0,1312,106254,44907680.0,3426.0,8,3425.0,2
rb1805,20170802,20170801,210510500,3425.0,1316,106258,45044680.0,3426.0,8,3423.0,12
rb1805,20170802,20170801,210511000,3424.0,1322,106264,45250120.0,3424.0,7,3423.0,19
rb1805,20170802,20170801,210511500,3424.0,1334,106276,45661000.0,3424.0,1,3423.0,23
rb1805,20170802,20170801,210512000,3424.0,1336,106276,45729480.0,3426.0,13,3424.0,2
rb1805,20170802,20170801,210512500,3424.0,1336,106276,45729480.0,3426.0,13,3424.0,2
rb1805,20170802,20170801,210513000,3424.0,1336,106276,45729480.0,3426.0,13,3423.0,14
rb1805,20170802,20170801,210513500,3424.0,1336,106276,45729480.0,3426.0,13,3423.0,13
rb1805,20170802,20170801,210514000,3424.0,1336,106276,45729480.0,3425.0,2,3423.0,13
rb1805,20170802,20170801,210514500,3424.0,1336,106276,45729480.0,3425.0,5,3423.0,13
rb1805,20170802,20170801,210515000,3424.0,1336,106276,45729480.0,3425.0,7,3423.0,13
rb1805,20170802,20170801,210515500,3423.0,1338,106278,45797940.0,3425.0,7,3423.0,12
rb1805,20170802,20170801,210516000,3423.0,1338,106278,45797940.0,3425.0,7,3423.0,22
rb1805,20170802,20170801,210517000,3423.0,1338,106278,45797940.0,3425.0,7,3424.0,1
rb1805,20170802,20170801,210517500,3423.0,1338,106278,45797940.0,3425.0,10,3424.0,1
rb1805,20170802,20170801,210518000,3423.0,1340,106280,45866400.0,3425.0,7,3423.0,20
rb1805,20170802,20170801,210518500,3423.0,1340,106280,45866400.0,3424.0,3,3423.0,23
rb1805,20170802,20170801,210519500,3423.0,1340,106280,45866400.0,3424.0,3,3423.0,23
rb1805,20170802,20170801,210520500,3424.0,1342,106280,45934880.0,3424.0,3,3423.0,24
rb1805,20170802,20170801,210521000,3424.0,1342,106280,45934880.0,3424.0,3,3423.0,25
rb1805,20170802,20170801,210521500,3424.0,1344,106280,46003360.0,3424.0,7,3423.0,25
rb1805,20170802,20170801,210522000,3425.0,1364,106276,46688220.0,3425.0,5,3423.0,25
rb1805,20170802,20170801,210522500,3425.0,1364,106276,46688220.0,3425.0,5,3424.0,5
rb1805,20170802,20170801,210523000,3425.0,1364,106276,46688220.0,3424.0,1,3423.0,25
rb1805,20170802,20170801,210523500,3424.0,1366,106276,46756700.0,3425.0,5,3424.0,7
rb1805,20170802,20170801,210524000,3423.0,1368,106278,46825160.0,3425.0,4,3424.0,5
rb1805,20170802,20170801,210524500,3423.0,1368,106278,46825160.0,3425.0,1,3424.0,5
rb1805,20170802,20170801,210525000,3423.0,1368,106278,46825160.0,3425.0,1,3424.0,3
rb1805,20170802,20170801,210525500,3423.0,1368,106278,46825160.0,3425.0,1,3424.0,5
rb1805,20170802,20170801,210526500,3424.0,1378,106268,47167560.0,3424.0,110,3423.0,24
rb1805,20170802,20170801,210527000,3424.0,1382,106268,47304520.0,3424.0,108,3423.0,24
rb1805,20170802,20170801,210527500,3424.0,1386,106268,47441480.0,3424.0,106,3423.0,25
rb1805,20170802,20170801,210528000,3424.0,1390,106268,47578440.0,3424.0,104,3423.0,24
rb1805,20170802,20170801,210528500,3424.0,1392,106268,47646920.0,3424.0,104,3423.0,24
rb1805,20170802,20170801,210529000,3424.0,1392,106268,47646920.0,3424.0,107,3423.0,22
rb1805,20170802,20170801,210529500,3424.0,1456,106260,49837660.0,3424.0,106,3422.0,2
rb1805,20170802,20170801,210530000,3424.0,1456,106260,49837660.0,3424.0,106,3422.0,3
rb1805,20170802,20170801,210531500,3424.0,1456,106260,49837660.0,3424.0,106,3422.0,4
rb1805,20170802,20170801,210533000,3424.0,1456,106260,49837660.0,3424.0,106,3422.0,4
rb1805,20170802,20170801,210533500,3424.0,1456,106260,49837660.0,3424.0,4,3422.0,9
rb1805,20170802,20170801,210534500,3424.0,1456,106260,49837660.0,3424.0,4,3422.0,9
rb1805,20170802,20170801,210535000,3424.0,1456,106260,49837660.0,3424.0,4,3422.0,9
rb1805,20170802,20170801,210536000,3424.0,1458,106260,49906140.0,3424.0,3,3422.0,9
rb1805,20170802,20170801,210537000,3424.0,1458,106260,49906140.0,3424.0,5,3422.0,4
rb1805,20170802,20170801,210537500,3422.0,1460,106260,49974580.0,3424.0,5,3422.0,3
rb1805,20170802,20170801,210538000,3422.0,1460,106260,49974580.0,3424.0,5,3422.0,2
rb1805,20170802,20170801,210539000,3422.0,1460,106260,49974580.0,3424.0,5,3422.0,6
rb1805,20170802,20170801,210540000,3422.0,1460,106260,49974580.0,3424.0,8,3422.0,6
rb1805,20170802,20170801,210542000,3422.0,1460,106260,49974580.0,3424.0,8,3422.0,18
rb1805,20170802,20170801,210542500,3422.0,1460,106260,49974580.0,3424.0,9,3422.0,18
rb1805,20170802,20170801,210543500,3422.0,1460,106260,49974580.0,3424.0,6,3422.0,18
rb1805,20170802,20170801,210544500,3422.0,1466,106256,50179900.0,3424.0,6,3422.0,10
rb1805,20170802,20170801,210545000,3422.0,1466,106256,50179900.0,3424.0,6,3422.0,10
rb1805,20170802,20170801,210546000,3422.0,1466,106256,50179900.0,3424.0,6,3422.0,10
rb1805,20170802,20170801,210546500,3422.0,1466,106256,50179900.0,3424.0,6,3422.0,10
rb1805,20170802,20170801,210547000,3422.0,1466,106256,50179900.0,3424.0,9,3422.0,10
rb1805,20170802,20170801,210547500,3422.0,1466,106256,50179900.0,3424.0,10,3422.0,10
rb1805,20170802,20170801,210548000,3422.0,1466,106256,50179900.0,3424.0,9,3422.0,10
rb1805,20170802,20170801,210548500,3422.0,1466,106256,50179900.0,3424.0,10,3422.0,10
rb1805,20170802,20170801,210549000,3422.0,1466,106256,50179900.0,3424.0,10,3422.0,10
rb1805,20170802,20170801,210549500,3422.0,1466,106256,50179900.0,3424.0,9,3422.0,10
rb1805,20170802,20170801,210550500,3424.0,1468,106256,50248380.0,3424.0,8,3422.0,10
rb1805,20170802,20170801,210551000,3424.0,1468,106256,50248380.0,3424.0,5,3422.0,15
rb1805,20170802,20170801,210551500,3424.0,1468,106256,50248380.0,3424.0,3,3422.0,16
rb1805,20170802,20170801,210552000,3424.0,1468,106256,50248380.0,3424.0,3,3422.0,22
rb1805,20170802,20170801,210552500,3424.0,1468,106256,50248380.0,3424.0,3,3422.0,19
rb1805,20170802,20170801,210553000,3424.0,1468,106256,50248380.0,3424.0,3,3423.0,1
rb1805,20170802,20170801,210553500,3424.0,1468,106256,50248380.0,3424.0,6,3423.0,1
rb1805,20170802,20170801,210554000,3423.0,1470,106258,50316840.0,3423.0,3,3422.0,16
rb1805,20170802,20170801,210554500,3423.0,1470,106258,50316840.0,3424.0,9,3422.0,19
rb1805,20170802,20170801,210555000,3423.0,1470,106258,50316840.0,3424.0,10,3422.0,16
rb1805,20170802,20170801,210555500,3423.0,1470,106258,50316840.0,3423.0,1,3422.0,16
rb1805,20170802,20170801,210556000,3423.0,1474,106256,50453760.0,3424.0,10,3422.0,16
rb1805,20170802,20170801,210556500,3423.0,1474,106256,50453760.0,3424.0,9,3422.0,16
rb1805,20170802,20170801,210557000,3423.0,1474,106256,50453760.0,3424.0,3,3422.0,16
rb1805,20170802,20170801,210557500,3423.0,1474,106256,50453760.0,3424.0,3,3422.0,19
rb1805,20170802,20170801,210558000,3423.0,1474,106256,50453760.0,3424.0,9,3422.0,16
rb1805,20170802,20170801,210558500,3423.0,1474,106256,50453760.0,3424.0,9,3423.0,1
rb1805,20170802,20170801,210559000,3423.0,1476,106256,50522220.0,3424.0,6,3422.0,11
rb1805,20170802,20170801,210600000,3423.0,1476,106256,50522220.0,3424.0,6,3422.0,11
rb1805,20170802,20170801,210600500,3423.0,1476,106256,50522220.0,3424.0,9,3422.0,11
rb1805,20170802,20170801,210601000,3423.0,1476,106256,50522220.0,3424.0,9,3422.0,11
rb1805,20170802,20170801,210601500,3422.0,1478,106256,50590660.0,3424.0,9,3422.0,10
rb1805,20170802,20170801,210602000,3422.0,1478,106256,50590660.0,3424.0,10,3422.0,10
rb1805,20170802,20170801,210603000,3422.0,1478,106256,50590660.0,3424.0,10,3422.0,11
rb1805,20170802,20170801,210604000,3422.0,1478,106256,50590660.0,3424.0,10,3423.0,10
rb1805,20170802,20170801,210604500,3423.0,1498,106270,51275260.0,3424.0,10,3422.0,14
rb1805,20170802,20170801,210605000,3423.0,1498,106270,51275260.0,3423.0,3,3422.0,11
rb1805,20170802,20170801,210605500,3423.0,1498,106270,51275260.0,3423.0,3,3422.0,11
rb1805,20170802,20170801,210606000,3423.0,1498,106270,51275260.0,3423.0,3,3422.0,12
rb1805,20170802,20170801,210606500,3422.0,1518,106262,51959660.0,3423.0,3,3422.0,2
rb1805,20170802,20170801,210608000,3422.0,1518,106262,51959660.0,3423.0,3,3422.0,2
rb1805,20170802,20170801,210608500,3422.0,1522,106262,52096540.0,3422.0,1,3421.0,12
rb1805,20170802,20170801,210609000,3422.0,1522,106262,52096540.0,3422.0,1,3421.0,13
rb1805,20170802,20170801,210609500,3422.0,1522,106262,52096540.0,3422.0,2,3421.0,13
rb1805,20170802,20170801,210610000,3422.0,1522,106262,52096540.0,3422.0,2,3421.0,13
rb1805,20170802,20170801,210610500,3421.0,1528,106258,52301800.0,3422.0,2,3421.0,10
rb1805,20170802,20170801,210611000,3422.0,1538,106256,52643920.0,3422.0,1,3421.0,6
rb1805,20170802,20170801,210611500,3422.0,1538,106256,52643920.0,3422.0,3,3421.0,6
rb1805,20170802,20170801,210612500,3422.0,1558,106266,53328200.0,3424.0,4,3422.0,1
rb1805,20170802,20170801,210613000,3422.0,1560,106266,53396640.0,3422.0,5,3420.0,32
rb1805,20170802,20170801,210613500,3422.0,1560,106266,53396640.0,3422.0,5,3420.0,32
rb1805,20170802,20170801,210614000,3422.0,1560,106266,53396640.0,3422.0,5,3420.0,32
rb1805,20170802,20170801,210614500,3422.0,1560,106266,53396640.0,3422.0,5,3420.0,40
rb1805,20170802,20170801,210615000,3422.0,1560,106266,53396640.0,3423.0,4,3420.0,37
rb1805,20170802,20170801,210615500,3422.0,1560,106266,53396640.0,3423.0,4,3421.0,2
rb1805,20170802,20170801,210616500,3422.0,1560,106266,53396640.0,3423.0,4,3421.0,2
rb1805,20170802,20170801,210617000,3422.0,1560,106266,53396640.0,3423.0,4,3421.0,2
rb1805,20170802,20170801,210617500,3422.0,1560,106266,53396640.0,3423.0,4,3421.0,2
rb1805,20170802,20170801,210618500,3422.0,1560,106266,53396640.0,3422.0,2,3421.0,3
rb1805,20170802,20170801,210620000,3422.0,1560,106266,53396640.0,3422.0,2,3421.0,3
rb1805,20170802,20170801,210620500,3422.0,1560,106266,53396640.0,3422.0,2,3421.0,3
rb1805,20170802,20170801,210621000,3422.0,1560,106266,53396640.0,3422.0,2,3421.0,3
rb1805,20170802,20170801,210621500,3422.0,1560,106266,53396640.0,3422.0,2,3421.0,3
rb1805,20170802,20170801,210623000,3422.0,1560,106266,53396640.0,3422.0,2,3421.0,3
rb1805,20170802,20170801,210623500,3422.0,1562,106266,53465080.0,3422.0,1,3421.0,3
rb1805,20170802,20170801,210624000,3422.0,1562,106266,53465080.0,3422.0,1,3421.0,3
rb1805,20170802,20170801,210625000,3422.0,1562,106266,53465080.0,3422.0,1,3421.0,3
rb1805,20170802,20170801,210625500,3422.0,1562,106266,53465080.0,3422.0,1,3421.0,1
rb1805,20170802,20170801,210626000,3422.0,1564,106266,53533520.0,3423.0,4,3421.0,1
rb1805,20170802,20170801,210626500,3422.0,1564,106266,53533520.0,3423.0,4,3421.0,3
rb1805,20170802,20170801,210627000,3422.0,1564,106266,53533520.0,3423.0,4,3421.0,3
rb1805,20170802,20170801,210627500,3422.0,1564,106266,53533520.0,3423.0,4,3421.0,5
rb1805,20170802,20170801,210628000,3422.0,1564,106266,53533520.0,3423.0,4,3421.0,9
rb1805,20170802,20170801,210628500,3421.0,1580,106250,54080880.0,3422.0,1,3421.0,1
rb1805,20170802,20170801,210629000,3421.0,1582,106250,54149300.0,3421.0,4,3420.0,40
rb1805,20170802,20170801,210629500,3421.0,1582,106250,54149300.0,3421.0,4,3420.0,35
rb1805,20170802,20170801,210630500,3421.0,1590,106258,54422980.0,3422.0,1,3420.0,35
rb1805,20170802,20170801,210631500,3421.0,1590,106258,54422980.0,3421.0,1,3420.0,35
rb1805,20170802,20170801,210632000,3421.0,1592,106256,54491400.0,3422.0,1,3421.0,2
rb1805,20170802,20170801,210632500,3421.0,1592,106256,54491400.0,3422.0,12,3420.0,35
rb1805,20170802,20170801,210633000,3421.0,1592,106256,54491400.0,3422.0,1,3420.0,35
rb1805,20170802,20170801,210634000,3421.0,1592,106256,54491400.0,3422.0,12,3420.0,35
rb1805,20170802,20170801,210634500,3421.0,1592,106256,54491400.0,3422.0,12,3421.0,1
rb1805,20170802,20170801,210635000,3421.0,1594,106256,54559820.0,3422.0,1,3420.0,35
rb1805,20170802,20170801,210635500,3421.0,1594,106256,54559820.0,3422.0,12,3420.0,35
rb1805,20170802,20170801,210636500,3421.0,1594,106256,54559820.0,3422.0,1,3420.0,35
rb1805,20170802,20170801,210637000,3421.0,1594,106256,54559820.0,3421.0,1,3420.0,35
rb1805,20170802,20170801,210637500,3421.0,1594,106256,54559820.0,3421.0,1,3420.0,35
rb1805,20170802,20170801,210638500,3420.0,1596,106254,54628220.0,3421.0,1,3420.0,34
rb1805,20170802,20170801,210639000,3420.0,1602,106256,54833420.0,3421.0,1,3420.0,31
rb1805,20170802,20170801,210639500,3420.0,1602,106256,54833420.0,3421.0,1,3420.0,31
rb1805,20170802,20170801,210640500,3420.0,1602,106256,54833420.0,3421.0,1,3420.0,31
rb1805,20170802,20170801,210641000,3420.0,1604,106258,54901820.0,3421.0,1,3420.0,30
rb1805,20170802,20170801,210642000,3420.0,1604,106258,54901820.0,3421.0,4,3420.0,30
rb1805,20170802,20170801,210643500,3420.0,1612,106256,55175440.0,3421.0,14,3420.0,27
rb1805,20170802,20170801,210644000,3420.0,1622,106254,55517440.0,3421.0,14,3420.0,22
rb1805,20170802,20170801,210645000,3420.0,1622,106254,55517440.0,3421.0,14,3420.0,22
rb1805,20170802,20170801,210645500,3420.0,1622,106254,55517440.0,3421.0,16,3420.0,22
rb1805,20170802,20170801,210646000,3420.0,1622,106254,55517440.0,3421.0,17,3420.0,22
rb1805,20170802,20170801,210646500,3421.0,1626,106254,55654280.0,3421.0,15,3420.0,22
rb1805,20170802,20170801,210647000,3420.0,1670,106278,57159080.0,3420.0,2,3419.0,1
rb1805,20170802,20170801,210647500,3418.0,1674,106280,57295820.0,3419.0,1,3418.0,5
rb1805,20170802,20170801,210648000,3418.0,1674,106280,57295820.0,3419.0,1,3418.0,5
rb1805,20170802,20170801,210648500,3418.0,1674,106280,57295820.0,3419.0,1,3418.0,5
rb1805,20170802,20170801,210649000,3418.0,1676,106278,57364180.0,3419.0,1,3418.0,4
rb1805,20170802,20170801,210649500,3418.0,1680,106278,57500920.0,3419.0,11,3418.0,3
rb1805,20170802,20170801,210650500,3418.0,1686,106276,57706000.0,3418.0,7,3417.0,2
rb1805,20170802,20170801,210651000,3418.0,1688,106276,57774360.0,3418.0,7,3417.0,2
rb1805,20170802,20170801,210651500,3418.0,1692,106274,57911080.0,3418.0,5,3417.0,3
rb1805,20170802,20170801,210652500,3417.0,1698,106274,58116120.0,3418.0,4,3416.0,16
rb1805,20170802,20170801,210653000,3417.0,1698,106274,58116120.0,3418.0,4,3417.0,1
rb1805,20170802,20170801,210653500,3417.0,1698,106274,58116120.0,3418.0,4,3416.0,13
rb1805,20170802,20170801,210654000,3417.0,1698,106274,58116120.0,3418.0,4,3416.0,14
rb1805,20170802,20170801,210654500,3417.0,1698,106274,58116120.0,3418.0,4,3416.0,14
rb1805,20170802,20170801,210655000,3417.0,1698,106274,58116120.0,3418.0,4,3416.0,19
rb1805,20170802,20170801,210655500,3417.0,1698,106274,58116120.0,3417.0,1,3416.0,19
rb1805,20170802,20170801,210656000,3417.0,1700,106274,58184460.0,3418.0,4,3417.0,2
rb1805,20170802,20170801,210656500,3417.0,1700,106274,58184460.0,3417.0,1,3416.0,22
rb1805,20170802,20170801,210657000,3417.0,1702,106272,58252800.0,3418.0,4,3417.0,2
rb1805,20170802,20170801,210657500,3417.0,1702,106272,58252800.0,3418.0,4,3416.0,17
rb1805,20170802,20170801,210658000,3418.0,1704,106272,58321160.0,3418.0,3,3416.0,23
rb1805,20170802,20170801,210658500,3418.0,1704,106272,58321160.0,3418.0,3,3416.0,17
rb1805,20170802,20170801,210659000,3416.0,1708,106276,58457800.0,3418.0,3,3416.0,15
rb1805,20170802,20170801,210659500,3416.0,1708,106276,58457800.0,3418.0,3,3416.0,20
rb1805,20170802,20170801,210700000,3416.0,1708,106276,58457800.0,3418.0,3,3416.0,23
rb1805,20170802,20170801,210700500,3416.0,1708,106276,58457800.0,3418.0,51,3416.0,20
rb1805,20170802,20170801,210701000,3416.0,1708,106276,58457800.0,3418.0,51,3416.0,17
rb1805,20170802,20170801,210701500,3416.0,1708,106276,58457800.0,3418.0,51,3417.0,1
rb1805,20170802,20170801,210702000,3416.0,1708,106276,58457800.0,3418.0,52,3417.0,1
rb1805,20170802,20170801,210703000,3416.0,1710,106276,58526120.0,3418.0,52,3417.0,5
rb1805,20170802,20170801,210704000,3416.0,1712,106276,58594440.0,3418.0,52,3417.0,4
rb1805,20170802,20170801,210704500,3417.0,1716,106280,58731120.0,3418.0,52,3417.0,2
rb1805,20170802,20170801,210705000,3417.0,1718,106282,58799460.0,3418.0,52,3417.0,1
rb1805,20170802,20170801,210706000,3418.0,1720,106280,58867820.0,3418.0,51,3417.0,1
rb1805,20170802,20170801,210706500,3417.0,1722,106282,58936160.0,3418.0,51,3416.0,18
rb1805,20170802,20170801,210707000,3417.0,1722,106282,58936160.0,3418.0,51,3416.0,21
rb1805,20170802,20170801,210707500,3417.0,1722,106282,58936160.0,3418.0,51,3416.0,21
rb1805,20170802,20170801,210708000,3417.0,1722,106282,58936160.0,3418.0,51,3416.0,24
rb1805,20170802,20170801,210708500,3417.0,1722,106282,58936160.0,3418.0,51,3416.0,24
rb1805,20170802,20170801,210709000,3417.0,1722,106282,58936160.0,3418.0,51,3416.0,21
rb1805,20170802,20170801,210709500,3417.0,1722,106282,58936160.0,3418.0,51,3416.0,16
rb1805,20170802,20170801,210710000,3417.0,1722,106282,58936160.0,3417.0,1,3416.0,16
rb1805,20170802,20170801,210710500,3418.0,1726,106282,59072860.0,3418.0,50,3417.0,2
rb1805,20170802,20170801,210711000,3417.0,1728,106284,59141200.0,3418.0,50,3417.0,1
rb1805,20170802,20170801,210711500,3417.0,1728,106284,59141200.0,3418.0,50,3417.0,2
rb1805,20170802,20170801,210712500,3417.0,1728,106284,59141200.0,3418.0,50,3417.0,2
rb1805,20170802,20170801,210713500,3418.0,1730,106282,59209560.0,3418.0,49,3417.0,2
rb1805,20170802,20170801,210714000,3418.0,1730,106282,59209560.0,3418.0,49,3417.0,2
rb1805,20170802,20170801,210714500,3418.0,1730,106282,59209560.0,3418.0,49,3417.0,2
rb1805,20170802,20170801,210715000,3418.0,1730,106282,59209560.0,3418.0,49,3417.0,1
rb1805,20170802,20170801,210715500,3418.0,1730,106282,59209560.0,3418.0,49,3417.0,4
rb1805,20170802,20170801,210716000,3418.0,1738,106280,59483000.0,3418.0,45,3417.0,4
rb1805,20170802,20170801,210716500,3418.0,1740,106280,59551360.0,3418.0,44,3417.0,5
rb1805,20170802,20170801,210717000,3418.0,1740,106280,59551360.0,3418.0,44,3417.0,8
rb1805,20170802,20170801,210717500,3417.0,1752,106272,59961500.0,3418.0,39,3417.0,17
rb1805,20170802,20170801,210718000,3418.0,1754,106272,60029860.0,3418.0,38,3417.0,21
rb1805,20170802,20170801,210718500,3418.0,1754,106272,60029860.0,3418.0,38,3417.0,21
rb1805,20170802,20170801,210719000,3418.0,1754,106272,60029860.0,3418.0,38,3417.0,22
rb1805,20170802,20170801,210719500,3418.0,1830,106260,62627540.0,3419.0,3,3417.0,23
rb1805,20170802,20170801,210720000,3418.0,1830,106260,62627540.0,3420.0,1,3418.0,6
rb1805,20170802,20170801,210720500,3418.0,1830,106260,62627540.0,3419.0,3,3418.0,2
rb1805,20170802,20170801,210721000,3418.0,1830,106260,62627540.0,3419.0,3,3418.0,2
rb1805,20170802,20170801,210722000,3418.0,1840,106266,62969340.0,3420.0,4,3418.0,2
rb1805,20170802,20170801,210722500,3418.0,1840,106266,62969340.0,3420.0,1,3418.0,2
rb1805,20170802,20170801,210724500,3418.0,1840,106266,62969340.0,3420.0,1,3418.0,2
rb1805,20170802,20170801,210725000,3418.0,1840,106266,62969340.0,3420.0,3,3418.0,2
rb1805,20170802,20170801,210725500,3418.0,1840,106266,62969340.0,3420.0,3,3419.0,4
rb1805,20170802,20170801,210726000,3418.0,1840,106266,62969340.0,3420.0,3,3418.0,2
rb1805,20170802,20170801,210726500,3420.0,1842,106266,63037740.0,3420.0,2,3418.0,2
rb1805,20170802,20170801,210727500,3418.0,1844,106268,63106100.0,3420.0,7,3418.0,1
rb1805,20170802,20170801,210728000,3418.0,1844,106268,63106100.0,3420.0,7,3418.0,7
rb1805,20170802,20170801,210729500,3419.0,1846,106268,63174480.0,3420.0,5,3419.0,3
rb1805,20170802,20170801,210730000,3419.0,1848,106270,63242860.0,3420.0,5,3419.0,2
rb1805,20170802,20170801,210730500,3419.0,1848,106270,63242860.0,3420.0,5,3419.0,2
rb1805,20170802,20170801,210731000,3419.0,1848,106270,63242860.0,3420.0,8,3419.0,2
rb1805,20170802,20170801,210732000,3419.0,1848,106270,63242860.0,3420.0,8,3419.0,2
rb1805,20170802,20170801,210733000,3419.0,1848,106270,63242860.0,3420.0,8,3419.0,2
rb1805,20170802,20170801,210733500,3419.0,1850,106270,63311240.0,3420.0,8,3419.0,1
rb1805,20170802,20170801,210734000,3419.0,1852,106270,63379620.0,3419.0,1,3418.0,8
rb1805,20170802,20170801,210734500,3419.0,1854,106268,63448000.0,3420.0,8,3418.0,8
rb1805,20170802,20170801,210735500,3419.0,1854,106268,63448000.0,3420.0,8,3418.0,8
rb1805,20170802,20170801,210736000,3419.0,1854,106268,63448000.0,3420.0,8,3418.0,8
rb1805,20170802,20170801,210737000,3419.0,1854,106268,63448000.0,3420.0,8,3418.0,11
rb1805,20170802,20170801,210737500,3419.0,1854,106268,63448000.0,3420.0,8,3418.0,8
rb1805,20170802,20170801,210738000,3419.0,1854,106268,63448000.0,3420.0,8,3418.0,8
rb1805,20170802,20170801,210739500,3419.0,1854,106268,63448000.0,3420.0,8,3418.0,8
rb1805,20170802,20170801,210740000,3419.0,1854,106268,63448000.0,3420.0,8,3418.0,9
rb1805,20170802,20170801,210741000,3420.0,1856,106268,63516400.0,3420.0,7,3418.0,9
rb1805,20170802,20170801,210741500,3420.0,1856,106268,63516400.0,3420.0,4,3418.0,9
rb1805,20170802,20170801,210742000,3420.0,1856,106268,63516400.0,3420.0,4,3418.0,12
rb1805,20170802,20170801,210742500,3420.0,1856,106268,63516400.0,3420.0,4,3418.0,10
rb1805,20170802,20170801,210743000,3420.0,1856,106268,63516400.0,3420.0,4,3418.0,10
rb1805,20170802,20170801,210743500,3420.0,1856,106268,63516400.0,3420.0,5,3418.0,10
rb1805,20170802,20170801,210744000,3420.0,1856,106268,63516400.0,3420.0,5,3418.0,13
rb1805,20170802,20170801,210744500,3420.0,1856,106268,63516400.0,3420.0,5,3418.0,10
rb1805,20170802,20170801,210745000,3420.0,1856,106268,63516400.0,3420.0,7,3418.0,10
rb1805,20170802,20170801,210746500,3420.0,1856,106268,63516400.0,3420.0,7,3418.0,10
rb1805,20170802,20170801,210747500,3420.0,1856,106268,63516400.0,3420.0,7,3418.0,13
rb1805,20170802,20170801,210748000,3420.0,1856,106268,63516400.0,3420.0,7,3418.0,13
rb1805,20170802,20170801,210748500,3418.0,1858,106268,63584760.0,3420.0,7,3418.0,12
rb1805,20170802,20170801,210749000,3418.0,1858,106268,63584760.0,3420.0,7,3418.0,12
rb1805,20170802,20170801,210750000,3418.0,1858,106268,63584760.0,3420.0,7,3418.0,12
rb1805,20170802,20170801,210750500,3418.0,1858,106268,63584760.0,3420.0,7,3418.0,12
rb1805,20170802,20170801,210751000,3420.0,1860,106268,63653160.0,3420.0,6,3418.0,12
rb1805,20170802,20170801,210752000,3420.0,1860,106268,63653160.0,3420.0,4,3418.0,12
rb1805,20170802,20170801,210752500,3420.0,1860,106268,63653160.0,3420.0,7,3418.0,12
rb1805,20170802,20170801,210754500,3420.0,1862,106268,63721560.0,3420.0,6,3418.0,12
rb1805,20170802,20170801,210755500,3420.0,1862,106268,63721560.0,3420.0,6,3418.0,12
rb1805,20170802,20170801,210756000,3420.0,1862,106268,63721560.0,3420.0,3,3418.0,12
rb1805,20170802,20170801,210757000,3420.0,1862,106268,63721560.0,3420.0,4,3418.0,12
rb1805,20170802,20170801,210757500,3420.0,1862,106268,63721560.0,3420.0,4,3418.0,12
rb1805,20170802,20170801,210758000,3420.0,1864,106268,63789960.0,3420.0,3,3418.0,12
rb1805,20170802,20170801,210759500,3420.0,1866,106266,63858360.0,3420.0,4,3418.0,13
rb1805,20170802,20170801,210800000,3420.0,1866,106266,63858360.0,3420.0,2,3418.0,13
rb1805,20170802,20170801,210800500,3420.0,1866,106266,63858360.0,3420.0,2,3419.0,1
rb1805,20170802,20170801,210801000,3420.0,1866,106266,63858360.0,3420.0,2,3419.0,2
rb1805,20170802,20170801,210802000,3420.0,1866,106266,63858360.0,3420.0,4,3419.0,2
rb1805,20170802,20170801,210802500,3420.0,1866,106266,63858360.0,3420.0,4,3419.0,2
rb1805,20170802,20170801,210803000,3420.0,1866,106266,63858360.0,3420.0,11,3419.0,2
rb1805,20170802,20170801,210803500,3419.0,1870,106264,63995120.0,3420.0,11,3418.0,13
rb1805,20170802,20170801,210805000,3419.0,1870,106264,63995120.0,3420.0,11,3418.0,13
rb1805,20170802,20170801,210805500,3419.0,1870,106264,63995120.0,3419.0,3,3418.0,16
rb1805,20170802,20170801,210806000,3419.0,1876,106258,64200260.0,3420.0,9,3419.0,2
rb1805,20170802,20170801,210806500,3419.0,1880,106258,64337020.0,3419.0,9,3418.0,13
rb1805,20170802,20170801,210807000,3419.0,1882,106258,64405400.0,3419.0,8,3418.0,16
rb1805,20170802,20170801,210807500,3419.0,1882,106258,64405400.0,3419.0,8,3418.0,16
rb1805,20170802,20170801,210809000,3419.0,1882,106258,64405400.0,3419.0,8,3418.0,8
rb1805,20170802,20170801,210810000,3419.0,1882,106258,64405400.0,3419.0,8,3418.0,11
rb1805,20170802,20170801,210811000,3419.0,1882,106258,64405400.0,3419.0,8,3418.0,8
rb1805,20170802,20170801,210811500,3419.0,1898,106248,64952440.0,3420.0,39,3419.0,10
rb1805,20170802,20170801,210812000,3419.0,1918,106248,65636240.0,3420.0,40,3418.0,8
rb1805,20170802,20170801,210812500,3419.0,1920,106248,65704620.0,3420.0,42,3418.0,8
rb1805,20170802,20170801,210813000,3419.0,1920,106248,65704620.0,3419.0,2,3418.0,8
rb1805,20170802,20170801,210813500,3419.0,1928,106244,65978140.0,3420.0,42,3418.0,8
rb1805,20170802,20170801,210814000,3419.0,1928,106244,65978140.0,3420.0,42,3418.0,10
rb1805,20170802,20170801,210814500,3419.0,1928,106244,65978140.0,3420.0,41,3418.0,10
rb1805,20170802,20170801,210815000,3419.0,1928,106244,65978140.0,3420.0,42,3418.0,7
rb1805,20170802,20170801,210815500,3419.0,1928,106244,65978140.0,3420.0,40,3418.0,12
rb1805,20170802,20170801,210816000,3419.0,1928,106244,65978140.0,3420.0,39,3418.0,15
rb1805,20170802,20170801,210816500,3419.0,1928,106244,65978140.0,3420.0,39,3418.0,18
rb1805,20170802,20170801,210817000,3419.0,1928,106244,65978140.0,3420.0,36,3419.0,2
rb1805,20170802,20170801,210817500,3419.0,1928,106244,65978140.0,3420.0,36,3419.0,2
rb1805,20170802,20170801,210818000,3419.0,1928,106244,65978140.0,3420.0,36,3419.0,2
rb1805,20170802,20170801,210818500,3419.0,1928,106244,65978140.0,3420.0,34,3419.0,2
rb1805,20170802,20170801,210820000,3419.0,1928,106244,65978140.0,3420.0,34,3419.0,2
rb1805,20170802,20170801,210821000,3419.0,1928,106244,65978140.0,3420.0,34,3419.0,2
rb1805,20170802,20170801,210822000,3419.0,1930,106242,66046520.0,3420.0,34,3419.0,2
rb1805,20170802,20170801,210822500,3419.0,1930,106242,66046520.0,3420.0,34,3419.0,2
rb1805,20170802,20170801,210823000,3419.0,1932,106242,66114900.0,3420.0,34,3419.0,1
rb1805,20170802,20170801,210823500,3419.0,1934,106244,66183280.0,3419.0,1,3418.0,28
rb1805,20170802,20170801,210824000,3419.0,1936,106244,66251660.0,3420.0,34,3419.0,7
rb1805,20170802,20170801,210824500,3420.0,1946,106252,66593640.0,3420.0,30,3418.0,23
rb1805,20170802,20170801,210825000,3420.0,1946,106252,66593640.0,3419.0,4,3418.0,26
rb1805,20170802,20170801,210825500,3419.0,1954,106248,66867160.0,3420.0,30,3419.0,4
rb1805,20170802,20170801,210826000,3419.0,1954,106248,66867160.0,3420.0,30,3418.0,23
rb1805,20170802,20170801,210826500,3419.0,1954,106248,66867160.0,3419.0,1,3418.0,26
rb1805,20170802,20170801,210827000,3419.0,1956,106250,66935540.0,3420.0,30,3419.0,7
rb1805,20170802,20170801,210827500,3419.0,1956,106250,66935540.0,3420.0,30,3418.0,23
rb1805,20170802,20170801,210828000,3419.0,1956,106250,66935540.0,3420.0,30,3419.0,3
rb1805,20170802,20170801,210828500,3419.0,1956,106250,66935540.0,3420.0,30,3419.0,3
rb1805,20170802,20170801,210829500,3419.0,1956,106250,66935540.0,3420.0,30,3418.0,20
rb1805,20170802,20170801,210830000,3419.0,1956,106250,66935540.0,3420.0,30,3418.0,20
rb1805,20170802,20170801,210831500,3419.0,1956,106250,66935540.0,3420.0,30,3418.0,10
rb1805,20170802,20170801,210833000,3420.0,1958,106250,67003940.0,3420.0,29,3418.0,10
rb1805,20170802,20170801,210834000,3420.0,1958,106250,67003940.0,3420.0,29,3418.0,10
rb1805,20170802,20170801,210834500,3420.0,1958,106250,67003940.0,3420.0,29,3418.0,10
rb1805,20170802,20170801,210836000,3420.0,1958,106250,67003940.0,3420.0,29,3418.0,10
rb1805,20170802,20170801,210836500,3420.0,1958,106250,67003940.0,3419.0,4,3418.0,16
rb1805,20170802,20170801,210837000,3419.0,1966,106250,67277460.0,3420.0,30,3418.0,16
rb1805,20170802,20170801,210837500,3419.0,1968,106252,67345840.0,3419.0,3,3418.0,16
rb1805,20170802,20170801,210838000,3419.0,1970,106252,67414220.0,3419.0,3,3418.0,12
rb1805,20170802,20170801,210838500,3419.0,1970,106252,67414220.0,3419.0,3,3418.0,12
rb1805,20170802,20170801,210839500,3418.0,1972,106254,67482580.0,3419.0,3,3418.0,8
rb1805,20170802,20170801,210840000,3418.0,1972,106254,67482580.0,3419.0,3,3418.0,11
rb1805,20170802,20170801,210840500,3419.0,1978,106260,67687720.0,3420.0,29,3419.0,5
rb1805,20170802,20170801,210841000,3419.0,1988,106260,68029620.0,3420.0,29,3418.0,8
rb1805,20170802,20170801,210841500,3419.0,1988,106260,68029620.0,3420.0,33,3418.0,11
rb1805,20170802,20170801,210842500,3418.0,2006,106274,68644860.0,3420.0,33,3418.0,2
rb1805,20170802,20170801,210843000,3418.0,2006,106274,68644860.0,3420.0,33,3418.0,2
rb1805,20170802,20170801,210843500,3418.0,2006,106274,68644860.0,3420.0,43,3418.0,3
rb1805,20170802,20170801,210844000,3418.0,2006,106274,68644860.0,3420.0,43,3418.0,3
rb1805,20170802,20170801,210844500,3418.0,2006,106274,68644860.0,3420.0,44,3418.0,3
rb1805,20170802,20170801,210845500,3418.0,2006,106274,68644860.0,3420.0,44,3418.0,3
rb1805,20170802,20170801,210846000,3418.0,2006,106274,68644860.0,3419.0,1,3418.0,3
rb1805,20170802,20170801,210846500,3418.0,2006,106274,68644860.0,3419.0,1,3418.0,3
rb1805,20170802,20170801,210847500,3418.0,2006,106274,68644860.0,3419.0,1,3418.0,3
rb1805,20170802,20170801,210849000,3418.0,2006,106274,68644860.0,3419.0,1,3418.0,3
rb1805,20170802,20170801,210850000,3418.0,2006,106274,68644860.0,3419.0,1,3418.0,3
rb1805,20170802,20170801,210850500,3418.0,2006,106274,68644860.0,3419.0,1,3418.0,11
rb1805,20170802,20170801,210851000,3418.0,2006,106274,68644860.0,3419.0,1,3418.0,11
rb1805,20170802,20170801,210853500,3419.0,2008,106274,68713240.0,3420.0,45,3418.0,11
rb1805,20170802,20170801,210854000,3420.0,2010,106274,68781640.0,3420.0,44,3419.0,1
rb1805,20170802,20170801,210854500,3420.0,2010,106274,68781640.0,3420.0,44,3419.0,1
rb1805,20170802,20170801,210855000,3420.0,2010,106274,68781640.0,3420.0,44,3419.0,1
rb1805,20170802,20170801,210855500,3419.0,2012,106272,68850020.0,3420.0,44,3418.0,7
rb1805,20170802,20170801,210856000,3419.0,2012,106272,68850020.0,3420.0,44,3418.0,5
rb1805,20170802,20170801,210857000,3419.0,2012,106272,68850020.0,3420.0,44,3418.0,2
rb1805,20170802,20170801,210857500,3420.0,2014,106272,68918420.0,3420.0,43,3418.0,2
rb1805,20170802,20170801,210858000,3420.0,2014,106272,68918420.0,3420.0,43,3419.0,5
rb1805,20170802,20170801,210858500,3419.0,2018,106276,69055180.0,3420.0,40,3419.0,3
rb1805,20170802,20170801,210900000,3419.0,2018,106276,69055180.0,3420.0,40,3419.0,3
rb1805,20170802,20170801,210900500,3419.0,2024,106276,69260320.0,3420.0,40,3418.0,1
rb1805,20170802,20170801,210901000,3419.0,2024,106276,69260320.0,3420.0,40,3419.0,1
rb1805,20170802,20170801,210901500,3419.0,2026,106276,69328700.0,3420.0,40,3418.0,1
rb1805,20170802,20170801,210902000,3419.0,2026,106276,69328700.0,3420.0,40,3418.0,1
rb1805,20170802,20170801,210902500,3419.0,2026,106276,69328700.0,3420.0,39,3418.0,1
rb1805,20170802,20170801,210903000,3419.0,2026,106276,69328700.0,3419.0,2,3418.0,1
rb1805,20170802,20170801,210903500,3419.0,2028,106276,69397080.0,3419.0,1,3418.0,1
rb1805,20170802,20170801,210904000,3419.0,2028,106276,69397080.0,3419.0,1,3418.0,1
rb1805,20170802,20170801,210907000,3419.0,2028,106276,69397080.0,3419.0,2,3418.0,2
rb1805,20170802,20170801,210908000,3419.0,2028,106276,69397080.0,3419.0,2,3418.0,2
rb1805,20170802,20170801,210909500,3419.0,2028,106276,69397080.0,3419.0,2,3418.0,2
rb1805,20170802,20170801,210911500,3419.0,2032,106278,69533840.0,3420.0,39,3418.0,2
rb1805,20170802,20170801,210912000,3419.0,2032,106278,69533840.0,3420.0,39,3419.0,1
rb1805,20170802,20170801,210912500,3418.0,2036,106276,69670580.0,3419.0,1,3418.0,1
rb1805,20170802,20170801,210913000,3418.0,2036,106276,69670580.0,3419.0,1,3418.0,4
rb1805,20170802,20170801,210913500,3419.0,2044,106272,69944100.0,3420.0,39,3419.0,1
rb1805,20170802,20170801,210914000,3419.0,2046,106272,70012480.0,3420.0,39,3418.0,4
rb1805,20170802,20170801,210914500,3419.0,2046,106272,70012480.0,3420.0,39,3418.0,1
rb1805,20170802,20170801,210915500,3419.0,2046,106272,70012480.0,3419.0,1,3418.0,1
rb1805,20170802,20170801,210916000,3419.0,2046,106272,70012480.0,3419.0,1,3418.0,4
rb1805,20170802,20170801,210916500,3419.0,2048,106272,70080860.0,3420.0,39,3419.0,9
rb1805,20170802,20170801,210917500,3419.0,2054,106272,70286000.0,3420.0,39,3419.0,6
rb1805,20170802,20170801,210918500,3419.0,2054,106272,70286000.0,3420.0,39,3419.0,7
rb1805,20170802,20170801,210919000,3419.0,2054,106272,70286000.0,3420.0,39,3419.0,7
rb1805,20170802,20170801,210919500,3419.0,2054,106272,70286000.0,3420.0,39,3419.0,8
rb1805,20170802,20170801,210920000,3419.0,2054,106272,70286000.0,3420.0,39,3419.0,8
rb1805,20170802,20170801,210921000,3419.0,2054,106272,70286000.0,3420.0,39,3419.0,13
rb1805,20170802,20170801,210921500,3419.0,2054,106272,70286000.0,3420.0,39,3419.0,16
rb1805,20170802,20170801,210922000,3419.0,2054,106272,70286000.0,3420.0,39,3419.0,19
rb1805,20170802,20170801,210923000,3420.0,2074,106272,70970000.0,3420.0,29,3419.0,19
rb1805,20170802,20170801,210923500,3420.0,2132,106272,72953600.0,3421.0,4,3419.0,19
rb1805,20170802,20170801,210924000,3420.0,2132,106272,72953600.0,3421.0,1,3419.0,19
rb1805,20170802,20170801,210924500,3420.0,2132,106272,72953600.0,3421.0,1,3419.0,14
rb1805,20170802,20170801,210926000,3420.0,2132,106272,72953600.0,3421.0,1,3419.0,14
rb1805,20170802,20170801,210927000,3421.0,2134,106274,73022020.0,3422.0,3,3419.0,14
rb1805,20170802,20170801,210927500,3420.0,2136,106272,73090420.0,3422.0,3,3420.0,1
rb1805,20170802,20170801,210928000,3420.0,2140,106270,73227220.0,3422.0,3,3420.0,4
rb1805,20170802,20170801,210928500,3420.0,2140,106270,73227220.0,3422.0,3,3420.0,4
rb1805,20170802,20170801,210929000,3420.0,2140,106270,73227220.0,3422.0,3,3420.0,4
rb1805,20170802,20170801,210930500,3420.0,2140,106270,73227220.0,3422.0,3,3420.0,7
rb1805,20170802,20170801,210932000,3420.0,2140,106270,73227220.0,3422.0,3,3420.0,7
rb1805,20170802,20170801,210932500,3422.0,2144,106268,73364100.0,3422.0,1,3420.0,7
rb1805,20170802,20170801,210933500,3422.0,2144,106268,73364100.0,3422.0,1,3421.0,3
rb1805,20170802,20170801,210934500,3421.0,2150,106266,73569360.0,3422.0,1,3420.0,8
rb1805,20170802,20170801,210935000,3422.0,2152,106266,73637800.0,3423.0,2,3421.0,3
rb1805,20170802,20170801,210935500,3422.0,2152,106266,73637800.0,3423.0,2,3421.0,3
rb1805,20170802,20170801,210936500,3422.0,2152,106266,73637800.0,3423.0,2,3422.0,3
rb1805,20170802,20170801,210937000,3422.0,2152,106266,73637800.0,3423.0,2,3421.0,8
rb1805,20170802,20170801,210938000,3422.0,2152,106266,73637800.0,3423.0,3,3421.0,8
rb1805,20170802,20170801,210938500,3422.0,2152,106266,73637800.0,3423.0,3,3422.0,3
rb1805,20170802,20170801,210939000,3423.0,2154,106268,73706260.0,3423.0,1,3422.0,7
rb1805,20170802,20170801,210939500,3423.0,2154,106268,73706260.0,3423.0,1,3422.0,7
rb1805,20170802,20170801,210940000,3423.0,2154,106268,73706260.0,3423.0,1,3422.0,7
rb1805,20170802,20170801,210940500,3423.0,2154,106268,73706260.0,3423.0,1,3422.0,7
rb1805,20170802,20170801,210941000,3423.0,2156,106270,73774720.0,3424.0,9,3423.0,2
rb1805,20170802,20170801,210941500,3423.0,2160,106270,73911640.0,3424.0,6,3422.0,7
rb1805,20170802,20170801,210942000,3422.0,2162,106270,73980080.0,3424.0,6,3422.0,6
rb1805,20170802,20170801,210942500,3422.0,2162,106270,73980080.0,3424.0,6,3423.0,1
rb1805,20170802,20170801,210943000,3422.0,2162,106270,73980080.0,3424.0,6,3423.0,1
rb1805,20170802,20170801,210943500,3422.0,2162,106270,73980080.0,3424.0,13,3423.0,1
rb1805,20170802,20170801,210944000,3422.0,2162,106270,73980080.0,3424.0,13,3423.0,2
rb1805,20170802,20170801,210944500,3422.0,2162,106270,73980080.0,3424.0,13,3423.0,2
rb1805,20170802,20170801,210946000,3422.0,2162,106270,73980080.0,3424.0,13,3423.0,2
rb1805,20170802,20170801,210946500,3422.0,2162,106270,73980080.0,3424.0,10,3423.0,2
rb1805,20170802,20170801,210948000,3422.0,2162,106270,73980080.0,3424.0,10,3423.0,2
rb1805,20170802,20170801,210949000,3422.0,2162,106270,73980080.0,3424.0,10,3423.0,2
rb1805,20170802,20170801,210949500,3422.0,2162,106270,73980080.0,3424.0,10,3423.0,2
rb1805,20170802,20170801,210950000,3422.0,2162,106270,73980080.0,3424.0,13,3423.0,2
rb1805,20170802,20170801,210952500,3423.0,2166,106268,74117000.0,3423.0,1,3422.0,6
rb1805,20170802,20170801,210954000,3423.0,2166,106268,74117000.0,3423.0,1,3422.0,1
rb1805,20170802,20170801,210954500,3423.0,2166,106268,74117000.0,3423.0,1,3422.0,1
rb1805,20170802,20170801,210955500,3423.0,2166,106268,74117000.0,3423.0,1,3422.0,1
rb1805,20170802,20170801,210956500,3423.0,2166,106268,74117000.0,3423.0,1,3422.0,1
rb1805,20170802,20170801,210957000,3423.0,2166,106268,74117000.0,3424.0,14,3422.0,1
rb1805,20170802,20170801,210957500,3423.0,2166,106268,74117000.0,3423.0,3,3422.0,2
rb1805,20170802,20170801,210958000,3423.0,2166,106268,74117000.0,3423.0,3,3422.0,2
rb1805,20170802,20170801,210958500,3423.0,2166,106268,74117000.0,3423.0,3,3422.0,2
rb1805,20170802,20170801,210959000,3422.0,2170,106268,74253880.0,3423.0,6,3421.0,5
rb1805,20170802,20170801,210959500,3422.0,2170,106268,74253880.0,3422.0,3,3421.0,5
rb1805,20170802,20170801,211000000,3422.0,2176,106274,74459200.0,3423.0,4,3422.0,5
rb1805,20170802,20170801,211000500,3422.0,2176,106274,74459200.0,3423.0,4,3421.0,9
rb1805,20170802,20170801,211001500,3422.0,2176,106274,74459200.0,3422.0,1,3421.0,6
rb1805,20170802,20170801,211002000,3422.0,2178,106276,74527640.0,3423.0,4,3422.0,1
rb1805,20170802,20170801,211002500,3422.0,2180,106276,74596080.0,3422.0,6,3421.0,1
rb1805,20170802,20170801,211003000,3422.0,2180,106276,74596080.0,3422.0,12,3421.0,1
rb1805,20170802,20170801,211003500,3422.0,2180,106276,74596080.0,3422.0,12,3421.0,1
rb1805,20170802,20170801,211004000,3422.0,2184,106272,74732960.0,3422.0,10,3421.0,1
rb1805,20170802,20170801,211004500,3421.0,2186,106272,74801380.0,3421.0,4,3420.0,7
rb1805,20170802,20170801,211005000,3421.0,2186,106272,74801380.0,3421.0,4,3420.0,3
rb1805,20170802,20170801,211005500,3421.0,2188,106272,74869800.0,3421.0,3,3420.0,3
rb1805,20170802,20170801,211006000,3421.0,2190,106270,74938220.0,3421.0,2,3420.0,3
rb1805,20170802,20170801,211006500,3421.0,2190,106270,74938220.0,3421.0,2,3420.0,3
rb1805,20170802,20170801,211007000,3421.0,2192,106270,75006640.0,3421.0,1,3420.0,3
rb1805,20170802,20170801,211007500,3421.0,2192,106270,75006640.0,3422.0,6,3420.0,6
rb1805,20170802,20170801,211008000,3421.0,2192,106270,75006640.0,3422.0,17,3420.0,3
rb1805,20170802,20170801,211008500,3421.0,2192,106270,75006640.0,3422.0,17,3420.0,4
rb1805,20170802,20170801,211010000,3421.0,2192,106270,75006640.0,3422.0,17,3420.0,4
rb1805,20170802,20170801,211011500,3421.0,2192,106270,75006640.0,3422.0,6,3420.0,4
rb1805,20170802,20170801,211012000,3420.0,2194,106268,75075040.0,3421.0,1,3420.0,6
rb1805,20170802,20170801,211012500,3420.0,2194,106268,75075040.0,3421.0,1,3420.0,9
rb1805,20170802,20170801,211013500,3421.0,2196,106266,75143460.0,3422.0,2,3420.0,21
rb1805,20170802,20170801,211014000,3421.0,2196,106266,75143460.0,3422.0,1,3420.0,24
rb1805,20170802,20170801,211014500,3421.0,2196,106266,75143460.0,3422.0,1,3420.0,21
rb1805,20170802,20170801,211015000,3421.0,2196,106266,75143460.0,3422.0,1,3421.0,1
rb1805,20170802,20170801,211015500,3421.0,2196,106266,75143460.0,3422.0,1,3421.0,2
rb1805,20170802,20170801,211016000,3421.0,2196,106266,75143460.0,3422.0,1,3421.0,2
rb1805,20170802,20170801,211016500,3421.0,2196,106266,75143460.0,3422.0,1,3421.0,2
rb1805,20170802,20170801,211017500,3421.0,2196,106266,75143460.0,3422.0,2,3421.0,2
rb1805,20170802,20170801,211018000,3421.0,2198,106266,75211880.0,3422.0,2,3421.0,1
rb1805,20170802,20170801,211018500,3421.0,2198,106266,75211880.0,3422.0,3,3421.0,1
rb1805,20170802,20170801,211019000,3421.0,2200,106268,75280300.0,3422.0,3,3420.0,22
rb1805,20170802,20170801,211019500,3421.0,2200,106268,75280300.0,3421.0,1,3420.0,19
rb1805,20170802,20170801,211020000,3421.0,2200,106268,75280300.0,3421.0,1,3420.0,17
rb1805,20170802,20170801,211021500,3421.0,2200,106268,75280300.0,3421.0,1,3420.0,18
rb1805,20170802,20170801,211022500,3421.0,2200,106268,75280300.0,3421.0,2,3420.0,18
rb1805,20170802,20170801,211023000,3421.0,2200,106268,75280300.0,3421.0,3,3420.0,15
rb1805,20170802,20170801,211023500,3420.0,2230,106292,76306300.0,3420.0,5,3419.0,11
rb1805,20170802,20170801,211024000,3420.0,2230,106292,76306300.0,3420.0,6,3419.0,8
rb1805,20170802,20170801,211024500,3420.0,2230,106292,76306300.0,3420.0,1,3419.0,8
rb1805,20170802,20170801,211025500,3419.0,2232,106292,76374680.0,3420.0,1,3419.0,7
rb1805,20170802,20170801,211026000,3419.0,2232,106292,76374680.0,3420.0,1,3419.0,7
rb1805,20170802,20170801,211026500,3419.0,2232,106292,76374680.0,3420.0,12,3419.0,7
rb1805,20170802,20170801,211027000,3419.0,2232,106292,76374680.0,3420.0,1,3419.0,7
rb1805,20170802,20170801,211027500,3419.0,2232,106292,76374680.0,3420.0,1,3419.0,7
rb1805,20170802,20170801,211028500,3419.0,2232,106292,76374680.0,3420.0,1,3419.0,7
rb1805,20170802,20170801,211029000,3419.0,2232,106292,76374680.0,3420.0,12,3419.0,7
rb1805,20170802,20170801,211029500,3419.0,2246,106288,76853340.0,3420.0,12,3418.0,6
rb1805,20170802,20170801,211030000,3420.0,2248,106288,76921740.0,3420.0,11,3418.0,3
rb1805,20170802,20170801,211030500,3420.0,2248,106288,76921740.0,3420.0,11,3418.0,3
rb1805,20170802,20170801,211031000,3420.0,2248,106288,76921740.0,3420.0,11,3418.0,3
rb1805,20170802,20170801,211031500,3420.0,2248,106288,76921740.0,3420.0,11,3418.0,3
rb1805,20170802,20170801,211032000,3420.0,2248,106288,76921740.0,3419.0,2,3418.0,3
rb1805,20170802,20170801,211032500,3418.0,2254,106288,77126820.0,3419.0,3,3417.0,8
rb1805,20170802,20170801,211033000,3418.0,2254,106288,77126820.0,3419.0,3,3417.0,6
rb1805,20170802,20170801,211033500,3419.0,2258,106288,77263580.0,3418.0,1,3417.0,13
rb1805,20170802,20170801,211034000,3418.0,2260,106290,77331940.0,3419.0,1,3418.0,1
rb1805,20170802,20170801,211034500,3419.0,2262,106292,77400320.0,3421.0,4,3417.0,14
rb1805,20170802,20170801,211035000,3419.0,2262,106292,77400320.0,3421.0,15,3417.0,17
rb1805,20170802,20170801,211036000,3419.0,2262,106292,77400320.0,3421.0,15,3418.0,1
rb1805,20170802,20170801,211036500,3419.0,2262,106292,77400320.0,3421.0,15,3418.0,6
rb1805,20170802,20170801,211037000,3419.0,2262,106292,77400320.0,3420.0,15,3419.0,2
rb1805,20170802,20170801,211037500,3418.0,2276,106288,77878880.0,3420.0,15,3418.0,1
rb1805,20170802,20170801,211038000,3418.0,2276,106288,77878880.0,3419.0,1,3418.0,1
rb1805,20170802,20170801,211038500,3418.0,2278,106288,77947240.0,3419.0,1,3417.0,14
rb1805,20170802,20170801,211039000,3418.0,2278,106288,77947240.0,3419.0,1,3417.0,17
rb1805,20170802,20170801,211039500,3418.0,2278,106288,77947240.0,3419.0,1,3417.0,17
rb1805,20170802,20170801,211040000,3418.0,2278,106288,77947240.0,3419.0,1,3417.0,14
rb1805,20170802,20170801,211040500,3418.0,2278,106288,77947240.0,3419.0,1,3417.0,13
rb1805,20170802,20170801,211041500,3418.0,2278,106288,77947240.0,3419.0,6,3417.0,8
rb1805,20170802,20170801,211042500,3418.0,2278,106288,77947240.0,3419.0,6,3418.0,1
rb1805,20170802,20170801,211043000,3418.0,2280,106288,78015600.0,3419.0,6,3417.0,8
rb1805,20170802,20170801,211044000,3418.0,2280,106288,78015600.0,3419.0,1,3417.0,13
rb1805,20170802,20170801,211044500,3418.0,2280,106288,78015600.0,3419.0,1,3417.0,16
rb1805,20170802,20170801,211045500,3418.0,2280,106288,78015600.0,3419.0,1,3417.0,13
rb1805,20170802,20170801,211046000,3418.0,2280,106288,78015600.0,3418.0,1,3417.0,13
rb1805,20170802,20170801,211046500,3418.0,2280,106288,78015600.0,3418.0,1,3417.0,14
rb1805,20170802,20170801,211047000,3418.0,2282,106286,78083960.0,3419.0,1,3418.0,2
rb1805,20170802,20170801,211047500,3418.0,2282,106286,78083960.0,3419.0,1,3418.0,2
rb1805,20170802,20170801,211048000,3418.0,2282,106286,78083960.0,3419.0,1,3418.0,2
rb1805,20170802,20170801,211048500,3418.0,2282,106286,78083960.0,3419.0,1,3418.0,2
rb1805,20170802,20170801,211049000,3419.0,2284,106286,78152340.0,3420.0,18,3419.0,7
rb1805,20170802,20170801,211049500,3419.0,2284,106286,78152340.0,3420.0,18,3419.0,1
rb1805,20170802,20170801,211050000,3419.0,2284,106286,78152340.0,3420.0,18,3419.0,4
rb1805,20170802,20170801,211050500,3419.0,2284,106286,78152340.0,3420.0,18,3419.0,4
rb1805,20170802,20170801,211052000,3419.0,2284,106286,78152340.0,3420.0,18,3419.0,4
rb1805,20170802,20170801,211052500,3420.0,2302,106268,78767820.0,3420.0,15,3418.0,7
rb1805,20170802,20170801,211053000,3420.0,2302,106268,78767820.0,3420.0,20,3419.0,3
rb1805,20170802,20170801,211053500,3419.0,2308,106274,78972960.0,3419.0,5,3418.0,5
rb1805,20170802,20170801,211054000,3419.0,2308,106274,78972960.0,3420.0,20,3418.0,7
rb1805,20170802,20170801,211054500,3419.0,2308,106274,78972960.0,3420.0,20,3419.0,4
rb1805,20170802,20170801,211055000,3419.0,2308,106274,78972960.0,3419.0,1,3418.0,7
rb1805,20170802,20170801,211055500,3419.0,2308,106274,78972960.0,3419.0,1,3418.0,7
rb1805,20170802,20170801,211056000,3419.0,2308,106274,78972960.0,3419.0,1,3418.0,7
rb1805,20170802,20170801,211056500,3419.0,2308,106274,78972960.0,3419.0,1,3418.0,7
rb1805,20170802,20170801,211058000,3419.0,2310,106274,79041340.0,3420.0,20,3418.0,7
rb1805,20170802,20170801,211058500,3419.0,2310,106274,79041340.0,3419.0,1,3418.0,4
rb1805,20170802,20170801,211059000,3419.0,2310,106274,79041340.0,3419.0,1,3418.0,7
rb1805,20170802,20170801,211059500,3420.0,2322,106262,79451720.0,3420.0,15,3419.0,5
rb1805,20170802,20170801,211100000,3419.0,2326,106264,79588480.0,3420.0,15,3418.0,7
rb1805,20170802,20170801,211100500,3418.0,2328,106262,79656840.0,3420.0,15,3418.0,3
rb1805,20170802,20170801,211101000,3418.0,2328,106262,79656840.0,3420.0,15,3418.0,3
rb1805,20170802,20170801,211101500,3418.0,2328,106262,79656840.0,3420.0,15,3418.0,3
rb1805,20170802,20170801,211102500,3418.0,2328,106262,79656840.0,3420.0,16,3418.0,3
rb1805,20170802,20170801,211103000,3418.0,2328,106262,79656840.0,3419.0,1,3418.0,4
rb1805,20170802,20170801,211103500,3418.0,2328,106262,79656840.0,3419.0,1,3418.0,17
rb1805,20170802,20170801,211104000,3420.0,2332,106258,79793620.0,3420.0,15,3419.0,5
rb1805,20170802,20170801,211104500,3420.0,2332,106258,79793620.0,3420.0,11,3419.0,5
rb1805,20170802,20170801,211105000,3420.0,2332,106258,79793620.0,3420.0,11,3419.0,5
rb1805,20170802,20170801,211105500,3420.0,2332,106258,79793620.0,3420.0,11,3419.0,5
rb1805,20170802,20170801,211106000,3419.0,2334,106258,79862000.0,3420.0,11,3419.0,4
rb1805,20170802,20170801,211106500,3419.0,2334,106258,79862000.0,3420.0,8,3419.0,4
rb1805,20170802,20170801,211107000,3419.0,2334,106258,79862000.0,3420.0,8,3419.0,4
rb1805,20170802,20170801,211107500,3419.0,2334,106258,79862000.0,3420.0,8,3419.0,4
rb1805,20170802,20170801,211108000,3419.0,2334,106258,79862000.0,3420.0,8,3419.0,5
rb1805,20170802,20170801,211109500,3419.0,2334,106258,79862000.0,3420.0,8,3419.0,10
rb1805,20170802,20170801,211110000,3420.0,2350,106260,80409200.0,3421.0,3,3420.0,4
rb1805,20170802,20170801,211110500,3420.0,2350,106260,80409200.0,3421.0,1,3420.0,5
rb1805,20170802,20170801,211111500,3420.0,2350,106260,80409200.0,3421.0,1,3420.0,5
rb1805,20170802,20170801,211112000,3420.0,2350,106260,80409200.0,3421.0,1,3420.0,5
rb1805,20170802,20170801,211112500,3420.0,2350,106260,80409200.0,3421.0,1,3420.0,5
rb1805,20170802,20170801,211113000,3420.0,2360,106260,80751200.0,3420.0,1,3419.0,10
rb1805,20170802,20170801,211113500,3420.0,2362,106260,80819600.0,3421.0,4,3420.0,3
rb1805,20170802,20170801,211114000,3420.0,2362,106260,80819600.0,3421.0,1,3419.0,11
rb1805,20170802,20170801,211114500,3420.0,2366,106260,80956420.0,3422.0,4,3419.0,11
rb1805,20170802,20170801,211115000,3420.0,2366,106260,80956420.0,3420.0,1,3419.0,11
rb1805,20170802,20170801,211115500,3420.0,2368,106258,81024820.0,3422.0,5,3420.0,7
rb1805,20170802,20170801,211116000,3420.0,2368,106258,81024820.0,3422.0,3,3420.0,4
rb1805,20170802,20170801,211116500,3420.0,2368,106258,81024820.0,3422.0,3,3420.0,4
rb1805,20170802,20170801,211117500,3420.0,2368,106258,81024820.0,3422.0,3,3420.0,4
rb1805,20170802,20170801,211119500,3420.0,2378,106266,81366860.0,3420.0,2,3419.0,7
rb1805,20170802,20170801,211120000,3420.0,2382,106266,81503660.0,3422.0,8,3420.0,4
rb1805,20170802,20170801,211120500,3420.0,2382,106266,81503660.0,3422.0,6,3420.0,16
rb1805,20170802,20170801,211121000,3420.0,2382,106266,81503660.0,3422.0,6,3420.0,7
rb1805,20170802,20170801,211122000,3422.0,2384,106266,81572100.0,3422.0,5,3420.0,7
rb1805,20170802,20170801,211122500,3422.0,2384,106266,81572100.0,3422.0,5,3420.0,7
rb1805,20170802,20170801,211123000,3422.0,2384,106266,81572100.0,3422.0,5,3420.0,7
rb1805,20170802,20170801,211123500,3422.0,2384,106266,81572100.0,3422.0,6,3420.0,7
rb1805,20170802,20170801,211124000,3422.0,2384,106266,81572100.0,3422.0,2,3420.0,7
rb1805,20170802,20170801,211124500,3422.0,2384,106266,81572100.0,3422.0,2,3420.0,7
rb1805,20170802,20170801,211125500,3422.0,2384,106266,81572100.0,3422.0,2,3420.0,7
rb1805,20170802,20170801,211126500,3422.0,2384,106266,81572100.0,3422.0,5,3420.0,5
rb1805,20170802,20170801,211127500,3422.0,2386,106266,81640540.0,3422.0,4,3420.0,5
rb1805,20170802,20170801,211128000,3422.0,2386,106266,81640540.0,3421.0,1,3420.0,5
rb1805,20170802,20170801,211128500,3421.0,2388,106264,81708960.0,3422.0,4,3421.0,2
rb1805,20170802,20170801,211129000,3421.0,2388,106264,81708960.0,3422.0,7,3420.0,5
rb1805,20170802,20170801,211129500,3421.0,2388,106264,81708960.0,3421.0,1,3420.0,5
rb1805,20170802,20170801,211130000,3421.0,2390,106262,81777380.0,3422.0,7,3419.0,6
rb1805,20170802,20170801,211130500,3421.0,2390,106262,81777380.0,3420.0,2,3419.0,14
rb1805,20170802,20170801,211131000,3420.0,2394,106258,81914180.0,3422.0,13,3420.0,6
rb1805,20170802,20170801,211131500,3420.0,2394,106258,81914180.0,3420.0,1,3419.0,11
rb1805,20170802,20170801,211132000,3420.0,2396,106258,81982580.0,3421.0,1,3420.0,3
rb1805,20170802,20170801,211132500,3420.0,2396,106258,81982580.0,3421.0,1,3420.0,1
rb1805,20170802,20170801,211133000,3420.0,2396,106258,81982580.0,3421.0,1,3419.0,12
rb1805,20170802,20170801,211133500,3420.0,2396,106258,81982580.0,3421.0,1,3419.0,15
rb1805,20170802,20170801,211134000,3420.0,2396,106258,81982580.0,3421.0,1,3419.0,16
rb1805,20170802,20170801,211136000,3420.0,2396,106258,81982580.0,3421.0,2,3419.0,16
rb1805,20170802,20170801,211136500,3420.0,2396,106258,81982580.0,3421.0,2,3419.0,16
rb1805,20170802,20170801,211137500,3420.0,2396,106258,81982580.0,3421.0,2,3419.0,13
rb1805,20170802,20170801,211138500,3419.0,2400,106258,82119340.0,3421.0,2,3419.0,11
rb1805,20170802,20170801,211139000,3419.0,2400,106258,82119340.0,3421.0,6,3419.0,11
rb1805,20170802,20170801,211139500,3419.0,2400,106258,82119340.0,3420.0,50,3419.0,11
rb1805,20170802,20170801,211140000,3420.0,2402,106260,82187740.0,3420.0,49,3419.0,6
rb1805,20170802,20170801,211140500,3420.0,2408,106266,82392940.0,3420.0,46,3419.0,6
rb1805,20170802,20170801,211141000,3420.0,2408,106266,82392940.0,3420.0,46,3419.0,6
rb1805,20170802,20170801,211143500,3420.0,2408,106266,82392940.0,3420.0,46,3419.0,14
rb1805,20170802,20170801,211144000,3419.0,2410,106264,82461320.0,3420.0,46,3419.0,13
rb1805,20170802,20170801,211144500,3419.0,2410,106264,82461320.0,3420.0,46,3419.0,13
rb1805,20170802,20170801,211146000,3419.0,2410,106264,82461320.0,3420.0,46,3419.0,5
rb1805,20170802,20170801,211146500,3420.0,2412,106264,82529720.0,3420.0,48,3419.0,5
rb1805,20170802,20170801,211149000,3420.0,2414,106264,82598120.0,3420.0,47,3419.0,5
rb1805,20170802,20170801,211149500,3420.0,2414,106264,82598120.0,3420.0,44,3419.0,5
rb1805,20170802,20170801,211150000,3420.0,2414,106264,82598120.0,3420.0,44,3419.0,8
rb1805,20170802,20170801,211150500,3420.0,2464,106286,84308120.0,3420.0,19,3419.0,15
rb1805,20170802,20170801,211151000,3420.0,2494,106286,85334120.0,3420.0,4,3419.0,15
rb1805,20170802,20170801,211151500,3420.0,2496,106288,85402520.0,3420.0,3,3419.0,16
rb1805,20170802,20170801,211152500,3420.0,2498,106290,85470920.0,3420.0,2,3419.0,16
rb1805,20170802,20170801,211153000,3420.0,2502,106294,85607720.0,3421.0,5,3419.0,15
rb1805,20170802,20170801,211154000,3420.0,2502,106294,85607720.0,3421.0,5,3419.0,12
rb1805,20170802,20170801,211154500,3420.0,2502,106294,85607720.0,3421.0,5,3419.0,15
rb1805,20170802,20170801,211155500,3420.0,2502,106294,85607720.0,3421.0,5,3419.0,15
rb1805,20170802,20170801,211156000,3420.0,2502,106294,85607720.0,3421.0,5,3419.0,15
rb1805,20170802,20170801,211157000,3420.0,2502,106294,85607720.0,3421.0,5,3419.0,12
rb1805,20170802,20170801,211157500,3420.0,2502,106294,85607720.0,3421.0,5,3419.0,14
rb1805,20170802,20170801,211158000,3420.0,2502,106294,85607720.0,3421.0,5,3420.0,1
rb1805,20170802,20170801,211158500,3420.0,2502,106294,85607720.0,3421.0,8,3420.0,1
rb1805,20170802,20170801,211159000,3420.0,2502,106294,85607720.0,3421.0,4,3420.0,1
rb1805,20170802,20170801,211200500,3420.0,2502,106294,85607720.0,3421.0,4,3420.0,1
rb1805,20170802,20170801,211201000,3420.0,2502,106294,85607720.0,3421.0,1,3420.0,1
rb1805,20170802,20170801,211202500,3420.0,2502,106294,85607720.0,3421.0,1,3420.0,1
rb1805,20170802,20170801,211203000,3420.0,2502,106294,85607720.0,3421.0,1,3420.0,1
rb1805,20170802,20170801,211204000,3421.0,2504,106294,85676140.0,3422.0,9,3421.0,8
rb1805,20170802,20170801,211204500,3422.0,2506,106292,85744580.0,3422.0,7,3421.0,8
rb1805,20170802,20170801,211205000,3422.0,2506,106292,85744580.0,3422.0,4,3421.0,8
rb1805,20170802,20170801,211205500,3422.0,2506,106292,85744580.0,3422.0,4,3421.0,8
rb1805,20170802,20170801,211206000,3422.0,2506,106292,85744580.0,3422.0,1,3421.0,8
rb1805,20170802,20170801,211209000,3422.0,2506,106292,85744580.0,3422.0,1,3421.0,8
rb1805,20170802,20170801,211209500,3422.0,2506,106292,85744580.0,3422.0,1,3421.0,13
rb1805,20170802,20170801,211210000,3422.0,2508,106294,85813020.0,3423.0,15,3422.0,2
rb1805,20170802,20170801,211210500,3422.0,2508,106294,85813020.0,3423.0,15,3421.0,13
rb1805,20170802,20170801,211211000,3422.0,2508,106294,85813020.0,3423.0,15,3421.0,13
rb1805,20170802,20170801,211214000,3422.0,2508,106294,85813020.0,3423.0,15,3421.0,14
rb1805,20170802,20170801,211214500,3423.0,2510,106294,85881480.0,3423.0,14,3421.0,14
rb1805,20170802,20170801,211215000,3423.0,2510,106294,85881480.0,3422.0,6,3421.0,17
rb1805,20170802,20170801,211215500,3422.0,2522,106306,86292120.0,3423.0,14,3422.0,7
rb1805,20170802,20170801,211216000,3422.0,2522,106306,86292120.0,3423.0,14,3421.0,15
rb1805,20170802,20170801,211216500,3422.0,2522,106306,86292120.0,3423.0,14,3421.0,18
rb1805,20170802,20170801,211217000,3422.0,2522,106306,86292120.0,3423.0,14,3421.0,18
rb1805,20170802,20170801,211217500,3422.0,2522,106306,86292120.0,3423.0,14,3421.0,15
rb1805,20170802,20170801,211218000,3423.0,2524,106308,86360580.0,3423.0,13,3421.0,16
rb1805,20170802,20170801,211219000,3423.0,2532,106308,86634420.0,3423.0,9,3422.0,1
rb1805,20170802,20170801,211219500,3423.0,2532,106308,86634420.0,3423.0,9,3422.0,1
rb1805,20170802,20170801,211220000,3423.0,2532,106308,86634420.0,3423.0,13,3421.0,15
rb1805,20170802,20170801,211220500,3423.0,2532,106308,86634420.0,3423.0,13,3421.0,13
rb1805,20170802,20170801,211221000,3423.0,2532,106308,86634420.0,3422.0,1,3421.0,10
rb1805,20170802,20170801,211222500,3423.0,2532,106308,86634420.0,3422.0,1,3421.0,10
rb1805,20170802,20170801,211223000,3423.0,2536,106308,86771320.0,3423.0,12,3422.0,1
rb1805,20170802,20170801,211223500,3421.0,2538,106310,86839740.0,3423.0,8,3421.0,14
rb1805,20170802,20170801,211224000,3423.0,2540,106310,86908200.0,3423.0,7,3421.0,17
rb1805,20170802,20170801,211225000,3423.0,2540,106310,86908200.0,3423.0,7,3422.0,1
rb1805,20170802,20170801,211225500,3423.0,2540,106310,86908200.0,3423.0,7,3422.0,1
rb1805,20170802,20170801,211226000,3423.0,2542,106310,86976660.0,3423.0,6,3422.0,1
rb1805,20170802,20170801,211226500,3423.0,2542,106310,86976660.0,3423.0,6,3422.0,4
rb1805,20170802,20170801,211227000,3423.0,2542,106310,86976660.0,3423.0,6,3422.0,4
rb1805,20170802,20170801,211228000,3423.0,2542,106310,86976660.0,3423.0,6,3422.0,4
rb1805,20170802,20170801,211228500,3423.0,2552,106310,87318960.0,3423.0,1,3422.0,4
rb1805,20170802,20170801,211229000,3423.0,2554,106312,87387420.0,3424.0,7,3422.0,4
rb1805,20170802,20170801,211229500,3422.0,2556,106314,87455860.0,3424.0,14,3422.0,3
rb1805,20170802,20170801,211230000,3422.0,2556,106314,87455860.0,3424.0,11,3422.0,3
rb1805,20170802,20170801,211230500,3422.0,2556,106314,87455860.0,3424.0,8,3422.0,3
rb1805,20170802,20170801,211231000,3422.0,2556,106314,87455860.0,3424.0,11,3423.0,3
rb1805,20170802,20170801,211231500,3422.0,2556,106314,87455860.0,3424.0,4,3423.0,3
rb1805,20170802,20170801,211232000,3422.0,2556,106314,87455860.0,3424.0,4,3423.0,33
rb1805,20170802,20170801,211232500,3424.0,2564,106314,87729780.0,3425.0,8,3424.0,3
rb1805,20170802,20170801,211233000,3424.0,2564,106314,87729780.0,3425.0,11,3423.0,33
rb1805,20170802,20170801,211233500,3423.0,2582,106302,88345920.0,3425.0,8,3423.0,24
rb1805,20170802,20170801,211234000,3423.0,2582,106302,88345920.0,3425.0,8,3423.0,29
rb1805,20170802,20170801,211234500,3423.0,2582,106302,88345920.0,3425.0,5,3424.0,2
rb1805,20170802,20170801,211235000,3425.0,2592,106310,88688420.0,3426.0,5,3424.0,2
rb1805,20170802,20170801,211235500,3425.0,2592,106310,88688420.0,3426.0,8,3424.0,2
rb1805,20170802,20170801,211236500,3425.0,2592,106310,88688420.0,3426.0,12,3424.0,2
rb1805,20170802,20170801,211237000,3425.0,2592,106310,88688420.0,3426.0,7,3424.0,2
rb1805,20170802,20170801,211238000,3425.0,2592,106310,88688420.0,3426.0,7,3424.0,4
rb1805,20170802,20170801,211238500,3425.0,2592,106310,88688420.0,3426.0,7,3424.0,3
rb1805,20170802,20170801,211239500,3425.0,2592,106310,88688420.0,3426.0,7,3424.0,3
rb1805,20170802,20170801,211242500,3425.0,2592,106310,88688420.0,3426.0,7,3424.0,3
rb1805,20170802,20170801,211243000,3425.0,2592,106310,88688420.0,3425.0,3,3424.0,3
rb1805,20170802,20170801,211245500,3425.0,2592,106310,88688420.0,3425.0,3,3424.0,2
rb1805,20170802,20170801,211246500,3425.0,2592,106310,88688420.0,3425.0,5,3424.0,2
rb1805,20170802,20170801,211247000,3425.0,2602,106300,89030920.0,3426.0,12,3425.0,5
rb1805,20170802,20170801,211247500,3425.0,2612,106296,89373420.0,3425.0,3,3424.0,2
rb1805,20170802,20170801,211248000,3425.0,2612,106296,89373420.0,3425.0,6,3424.0,2
rb1805,20170802,20170801,211248500,3425.0,2624,106300,89784420.0,3426.0,12,3425.0,5
rb1805,20170802,20170801,211249000,3425.0,2624,106300,89784420.0,3426.0,8,3425.0,5
rb1805,20170802,20170801,211249500,3425.0,2626,106300,89852920.0,3426.0,8,3425.0,9
rb1805,20170802,20170801,211250000,3426.0,2642,106286,90401060.0,3427.0,4,3426.0,1
rb1805,20170802,20170801,211250500,3426.0,2644,106286,90469580.0,3426.0,9,3425.0,8
rb1805,20170802,20170801,211251000,3426.0,2644,106286,90469580.0,3426.0,4,3425.0,8
rb1805,20170802,20170801,211251500,3426.0,2644,106286,90469580.0,3426.0,5,3425.0,8
rb1805,20170802,20170801,211252000,3426.0,2644,106286,90469580.0,3426.0,5,3425.0,9
rb1805,20170802,20170801,211253500,3426.0,2644,106286,90469580.0,3426.0,5,3425.0,9
rb1805,20170802,20170801,211255000,3426.0,2646,106284,90538100.0,3426.0,4,3425.0,9
rb1805,20170802,20170801,211255500,3426.0,2646,106284,90538100.0,3426.0,5,3425.0,9
rb1805,20170802,20170801,211256000,3425.0,2662,106294,91086100.0,3426.0,8,3425.0,1
rb1805,20170802,20170801,211256500,3426.0,2678,106290,91634180.0,3426.0,4,3424.0,2
rb1805,20170802,20170801,211258000,3426.0,2688,106290,91976780.0,3427.0,9,3426.0,1
rb1805,20170802,20170801,211258500,3426.0,2690,106292,92045300.0,3426.0,12,3424.0,4
