instrument,tradingday,calendarday,time,lastp,volume,openinterest,turnover,ask1,asksz1,bid1,bidsz1
rb1805,20171218,20171215,205900500,3839.0,5526,2652862,212143140.0,3839.0,143,3838.0,305
rb1805,20171218,20171215,210000500,3839.0,10014,2652726,384441580.0,3840.0,51,3839.0,148
rb1805,20171218,20171215,210001000,3843.0,13870,2652034,532565420.0,3843.0,254,3841.0,16
rb1805,20171218,20171215,210001500,3846.0,22138,2649060,850364560.0,3846.0,289,3842.0,1
rb1805,20171218,20171215,210002000,3845.0,31458,2645518,1208712620.0,3845.0,414,3844.0,48
rb1805,20171218,20171215,210002500,3846.0,33860,2644624,1301057780.0,3846.0,20,3843.0,381
rb1805,20171218,20171215,210003000,3847.0,36228,2643960,1392143080.0,3849.0,4,3847.0,7
rb1805,20171218,20171215,210003500,3846.0,37994,2644200,1460084140.0,3847.0,9,3846.0,102
rb1805,20171218,20171215,210004000,3845.0,39030,2644424,1499928380.0,3846.0,16,3845.0,187
rb1805,20171218,20171215,210004500,3846.0,40342,2644442,1550375400.0,3846.0,222,3844.0,104
rb1805,20171218,20171215,210005000,3845.0,41110,2644400,1579901140.0,3845.0,145,3843.0,109
rb1805,20171218,20171215,210005500,3843.0,43330,2644324,1665265420.0,3845.0,39,3843.0,39
rb1805,20171218,20171215,210006000,3843.0,44128,2644552,1695944060.0,3845.0,56,3843.0,113
rb1805,20171218,20171215,210006500,3845.0,44836,2644566,1723166080.0,3845.0,1,3844.0,2
rb1805,20171218,20171215,210007000,3845.0,45598,2644672,1752465360.0,3846.0,9,3845.0,8
rb1805,20171218,20171215,210007500,3846.0,46012,2644530,1768383060.0,3846.0,2,3844.0,43
rb1805,20171218,20171215,210008000,3846.0,46288,2644524,1778996240.0,3847.0,156,3846.0,3
rb1805,20171218,20171215,210008500,3845.0,46892,2644524,1802218720.0,3845.0,12,3844.0,20
rb1805,20171218,20171215,210009000,3844.0,47922,2644836,1841820940.0,3844.0,18,3843.0,681
rb1805,20171218,20171215,210009500,3846.0,48818,2644964,1876272080.0,3846.0,135,3845.0,5
rb1805,20171218,20171215,210010000,3845.0,49288,2645008,1894345380.0,3846.0,33,3845.0,6
rb1805,20171218,20171215,210010500,3845.0,49628,2644914,1907419340.0,3846.0,130,3845.0,42
rb1805,20171218,20171215,210011000,3845.0,49840,2644892,1915570940.0,3845.0,23,3844.0,216
rb1805,20171218,20171215,210011500,3845.0,50054,2644814,1923797740.0,3845.0,226,3844.0,159
rb1805,20171218,20171215,210012000,3844.0,50762,2645058,1951016040.0,3844.0,465,3843.0,653
rb1805,20171218,20171215,210012500,3843.0,51170,2645332,1966697120.0,3844.0,1501,3843.0,531
rb1805,20171218,20171215,210013000,3843.0,51706,2645452,1987296780.0,3844.0,1515,3843.0,371
rb1805,20171218,20171215,210013500,3842.0,52624,2644824,2022576960.0,3843.0,319,3842.0,158
rb1805,20171218,20171215,210014000,3843.0,52894,2644714,2032952080.0,3843.0,271,3842.0,102
rb1805,20171218,20171215,210014500,3843.0,53084,2644716,2040253200.0,3843.0,393,3842.0,168
rb1805,20171218,20171215,210015000,3843.0,53380,2644684,2051626320.0,3843.0,396,3842.0,118
rb1805,20171218,20171215,210015500,3843.0,53892,2644436,2071299760.0,3843.0,432,3842.0,22
rb1805,20171218,20171215,210016000,3841.0,54100,2644364,2079291500.0,3842.0,10,3841.0,361
rb1805,20171218,20171215,210016500,3841.0,54302,2644244,2087051880.0,3842.0,5,3841.0,351
rb1805,20171218,20171215,210017000,3842.0,54566,2644388,2097196280.0,3843.0,519,3842.0,235
rb1805,20171218,20171215,210017500,3842.0,55242,2644326,2123168200.0,3842.0,4,3841.0,326
rb1805,20171218,20171215,210018000,3841.0,55950,2643864,2150362980.0,3841.0,13,3840.0,1099
rb1805,20171218,20171215,210018500,3840.0,56312,2643732,2164269040.0,3841.0,7,3840.0,1091
rb1805,20171218,20171215,210019000,3841.0,57236,2643462,2199754800.0,3842.0,27,3841.0,60
rb1805,20171218,20171215,210019500,3841.0,57582,2643420,2213045200.0,3841.0,131,3840.0,821
rb1805,20171218,20171215,210020000,3841.0,57800,2643358,2221417440.0,3841.0,259,3840.0,837
rb1805,20171218,20171215,210020500,3841.0,59258,2644172,2277413180.0,3842.0,156,3841.0,7
rb1805,20171218,20171215,210021000,3840.0,59474,2644288,2285708800.0,3841.0,56,3840.0,513
rb1805,20171218,20171215,210021500,3841.0,59870,2644328,2300918100.0,3841.0,20,3840.0,469
rb1805,20171218,20171215,210022000,3841.0,60210,2644412,2313979680.0,3843.0,644,3841.0,235
rb1805,20171218,20171215,210022500,3840.0,60926,2644952,2341480660.0,3841.0,28,3840.0,434
rb1805,20171218,20171215,210023000,3841.0,61508,2644900,2363831760.0,3841.0,56,3840.0,287
rb1805,20171218,20171215,210023500,3840.0,62312,2645224,2394707140.0,3840.0,37,3839.0,813
rb1805,20171218,20171215,210024000,3840.0,62688,2645236,2409145400.0,3840.0,528,3839.0,631
rb1805,20171218,20171215,210024500,3841.0,64074,2644350,2462366300.0,3841.0,127,3840.0,252
rb1805,20171218,20171215,210025000,3841.0,64684,2644554,2485794740.0,3842.0,421,3841.0,309
rb1805,20171218,20171215,210025500,3841.0,65234,2644746,2506921500.0,3842.0,373,3841.0,291
rb1805,20171218,20171215,210026000,3841.0,66166,2644518,2542719940.0,3842.0,405,3841.0,191
rb1805,20171218,20171215,210026500,3841.0,67036,2644614,2576133180.0,3841.0,287,3840.0,212
rb1805,20171218,20171215,210027000,3840.0,67298,2644622,2586195080.0,3841.0,244,3840.0,136
rb1805,20171218,20171215,210027500,3841.0,67798,2644418,2605395920.0,3841.0,83,3840.0,20
rb1805,20171218,20171215,210028000,3840.0,68062,2644392,2615534580.0,3840.0,323,3839.0,583
rb1805,20171218,20171215,210028500,3840.0,68530,2644584,2633505460.0,3840.0,146,3839.0,573
rb1805,20171218,20171215,210029000,3840.0,68808,2644802,2644179860.0,3840.0,67,3839.0,530
rb1805,20171218,20171215,210029500,3841.0,69102,2644890,2655470600.0,3841.0,684,3839.0,520
rb1805,20171218,20171215,210030000,3839.0,69370,2645036,2665761000.0,3840.0,9,3839.0,448
rb1805,20171218,20171215,210030500,3840.0,69776,2645024,2681352460.0,3840.0,56,3839.0,417
rb1805,20171218,20171215,210031000,3840.0,70370,2644950,2704157960.0,3840.0,136,3839.0,226
rb1805,20171218,20171215,210031500,3839.0,70840,2644836,2722201860.0,3840.0,139,3838.0,199
rb1805,20171218,20171215,210032000,3840.0,71556,2644840,2749691900.0,3840.0,73,3839.0,9
rb1805,20171218,20171215,210032500,3840.0,71712,2644854,2755680440.0,3839.0,25,3838.0,136
rb1805,20171218,20171215,210033000,3838.0,71956,2644908,2765047760.0,3840.0,562,3838.0,136
rb1805,20171218,20171215,210033500,3838.0,72322,2644612,2779094920.0,3838.0,121,3837.0,206
rb1805,20171218,20171215,210034000,3837.0,73016,2644580,2805724460.0,3837.0,129,3836.0,160
rb1805,20171218,20171215,210034500,3838.0,73760,2644812,2834270680.0,3838.0,25,3837.0,17
rb1805,20171218,20171215,210035000,3837.0,73866,2644854,2838337840.0,3837.0,139,3836.0,121
rb1805,20171218,20171215,210035500,3837.0,74316,2644818,2855600900.0,3836.0,1,3835.0,323
rb1805,20171218,20171215,210036000,3835.0,74696,2644738,2870179000.0,3836.0,1,3835.0,273
rb1805,20171218,20171215,210036500,3835.0,75144,2644760,2887360820.0,3836.0,2,3835.0,112
rb1805,20171218,20171215,210037000,3835.0,75528,2644834,2902087720.0,3836.0,30,3835.0,89
rb1805,20171218,20171215,210037500,3835.0,75872,2644774,2915282100.0,3837.0,47,3835.0,21
rb1805,20171218,20171215,210038000,3837.0,76032,2644740,2921418480.0,3837.0,96,3836.0,2
rb1805,20171218,20171215,210038500,3836.0,76408,2644644,2935841100.0,3836.0,200,3835.0,28
rb1805,20171218,20171215,210039000,3835.0,76594,2644514,2942974180.0,3835.0,228,3834.0,122
rb1805,20171218,20171215,210039500,3835.0,76886,2644476,2954171100.0,3835.0,164,3834.0,89
rb1805,20171218,20171215,210040000,3834.0,77178,2644424,2965367280.0,3834.0,4,3833.0,1138
rb1805,20171218,20171215,210040500,3836.0,78258,2644976,3006791200.0,3836.0,68,3835.0,5
rb1805,20171218,20171215,210041000,3835.0,79556,2644144,3056564420.0,3836.0,9,3835.0,192
rb1805,20171218,20171215,210041500,3835.0,79756,2644236,3064235240.0,3837.0,26,3836.0,30
rb1805,20171218,20171215,210042000,3836.0,80034,2644218,3074898120.0,3836.0,7,3835.0,453
rb1805,20171218,20171215,210042500,3836.0,80250,2644310,3083182960.0,3837.0,58,3835.0,401
rb1805,20171218,20171215,210043000,3836.0,80902,2644524,3108201420.0,3837.0,1,3836.0,117
rb1805,20171218,20171215,210043500,3836.0,81636,2644464,3136358960.0,3836.0,117,3835.0,348
rb1805,20171218,20171215,210044000,3836.0,81750,2644430,3140731540.0,3836.0,207,3835.0,345
rb1805,20171218,20171215,210044500,3836.0,81830,2644440,3143800000.0,3836.0,191,3835.0,353
rb1805,20171218,20171215,210045000,3835.0,82594,2644352,3173100220.0,3836.0,171,3835.0,39
rb1805,20171218,20171215,210045500,3835.0,82928,2644316,3185909460.0,3836.0,195,3834.0,116
rb1805,20171218,20171215,210046000,3834.0,83226,2644464,3197335320.0,3834.0,78,3833.0,1137
rb1805,20171218,20171215,210046500,3834.0,84514,2644490,3246708740.0,3835.0,33,3834.0,50
rb1805,20171218,20171215,210047000,3835.0,84720,2644462,3254606960.0,3835.0,20,3834.0,3
rb1805,20171218,20171215,210047500,3835.0,84878,2644540,3260665500.0,3836.0,251,3835.0,138
rb1805,20171218,20171215,210048000,3833.0,86036,2645066,3305058000.0,3836.0,259,3835.0,5
rb1805,20171218,20171215,210048500,3835.0,86142,2645096,3309122620.0,3835.0,374,3834.0,56
rb1805,20171218,20171215,210049000,3834.0,86346,2645220,3316943960.0,3834.0,2,3833.0,368
rb1805,20171218,20171215,210049500,3835.0,86514,2645176,3323385420.0,3835.0,388,3834.0,1
rb1805,20171218,20171215,210050000,3835.0,87298,2645052,3353442720.0,3835.0,629,3834.0,10
rb1805,20171218,20171215,210050500,3834.0,87764,2644994,3371309100.0,3834.0,45,3833.0,138
rb1805,20171218,20171215,210051000,3833.0,88760,2645730,3409491960.0,3833.0,58,3832.0,130
rb1805,20171218,20171215,210051500,3833.0,89026,2645764,3419688260.0,3834.0,15,3833.0,28
rb1805,20171218,20171215,210052000,3834.0,89330,2645576,3431342460.0,3834.0,29,3833.0,5
rb1805,20171218,20171215,210052500,3834.0,89646,2645560,3443455420.0,3835.0,542,3834.0,5
rb1805,20171218,20171215,210053000,3833.0,89774,2645554,3448362440.0,3833.0,1,3832.0,155
rb1805,20171218,20171215,210053500,3833.0,89904,2645592,3453345320.0,3833.0,3,3832.0,184
rb1805,20171218,20171215,210054000,3833.0,90200,2645670,3464692440.0,3834.0,55,3833.0,193
rb1805,20171218,20171215,210054500,3831.0,91450,2646222,3512595900.0,3831.0,69,3830.0,967
rb1805,20171218,20171215,210055000,3831.0,92108,2646174,3537806360.0,3833.0,99,3831.0,26
rb1805,20171218,20171215,210055500,3831.0,92484,2645996,3552210960.0,3831.0,209,3830.0,984
rb1805,20171218,20171215,210056000,3830.0,92662,2645958,3559029560.0,3831.0,221,3830.0,953
rb1805,20171218,20171215,210056500,3831.0,93396,2645832,3587143320.0,3831.0,170,3830.0,667
rb1805,20171218,20171215,210057000,3830.0,94760,2646724,3639386820.0,3832.0,42,3830.0,213
rb1805,20171218,20171215,210057500,3830.0,95390,2646410,3663517160.0,3830.0,79,3829.0,61
rb1805,20171218,20171215,210058000,3829.0,95720,2646322,3676155300.0,3830.0,5,3829.0,94
rb1805,20171218,20171215,210058500,3830.0,95920,2646424,3683816140.0,3831.0,39,3830.0,322
rb1805,20171218,20171215,210059000,3830.0,96186,2646448,3694006040.0,3832.0,51,3831.0,32
rb1805,20171218,20171215,210059500,3832.0,97448,2647112,3742344280.0,3833.0,93,3831.0,17
rb1805,20171218,20171215,210100000,3833.0,97596,2647120,3748015440.0,3833.0,97,3831.0,26
rb1805,20171218,20171215,210100500,3832.0,98238,2647104,3772608760.0,3832.0,17,3831.0,42
rb1805,20171218,20171215,210101000,3831.0,98512,2647040,3783107060.0,3832.0,38,3831.0,51
rb1805,20171218,20171215,210101500,3832.0,98668,2647052,3789084780.0,3833.0,58,3832.0,20
rb1805,20171218,20171215,210102000,3832.0,98804,2647052,3794296380.0,3833.0,53,3832.0,6
rb1805,20171218,20171215,210102500,3833.0,98972,2647070,3800734840.0,3833.0,7,3832.0,60
rb1805,20171218,20171215,210103000,3831.0,99672,2647540,3827554820.0,3831.0,187,3830.0,154
rb1805,20171218,20171215,210103500,3831.0,100002,2647770,3840196300.0,3831.0,66,3830.0,136
rb1805,20171218,20171215,210104000,3831.0,100372,2647970,3854373340.0,3833.0,29,3831.0,175
rb1805,20171218,20171215,210104500,3832.0,100508,2648030,3859586100.0,3834.0,43,3832.0,1
rb1805,20171218,20171215,210105000,3833.0,100580,2648004,3862345900.0,3834.0,129,3833.0,40
rb1805,20171218,20171215,210105500,3834.0,100928,2648146,3875684560.0,3833.0,2,3832.0,238
rb1805,20171218,20171215,210106000,3832.0,101070,2648096,3881128080.0,3833.0,6,3832.0,236
rb1805,20171218,20171215,210106500,3833.0,101256,2647990,3888257200.0,3834.0,78,3833.0,6
rb1805,20171218,20171215,210107000,3833.0,101636,2647978,3902822820.0,3833.0,369,3832.0,216
rb1805,20171218,20171215,210107500,3833.0,101698,2647958,3905199240.0,3833.0,373,3832.0,204
rb1805,20171218,20171215,210108000,3833.0,102010,2648130,3917156140.0,3833.0,301,3832.0,129
rb1805,20171218,20171215,210108500,3833.0,102266,2648068,3926966420.0,3833.0,803,3832.0,19
rb1805,20171218,20171215,210109000,3833.0,102642,2647972,3941376440.0,3833.0,730,3831.0,552
rb1805,20171218,20171215,210109500,3832.0,102714,2647962,3944135980.0,3832.0,22,3831.0,557
rb1805,20171218,20171215,210110000,3832.0,102862,2647984,3949807620.0,3833.0,668,3832.0,61
rb1805,20171218,20171215,210110500,3833.0,103054,2647880,3957166320.0,3833.0,609,3832.0,106
rb1805,20171218,20171215,210111000,3833.0,103278,2647886,3965752180.0,3833.0,503,3832.0,276
rb1805,20171218,20171215,210111500,3833.0,103410,2647804,3970811600.0,3833.0,451,3832.0,484
rb1805,20171218,20171215,210112000,3833.0,103500,2647792,3974261260.0,3833.0,409,3832.0,506
rb1805,20171218,20171215,210112500,3833.0,103690,2647778,3981543460.0,3833.0,350,3832.0,513
rb1805,20171218,20171215,210113000,3834.0,104504,2647112,4012744160.0,3834.0,595,3833.0,17
rb1805,20171218,20171215,210113500,3834.0,104564,2647112,4015044360.0,3834.0,581,3833.0,71
rb1805,20171218,20171215,210114000,3833.0,104644,2647106,4018111080.0,3834.0,566,3833.0,179
rb1805,20171218,20171215,210114500,3833.0,104772,2647130,4023018060.0,3834.0,529,3833.0,185
rb1805,20171218,20171215,210115000,3834.0,104812,2647162,4024551640.0,3834.0,515,3833.0,203
rb1805,20171218,20171215,210115500,3834.0,104916,2647220,4028538780.0,3834.0,499,3833.0,214
rb1805,20171218,20171215,210116000,3834.0,105186,2647232,4038889700.0,3834.0,433,3833.0,250
rb1805,20171218,20171215,210116500,3834.0,105280,2647282,4042493240.0,3834.0,386,3833.0,252
rb1805,20171218,20171215,210117000,3834.0,105500,2647400,4050927820.0,3834.0,290,3833.0,264
rb1805,20171218,20171215,210117500,3834.0,105954,2647796,4068333940.0,3834.0,75,3833.0,257
rb1805,20171218,20171215,210118000,3834.0,106054,2647780,4072167820.0,3834.0,90,3833.0,324
rb1805,20171218,20171215,210118500,3834.0,106480,2647738,4088500720.0,3835.0,567,3834.0,92
rb1805,20171218,20171215,210119000,3834.0,106816,2647676,4101384940.0,3835.0,444,3834.0,33
rb1805,20171218,20171215,210119500,3834.0,106876,2647674,4103685540.0,3835.0,434,3834.0,34
rb1805,20171218,20171215,210120000,3834.0,107086,2647626,4111736860.0,3834.0,22,3833.0,329
rb1805,20171218,20171215,210120500,3835.0,107150,2647632,4114190740.0,3835.0,419,3834.0,94
rb1805,20171218,20171215,210121000,3834.0,107530,2647678,4128760900.0,3835.0,437,3834.0,21
rb1805,20171218,20171215,210121500,3834.0,107706,2647722,4135509720.0,3835.0,204,3833.0,356
rb1805,20171218,20171215,210122000,3835.0,108054,2647794,4148852760.0,3834.0,1,3833.0,389
rb1805,20171218,20171215,210122500,3834.0,108230,2647714,4155599920.0,3834.0,100,3833.0,370
rb1805,20171218,20171215,210123000,3834.0,108590,2647770,4169402480.0,3834.0,77,3833.0,376
rb1805,20171218,20171215,210123500,3834.0,108716,2647796,4174232920.0,3834.0,59,3833.0,363
rb1805,20171218,20171215,210124000,3834.0,108858,2647764,4179677180.0,3835.0,103,3834.0,8
rb1805,20171218,20171215,210124500,3834.0,109044,2647762,4186808420.0,3834.0,10,3833.0,428
rb1805,20171218,20171215,210125000,3834.0,109308,2647862,4196929800.0,3834.0,70,3833.0,414
rb1805,20171218,20171215,210125500,3834.0,109724,2647718,4212878660.0,3834.0,4,3833.0,391
rb1805,20171218,20171215,210126000,3834.0,109804,2647684,4215945880.0,3835.0,139,3834.0,21
rb1805,20171218,20171215,210126500,3835.0,109864,2647734,4218246380.0,3835.0,260,3834.0,7
rb1805,20171218,20171215,210127000,3834.0,110098,2647694,4227217940.0,3834.0,7,3833.0,422
rb1805,20171218,20171215,210127500,3834.0,110148,2647684,4229134920.0,3834.0,109,3833.0,445
rb1805,20171218,20171215,210128000,3834.0,110250,2647720,4233045360.0,3834.0,142,3833.0,441
rb1805,20171218,20171215,210128500,3834.0,110302,2647758,4235039000.0,3834.0,223,3833.0,441
rb1805,20171218,20171215,210129000,3834.0,110392,2647770,4238489000.0,3834.0,214,3833.0,412
rb1805,20171218,20171215,210129500,3834.0,110496,2647818,4242476340.0,3834.0,246,3833.0,417
rb1805,20171218,20171215,210130000,3834.0,110590,2647792,4246080180.0,3834.0,247,3833.0,414
rb1805,20171218,20171215,210130500,3833.0,110662,2647744,4248840440.0,3834.0,263,3833.0,405
rb1805,20171218,20171215,210131000,3834.0,110826,2647760,4255128000.0,3834.0,206,3833.0,405
rb1805,20171218,20171215,210131500,3834.0,110864,2647752,4256584900.0,3834.0,198,3833.0,397
rb1805,20171218,20171215,210132000,3833.0,111674,2647696,4287632280.0,3833.0,123,3832.0,500
rb1805,20171218,20171215,210132500,3832.0,111732,2647680,4289855400.0,3833.0,117,3832.0,499
rb1805,20171218,20171215,210133000,3833.0,111892,2647688,4295987320.0,3833.0,204,3832.0,452
rb1805,20171218,20171215,210133500,3833.0,111976,2647684,4299206960.0,3833.0,203,3832.0,449
rb1805,20171218,20171215,210134000,3833.0,112134,2647786,4305262980.0,3833.0,157,3832.0,461
rb1805,20171218,20171215,210134500,3833.0,112208,2647822,4308099380.0,3833.0,144,3832.0,462
rb1805,20171218,20171215,210135000,3832.0,112382,2647800,4314767520.0,3833.0,112,3832.0,450
rb1805,20171218,20171215,210135500,3833.0,112450,2647818,4317373860.0,3833.0,86,3832.0,446
rb1805,20171218,20171215,210136000,3833.0,112510,2647836,4319673220.0,3833.0,83,3832.0,427
rb1805,20171218,20171215,210136500,3833.0,112804,2647818,4330941240.0,3833.0,5,3832.0,377
rb1805,20171218,20171215,210137000,3833.0,112836,2647792,4332167800.0,3834.0,290,3833.0,14
rb1805,20171218,20171215,210137500,3833.0,112930,2647746,4335770820.0,3833.0,70,3832.0,386
rb1805,20171218,20171215,210138000,3833.0,113094,2647888,4342055480.0,3833.0,119,3832.0,316
rb1805,20171218,20171215,210138500,3833.0,113414,2648068,4354321240.0,3834.0,279,3833.0,128
rb1805,20171218,20171215,210139000,3833.0,113554,2647986,4359688640.0,3834.0,228,3833.0,130
rb1805,20171218,20171215,210139500,3834.0,113604,2647982,4361605460.0,3834.0,187,3833.0,198
rb1805,20171218,20171215,210140000,3833.0,113698,2647950,4365209260.0,3834.0,148,3833.0,213
rb1805,20171218,20171215,210140500,3834.0,113722,2647954,4366129280.0,3834.0,124,3833.0,209
rb1805,20171218,20171215,210141000,3833.0,113854,2647900,4371189720.0,3834.0,73,3833.0,213
rb1805,20171218,20171215,210141500,3834.0,113912,2647878,4373413340.0,3834.0,48,3833.0,218
rb1805,20171218,20171215,210142000,3833.0,113994,2647878,4376556800.0,3834.0,523,3833.0,198
rb1805,20171218,20171215,210142500,3833.0,114368,2647768,4390894640.0,3834.0,417,3833.0,107
rb1805,20171218,20171215,210143000,3833.0,114646,2647872,4401550980.0,3833.0,4,3832.0,338
rb1805,20171218,20171215,210143500,3833.0,114772,2647812,4406381480.0,3833.0,34,3832.0,353
rb1805,20171218,20171215,210144000,3834.0,114850,2647868,4409371180.0,3834.0,374,3832.0,364
rb1805,20171218,20171215,210144500,3832.0,115574,2648266,4437114940.0,3832.0,243,3831.0,717
rb1805,20171218,20171215,210145000,3832.0,115990,2648422,4453054140.0,3832.0,136,3831.0,616
rb1805,20171218,20171215,210145500,3833.0,116326,2648674,4465930180.0,3833.0,34,3832.0,18
rb1805,20171218,20171215,210146000,3833.0,116462,2648558,4471141900.0,3833.0,65,3832.0,214
rb1805,20171218,20171215,210146500,3833.0,116830,2648538,4485246320.0,3834.0,395,3833.0,50
rb1805,20171218,20171215,210147000,3833.0,117014,2648598,4492298760.0,3833.0,28,3832.0,173
rb1805,20171218,20171215,210147500,3833.0,117284,2648610,4502645780.0,3834.0,501,3833.0,15
rb1805,20171218,20171215,210148000,3833.0,117370,2648568,4505942100.0,3833.0,52,3832.0,176
rb1805,20171218,20171215,210148500,3833.0,117506,2648504,4511154740.0,3833.0,71,3832.0,167
rb1805,20171218,20171215,210149000,3833.0,117656,2648540,4516903060.0,3833.0,63,3832.0,109
rb1805,20171218,20171215,210149500,3833.0,117824,2648538,4523342040.0,3833.0,18,3832.0,89
rb1805,20171218,20171215,210150000,3833.0,117866,2648544,4524951840.0,3833.0,77,3832.0,603
rb1805,20171218,20171215,210150500,3833.0,117922,2648506,4527097920.0,3833.0,97,3832.0,598
rb1805,20171218,20171215,210151000,3832.0,117966,2648502,4528784420.0,3833.0,90,3832.0,573
rb1805,20171218,20171215,210151500,3833.0,117988,2648496,4529627660.0,3833.0,77,3832.0,603
rb1805,20171218,20171215,210152000,3832.0,118110,2648392,4534303800.0,3833.0,30,3832.0,607
rb1805,20171218,20171215,210152500,3833.0,118794,2648270,4560516500.0,3834.0,518,3833.0,15
rb1805,20171218,20171215,210153000,3833.0,118952,2648272,4566573240.0,3834.0,499,3833.0,159
rb1805,20171218,20171215,210153500,3833.0,119016,2648270,4569026360.0,3834.0,500,3833.0,334
rb1805,20171218,20171215,210154000,3833.0,119046,2648266,4570176260.0,3834.0,506,3833.0,429
rb1805,20171218,20171215,210154500,3834.0,119156,2648158,4574393660.0,3834.0,454,3833.0,440
rb1805,20171218,20171215,210155000,3834.0,119228,2648106,4577154060.0,3834.0,420,3833.0,437
rb1805,20171218,20171215,210155500,3834.0,119372,2648074,4582674700.0,3834.0,363,3833.0,432
rb1805,20171218,20171215,210156000,3834.0,119438,2648062,4585204880.0,3834.0,357,3833.0,420
rb1805,20171218,20171215,210156500,3833.0,119532,2648028,4588808460.0,3834.0,338,3833.0,382
rb1805,20171218,20171215,210157000,3833.0,119608,2647998,4591722060.0,3834.0,312,3833.0,371
rb1805,20171218,20171215,210157500,3834.0,119630,2647998,4592565340.0,3834.0,319,3833.0,370
rb1805,20171218,20171215,210158000,3834.0,119754,2647962,4597319340.0,3834.0,265,3833.0,366
rb1805,20171218,20171215,210158500,3834.0,119994,2648022,4606520920.0,3834.0,146,3833.0,391
rb1805,20171218,20171215,210159000,3834.0,120270,2648048,4617102740.0,3834.0,13,3833.0,407
rb1805,20171218,20171215,210159500,3834.0,120348,2648030,4620093280.0,3835.0,367,3834.0,57
rb1805,20171218,20171215,210200000,3834.0,120384,2647998,4621473520.0,3835.0,353,3834.0,100
rb1805,20171218,20171215,210200500,3835.0,120722,2648158,4634435580.0,3835.0,202,3834.0,193
rb1805,20171218,20171215,210201000,3836.0,121178,2648158,4651923280.0,3836.0,294,3835.0,146
rb1805,20171218,20171215,210201500,3835.0,121248,2648138,4654608420.0,3836.0,238,3835.0,212
rb1805,20171218,20171215,210202000,3836.0,121296,2648130,4656449540.0,3836.0,250,3835.0,315
rb1805,20171218,20171215,210202500,3835.0,121362,2648144,4658980640.0,3836.0,270,3835.0,254
rb1805,20171218,20171215,210203000,3836.0,121496,2648052,4664119860.0,3836.0,258,3835.0,212
rb1805,20171218,20171215,210203500,3836.0,121544,2648046,4665960960.0,3836.0,266,3835.0,272
rb1805,20171218,20171215,210204000,3836.0,121610,2648012,4668492680.0,3836.0,299,3835.0,322
rb1805,20171218,20171215,210204500,3835.0,121648,2647994,4669950120.0,3836.0,352,3835.0,318
rb1805,20171218,20171215,210205000,3836.0,122296,2648154,4694801580.0,3836.0,326,3835.0,31
rb1805,20171218,20171215,210205500,3835.0,122736,2648496,4711675560.0,3835.0,365,3834.0,208
rb1805,20171218,20171215,210206000,3835.0,122760,2648512,4712595940.0,3835.0,447,3834.0,172
rb1805,20171218,20171215,210206500,3835.0,123094,2648526,4725404620.0,3835.0,306,3834.0,121
rb1805,20171218,20171215,210207000,3835.0,123126,2648538,4726631780.0,3835.0,356,3834.0,124
rb1805,20171218,20171215,210207500,3835.0,123280,2648436,4732537520.0,3835.0,298,3834.0,116
rb1805,20171218,20171215,210208000,3835.0,123450,2648562,4739057020.0,3835.0,239,3834.0,178
rb1805,20171218,20171215,210208500,3835.0,123574,2648630,4743812340.0,3835.0,225,3834.0,162
rb1805,20171218,20171215,210209000,3835.0,123592,2648642,4744502620.0,3835.0,241,3834.0,252
rb1805,20171218,20171215,210209500,3835.0,123634,2648670,4746113320.0,3835.0,244,3834.0,254
rb1805,20171218,20171215,210210000,3835.0,124370,2649110,4774338920.0,3835.0,14,3834.0,265
rb1805,20171218,20171215,210210500,3835.0,124416,2649120,4776103040.0,3836.0,285,3835.0,3
rb1805,20171218,20171215,210211000,3836.0,124474,2649110,4778327720.0,3836.0,272,3835.0,5
rb1805,20171218,20171215,210211500,3836.0,124638,2649052,4784616260.0,3836.0,261,3834.0,201
rb1805,20171218,20171215,210212000,3835.0,124778,2648926,4789985400.0,3835.0,250,3834.0,175
rb1805,20171218,20171215,210212500,3834.0,124888,2648836,4794203680.0,3835.0,213,3834.0,166
rb1805,20171218,20171215,210213000,3835.0,124912,2648832,4795124060.0,3835.0,229,3834.0,167
rb1805,20171218,20171215,210213500,3835.0,124930,2648832,4795814360.0,3835.0,233,3834.0,173
rb1805,20171218,20171215,210214000,3835.0,124968,2648802,4797271600.0,3835.0,252,3834.0,174
rb1805,20171218,20171215,210214500,3835.0,124994,2648788,4798268660.0,3835.0,257,3834.0,289
rb1805,20171218,20171215,210215000,3836.0,125534,2648906,4818977840.0,3836.0,261,3835.0,59
rb1805,20171218,20171215,210215500,3835.0,125576,2648892,4820588640.0,3836.0,258,3835.0,57
rb1805,20171218,20171215,210216000,3834.0,125720,2648880,4826110820.0,3836.0,274,3835.0,5
rb1805,20171218,20171215,210216500,3835.0,125832,2648932,4830406320.0,3835.0,25,3834.0,330
rb1805,20171218,20171215,210217000,3836.0,126010,2648954,4837231600.0,3836.0,265,3835.0,37
rb1805,20171218,20171215,210217500,3835.0,126070,2648960,4839532940.0,3836.0,258,3835.0,44
rb1805,20171218,20171215,210218000,3835.0,126092,2648966,4840376660.0,3836.0,285,3835.0,151
rb1805,20171218,20171215,210218500,3835.0,126112,2648970,4841143660.0,3836.0,287,3835.0,156
rb1805,20171218,20171215,210219000,3835.0,126216,2648982,4845132500.0,3836.0,266,3835.0,169
rb1805,20171218,20171215,210219500,3836.0,126308,2648952,4848661100.0,3836.0,243,3835.0,149
rb1805,20171218,20171215,210220000,3835.0,126330,2648940,4849504880.0,3836.0,351,3835.0,153
rb1805,20171218,20171215,210220500,3834.0,127320,2649488,4887464500.0,3834.0,10,3833.0,292
rb1805,20171218,20171215,210221000,3835.0,127432,2649534,4891759420.0,3835.0,28,3834.0,14
rb1805,20171218,20171215,210221500,3835.0,127454,2649540,4892603080.0,3835.0,22,3834.0,47
rb1805,20171218,20171215,210222000,3835.0,127518,2649564,4895057280.0,3835.0,4,3834.0,40
rb1805,20171218,20171215,210222500,3835.0,127742,2649696,4903649680.0,3836.0,284,3835.0,24
rb1805,20171218,20171215,210223000,3835.0,127844,2649640,4907561360.0,3835.0,65,3834.0,83
rb1805,20171218,20171215,210223500,3835.0,127852,2649634,4907868120.0,3835.0,114,3834.0,76
rb1805,20171218,20171215,210224000,3833.0,128600,2649994,4936540420.0,3833.0,159,3832.0,646
rb1805,20171218,20171215,210224500,3834.0,128962,2650162,4950416300.0,3834.0,112,3832.0,668
rb1805,20171218,20171215,210225000,3834.0,128986,2650144,4951336280.0,3834.0,180,3833.0,31
rb1805,20171218,20171215,210225500,3834.0,129026,2650130,4952869860.0,3834.0,163,3833.0,77
rb1805,20171218,20171215,210226000,3833.0,129064,2650122,4954326520.0,3834.0,156,3833.0,150
rb1805,20171218,20171215,210226500,3834.0,129154,2650072,4957776940.0,3834.0,145,3833.0,156
rb1805,20171218,20171215,210227000,3834.0,129368,2650184,4965981580.0,3835.0,234,3833.0,162
rb1805,20171218,20171215,210227500,3833.0,129734,2650302,4980010380.0,3833.0,318,3832.0,680
rb1805,20171218,20171215,210228000,3833.0,129858,2650340,4984763300.0,3833.0,264,3832.0,720
rb1805,20171218,20171215,210228500,3833.0,130064,2650350,4992659280.0,3833.0,161,3832.0,737
rb1805,20171218,20171215,210229000,3833.0,130302,2650444,5001781800.0,3833.0,45,3832.0,746
rb1805,20171218,20171215,210229500,3833.0,130494,2650516,5009142120.0,3834.0,72,3833.0,58
rb1805,20171218,20171215,210230000,3834.0,130824,2650234,5021789360.0,3834.0,70,3833.0,67
rb1805,20171218,20171215,210230500,3833.0,130972,2650196,5027462380.0,3834.0,96,3833.0,259
rb1805,20171218,20171215,210231000,3833.0,130982,2650190,5027845680.0,3834.0,96,3833.0,318
rb1805,20171218,20171215,210231500,3833.0,130998,2650192,5028459000.0,3834.0,66,3833.0,361
rb1805,20171218,20171215,210232000,3833.0,131194,2650298,5035971700.0,3834.0,80,3833.0,320
rb1805,20171218,20171215,210232500,3833.0,131254,2650314,5038271640.0,3834.0,109,3833.0,323
rb1805,20171218,20171215,210233000,3834.0,131292,2650324,5039728460.0,3834.0,149,3833.0,325
rb1805,20171218,20171215,210233500,3833.0,131322,2650332,5040878520.0,3834.0,162,3833.0,343
rb1805,20171218,20171215,210234000,3834.0,131366,2650332,5042565120.0,3834.0,161,3833.0,327
rb1805,20171218,20171215,210234500,3833.0,131412,2650352,5044328300.0,3834.0,173,3833.0,306
rb1805,20171218,20171215,210235000,3833.0,131456,2650356,5046015020.0,3834.0,167,3833.0,299
rb1805,20171218,20171215,210235500,3833.0,131520,2650380,5048468140.0,3834.0,200,3833.0,268
rb1805,20171218,20171215,210236000,3834.0,132050,2650234,5068787960.0,3834.0,31,3833.0,277
rb1805,20171218,20171215,210236500,3833.0,132174,2650204,5073541340.0,3834.0,16,3833.0,238
rb1805,20171218,20171215,210237000,3833.0,132240,2650188,5076071180.0,3834.0,29,3833.0,245
rb1805,20171218,20171215,210237500,3834.0,132262,2650194,5076914500.0,3834.0,51,3833.0,223
rb1805,20171218,20171215,210238000,3833.0,132866,2650470,5100071820.0,3834.0,1,3833.0,141
rb1805,20171218,20171215,210238500,3833.0,132958,2650518,5103598660.0,3834.0,99,3833.0,119
rb1805,20171218,20171215,210239000,3833.0,133034,2650582,5106511780.0,3834.0,96,3833.0,99
rb1805,20171218,20171215,210239500,3833.0,133060,2650598,5107508440.0,3834.0,125,3833.0,90
rb1805,20171218,20171215,210240000,3834.0,133398,2650736,5120465180.0,3834.0,67,3833.0,1
rb1805,20171218,20171215,210240500,3833.0,133406,2650742,5120771820.0,3833.0,13,3832.0,832
rb1805,20171218,20171215,210241000,3832.0,133414,2650738,5121078400.0,3833.0,157,3832.0,839
rb1805,20171218,20171215,210241500,3833.0,133568,2650638,5126980220.0,3833.0,162,3832.0,770
rb1805,20171218,20171215,210242000,3833.0,133806,2650402,5136101760.0,3833.0,117,3832.0,724
rb1805,20171218,20171215,210242500,3832.0,133822,2650398,5136715020.0,3833.0,110,3832.0,716
rb1805,20171218,20171215,210243000,3833.0,133906,2650344,5139934720.0,3833.0,69,3832.0,743
rb1805,20171218,20171215,210243500,3832.0,134208,2650182,5151508360.0,3833.0,23,3832.0,643
rb1805,20171218,20171215,210244000,3832.0,134288,2650194,5154574220.0,3833.0,26,3832.0,618
rb1805,20171218,20171215,210244500,3832.0,134320,2650218,5155800540.0,3833.0,26,3832.0,608
rb1805,20171218,20171215,210245000,3833.0,134362,2650248,5157410380.0,3833.0,8,3832.0,619
rb1805,20171218,20171215,210245500,3833.0,134550,2650196,5164614740.0,3833.0,10,3832.0,533
rb1805,20171218,20171215,210246000,3832.0,134574,2650192,5165534440.0,3833.0,42,3832.0,517
rb1805,20171218,20171215,210246500,3832.0,134606,2650188,5166760760.0,3833.0,113,3832.0,585
rb1805,20171218,20171215,210247000,3833.0,134630,2650198,5167680600.0,3833.0,122,3832.0,590
rb1805,20171218,20171215,210247500,3832.0,134752,2650098,5172355700.0,3833.0,156,3832.0,548
rb1805,20171218,20171215,210248000,3833.0,134868,2650040,5176801840.0,3833.0,105,3832.0,561
rb1805,20171218,20171215,210248500,3833.0,134920,2650004,5178794540.0,3833.0,102,3832.0,550
rb1805,20171218,20171215,210249000,3832.0,134982,2649980,5181170580.0,3833.0,97,3832.0,532
rb1805,20171218,20171215,210249500,3833.0,135056,2650006,5184006400.0,3833.0,91,3832.0,502
rb1805,20171218,20171215,210250000,3833.0,135094,2650044,5185462940.0,3833.0,289,3832.0,505
rb1805,20171218,20171215,210250500,3833.0,135108,2650044,5185999540.0,3833.0,404,3832.0,481
rb1805,20171218,20171215,210251000,3833.0,135142,2650048,5187302620.0,3833.0,396,3832.0,489
rb1805,20171218,20171215,210251500,3832.0,135276,2650082,5192437540.0,3833.0,427,3832.0,435
rb1805,20171218,20171215,210252000,3832.0,135336,2650102,5194737000.0,3833.0,415,3832.0,471
rb1805,20171218,20171215,210252500,3832.0,135496,2650146,5200868820.0,3833.0,404,3832.0,423
rb1805,20171218,20171215,210253000,3832.0,135728,2649936,5209759080.0,3833.0,409,3832.0,312
rb1805,20171218,20171215,210253500,3832.0,135786,2649950,5211981980.0,3833.0,449,3832.0,300
rb1805,20171218,20171215,210254000,3833.0,135822,2649950,5213361760.0,3833.0,442,3832.0,298
rb1805,20171218,20171215,210254500,3832.0,135838,2649958,5213974960.0,3833.0,439,3832.0,331
rb1805,20171218,20171215,210255000,3832.0,136524,2650274,5240262720.0,3833.0,478,3832.0,56
rb1805,20171218,20171215,210255500,3832.0,137608,2650044,5281811640.0,3833.0,5,3832.0,50
rb1805,20171218,20171215,210256000,3833.0,137634,2650038,5282808220.0,3834.0,196,3833.0,188
rb1805,20171218,20171215,210256500,3833.0,137742,2649998,5286947960.0,3834.0,181,3833.0,185
rb1805,20171218,20171215,210257000,3833.0,137756,2649986,5287484580.0,3834.0,191,3833.0,194
rb1805,20171218,20171215,210257500,3833.0,137874,2649988,5292008100.0,3834.0,162,3833.0,225
rb1805,20171218,20171215,210258000,3833.0,137960,2649982,5295304480.0,3834.0,157,3833.0,188
rb1805,20171218,20171215,210258500,3834.0,138070,2650020,5299521800.0,3834.0,104,3833.0,186
rb1805,20171218,20171215,210259000,3834.0,138326,2650068,5309336840.0,3835.0,532,3834.0,774
rb1805,20171218,20171215,210259500,3834.0,138528,2650050,5317083440.0,3835.0,437,3834.0,810
rb1805,20171218,20171215,210300000,3835.0,139206,2650328,5343084440.0,3835.0,164,3834.0,802
rb1805,20171218,20171215,210300500,3834.0,139462,2650310,5352901840.0,3835.0,47,3834.0,791
rb1805,20171218,20171215,210301000,3836.0,139748,2650040,5363870040.0,3836.0,370,3835.0,27
rb1805,20171218,20171215,210301500,3836.0,139762,2650036,5364407020.0,3836.0,365,3835.0,105
rb1805,20171218,20171215,210302000,3835.0,139826,2650006,5366861440.0,3836.0,355,3835.0,118
rb1805,20171218,20171215,210302500,3836.0,139978,2650020,5372690960.0,3836.0,339,3835.0,74
rb1805,20171218,20171215,210303000,3835.0,139996,2650012,5373381260.0,3836.0,349,3835.0,70
rb1805,20171218,20171215,210303500,3835.0,140170,2649890,5380054160.0,3835.0,44,3834.0,620
rb1805,20171218,20171215,210304000,3835.0,140192,2649884,5380897840.0,3835.0,52,3834.0,613
rb1805,20171218,20171215,210304500,3835.0,140220,2649864,5381971440.0,3835.0,56,3834.0,603
rb1805,20171218,20171215,210305000,3835.0,140252,2649840,5383198640.0,3835.0,126,3834.0,603
rb1805,20171218,20171215,210305500,3835.0,140280,2649830,5384272340.0,3835.0,153,3834.0,625
rb1805,20171218,20171215,210306000,3835.0,140286,2649830,5384502440.0,3835.0,151,3834.0,626
rb1805,20171218,20171215,210306500,3835.0,140368,2649820,5387647080.0,3835.0,116,3834.0,623
rb1805,20171218,20171215,210307000,3835.0,140488,2649718,5392248040.0,3835.0,118,3834.0,571
rb1805,20171218,20171215,210307500,3835.0,140504,2649722,5392861580.0,3835.0,317,3834.0,568
rb1805,20171218,20171215,210308000,3835.0,140702,2649764,5400454800.0,3835.0,249,3834.0,536
rb1805,20171218,20171215,210308500,3835.0,140720,2649760,5401145060.0,3835.0,267,3834.0,536
rb1805,20171218,20171215,210309000,3835.0,140808,2649750,5404519820.0,3835.0,226,3834.0,541
rb1805,20171218,20171215,210309500,3834.0,140828,2649734,5405286720.0,3835.0,225,3834.0,537
rb1805,20171218,20171215,210310000,3835.0,140836,2649732,5405593500.0,3835.0,273,3834.0,538
rb1805,20171218,20171215,210310500,3835.0,141166,2649722,5418248900.0,3835.0,126,3834.0,534
rb1805,20171218,20171215,210311000,3835.0,141182,2649720,5418862480.0,3835.0,70,3834.0,555
rb1805,20171218,20171215,210311500,3834.0,141248,2649738,5421393280.0,3835.0,57,3834.0,547
rb1805,20171218,20171215,210312000,3835.0,141418,2649690,5427911780.0,3835.0,36,3834.0,498
rb1805,20171218,20171215,210312500,3835.0,141444,2649692,5428908720.0,3835.0,104,3834.0,491
rb1805,20171218,20171215,210313000,3835.0,141470,2649698,5429905820.0,3835.0,178,3834.0,493
rb1805,20171218,20171215,210313500,3835.0,141532,2649712,5432283520.0,3835.0,201,3834.0,493
rb1805,20171218,20171215,210314000,3835.0,141730,2649590,5439876720.0,3835.0,113,3834.0,498
rb1805,20171218,20171215,210314500,3834.0,141762,2649586,5441103820.0,3835.0,118,3834.0,508
rb1805,20171218,20171215,210315000,3834.0,141812,2649546,5443020840.0,3835.0,129,3834.0,508
rb1805,20171218,20171215,210315500,3835.0,141820,2649552,5443327620.0,3835.0,184,3834.0,510
rb1805,20171218,20171215,210316000,3834.0,141852,2649542,5444554520.0,3835.0,191,3834.0,505
rb1805,20171218,20171215,210316500,3835.0,141988,2649602,5449770100.0,3835.0,256,3834.0,466
rb1805,20171218,20171215,210317000,3835.0,142016,2649600,5450843840.0,3835.0,259,3834.0,469
rb1805,20171218,20171215,210317500,3834.0,142030,2649600,5451380660.0,3835.0,262,3834.0,466
rb1805,20171218,20171215,210318000,3835.0,142106,2649614,5454294940.0,3835.0,255,3834.0,460
rb1805,20171218,20171215,210318500,3834.0,142306,2649472,5461963260.0,3835.0,245,3834.0,389
rb1805,20171218,20171215,210319000,3834.0,143028,2648976,5489644860.0,3835.0,238,3834.0,35
rb1805,20171218,20171215,210319500,3834.0,143184,2648888,5495625900.0,3834.0,86,3833.0,548
rb1805,20171218,20171215,210320000,3834.0,143224,2648866,5497159240.0,3834.0,147,3833.0,510
rb1805,20171218,20171215,210320500,3834.0,143232,2648870,5497465940.0,3834.0,159,3833.0,509
rb1805,20171218,20171215,210321000,3833.0,143294,2648898,5499843000.0,3834.0,141,3833.0,498
rb1805,20171218,20171215,210321500,3834.0,143302,2648898,5500149680.0,3834.0,143,3833.0,491
rb1805,20171218,20171215,210322000,3834.0,143394,2648914,5503676180.0,3834.0,141,3833.0,467
rb1805,20171218,20171215,210322500,3834.0,143460,2648966,5506206580.0,3834.0,176,3833.0,480
rb1805,20171218,20171215,210323000,3833.0,143648,2649032,5513412840.0,3834.0,178,3833.0,384
rb1805,20171218,20171215,210323500,3833.0,144068,2649356,5529511800.0,3834.0,239,3833.0,197
rb1805,20171218,20171215,210324000,3833.0,144536,2649672,5547450240.0,3833.0,328,3832.0,247
rb1805,20171218,20171215,210324500,3833.0,144560,2649684,5548370100.0,3833.0,200,3832.0,202
rb1805,20171218,20171215,210325000,3833.0,144636,2649654,5551283160.0,3833.0,232,3832.0,201
rb1805,20171218,20171215,210325500,3832.0,144650,2649648,5551819700.0,3833.0,211,3832.0,199
rb1805,20171218,20171215,210326000,3833.0,145094,2649404,5568838200.0,3834.0,231,3833.0,285
rb1805,20171218,20171215,210326500,3833.0,145122,2649402,5569911560.0,3834.0,203,3833.0,306
rb1805,20171218,20171215,210327000,3833.0,145408,2649122,5580873940.0,3834.0,204,3833.0,220
rb1805,20171218,20171215,210327500,3833.0,145418,2649116,5581257240.0,3834.0,203,3833.0,221
rb1805,20171218,20171215,210328000,3833.0,145468,2649102,5583173780.0,3834.0,219,3833.0,200
rb1805,20171218,20171215,210328500,3833.0,145526,2649100,5585396920.0,3834.0,220,3833.0,186
rb1805,20171218,20171215,210329000,3833.0,145532,2649100,5585626900.0,3834.0,220,3833.0,184
rb1805,20171218,20171215,210329500,3833.0,145808,2648972,5596205980.0,3834.0,220,3833.0,47
rb1805,20171218,20171215,210330000,3832.0,145952,2648956,5601725060.0,3833.0,51,3832.0,583
rb1805,20171218,20171215,210330500,3833.0,146044,2649014,5605251340.0,3833.0,74,3832.0,554
rb1805,20171218,20171215,210331000,3833.0,146092,2649042,5607091080.0,3833.0,113,3832.0,559
rb1805,20171218,20171215,210331500,3833.0,146220,2648984,5611997260.0,3833.0,66,3832.0,577
rb1805,20171218,20171215,210332000,3832.0,146248,2648984,5613070420.0,3833.0,146,3832.0,594
rb1805,20171218,20171215,210332500,3833.0,146270,2648994,5613913660.0,3833.0,144,3832.0,633
rb1805,20171218,20171215,210333000,3833.0,146362,2648952,5617439340.0,3833.0,157,3832.0,607
rb1805,20171218,20171215,210333500,3833.0,146466,2648932,5621424660.0,3833.0,158,3832.0,520
rb1805,20171218,20171215,210334000,3833.0,146556,2648962,5624873860.0,3833.0,145,3832.0,490
rb1805,20171218,20171215,210334500,3832.0,146610,2648938,5626943280.0,3833.0,185,3832.0,458
rb1805,20171218,20171215,210335000,3833.0,146896,2649156,5637905420.0,3833.0,58,3832.0,460
rb1805,20171218,20171215,210335500,3833.0,146944,2649174,5639744880.0,3833.0,61,3832.0,442
rb1805,20171218,20171215,210336000,3832.0,147190,2649174,5649171740.0,3833.0,54,3832.0,337
rb1805,20171218,20171215,210336500,3833.0,147294,2649180,5653157900.0,3833.0,19,3832.0,340
rb1805,20171218,20171215,210337000,3832.0,147444,2649278,5658906140.0,3833.0,7,3832.0,303
rb1805,20171218,20171215,210337500,3833.0,147454,2649278,5659289380.0,3833.0,341,3832.0,301
rb1805,20171218,20171215,210338000,3832.0,147472,2649282,5659979220.0,3833.0,337,3832.0,279
rb1805,20171218,20171215,210338500,3832.0,147494,2649302,5660822400.0,3833.0,330,3832.0,282
rb1805,20171218,20171215,210339000,3832.0,147634,2649408,5666187320.0,3833.0,325,3832.0,219
rb1805,20171218,20171215,210339500,3832.0,148146,2649568,5685807480.0,3832.0,13,3831.0,1056
rb1805,20171218,20171215,210340000,3831.0,148288,2649604,5691247920.0,3832.0,49,3831.0,1005
rb1805,20171218,20171215,210340500,3832.0,148544,2649706,5701056820.0,3833.0,319,3832.0,10
rb1805,20171218,20171215,210341000,3831.0,148586,2649708,5702666220.0,3833.0,325,3832.0,6
rb1805,20171218,20171215,210341500,3831.0,149616,2649336,5742145500.0,3832.0,15,3831.0,952
rb1805,20171218,20171215,210342000,3832.0,149766,2649328,5747893520.0,3833.0,6,3832.0,97
rb1805,20171218,20171215,210342500,3832.0,149788,2649320,5748736560.0,3833.0,10,3832.0,121
rb1805,20171218,20171215,210343000,3833.0,149868,2649326,5751802880.0,3833.0,35,3832.0,138
rb1805,20171218,20171215,210343500,3833.0,150036,2649322,5758242020.0,3833.0,14,3832.0,176
rb1805,20171218,20171215,210344000,3833.0,150190,2649386,5764144840.0,3834.0,189,3833.0,303
rb1805,20171218,20171215,210344500,3833.0,150328,2649324,5769435500.0,3834.0,130,3833.0,262
rb1805,20171218,20171215,210345000,3833.0,150354,2649310,5770432140.0,3834.0,128,3833.0,314
rb1805,20171218,20171215,210345500,3834.0,150436,2649338,5773575420.0,3834.0,118,3833.0,284
rb1805,20171218,20171215,210346000,3834.0,150750,2649124,5785614180.0,3835.0,564,3834.0,404
rb1805,20171218,20171215,210346500,3834.0,150986,2649118,5794662420.0,3835.0,614,3834.0,288
rb1805,20171218,20171215,210347000,3835.0,151072,2649112,5797960060.0,3835.0,594,3834.0,289
rb1805,20171218,20171215,210347500,3834.0,151508,2649012,5814676700.0,3835.0,573,3834.0,92
rb1805,20171218,20171215,210348000,3834.0,151706,2648850,5822267920.0,3834.0,205,3833.0,196
rb1805,20171218,20171215,210348500,3834.0,151874,2648780,5828709040.0,3834.0,140,3833.0,172
rb1805,20171218,20171215,210349000,3834.0,151996,2648840,5833386420.0,3834.0,94,3833.0,167
rb1805,20171218,20171215,210349500,3834.0,152222,2648866,5842049200.0,3834.0,71,3833.0,73
rb1805,20171218,20171215,210350000,3834.0,152232,2648876,5842432600.0,3834.0,89,3833.0,63
rb1805,20171218,20171215,210350500,3834.0,152252,2648894,5843199400.0,3834.0,88,3833.0,67
rb1805,20171218,20171215,210351000,3833.0,152268,2648884,5843812700.0,3834.0,89,3833.0,63
rb1805,20171218,20171215,210351500,3833.0,152386,2648952,5848336620.0,3834.0,41,3833.0,81
rb1805,20171218,20171215,210352000,3833.0,152604,2648972,5856692640.0,3834.0,79,3832.0,207
rb1805,20171218,20171215,210352500,3833.0,152618,2648966,5857229180.0,3833.0,3,3832.0,206
rb1805,20171218,20171215,210353000,3834.0,152634,2648978,5857842480.0,3833.0,5,3832.0,211
rb1805,20171218,20171215,210353500,3833.0,152650,2648984,5858455760.0,3834.0,89,3833.0,15
rb1805,20171218,20171215,210354000,3833.0,152702,2648990,5860448960.0,3834.0,190,3833.0,42
rb1805,20171218,20171215,210354500,3833.0,152754,2648992,5862442140.0,3834.0,195,3833.0,26
rb1805,20171218,20171215,210355000,3833.0,153002,2649130,5871946580.0,3833.0,8,3832.0,191
rb1805,20171218,20171215,210355500,3834.0,153008,2649134,5872176580.0,3834.0,201,3833.0,1
rb1805,20171218,20171215,210356000,3833.0,153014,2649130,5872406560.0,3833.0,11,3832.0,236
rb1805,20171218,20171215,210356500,3832.0,153244,2649260,5881220680.0,3834.0,215,3832.0,148
rb1805,20171218,20171215,210357000,3834.0,153270,2649264,5882217480.0,3833.0,2,3832.0,156
rb1805,20171218,20171215,210357500,3832.0,153278,2649262,5882524080.0,3833.0,14,3832.0,166
rb1805,20171218,20171215,210358000,3833.0,153286,2649258,5882830660.0,3833.0,312,3832.0,166
rb1805,20171218,20171215,210358500,3833.0,153296,2649262,5883213940.0,3833.0,334,3832.0,158
rb1805,20171218,20171215,210359000,3832.0,153298,2649262,5883290580.0,3833.0,353,3832.0,158
rb1805,20171218,20171215,210359500,3833.0,153422,2649384,5888043500.0,3833.0,332,3832.0,160
rb1805,20171218,20171215,210400000,3833.0,153646,2649518,5896627300.0,3833.0,344,3832.0,55
rb1805,20171218,20171215,210400500,3833.0,153668,2649512,5897470380.0,3833.0,350,3832.0,47
rb1805,20171218,20171215,210401000,3833.0,154056,2649770,5912342120.0,3833.0,171,3832.0,35
rb1805,20171218,20171215,210401500,3832.0,154174,2649850,5916864420.0,3833.0,145,3832.0,53
rb1805,20171218,20171215,210402000,3832.0,154378,2649964,5924680780.0,3833.0,158,3832.0,26
rb1805,20171218,20171215,210402500,3832.0,154384,2649968,5924910720.0,3833.0,172,3832.0,384
rb1805,20171218,20171215,210403000,3832.0,154398,2649976,5925447260.0,3833.0,139,3832.0,383
rb1805,20171218,20171215,210403500,3832.0,154422,2650000,5926367060.0,3833.0,153,3832.0,400
rb1805,20171218,20171215,210404000,3832.0,154540,2650030,5930889220.0,3833.0,133,3832.0,374
rb1805,20171218,20171215,210404500,3832.0,154624,2650052,5934108900.0,3833.0,95,3832.0,374
rb1805,20171218,20171215,210405000,3832.0,154672,2650060,5935948360.0,3833.0,90,3832.0,361
rb1805,20171218,20171215,210405500,3832.0,154686,2650072,5936484880.0,3833.0,88,3832.0,367
rb1805,20171218,20171215,210406000,3832.0,154700,2650080,5937021440.0,3833.0,84,3832.0,366
rb1805,20171218,20171215,210406500,3832.0,154898,2650172,5944610040.0,3833.0,23,3832.0,363
rb1805,20171218,20171215,210407000,3833.0,154998,2650194,5948442240.0,3833.0,15,3832.0,347
rb1805,20171218,20171215,210407500,3832.0,155116,2650306,5952964400.0,3833.0,1,3832.0,309
rb1805,20171218,20171215,210408000,3832.0,155312,2650468,5960475140.0,3834.0,199,3833.0,4
rb1805,20171218,20171215,210408500,3832.0,155334,2650478,5961318320.0,3833.0,170,3832.0,218
rb1805,20171218,20171215,210409000,3833.0,155394,2650514,5963617960.0,3833.0,148,3832.0,212
rb1805,20171218,20171215,210409500,3832.0,155404,2650516,5964001200.0,3833.0,92,3832.0,209
rb1805,20171218,20171215,210410000,3832.0,155420,2650520,5964614360.0,3833.0,92,3832.0,204
rb1805,20171218,20171215,210410500,3832.0,155438,2650524,5965304200.0,3833.0,88,3832.0,207
rb1805,20171218,20171215,210411000,3832.0,155686,2650448,5974807680.0,3833.0,85,3832.0,109
rb1805,20171218,20171215,210411500,3833.0,155696,2650456,5975190980.0,3833.0,107,3832.0,112
rb1805,20171218,20171215,210412000,3832.0,155816,2650448,5979789740.0,3833.0,90,3832.0,134
rb1805,20171218,20171215,210412500,3832.0,155820,2650452,5979943020.0,3833.0,90,3832.0,193
rb1805,20171218,20171215,210413000,3832.0,155858,2650484,5981399200.0,3833.0,92,3832.0,225
rb1805,20171218,20171215,210413500,3833.0,155896,2650492,5982855580.0,3833.0,74,3832.0,225
rb1805,20171218,20171215,210414000,3832.0,155964,2650458,5985461360.0,3833.0,73,3832.0,238
rb1805,20171218,20171215,210414500,3832.0,156048,2650410,5988680980.0,3833.0,39,3832.0,237
rb1805,20171218,20171215,210415000,3833.0,156150,2650392,5992590680.0,3834.0,212,3833.0,58
rb1805,20171218,20171215,210415500,3833.0,156154,2650392,5992744000.0,3834.0,210,3833.0,118
rb1805,20171218,20171215,210416000,3833.0,156250,2650332,5996424360.0,3834.0,149,3833.0,299
rb1805,20171218,20171215,210416500,3834.0,156564,2650428,6008463020.0,3835.0,746,3834.0,309
rb1805,20171218,20171215,210417000,3835.0,156652,2650494,6011837180.0,3835.0,716,3834.0,296
rb1805,20171218,20171215,210417500,3835.0,156714,2650528,6014214740.0,3835.0,685,3834.0,406
rb1805,20171218,20171215,210418000,3834.0,156740,2650520,6015211600.0,3835.0,689,3834.0,397
rb1805,20171218,20171215,210418500,3834.0,156792,2650572,6017205280.0,3835.0,714,3834.0,381
rb1805,20171218,20171215,210419000,3833.0,157328,2650348,6037755380.0,3834.0,252,3833.0,281
rb1805,20171218,20171215,210419500,3834.0,157384,2650352,6039901980.0,3834.0,277,3833.0,273
rb1805,20171218,20171215,210420000,3833.0,157394,2650356,6040285340.0,3834.0,286,3833.0,296
rb1805,20171218,20171215,210420500,3834.0,157434,2650346,6041818840.0,3834.0,271,3833.0,257
rb1805,20171218,20171215,210421000,3834.0,157452,2650348,6042508860.0,3834.0,258,3833.0,257
rb1805,20171218,20171215,210421500,3833.0,157470,2650330,6043198800.0,3834.0,294,3833.0,250
rb1805,20171218,20171215,210422000,3834.0,157550,2650320,6046265920.0,3834.0,267,3833.0,230
rb1805,20171218,20171215,210422500,3834.0,157558,2650318,6046572640.0,3834.0,274,3833.0,232
rb1805,20171218,20171215,210423000,3833.0,157636,2650314,6049563060.0,3834.0,240,3833.0,230
rb1805,20171218,20171215,210423500,3834.0,157640,2650314,6049716420.0,3834.0,239,3833.0,233
rb1805,20171218,20171215,210424000,3833.0,157804,2650182,6056002660.0,3834.0,233,3833.0,159
rb1805,20171218,20171215,210424500,3833.0,158012,2650002,6063975320.0,3834.0,260,3833.0,74
rb1805,20171218,20171215,210425000,3834.0,158032,2650000,6064742040.0,3834.0,258,3833.0,71
rb1805,20171218,20171215,210425500,3833.0,158046,2650010,6065278660.0,3834.0,260,3833.0,108
rb1805,20171218,20171215,210426000,3833.0,158064,2650012,6065968700.0,3834.0,255,3833.0,145
rb1805,20171218,20171215,210426500,3834.0,158096,2650018,6067195520.0,3834.0,223,3833.0,187
rb1805,20171218,20171215,210427000,3833.0,158164,2650044,6069802180.0,3834.0,217,3833.0,184
rb1805,20171218,20171215,210427500,3833.0,158164,2650044,6069802180.0,3834.0,219,3833.0,197
rb1805,20171218,20171215,210428000,3834.0,158238,2650004,6072639040.0,3834.0,197,3833.0,197
rb1805,20171218,20171215,210428500,3834.0,158258,2649994,6073405820.0,3834.0,199,3833.0,191
rb1805,20171218,20171215,210429000,3834.0,158320,2649984,6075782620.0,3834.0,193,3833.0,183
rb1805,20171218,20171215,210429500,3833.0,158324,2649984,6075935940.0,3834.0,197,3833.0,196
rb1805,20171218,20171215,210430000,3834.0,158344,2649988,6076702600.0,3834.0,194,3833.0,189
rb1805,20171218,20171215,210430500,3833.0,158450,2650022,6080766020.0,3834.0,172,3833.0,142
rb1805,20171218,20171215,210431000,3833.0,158470,2650022,6081532680.0,3834.0,216,3833.0,138
rb1805,20171218,20171215,210431500,3833.0,158522,2650018,6083525900.0,3834.0,277,3833.0,115
rb1805,20171218,20171215,210432000,3834.0,158682,2650084,6089658720.0,3834.0,277,3833.0,36
rb1805,20171218,20171215,210432500,3833.0,158780,2650146,6093415060.0,3833.0,86,3832.0,344
rb1805,20171218,20171215,210433000,3833.0,158842,2650148,6095791520.0,3833.0,115,3832.0,351
rb1805,20171218,20171215,210433500,3833.0,158852,2650142,6096174780.0,3833.0,169,3832.0,366
rb1805,20171218,20171215,210434000,3833.0,158870,2650132,6096864640.0,3833.0,196,3832.0,365
rb1805,20171218,20171215,210434500,3833.0,158944,2650074,6099700460.0,3833.0,219,3832.0,335
rb1805,20171218,20171215,210435000,3833.0,158978,2650052,6101003460.0,3833.0,214,3832.0,324
rb1805,20171218,20171215,210435500,3833.0,159040,2650052,6103379560.0,3833.0,192,3832.0,334
rb1805,20171218,20171215,210436000,3833.0,159048,2650052,6103686200.0,3833.0,195,3832.0,327
rb1805,20171218,20171215,210436500,3833.0,159066,2650052,6104376140.0,3833.0,186,3832.0,328
rb1805,20171218,20171215,210437000,3833.0,159136,2650012,6107059100.0,3833.0,160,3832.0,340
rb1805,20171218,20171215,210437500,3833.0,159758,2650248,6130894360.0,3833.0,150,3832.0,75
rb1805,20171218,20171215,210438000,3833.0,159816,2650202,6133117240.0,3833.0,172,3832.0,58
rb1805,20171218,20171215,210438500,3833.0,159890,2650146,6135953100.0,3833.0,171,3832.0,45
rb1805,20171218,20171215,210439000,3832.0,159896,2650144,6136183020.0,3833.0,176,3832.0,45
rb1805,20171218,20171215,210439500,3833.0,159902,2650144,6136413000.0,3833.0,165,3832.0,61
rb1805,20171218,20171215,210440000,3833.0,159942,2650116,6137946120.0,3833.0,153,3832.0,87
rb1805,20171218,20171215,210440500,3832.0,159998,2650098,6140092260.0,3833.0,144,3832.0,113
rb1805,20171218,20171215,210441000,3832.0,160012,2650098,6140628740.0,3833.0,130,3832.0,309
rb1805,20171218,20171215,210441500,3833.0,160032,2650094,6141395260.0,3833.0,126,3832.0,354
rb1805,20171218,20171215,210442000,3833.0,160092,2650072,6143694900.0,3833.0,106,3832.0,347
rb1805,20171218,20171215,210442500,3832.0,160126,2650072,6144997860.0,3833.0,110,3832.0,345
rb1805,20171218,20171215,210443000,3832.0,160136,2650072,6145381060.0,3833.0,110,3832.0,353
rb1805,20171218,20171215,210443500,3833.0,160160,2650086,6146300780.0,3833.0,177,3832.0,345
rb1805,20171218,20171215,210444000,3833.0,160216,2650112,6148446940.0,3833.0,177,3832.0,341
rb1805,20171218,20171215,210444500,3833.0,160428,2650194,6156572860.0,3833.0,86,3832.0,419
rb1805,20171218,20171215,210445000,3833.0,160624,2650212,6164085520.0,3834.0,572,3833.0,20
rb1805,20171218,20171215,210445500,3833.0,161048,2650162,6180339040.0,3833.0,71,3832.0,343
rb1805,20171218,20171215,210446000,3833.0,161174,2650220,6185167560.0,3833.0,61,3832.0,292
rb1805,20171218,20171215,210446500,3833.0,161188,2650212,6185704100.0,3833.0,58,3832.0,289
rb1805,20171218,20171215,210447000,3832.0,161338,2650196,6191453260.0,3834.0,504,3832.0,273
rb1805,20171218,20171215,210447500,3832.0,161358,2650200,6192219780.0,3833.0,25,3832.0,271
rb1805,20171218,20171215,210448000,3833.0,161420,2650216,6194595840.0,3833.0,9,3832.0,260
rb1805,20171218,20171215,210448500,3832.0,161474,2650172,6196665160.0,3833.0,62,3832.0,241
rb1805,20171218,20171215,210449000,3833.0,161652,2650242,6203487580.0,3833.0,41,3832.0,240
rb1805,20171218,20171215,210449500,3832.0,161740,2650264,6206860580.0,3833.0,58,3832.0,236
rb1805,20171218,20171215,210450000,3833.0,161768,2650284,6207933800.0,3833.0,113,3832.0,235
rb1805,20171218,20171215,210450500,3833.0,161794,2650306,6208930360.0,3833.0,140,3832.0,260
rb1805,20171218,20171215,210451000,3832.0,161876,2650316,6212073360.0,3833.0,107,3832.0,257
rb1805,20171218,20171215,210451500,3833.0,161910,2650312,6213376400.0,3833.0,53,3832.0,268
rb1805,20171218,20171215,210452000,3832.0,161930,2650324,6214142940.0,3833.0,47,3832.0,267
rb1805,20171218,20171215,210452500,3833.0,161956,2650336,6215139420.0,3833.0,42,3832.0,262
rb1805,20171218,20171215,210453000,3833.0,161996,2650346,6216672380.0,3833.0,34,3832.0,312
rb1805,20171218,20171215,210453500,3833.0,162116,2650288,6221271960.0,3834.0,433,3833.0,387
rb1805,20171218,20171215,210454000,3833.0,162168,2650316,6223265520.0,3834.0,413,3833.0,391
rb1805,20171218,20171215,210454500,3833.0,162188,2650306,6224032120.0,3834.0,448,3833.0,383
rb1805,20171218,20171215,210455000,3834.0,162200,2650298,6224492100.0,3834.0,447,3833.0,389
rb1805,20171218,20171215,210455500,3833.0,162218,2650288,6225182080.0,3834.0,482,3833.0,385
rb1805,20171218,20171215,210456000,3834.0,162306,2650238,6228555940.0,3834.0,441,3833.0,382
rb1805,20171218,20171215,210456500,3834.0,163272,2650428,6265592120.0,3835.0,959,3834.0,10
rb1805,20171218,20171215,210457000,3835.0,164026,2650370,6294507600.0,3835.0,638,3833.0,44
rb1805,20171218,20171215,210457500,3834.0,164052,2650366,6295504460.0,3835.0,614,3834.0,9
rb1805,20171218,20171215,210458000,3833.0,164098,2650394,6297268060.0,3834.0,177,3833.0,173
rb1805,20171218,20171215,210458500,3834.0,164106,2650396,6297574720.0,3834.0,199,3833.0,160
rb1805,20171218,20171215,210459000,3834.0,164110,2650398,6297728080.0,3834.0,227,3833.0,154
rb1805,20171218,20171215,210459500,3834.0,164118,2650402,6298034780.0,3834.0,239,3833.0,153
rb1805,20171218,20171215,210500000,3833.0,164128,2650404,6298418120.0,3834.0,280,3833.0,160
rb1805,20171218,20171215,210500500,3834.0,164276,2650346,6304092420.0,3834.0,246,3833.0,116
rb1805,20171218,20171215,210501000,3834.0,164328,2650324,6306086000.0,3834.0,232,3833.0,118
rb1805,20171218,20171215,210501500,3834.0,164368,2650310,6307619360.0,3834.0,230,3833.0,108
rb1805,20171218,20171215,210502000,3834.0,164374,2650310,6307849400.0,3834.0,230,3833.0,113
rb1805,20171218,20171215,210502500,3834.0,164422,2650308,6309689300.0,3834.0,429,3833.0,172
rb1805,20171218,20171215,210503000,3834.0,164748,2650348,6322184940.0,3834.0,438,3833.0,1
rb1805,20171218,20171215,210503500,3833.0,164778,2650332,6323334840.0,3833.0,375,3832.0,449
rb1805,20171218,20171215,210504000,3833.0,164944,2650194,6329696040.0,3833.0,407,3832.0,352
rb1805,20171218,20171215,210504500,3832.0,165666,2650566,6357363200.0,3832.0,263,3831.0,1149
rb1805,20171218,20171215,210505000,3831.0,165898,2650792,6366251240.0,3832.0,448,3831.0,1024
rb1805,20171218,20171215,210505500,3831.0,166446,2651008,6387245720.0,3832.0,500,3831.0,795
rb1805,20171218,20171215,210506000,3831.0,167258,2651392,6418353740.0,3832.0,489,3831.0,404
rb1805,20171218,20171215,210506500,3831.0,168284,2651244,6457659920.0,3831.0,37,3830.0,1032
rb1805,20171218,20171215,210507000,3831.0,168366,2651268,6460801060.0,3831.0,77,3830.0,1017
rb1805,20171218,20171215,210507500,3831.0,168490,2651204,6465551480.0,3831.0,27,3830.0,1021
rb1805,20171218,20171215,210508000,3832.0,168554,2651226,6468003420.0,3832.0,417,3831.0,101
rb1805,20171218,20171215,210508500,3831.0,168610,2651268,6470149000.0,3832.0,409,3831.0,87
rb1805,20171218,20171215,210509000,3831.0,168804,2651324,6477581140.0,3831.0,154,3830.0,1081
rb1805,20171218,20171215,210509500,3831.0,169040,2651476,6486622240.0,3831.0,51,3830.0,1181
rb1805,20171218,20171215,210510000,3831.0,169212,2651604,6493211560.0,3832.0,365,3831.0,184
rb1805,20171218,20171215,210510500,3832.0,169420,2651436,6501180100.0,3832.0,340,3831.0,104
rb1805,20171218,20171215,210511000,3832.0,169436,2651444,6501793120.0,3832.0,338,3831.0,102
rb1805,20171218,20171215,210511500,3831.0,169456,2651446,6502559320.0,3832.0,338,3831.0,87
rb1805,20171218,20171215,210512000,3830.0,169658,2651614,6510297860.0,3831.0,110,3830.0,1193
rb1805,20171218,20171215,210512500,3831.0,169792,2651654,6515430620.0,3831.0,122,3830.0,1164
rb1805,20171218,20171215,210513000,3830.0,170014,2651744,6523933320.0,3831.0,308,3830.0,1060
rb1805,20171218,20171215,210513500,3831.0,170126,2651712,6528223120.0,3831.0,315,3830.0,989
rb1805,20171218,20171215,210514000,3831.0,170162,2651732,6529602160.0,3831.0,355,3830.0,984
rb1805,20171218,20171215,210514500,3831.0,170314,2651690,6535423860.0,3831.0,357,3830.0,917
rb1805,20171218,20171215,210515000,3831.0,170338,2651706,6536343200.0,3831.0,360,3830.0,912
rb1805,20171218,20171215,210515500,3830.0,170388,2651728,6538258420.0,3831.0,377,3830.0,911
rb1805,20171218,20171215,210516000,3831.0,170436,2651748,6540097180.0,3831.0,559,3830.0,901
rb1805,20171218,20171215,210516500,3830.0,170460,2651766,6541016420.0,3831.0,577,3830.0,897
rb1805,20171218,20171215,210517000,3830.0,170506,2651788,6542778620.0,3831.0,567,3830.0,894
rb1805,20171218,20171215,210517500,3831.0,170694,2651782,6549979140.0,3831.0,563,3830.0,808
rb1805,20171218,20171215,210518000,3830.0,170838,2651704,6555494440.0,3831.0,581,3830.0,742
rb1805,20171218,20171215,210518500,3831.0,170900,2651728,6557869400.0,3831.0,564,3830.0,743
rb1805,20171218,20171215,210519000,3831.0,170950,2651734,6559784640.0,3831.0,366,3830.0,831
rb1805,20171218,20171215,210519500,3830.0,170994,2651722,6561469920.0,3831.0,367,3830.0,847
rb1805,20171218,20171215,210520000,3830.0,171014,2651736,6562235920.0,3831.0,363,3830.0,837
rb1805,20171218,20171215,210520500,3830.0,171118,2651768,6566219460.0,3831.0,349,3830.0,797
rb1805,20171218,20171215,210521000,3831.0,171164,2651752,6567981460.0,3831.0,340,3830.0,771
rb1805,20171218,20171215,210521500,3830.0,171272,2651776,6572118480.0,3831.0,331,3830.0,739
rb1805,20171218,20171215,210522000,3830.0,171372,2651724,6575948520.0,3831.0,327,3830.0,746
rb1805,20171218,20171215,210522500,3831.0,171594,2651780,6584451140.0,3831.0,327,3830.0,639
rb1805,20171218,20171215,210523000,3830.0,171858,2652026,6594562440.0,3831.0,335,3830.0,511
rb1805,20171218,20171215,210523500,3831.0,171900,2652050,6596171140.0,3831.0,336,3830.0,505
rb1805,20171218,20171215,210524000,3830.0,172092,2652192,6603524780.0,3831.0,337,3830.0,414
rb1805,20171218,20171215,210524500,3830.0,172240,2652152,6609193200.0,3831.0,337,3830.0,345
rb1805,20171218,20171215,210525000,3831.0,172502,2652242,6619228000.0,3831.0,327,3830.0,236
rb1805,20171218,20171215,210525500,3830.0,172530,2652242,6620300400.0,3831.0,470,3830.0,223
rb1805,20171218,20171215,210526000,3830.0,172876,2652246,6633553040.0,3831.0,429,3830.0,94
rb1805,20171218,20171215,210526500,3830.0,173092,2652216,6641825780.0,3830.0,103,3829.0,848
rb1805,20171218,20171215,210527000,3829.0,173140,2652216,6643664100.0,3830.0,143,3829.0,887
rb1805,20171218,20171215,210527500,3829.0,173394,2652128,6653390580.0,3830.0,137,3829.0,830
rb1805,20171218,20171215,210528000,3830.0,173502,2652158,6657526720.0,3830.0,132,3829.0,837
rb1805,20171218,20171215,210528500,3830.0,173638,2652090,6662735440.0,3830.0,80,3829.0,833
rb1805,20171218,20171215,210529000,3830.0,173794,2652162,6668709760.0,3830.0,26,3829.0,813
rb1805,20171218,20171215,210529500,3829.0,173870,2652162,6671620440.0,3830.0,6,3829.0,817
rb1805,20171218,20171215,210530000,3830.0,174070,2652184,6679279240.0,3830.0,4,3829.0,742
rb1805,20171218,20171215,210530500,3830.0,174120,2652184,6681194340.0,3831.0,384,3830.0,15
rb1805,20171218,20171215,210531000,3829.0,174294,2652290,6687858500.0,3830.0,21,3829.0,741
rb1805,20171218,20171215,210531500,3830.0,174368,2652318,6690692700.0,3831.0,400,3830.0,42
rb1805,20171218,20171215,210532000,3830.0,174474,2652354,6694752700.0,3830.0,16,3829.0,756
rb1805,20171218,20171215,210532500,3829.0,174598,2652438,6699501540.0,3830.0,93,3829.0,744
rb1805,20171218,20171215,210533000,3830.0,174674,2652510,6702411620.0,3830.0,103,3829.0,697
rb1805,20171218,20171215,210533500,3829.0,174824,2652632,6708155260.0,3830.0,101,3829.0,617
rb1805,20171218,20171215,210534000,3830.0,175138,2652672,6720180840.0,3830.0,41,3829.0,591
rb1805,20171218,20171215,210534500,3829.0,175418,2652828,6730902420.0,3830.0,57,3829.0,500
rb1805,20171218,20171215,210535000,3830.0,175482,2652842,6733353480.0,3830.0,56,3829.0,500
rb1805,20171218,20171215,210535500,3830.0,175558,2652876,6736264080.0,3830.0,31,3829.0,477
rb1805,20171218,20171215,210536000,3829.0,175662,2652924,6740246320.0,3830.0,36,3829.0,434
rb1805,20171218,20171215,210536500,3830.0,175720,2652956,6742467180.0,3830.0,44,3829.0,323
rb1805,20171218,20171215,210537000,3830.0,176032,2652976,6754414260.0,3830.0,119,3829.0,431
rb1805,20171218,20171215,210537500,3829.0,176060,2652976,6755486460.0,3830.0,125,3829.0,427
rb1805,20171218,20171215,210538000,3829.0,176516,2653034,6772948920.0,3830.0,50,3829.0,356
rb1805,20171218,20171215,210538500,3830.0,176656,2653020,6778310740.0,3831.0,402,3830.0,396
rb1805,20171218,20171215,210539000,3830.0,176804,2653010,6783979160.0,3831.0,403,3830.0,366
rb1805,20171218,20171215,210539500,3830.0,176850,2652998,6785741000.0,3831.0,401,3830.0,473
rb1805,20171218,20171215,210540000,3830.0,177832,2653272,6823351780.0,3830.0,47,3829.0,406
rb1805,20171218,20171215,210540500,3829.0,177948,2653354,6827793500.0,3830.0,109,3829.0,355
rb1805,20171218,20171215,210541000,3829.0,177956,2653352,6828099840.0,3830.0,123,3829.0,357
rb1805,20171218,20171215,210541500,3829.0,178086,2653400,6833077700.0,3830.0,139,3829.0,304
rb1805,20171218,20171215,210542000,3830.0,178160,2653402,6835911440.0,3830.0,184,3829.0,289
rb1805,20171218,20171215,210542500,3829.0,178202,2653422,6837519920.0,3830.0,193,3829.0,305
rb1805,20171218,20171215,210543000,3830.0,178256,2653440,6839588000.0,3830.0,175,3829.0,306
rb1805,20171218,20171215,210543500,3829.0,178366,2653436,6843799960.0,3830.0,173,3829.0,285
rb1805,20171218,20171215,210544000,3829.0,178380,2653434,6844336120.0,3830.0,173,3829.0,276
rb1805,20171218,20171215,210544500,3829.0,178394,2653434,6844872240.0,3830.0,226,3829.0,258
rb1805,20171218,20171215,210545000,3829.0,178462,2653420,6847476400.0,3830.0,208,3829.0,251
rb1805,20171218,20171215,210545500,3829.0,178834,2653322,6861722480.0,3830.0,105,3829.0,181
rb1805,20171218,20171215,210546000,3829.0,178924,2653302,6865168660.0,3830.0,113,3829.0,204
rb1805,20171218,20171215,210546500,3830.0,179250,2653512,6877653640.0,3830.0,13,3829.0,159
rb1805,20171218,20171215,210547000,3829.0,179446,2653594,6885158540.0,3830.0,18,3829.0,142
rb1805,20171218,20171215,210547500,3830.0,179514,2653628,6887762840.0,3831.0,414,3830.0,24
rb1805,20171218,20171215,210548000,3829.0,179654,2653698,6893124360.0,3830.0,14,3829.0,178
rb1805,20171218,20171215,210548500,3830.0,179762,2653634,6897260720.0,3831.0,426,3830.0,33
rb1805,20171218,20171215,210549000,3829.0,179840,2653586,6900248000.0,3830.0,10,3829.0,284
rb1805,20171218,20171215,210549500,3829.0,179898,2653576,6902469320.0,3830.0,56,3829.0,283
rb1805,20171218,20171215,210550000,3830.0,179998,2653576,6906299300.0,3830.0,48,3829.0,284
rb1805,20171218,20171215,210550500,3829.0,180032,2653578,6907601400.0,3830.0,93,3829.0,280
rb1805,20171218,20171215,210551000,3829.0,180166,2653612,6912733280.0,3830.0,83,3829.0,261
rb1805,20171218,20171215,210551500,3829.0,180220,2653608,6914801380.0,3830.0,64,3829.0,277
rb1805,20171218,20171215,210552000,3829.0,180320,2653632,6918630880.0,3830.0,46,3829.0,462
rb1805,20171218,20171215,210552500,3830.0,180544,2653602,6927210080.0,3831.0,432,3830.0,758
rb1805,20171218,20171215,210553000,3830.0,180620,2653634,6930121080.0,3831.0,462,3830.0,865
rb1805,20171218,20171215,210553500,3830.0,180884,2653524,6940234540.0,3831.0,344,3830.0,1340
rb1805,20171218,20171215,210554000,3831.0,183024,2653642,7022204040.0,3832.0,141,3831.0,19
rb1805,20171218,20171215,210554500,3831.0,183084,2653622,7024502660.0,3832.0,152,3831.0,5
rb1805,20171218,20171215,210555000,3831.0,183338,2653722,7034234880.0,3832.0,173,3831.0,91
rb1805,20171218,20171215,210555500,3831.0,183686,2653742,7047569340.0,3832.0,31,3831.0,88
rb1805,20171218,20171215,210556000,3831.0,183920,2653886,7056535880.0,3833.0,181,3831.0,74
rb1805,20171218,20171215,210556500,3831.0,183990,2653896,7059217720.0,3832.0,50,3831.0,52
rb1805,20171218,20171215,210557000,3831.0,184006,2653892,7059830780.0,3832.0,61,3831.0,70
rb1805,20171218,20171215,210557500,3831.0,184112,2653948,7063891660.0,3832.0,74,3831.0,52
rb1805,20171218,20171215,210558000,3832.0,184186,2653974,7066726660.0,3832.0,125,3831.0,21
rb1805,20171218,20171215,210558500,3830.0,184364,2654016,7073544820.0,3831.0,183,3830.0,852
rb1805,20171218,20171215,210559000,3830.0,184394,2654012,7074694080.0,3831.0,332,3830.0,892
rb1805,20171218,20171215,210559500,3831.0,185004,2654312,7098063180.0,3831.0,24,3830.0,907
rb1805,20171218,20171215,210600000,3831.0,185160,2654372,7104038520.0,3832.0,175,3830.0,866
rb1805,20171218,20171215,210600500,3832.0,185200,2654394,7105570640.0,3832.0,197,3831.0,3
rb1805,20171218,20171215,210601000,3830.0,185328,2654496,7110473200.0,3831.0,68,3830.0,795
rb1805,20171218,20171215,210601500,3830.0,185506,2654648,7117291400.0,3831.0,58,3830.0,797
rb1805,20171218,20171215,210602000,3830.0,185724,2654840,7125641040.0,3831.0,53,3830.0,701
rb1805,20171218,20171215,210602500,3831.0,185738,2654848,7126177380.0,3831.0,72,3830.0,701
rb1805,20171218,20171215,210603000,3831.0,185878,2654796,7131540560.0,3831.0,29,3830.0,705
rb1805,20171218,20171215,210603500,3831.0,185952,2654762,7134375500.0,3832.0,200,3831.0,202
rb1805,20171218,20171215,210604000,3831.0,186142,2654730,7141654840.0,3832.0,183,3831.0,134
rb1805,20171218,20171215,210604500,3831.0,186308,2654718,7148014300.0,3832.0,185,3831.0,68
rb1805,20171218,20171215,210605000,3831.0,186680,2654788,7162265520.0,3831.0,222,3830.0,713
rb1805,20171218,20171215,210605500,3831.0,186700,2654808,7163031720.0,3831.0,243,3830.0,688
rb1805,20171218,20171215,210606000,3831.0,186870,2654914,7169543380.0,3831.0,244,3830.0,637
rb1805,20171218,20171215,210606500,3831.0,186916,2654954,7171305400.0,3831.0,260,3830.0,628
rb1805,20171218,20171215,210607000,3831.0,186926,2654958,7171688460.0,3831.0,259,3830.0,633
rb1805,20171218,20171215,210607500,3831.0,187236,2655000,7183563500.0,3831.0,161,3830.0,611
rb1805,20171218,20171215,210608000,3831.0,187258,2655004,7184406240.0,3831.0,134,3830.0,610
rb1805,20171218,20171215,210608500,3830.0,187410,2655104,7190227920.0,3831.0,134,3830.0,535
rb1805,20171218,20171215,210609000,3831.0,187490,2655132,7193292140.0,3831.0,131,3830.0,516
rb1805,20171218,20171215,210609500,3831.0,187502,2655130,7193751840.0,3831.0,126,3830.0,494
rb1805,20171218,20171215,210610000,3830.0,187618,2655242,7198194640.0,3831.0,221,3830.0,460
rb1805,20171218,20171215,210610500,3831.0,187626,2655242,7198501080.0,3831.0,228,3830.0,466
rb1805,20171218,20171215,210611000,3831.0,187686,2655242,7200799200.0,3831.0,230,3830.0,443
rb1805,20171218,20171215,210611500,3831.0,188058,2655226,7215049840.0,3831.0,82,3830.0,424
rb1805,20171218,20171215,210612000,3830.0,188114,2655278,7217195100.0,3831.0,61,3830.0,430
rb1805,20171218,20171215,210612500,3830.0,188224,2655388,7221408180.0,3831.0,119,3830.0,382
rb1805,20171218,20171215,210613000,3831.0,188244,2655396,7222174260.0,3831.0,202,3830.0,423
rb1805,20171218,20171215,210613500,3830.0,188272,2655414,7223246800.0,3831.0,198,3830.0,401
rb1805,20171218,20171215,210614000,3831.0,188316,2655428,7224932240.0,3831.0,260,3830.0,402
rb1805,20171218,20171215,210614500,3830.0,188324,2655434,7225238660.0,3831.0,278,3830.0,400
rb1805,20171218,20171215,210615000,3831.0,188330,2655438,7225468500.0,3831.0,276,3830.0,403
rb1805,20171218,20171215,210615500,3830.0,188384,2655458,7227537040.0,3831.0,260,3830.0,391
rb1805,20171218,20171215,210616000,3831.0,188420,2655476,7228916120.0,3831.0,249,3830.0,387
rb1805,20171218,20171215,210616500,3830.0,188438,2655478,7229605640.0,3831.0,279,3830.0,400
rb1805,20171218,20171215,210617000,3830.0,188804,2655478,7243624100.0,3831.0,225,3830.0,267
rb1805,20171218,20171215,210617500,3831.0,189050,2655682,7253047940.0,3831.0,79,3830.0,251
rb1805,20171218,20171215,210618000,3831.0,189126,2655720,7255959440.0,3831.0,50,3830.0,250
rb1805,20171218,20171215,210618500,3830.0,189346,2655642,7264387540.0,3832.0,485,3830.0,254
rb1805,20171218,20171215,210619000,3830.0,189352,2655636,7264617340.0,3831.0,2,3830.0,256
rb1805,20171218,20171215,210619500,3830.0,189396,2655626,7266302540.0,3831.0,16,3830.0,235
rb1805,20171218,20171215,210620000,3831.0,189466,2655632,7268983980.0,3831.0,85,3830.0,221
rb1805,20171218,20171215,210620500,3830.0,189476,2655636,7269367020.0,3831.0,118,3830.0,224
rb1805,20171218,20171215,210621000,3831.0,189508,2655640,7270592840.0,3831.0,67,3830.0,218
rb1805,20171218,20171215,210621500,3830.0,189510,2655642,7270669440.0,3831.0,114,3830.0,227
rb1805,20171218,20171215,210622000,3830.0,189522,2655646,7271129040.0,3831.0,287,3830.0,221
rb1805,20171218,20171215,210622500,3831.0,189534,2655644,7271588740.0,3831.0,332,3830.0,205
rb1805,20171218,20171215,210623000,3831.0,189554,2655642,7272354900.0,3831.0,375,3830.0,211
rb1805,20171218,20171215,210623500,3830.0,189582,2655624,7273427520.0,3831.0,365,3830.0,212
rb1805,20171218,20171215,210624000,3830.0,189628,2655620,7275189600.0,3831.0,361,3830.0,208
rb1805,20171218,20171215,210624500,3831.0,189708,2655638,7278254380.0,3831.0,353,3830.0,216
rb1805,20171218,20171215,210625000,3831.0,190118,2656010,7293961360.0,3831.0,161,3830.0,238
rb1805,20171218,20171215,210625500,3830.0,190306,2655952,7301163580.0,3831.0,70,3830.0,244
rb1805,20171218,20171215,210626000,3831.0,190318,2655946,7301623220.0,3831.0,48,3830.0,233
rb1805,20171218,20171215,210626500,3830.0,190330,2655946,7302082840.0,3831.0,47,3830.0,253
rb1805,20171218,20171215,210627000,3831.0,190340,2655938,7302465940.0,3831.0,42,3830.0,258
rb1805,20171218,20171215,210627500,3831.0,190398,2655984,7304687880.0,3831.0,15,3830.0,256
rb1805,20171218,20171215,210628000,3831.0,190454,2655974,7306833180.0,3832.0,459,3831.0,5
rb1805,20171218,20171215,210628500,3830.0,190480,2655972,7307829140.0,3832.0,456,3831.0,6
rb1805,20171218,20171215,210629000,3831.0,190544,2656012,7310280380.0,3831.0,20,3830.0,565
rb1805,20171218,20171215,210629500,3831.0,190592,2656056,7312119260.0,3832.0,459,3831.0,75
rb1805,20171218,20171215,210630000,3832.0,190598,2656060,7312349140.0,3832.0,459,3831.0,90
rb1805,20171218,20171215,210630500,3831.0,190612,2656064,7312885540.0,3832.0,457,3831.0,87
rb1805,20171218,20171215,210631000,3831.0,190674,2656086,7315260760.0,3832.0,457,3831.0,78
rb1805,20171218,20171215,210631500,3831.0,190758,2656038,7318478820.0,3832.0,460,3831.0,51
rb1805,20171218,20171215,210632000,3831.0,190774,2656040,7319091820.0,3832.0,458,3831.0,73
rb1805,20171218,20171215,210632500,3831.0,190788,2656034,7319628240.0,3832.0,448,3831.0,215
rb1805,20171218,20171215,210633000,3831.0,190806,2656042,7320317940.0,3832.0,461,3831.0,318
rb1805,20171218,20171215,210633500,3831.0,190890,2656060,7323535980.0,3832.0,469,3831.0,279
rb1805,20171218,20171215,210634000,3831.0,190962,2656086,7326294500.0,3832.0,460,3831.0,271
rb1805,20171218,20171215,210634500,3831.0,190968,2656086,7326524400.0,3832.0,360,3831.0,225
rb1805,20171218,20171215,210635000,3831.0,190968,2656086,7326524400.0,3832.0,359,3831.0,226
rb1805,20171218,20171215,210635500,3831.0,190992,2656078,7327443960.0,3832.0,354,3831.0,223
rb1805,20171218,20171215,210636000,3833.0,191744,2656304,7356260720.0,3833.0,274,3832.0,131
rb1805,20171218,20171215,210636500,3832.0,191862,2656346,7360783000.0,3833.0,278,3832.0,113
rb1805,20171218,20171215,210637000,3833.0,191864,2656348,7360859660.0,3833.0,278,3832.0,109
rb1805,20171218,20171215,210637500,3832.0,191910,2656388,7362622500.0,3833.0,269,3832.0,94
rb1805,20171218,20171215,210638000,3832.0,191928,2656400,7363312300.0,3833.0,251,3832.0,97
rb1805,20171218,20171215,210638500,3832.0,192126,2656572,7370899660.0,3832.0,32,3831.0,96
rb1805,20171218,20171215,210639000,3832.0,192196,2656642,7373582040.0,3832.0,54,3831.0,116
rb1805,20171218,20171215,210639500,3832.0,192264,2656654,7376187640.0,3832.0,39,3831.0,135
rb1805,20171218,20171215,210640000,3832.0,192274,2656658,7376570840.0,3832.0,79,3831.0,145
rb1805,20171218,20171215,210640500,3832.0,192296,2656652,7377413780.0,3832.0,68,3831.0,170
rb1805,20171218,20171215,210641000,3832.0,192304,2656654,7377720340.0,3832.0,104,3831.0,180
rb1805,20171218,20171215,210641500,3832.0,192336,2656656,7378946540.0,3832.0,93,3831.0,190
rb1805,20171218,20171215,210642000,3832.0,192372,2656654,7380326020.0,3832.0,77,3831.0,190
rb1805,20171218,20171215,210642500,3832.0,192454,2656654,7383467580.0,3832.0,70,3831.0,158
rb1805,20171218,20171215,210643000,3832.0,192488,2656632,7384770440.0,3832.0,63,3831.0,168
rb1805,20171218,20171215,210643500,3832.0,192520,2656630,7385996640.0,3832.0,52,3831.0,164
rb1805,20171218,20171215,210644000,3832.0,192526,2656626,7386226560.0,3832.0,51,3831.0,163
rb1805,20171218,20171215,210644500,3832.0,192528,2656626,7386303200.0,3832.0,70,3831.0,164
rb1805,20171218,20171215,210645000,3831.0,192576,2656608,7388142120.0,3832.0,121,3831.0,148
rb1805,20171218,20171215,210645500,3832.0,192584,2656606,7388448660.0,3832.0,132,3831.0,125
rb1805,20171218,20171215,210646000,3832.0,192636,2656582,7390441220.0,3832.0,130,3831.0,123
rb1805,20171218,20171215,210646500,3831.0,192654,2656572,7391130960.0,3832.0,127,3831.0,126
rb1805,20171218,20171215,210647000,3832.0,192694,2656596,7392663620.0,3832.0,124,3831.0,119
rb1805,20171218,20171215,210647500,3831.0,192700,2656598,7392893500.0,3832.0,136,3831.0,125
rb1805,20171218,20171215,210648000,3832.0,192704,2656600,7393046780.0,3832.0,136,3831.0,118
rb1805,20171218,20171215,210648500,3832.0,192724,2656590,7393813060.0,3832.0,163,3831.0,181
rb1805,20171218,20171215,210649000,3832.0,192740,2656594,7394426060.0,3832.0,161,3831.0,176
rb1805,20171218,20171215,210649500,3831.0,192752,2656600,7394885800.0,3832.0,199,3831.0,183
rb1805,20171218,20171215,210650000,3831.0,192814,2656560,7397261560.0,3832.0,180,3831.0,179
rb1805,20171218,20171215,210650500,3831.0,192818,2656562,7397414820.0,3832.0,201,3831.0,194
rb1805,20171218,20171215,210651000,3831.0,192822,2656566,7397568060.0,3832.0,230,3831.0,192
rb1805,20171218,20171215,210651500,3832.0,192828,2656566,7397797940.0,3832.0,251,3831.0,203
rb1805,20171218,20171215,210652000,3832.0,192834,2656566,7398027840.0,3832.0,249,3831.0,179
rb1805,20171218,20171215,210652500,3832.0,192852,2656574,7398717520.0,3832.0,248,3831.0,178
rb1805,20171218,20171215,210653000,3832.0,192888,2656570,7400096840.0,3832.0,240,3831.0,174
rb1805,20171218,20171215,210653500,3832.0,192894,2656570,7400326760.0,3832.0,238,3831.0,177
rb1805,20171218,20171215,210654000,3832.0,192898,2656570,7400480040.0,3832.0,238,3831.0,183
rb1805,20171218,20171215,210654500,3832.0,193026,2656620,7405384760.0,3832.0,190,3831.0,171
rb1805,20171218,20171215,210655000,3831.0,193028,2656622,7405461380.0,3832.0,190,3831.0,203
rb1805,20171218,20171215,210655500,3831.0,193052,2656644,7406380840.0,3832.0,171,3831.0,186
rb1805,20171218,20171215,210656000,3832.0,193126,2656678,7409216520.0,3832.0,157,3831.0,194
rb1805,20171218,20171215,210656500,3832.0,193144,2656688,7409906180.0,3832.0,158,3831.0,181
rb1805,20171218,20171215,210657000,3832.0,193190,2656680,7411668880.0,3832.0,136,3831.0,180
rb1805,20171218,20171215,210657500,3832.0,193214,2656682,7412588500.0,3832.0,127,3831.0,177
rb1805,20171218,20171215,210658000,3831.0,193250,2656688,7413967900.0,3832.0,217,3831.0,171
rb1805,20171218,20171215,210658500,3832.0,193288,2656676,7415423740.0,3832.0,224,3831.0,141
rb1805,20171218,20171215,210659000,3832.0,193300,2656666,7415883580.0,3832.0,269,3831.0,141
rb1805,20171218,20171215,210659500,3831.0,193326,2656668,7416879880.0,3832.0,257,3831.0,141
rb1805,20171218,20171215,210700000,3832.0,193370,2656664,7418565840.0,3832.0,244,3831.0,136
rb1805,20171218,20171215,210700500,3831.0,193376,2656666,7418795740.0,3832.0,243,3831.0,136
rb1805,20171218,20171215,210701000,3832.0,193432,2656672,7420941120.0,3832.0,342,3831.0,109
rb1805,20171218,20171215,210701500,3831.0,193658,2656772,7429599180.0,3831.0,140,3830.0,851
rb1805,20171218,20171215,210702000,3830.0,193784,2656896,7434425120.0,3831.0,138,3830.0,770
rb1805,20171218,20171215,210702500,3831.0,193832,2656922,7436263780.0,3831.0,175,3830.0,791
rb1805,20171218,20171215,210703000,3831.0,193848,2656932,7436876640.0,3831.0,179,3830.0,786
rb1805,20171218,20171215,210703500,3831.0,193918,2656930,7439557780.0,3831.0,173,3830.0,767
rb1805,20171218,20171215,210704000,3830.0,194006,2657002,7442928260.0,3831.0,169,3830.0,742
rb1805,20171218,20171215,210704500,3831.0,194108,2657102,7446835200.0,3831.0,166,3830.0,710
rb1805,20171218,20171215,210705000,3831.0,194130,2657110,7447677860.0,3831.0,163,3830.0,703
rb1805,20171218,20171215,210705500,3830.0,194148,2657116,7448367280.0,3831.0,163,3830.0,681
rb1805,20171218,20171215,210706000,3831.0,194150,2657114,7448443900.0,3831.0,162,3830.0,682
rb1805,20171218,20171215,210706500,3830.0,194192,2657144,7450052500.0,3831.0,162,3830.0,682
rb1805,20171218,20171215,210707000,3831.0,194218,2657160,7451048500.0,3831.0,120,3830.0,679
rb1805,20171218,20171215,210707500,3830.0,194270,2657166,7453040580.0,3831.0,90,3830.0,727
rb1805,20171218,20171215,210708000,3830.0,194270,2657166,7453040580.0,3831.0,70,3830.0,728
rb1805,20171218,20171215,210708500,3830.0,194308,2657168,7454496200.0,3831.0,116,3830.0,720
rb1805,20171218,20171215,210709000,3830.0,194406,2657182,7458250300.0,3831.0,132,3830.0,716
rb1805,20171218,20171215,210709500,3830.0,194454,2657226,7460088720.0,3831.0,138,3830.0,683
rb1805,20171218,20171215,210710000,3830.0,194460,2657226,7460318540.0,3831.0,139,3830.0,671
rb1805,20171218,20171215,210710500,3830.0,194474,2657232,7460854760.0,3831.0,140,3830.0,667
rb1805,20171218,20171215,210711000,3831.0,194504,2657230,7462003960.0,3831.0,132,3830.0,664
rb1805,20171218,20171215,210711500,3831.0,194504,2657230,7462003960.0,3831.0,133,3830.0,693
rb1805,20171218,20171215,210712000,3831.0,194518,2657232,7462540280.0,3831.0,130,3830.0,692
rb1805,20171218,20171215,210712500,3830.0,194526,2657240,7462846680.0,3831.0,135,3830.0,689
rb1805,20171218,20171215,210713000,3830.0,194532,2657240,7463076520.0,3831.0,135,3830.0,688
rb1805,20171218,20171215,210713500,3830.0,194636,2657338,7467060720.0,3831.0,100,3830.0,689
rb1805,20171218,20171215,210714000,3831.0,194654,2657354,7467750280.0,3831.0,96,3830.0,689
rb1805,20171218,20171215,210714500,3830.0,194666,2657364,7468209880.0,3831.0,97,3830.0,674
rb1805,20171218,20171215,210715000,3831.0,194674,2657368,7468516320.0,3831.0,96,3830.0,678
rb1805,20171218,20171215,210715500,3831.0,194674,2657368,7468516320.0,3831.0,97,3830.0,681
rb1805,20171218,20171215,210716000,3830.0,194676,2657368,7468592920.0,3831.0,100,3830.0,690
rb1805,20171218,20171215,210716500,3830.0,194742,2657374,7471121360.0,3831.0,69,3830.0,695
rb1805,20171218,20171215,210717000,3831.0,194748,2657378,7471351180.0,3831.0,71,3830.0,714
rb1805,20171218,20171215,210717500,3831.0,194762,2657392,7471887480.0,3831.0,76,3830.0,712
rb1805,20171218,20171215,210718000,3830.0,194784,2657414,7472730080.0,3831.0,178,3830.0,705
rb1805,20171218,20171215,210718500,3830.0,194794,2657416,7473113080.0,3831.0,188,3830.0,675
rb1805,20171218,20171215,210719000,3830.0,194798,2657416,7473266280.0,3831.0,207,3830.0,678
rb1805,20171218,20171215,210719500,3830.0,194806,2657420,7473572700.0,3831.0,217,3830.0,685
rb1805,20171218,20171215,210720000,3830.0,194810,2657422,7473725900.0,3831.0,219,3830.0,683
rb1805,20171218,20171215,210720500,3830.0,194834,2657428,7474645120.0,3831.0,219,3830.0,667
rb1805,20171218,20171215,210721000,3831.0,194856,2657444,7475487860.0,3831.0,217,3830.0,664
rb1805,20171218,20171215,210721500,3830.0,194882,2657466,7476483660.0,3831.0,218,3830.0,651
rb1805,20171218,20171215,210722000,3830.0,194980,2657460,7480237180.0,3831.0,212,3830.0,633
rb1805,20171218,20171215,210722500,3830.0,194992,2657470,7480696800.0,3831.0,214,3830.0,603
rb1805,20171218,20171215,210723000,3831.0,195204,2657626,7488818420.0,3831.0,121,3830.0,598
rb1805,20171218,20171215,210723500,3830.0,195860,2657508,7513943380.0,3831.0,113,3830.0,302
rb1805,20171218,20171215,210724000,3830.0,196004,2657508,7519458620.0,3831.0,135,3830.0,224
rb1805,20171218,20171215,210724500,3830.0,196072,2657566,7522063040.0,3831.0,192,3830.0,185
rb1805,20171218,20171215,210725000,3830.0,196180,2657560,7526199440.0,3831.0,176,3830.0,232
rb1805,20171218,20171215,210725500,3831.0,196212,2657578,7527425080.0,3831.0,175,3830.0,218
rb1805,20171218,20171215,210726000,3831.0,196286,2657582,7530259680.0,3831.0,140,3830.0,211
rb1805,20171218,20171215,210726500,3830.0,196340,2657582,7532327920.0,3831.0,140,3830.0,203
rb1805,20171218,20171215,210727000,3831.0,196342,2657584,7532404540.0,3831.0,142,3830.0,214
rb1805,20171218,20171215,210727500,3830.0,196368,2657600,7533400360.0,3831.0,115,3830.0,204
rb1805,20171218,20171215,210728000,3831.0,196474,2657588,7537460200.0,3831.0,115,3830.0,153
rb1805,20171218,20171215,210728500,3831.0,196570,2657518,7541137040.0,3831.0,115,3830.0,111
rb1805,20171218,20171215,210729000,3831.0,196596,2657518,7542132880.0,3831.0,111,3830.0,72
rb1805,20171218,20171215,210729500,3830.0,196774,2657408,7548951160.0,3831.0,69,3830.0,33
rb1805,20171218,20171215,210730000,3830.0,196842,2657384,7551555640.0,3831.0,90,3830.0,59
rb1805,20171218,20171215,210730500,3831.0,196858,2657394,7552168460.0,3831.0,90,3830.0,184
rb1805,20171218,20171215,210731000,3830.0,196900,2657418,7553777160.0,3831.0,89,3830.0,233
rb1805,20171218,20171215,210731500,3831.0,197008,2657508,7557914580.0,3831.0,37,3830.0,230
rb1805,20171218,20171215,210732000,3830.0,197032,2657512,7558833780.0,3831.0,40,3830.0,278
rb1805,20171218,20171215,210732500,3830.0,197052,2657520,7559599840.0,3831.0,20,3830.0,281
rb1805,20171218,20171215,210733000,3831.0,197116,2657510,7562051680.0,3832.0,412,3831.0,133
rb1805,20171218,20171215,210733500,3831.0,197134,2657500,7562741260.0,3832.0,413,3831.0,127
rb1805,20171218,20171215,210734000,3831.0,197334,2657368,7570403260.0,3832.0,413,3831.0,28
rb1805,20171218,20171215,210734500,3831.0,197402,2657388,7573008300.0,3831.0,190,3830.0,120
rb1805,20171218,20171215,210735000,3830.0,197418,2657394,7573621160.0,3831.0,178,3830.0,91
rb1805,20171218,20171215,210735500,3831.0,197456,2657394,7575076880.0,3831.0,268,3830.0,42
rb1805,20171218,20171215,210736000,3830.0,197490,2657388,7576379180.0,3831.0,267,3830.0,33
rb1805,20171218,20171215,210736500,3830.0,197518,2657406,7577451780.0,3831.0,277,3830.0,30
rb1805,20171218,20171215,210737000,3830.0,197546,2657394,7578524240.0,3831.0,280,3830.0,23
rb1805,20171218,20171215,210737500,3831.0,197602,2657358,7580669560.0,3831.0,256,3830.0,23
rb1805,20171218,20171215,210738000,3830.0,197622,2657360,7581435700.0,3831.0,249,3830.0,23
rb1805,20171218,20171215,210738500,3831.0,197638,2657360,7582048560.0,3831.0,247,3830.0,49
rb1805,20171218,20171215,210739000,3830.0,197652,2657362,7582584800.0,3831.0,246,3830.0,47
rb1805,20171218,20171215,210739500,3831.0,197660,2657366,7582891220.0,3831.0,375,3830.0,80
rb1805,20171218,20171215,210740000,3831.0,197664,2657370,7583044460.0,3831.0,375,3830.0,66
rb1805,20171218,20171215,210740500,3830.0,197666,2657372,7583121060.0,3831.0,384,3830.0,130
rb1805,20171218,20171215,210741000,3830.0,197708,2657378,7584729660.0,3831.0,382,3830.0,126
rb1805,20171218,20171215,210741500,3830.0,197726,2657378,7585419080.0,3831.0,436,3830.0,137
rb1805,20171218,20171215,210742000,3830.0,197764,2657374,7586874480.0,3831.0,489,3830.0,144
rb1805,20171218,20171215,210742500,3830.0,197876,2657412,7591164140.0,3831.0,486,3830.0,78
rb1805,20171218,20171215,210743000,3830.0,198004,2657446,7596066540.0,3831.0,518,3830.0,25
rb1805,20171218,20171215,210743500,3830.0,198058,2657486,7598134760.0,3830.0,189,3829.0,488
rb1805,20171218,20171215,210744000,3830.0,198080,2657488,7598977360.0,3830.0,198,3829.0,488
rb1805,20171218,20171215,210744500,3830.0,198094,2657492,7599513540.0,3830.0,208,3829.0,488
rb1805,20171218,20171215,210745000,3830.0,198496,2657624,7614910140.0,3830.0,57,3829.0,488
rb1805,20171218,20171215,210745500,3830.0,198516,2657618,7615676000.0,3830.0,59,3829.0,482
rb1805,20171218,20171215,210746000,3829.0,198556,2657618,7617207600.0,3830.0,148,3829.0,463
rb1805,20171218,20171215,210746500,3830.0,198570,2657622,7617743720.0,3830.0,146,3829.0,437
rb1805,20171218,20171215,210747000,3829.0,198650,2657642,7620807560.0,3830.0,115,3829.0,429
rb1805,20171218,20171215,210747500,3830.0,198676,2657664,7621803300.0,3830.0,106,3829.0,426
rb1805,20171218,20171215,210748000,3829.0,198746,2657734,7624483700.0,3830.0,84,3829.0,422
rb1805,20171218,20171215,210748500,3829.0,199040,2657538,7635743460.0,3831.0,505,3830.0,6
rb1805,20171218,20171215,210749000,3830.0,199070,2657520,7636892460.0,3831.0,507,3830.0,13
rb1805,20171218,20171215,210749500,3831.0,199082,2657526,7637352080.0,3831.0,455,3830.0,45
rb1805,20171218,20171215,210750000,3831.0,199118,2657540,7638731240.0,3831.0,442,3830.0,108
rb1805,20171218,20171215,210750500,3830.0,199140,2657552,7639573920.0,3831.0,438,3830.0,165
rb1805,20171218,20171215,210751000,3830.0,199176,2657586,7640952740.0,3831.0,438,3830.0,175
rb1805,20171218,20171215,210751500,3830.0,199222,2657624,7642714540.0,3831.0,440,3830.0,267
rb1805,20171218,20171215,210752000,3830.0,199246,2657606,7643633760.0,3831.0,440,3830.0,252
rb1805,20171218,20171215,210752500,3830.0,199264,2657608,7644323240.0,3831.0,436,3830.0,197
rb1805,20171218,20171215,210753000,3830.0,199624,2657670,7658111240.0,3830.0,42,3829.0,412
rb1805,20171218,20171215,210753500,3829.0,199662,2657676,7659566600.0,3830.0,61,3829.0,401
rb1805,20171218,20171215,210754000,3830.0,199684,2657670,7660409200.0,3830.0,118,3829.0,451
rb1805,20171218,20171215,210754500,3830.0,199814,2657628,7665388200.0,3830.0,56,3829.0,451
rb1805,20171218,20171215,210755000,3830.0,199824,2657618,7665771200.0,3830.0,61,3829.0,462
rb1805,20171218,20171215,210755500,3830.0,199850,2657602,7666766840.0,3830.0,56,3829.0,456
rb1805,20171218,20171215,210756000,3829.0,199914,2657564,7669217880.0,3830.0,32,3829.0,448
rb1805,20171218,20171215,210756500,3830.0,199938,2657540,7670137080.0,3830.0,20,3829.0,448
rb1805,20171218,20171215,210757000,3830.0,199986,2657520,7671975440.0,3830.0,1,3829.0,446
rb1805,20171218,20171215,210757500,3830.0,199998,2657524,7672435000.0,3830.0,5,3829.0,445
rb1805,20171218,20171215,210758000,3830.0,200002,2657524,7672588200.0,3830.0,10,3829.0,473
rb1805,20171218,20171215,210758500,3830.0,200032,2657524,7673736940.0,3830.0,9,3829.0,461
rb1805,20171218,20171215,210759000,3829.0,200048,2657520,7674349620.0,3830.0,9,3829.0,460
rb1805,20171218,20171215,210759500,3830.0,200058,2657518,7674732560.0,3830.0,14,3829.0,457
rb1805,20171218,20171215,210800000,3830.0,200066,2657520,7675038940.0,3830.0,13,3829.0,457
rb1805,20171218,20171215,210800500,3830.0,200166,2657530,7678868480.0,3830.0,20,3829.0,433
rb1805,20171218,20171215,210801000,3830.0,200188,2657520,7679711060.0,3830.0,19,3829.0,433
rb1805,20171218,20171215,210801500,3830.0,200214,2657538,7680706640.0,3830.0,21,3829.0,448
rb1805,20171218,20171215,210802000,3829.0,200228,2657542,7681242780.0,3830.0,181,3829.0,446
rb1805,20171218,20171215,210802500,3829.0,200234,2657544,7681472560.0,3830.0,191,3829.0,422
rb1805,20171218,20171215,210803000,3829.0,200248,2657554,7682008660.0,3830.0,205,3829.0,422
rb1805,20171218,20171215,210803500,3829.0,200254,2657556,7682238420.0,3830.0,236,3829.0,420
rb1805,20171218,20171215,210804000,3830.0,200356,2657606,7686144140.0,3830.0,235,3829.0,377
rb1805,20171218,20171215,210804500,3829.0,200360,2657610,7686297300.0,3830.0,257,3829.0,375
rb1805,20171218,20171215,210805000,3829.0,200552,2657604,7693649000.0,3830.0,258,3829.0,295
rb1805,20171218,20171215,210805500,3830.0,200556,2657602,7693802200.0,3830.0,260,3829.0,295
rb1805,20171218,20171215,210806000,3829.0,201182,2657244,7717771740.0,3829.0,396,3828.0,1081
rb1805,20171218,20171215,210806500,3828.0,201520,2657408,7730711660.0,3829.0,339,3828.0,1024
rb1805,20171218,20171215,210807000,3828.0,201860,2657396,7743727300.0,3829.0,384,3828.0,885
rb1805,20171218,20171215,210807500,3828.0,202168,2657342,7755517740.0,3829.0,381,3828.0,495
rb1805,20171218,20171215,210808000,3829.0,202250,2657314,7758657000.0,3829.0,378,3828.0,468
rb1805,20171218,20171215,210808500,3828.0,202318,2657328,7761260080.0,3829.0,376,3828.0,436
rb1805,20171218,20171215,210809000,3828.0,202344,2657334,7762255400.0,3829.0,420,3828.0,423
rb1805,20171218,20171215,210809500,3829.0,202348,2657336,7762408540.0,3829.0,423,3828.0,423
rb1805,20171218,20171215,210810000,3828.0,202486,2657318,7767691200.0,3829.0,432,3828.0,356
rb1805,20171218,20171215,210810500,3828.0,202620,2657270,7772821360.0,3829.0,405,3828.0,339
rb1805,20171218,20171215,210811000,3828.0,202982,2657198,7786678760.0,3829.0,405,3828.0,160
rb1805,20171218,20171215,210811500,3828.0,203368,2657208,7801456880.0,3829.0,303,3828.0,80
rb1805,20171218,20171215,210812000,3828.0,203652,2657272,7812328760.0,3829.0,286,3828.0,198
rb1805,20171218,20171215,210812500,3828.0,203692,2657236,7813859960.0,3829.0,293,3828.0,276
rb1805,20171218,20171215,210813000,3828.0,203770,2657172,7816845800.0,3829.0,290,3828.0,310
rb1805,20171218,20171215,210813500,3828.0,203792,2657164,7817688020.0,3829.0,287,3828.0,384
rb1805,20171218,20171215,210814000,3828.0,203822,2657146,7818836660.0,3829.0,328,3828.0,601
rb1805,20171218,20171215,210814500,3828.0,203870,2657126,7820674280.0,3829.0,326,3828.0,689
rb1805,20171218,20171215,210815000,3828.0,203962,2657088,7824196540.0,3829.0,306,3828.0,674
rb1805,20171218,20171215,210815500,3828.0,204048,2657030,7827489160.0,3829.0,278,3828.0,669
rb1805,20171218,20171215,210816000,3829.0,204060,2657022,7827948560.0,3829.0,276,3828.0,684
rb1805,20171218,20171215,210816500,3829.0,204642,2657454,7850233300.0,3830.0,319,3829.0,16
rb1805,20171218,20171215,210817000,3829.0,204720,2657464,7853219660.0,3830.0,327,3829.0,3
rb1805,20171218,20171215,210817500,3829.0,204778,2657452,7855440440.0,3830.0,348,3829.0,26
rb1805,20171218,20171215,210818000,3828.0,204934,2657468,7861412900.0,3830.0,350,3828.0,556
rb1805,20171218,20171215,210818500,3828.0,204964,2657462,7862561340.0,3830.0,343,3829.0,9
rb1805,20171218,20171215,210819000,3829.0,204986,2657458,7863403680.0,3830.0,343,3829.0,57
rb1805,20171218,20171215,210819500,3829.0,205032,2657468,7865165220.0,3830.0,337,3829.0,95
rb1805,20171218,20171215,210820000,3829.0,205140,2657382,7869300540.0,3830.0,358,3829.0,116
rb1805,20171218,20171215,210820500,3829.0,205152,2657380,7869760100.0,3830.0,354,3829.0,164
rb1805,20171218,20171215,210821000,3829.0,205180,2657374,7870832320.0,3830.0,352,3829.0,200
rb1805,20171218,20171215,210821500,3829.0,205398,2657226,7879179540.0,3830.0,352,3829.0,145
rb1805,20171218,20171215,210822000,3829.0,205652,2657364,7888905220.0,3830.0,377,3829.0,13
rb1805,20171218,20171215,210822500,3829.0,205656,2657362,7889058380.0,3830.0,387,3829.0,112
rb1805,20171218,20171215,210823000,3829.0,205676,2657368,7889824200.0,3830.0,389,3829.0,105
rb1805,20171218,20171215,210823500,3829.0,205688,2657370,7890283740.0,3830.0,387,3829.0,102
rb1805,20171218,20171215,210824000,3830.0,205760,2657372,7893041220.0,3830.0,357,3829.0,101
rb1805,20171218,20171215,210824500,3829.0,205816,2657420,7895185480.0,3830.0,385,3829.0,134
rb1805,20171218,20171215,210825000,3830.0,205948,2657428,7900240800.0,3830.0,337,3829.0,101
rb1805,20171218,20171215,210825500,3829.0,205962,2657430,7900776860.0,3830.0,343,3829.0,107
rb1805,20171218,20171215,210826000,3830.0,205976,2657434,7901313000.0,3830.0,359,3829.0,112
rb1805,20171218,20171215,210826500,3829.0,205982,2657440,7901542780.0,3830.0,360,3829.0,112
rb1805,20171218,20171215,210827000,3829.0,206010,2657446,7902615100.0,3830.0,351,3829.0,157
rb1805,20171218,20171215,210827500,3829.0,206026,2657456,7903227740.0,3830.0,353,3829.0,162
rb1805,20171218,20171215,210828000,3829.0,206058,2657478,7904453020.0,3830.0,353,3829.0,138
rb1805,20171218,20171215,210828500,3830.0,206100,2657478,7906061400.0,3830.0,343,3829.0,137
rb1805,20171218,20171215,210829000,3829.0,206118,2657478,7906750640.0,3830.0,351,3829.0,144
rb1805,20171218,20171215,210829500,3829.0,206126,2657480,7907056960.0,3830.0,358,3829.0,142
rb1805,20171218,20171215,210830000,3830.0,206204,2657418,7910043600.0,3830.0,361,3829.0,109
rb1805,20171218,20171215,210830500,3829.0,206220,2657430,7910656300.0,3830.0,381,3829.0,111
rb1805,20171218,20171215,210831000,3829.0,206232,2657438,7911115800.0,3830.0,382,3829.0,108
rb1805,20171218,20171215,210831500,3829.0,206706,2657754,7929268460.0,3830.0,345,3829.0,36
rb1805,20171218,20171215,210832000,3830.0,206756,2657772,7931183020.0,3830.0,344,3829.0,31
rb1805,20171218,20171215,210832500,3829.0,206840,2657798,7934399800.0,3830.0,351,3829.0,111
rb1805,20171218,20171215,210833000,3829.0,206966,2657820,7939224520.0,3830.0,353,3829.0,59
rb1805,20171218,20171215,210833500,3829.0,207144,2657902,7946041140.0,3830.0,346,3829.0,91
rb1805,20171218,20171215,210834000,3829.0,207146,2657902,7946117720.0,3830.0,348,3829.0,110
rb1805,20171218,20171215,210834500,3829.0,207248,2657998,7950023300.0,3830.0,369,3829.0,70
rb1805,20171218,20171215,210835000,3829.0,207260,2658008,7950482780.0,3830.0,373,3829.0,69
rb1805,20171218,20171215,210835500,3829.0,207420,2658056,7956609160.0,3830.0,373,3828.0,696
rb1805,20171218,20171215,210836000,3828.0,207430,2658056,7956992060.0,3829.0,1,3828.0,676
rb1805,20171218,20171215,210836500,3828.0,207666,2658252,7966028340.0,3829.0,400,3828.0,697
rb1805,20171218,20171215,210837000,3829.0,207734,2658278,7968631980.0,3829.0,404,3828.0,670
rb1805,20171218,20171215,210837500,3829.0,207766,2658280,7969857200.0,3829.0,392,3828.0,657
rb1805,20171218,20171215,210838000,3829.0,207778,2658290,7970316600.0,3829.0,382,3828.0,664
rb1805,20171218,20171215,210838500,3828.0,207914,2658300,7975522820.0,3829.0,376,3828.0,603
rb1805,20171218,20171215,210839000,3828.0,208050,2658288,7980729380.0,3829.0,362,3828.0,608
rb1805,20171218,20171215,210839500,3828.0,208094,2658290,7982414000.0,3829.0,348,3828.0,602
rb1805,20171218,20171215,210840000,3829.0,208106,2658294,7982873420.0,3829.0,325,3828.0,613
rb1805,20171218,20171215,210840500,3828.0,208110,2658292,7983026540.0,3829.0,328,3828.0,621
rb1805,20171218,20171215,210841000,3829.0,208176,2658328,7985553620.0,3829.0,300,3828.0,631
rb1805,20171218,20171215,210841500,3829.0,208200,2658326,7986472380.0,3829.0,299,3828.0,710
rb1805,20171218,20171215,210842000,3828.0,208360,2658192,7992597260.0,3829.0,310,3828.0,636
rb1805,20171218,20171215,210842500,3828.0,208712,2658156,8006072880.0,3829.0,282,3828.0,500
rb1805,20171218,20171215,210843000,3828.0,208716,2658156,8006226000.0,3829.0,283,3828.0,502
rb1805,20171218,20171215,210843500,3828.0,208778,2658158,8008599400.0,3829.0,283,3828.0,472
rb1805,20171218,20171215,210844000,3828.0,208820,2658166,8010207320.0,3829.0,276,3828.0,460
rb1805,20171218,20171215,210844500,3828.0,209426,2658662,8033411020.0,3830.0,379,3828.0,478
rb1805,20171218,20171215,210845000,3828.0,209484,2658690,8035631560.0,3829.0,4,3828.0,477
rb1805,20171218,20171215,210845500,3828.0,209600,2658686,8040074080.0,3830.0,313,3828.0,472
rb1805,20171218,20171215,210846000,3828.0,209724,2658756,8044820840.0,3829.0,10,3828.0,448
rb1805,20171218,20171215,210846500,3828.0,209964,2658728,8054008720.0,3830.0,314,3828.0,353
rb1805,20171218,20171215,210847000,3828.0,209974,2658730,8054391560.0,3829.0,7,3828.0,332
rb1805,20171218,20171215,210847500,3829.0,210010,2658718,8055769980.0,3830.0,348,3829.0,488
rb1805,20171218,20171215,210848000,3829.0,210016,2658714,8055999720.0,3830.0,350,3829.0,486
rb1805,20171218,20171215,210848500,3829.0,210042,2658704,8056995260.0,3830.0,350,3829.0,495
rb1805,20171218,20171215,210849000,3829.0,210048,2658702,8057225020.0,3830.0,363,3829.0,499
rb1805,20171218,20171215,210849500,3829.0,210164,2658698,8061666680.0,3830.0,367,3829.0,444
rb1805,20171218,20171215,210850000,3829.0,210190,2658688,8062662240.0,3830.0,370,3829.0,434
rb1805,20171218,20171215,210850500,3829.0,210412,2658690,8071162640.0,3830.0,385,3829.0,327
rb1805,20171218,20171215,210851000,3829.0,210418,2658686,8071392380.0,3830.0,384,3829.0,325
rb1805,20171218,20171215,210851500,3829.0,210574,2658654,8077366060.0,3830.0,366,3829.0,269
rb1805,20171218,20171215,210852000,3829.0,210582,2658652,8077672380.0,3830.0,368,3829.0,268
rb1805,20171218,20171215,210852500,3829.0,210612,2658626,8078821080.0,3830.0,376,3829.0,253
rb1805,20171218,20171215,210853000,3830.0,210746,2658616,8083952060.0,3830.0,370,3829.0,192
rb1805,20171218,20171215,210853500,3830.0,210896,2658706,8089696760.0,3830.0,315,3829.0,178
rb1805,20171218,20171215,210854000,3829.0,210914,2658700,8090386020.0,3830.0,313,3829.0,180
rb1805,20171218,20171215,210854500,3830.0,211042,2658696,8095287200.0,3830.0,312,3829.0,141
rb1805,20171218,20171215,210855000,3830.0,211114,2658746,8098044680.0,3830.0,293,3829.0,122
rb1805,20171218,20171215,210855500,3829.0,211246,2658746,8103099120.0,3830.0,285,3829.0,65
rb1805,20171218,20171215,210856000,3829.0,211292,2658734,8104860460.0,3830.0,286,3829.0,42
rb1805,20171218,20171215,210856500,3829.0,211386,2658712,8108459720.0,3830.0,288,3829.0,9
rb1805,20171218,20171215,210857000,3828.0,211486,2658754,8112287900.0,3829.0,5,3828.0,379
rb1805,20171218,20171215,210857500,3829.0,211492,2658752,8112517600.0,3829.0,21,3828.0,377
rb1805,20171218,20171215,210858000,3828.0,211698,2658780,8120404900.0,3829.0,33,3828.0,328
rb1805,20171218,20171215,210858500,3829.0,211700,2658780,8120481480.0,3829.0,44,3828.0,328
rb1805,20171218,20171215,210859000,3828.0,211758,2658798,8122702260.0,3829.0,24,3828.0,326
rb1805,20171218,20171215,210859500,3829.0,211876,2658894,8127219360.0,3829.0,43,3828.0,368
rb1805,20171218,20171215,210900000,3828.0,211928,2658902,8129210340.0,3829.0,25,3828.0,365
rb1805,20171218,20171215,210900500,3828.0,211948,2658910,8129976080.0,3830.0,317,3829.0,2
rb1805,20171218,20171215,210901000,3828.0,211966,2658910,8130665200.0,3829.0,14,3828.0,359
rb1805,20171218,20171215,210901500,3829.0,212170,2658970,8138476340.0,3829.0,10,3828.0,360
rb1805,20171218,20171215,210902000,3829.0,212200,2658976,8139625020.0,3830.0,328,3829.0,2
rb1805,20171218,20171215,210902500,3828.0,212242,2658982,8141233320.0,3829.0,45,3828.0,362
rb1805,20171218,20171215,210903000,3829.0,212248,2658982,8141463060.0,3829.0,42,3828.0,402
rb1805,20171218,20171215,210903500,3830.0,212438,2659012,8148739180.0,3830.0,267,3829.0,31
rb1805,20171218,20171215,210904000,3830.0,212462,2658992,8149658240.0,3830.0,265,3829.0,126
rb1805,20171218,20171215,210904500,3829.0,212580,2659042,8154176560.0,3830.0,255,3829.0,114
rb1805,20171218,20171215,210905000,3829.0,212620,2659072,8155708160.0,3830.0,267,3829.0,102
rb1805,20171218,20171215,210905500,3830.0,212628,2659076,8156014520.0,3830.0,265,3829.0,101
rb1805,20171218,20171215,210906000,3829.0,212648,2659080,8156780400.0,3830.0,260,3829.0,98
