instrument,tradingday,calendarday,time,lastp,volume,openinterest,turnover,ask1,asksz1,bid1,bidsz1
rb1805,20170906,20170905,183540500,3951.0,0,313950,0.0,0.0,0,0.0,0
rb1805,20170906,20170905,205900500,3949.0,62,313956,2448380.0,3950.0,32,3949.0,2
rb1805,20170906,20170905,210000500,3948.0,158,313972,6238560.0,3948.0,12,3947.0,2
rb1805,20170906,20170905,210001000,3948.0,218,313964,8607620.0,3949.0,44,3948.0,19
rb1805,20170906,20170905,210001500,3950.0,332,313996,13109560.0,3950.0,22,3948.0,3
rb1805,20170906,20170905,210002000,3950.0,452,313964,17847920.0,3950.0,12,3948.0,3
rb1805,20170906,20170905,210002500,3950.0,484,313988,19111780.0,3951.0,7,3950.0,8
rb1805,20170906,20170905,210003000,3951.0,510,313994,20138940.0,3952.0,9,3951.0,9
rb1805,20170906,20170905,210003500,3952.0,520,313994,20534080.0,3952.0,6,3951.0,1
rb1805,20170906,20170905,210004000,3952.0,534,313994,21087360.0,3953.0,7,3951.0,14
rb1805,20170906,20170905,210004500,3952.0,552,313980,21798760.0,3952.0,23,3951.0,15
rb1805,20170906,20170905,210005000,3951.0,558,313984,22035820.0,3952.0,33,3951.0,14
rb1805,20170906,20170905,210005500,3951.0,608,313992,24011480.0,3952.0,25,3951.0,4
rb1805,20170906,20170905,210006000,3951.0,666,313998,26303500.0,3951.0,4,3950.0,32
rb1805,20170906,20170905,210006500,3951.0,678,314004,26777620.0,3952.0,1,3951.0,18
rb1805,20170906,20170905,210007000,3951.0,702,314024,27725980.0,3953.0,5,3952.0,1
rb1805,20170906,20170905,210007500,3953.0,712,314026,28121280.0,3954.0,23,3953.0,35
rb1805,20170906,20170905,210008000,3953.0,730,314026,28832940.0,3954.0,17,3953.0,32
rb1805,20170906,20170905,210008500,3956.0,828,314006,32708500.0,3956.0,9,3953.0,30
rb1805,20170906,20170905,210009000,3956.0,876,314002,34607180.0,3957.0,17,3954.0,9
rb1805,20170906,20170905,210009500,3956.0,918,314036,36268500.0,3956.0,18,3954.0,9
rb1805,20170906,20170905,210010000,3956.0,940,314032,37138600.0,3956.0,26,3954.0,1
rb1805,20170906,20170905,210010500,3954.0,954,314034,37692240.0,3956.0,11,3953.0,30
rb1805,20170906,20170905,210011000,3956.0,988,314054,39037280.0,3957.0,23,3956.0,13
rb1805,20170906,20170905,210011500,3956.0,1034,314052,40856780.0,3956.0,3,3953.0,39
rb1805,20170906,20170905,210012000,3954.0,1038,314056,41014940.0,3955.0,2,3954.0,1
rb1805,20170906,20170905,210012500,3954.0,1056,314056,41726680.0,3954.0,9,3953.0,29
rb1805,20170906,20170905,210013000,3956.0,1144,314002,45207320.0,3957.0,19,3956.0,156
rb1805,20170906,20170905,210013500,3956.0,1350,313892,53356720.0,3957.0,18,3956.0,57
rb1805,20170906,20170905,210014000,3956.0,1468,313798,58024800.0,3956.0,3,3955.0,6
rb1805,20170906,20170905,210014500,3955.0,1472,313800,58183020.0,3956.0,2,3955.0,5
rb1805,20170906,20170905,210015000,3956.0,1480,313802,58499440.0,3956.0,18,3955.0,2
rb1805,20170906,20170905,210015500,3953.0,1536,313790,60714120.0,3955.0,1,3953.0,28
rb1805,20170906,20170905,210016000,3955.0,1544,313796,61030520.0,3955.0,5,3953.0,28
rb1805,20170906,20170905,210016500,3954.0,1556,313808,61504980.0,3954.0,1,3953.0,27
rb1805,20170906,20170905,210017000,3954.0,1590,313840,62849020.0,3954.0,10,3953.0,11
rb1805,20170906,20170905,210017500,3953.0,1628,313876,64351160.0,3953.0,5,3952.0,21
rb1805,20170906,20170905,210018000,3953.0,1654,313880,65378840.0,3953.0,15,3952.0,16
rb1805,20170906,20170905,210018500,3953.0,1708,313918,67512980.0,3952.0,1,3951.0,55
rb1805,20170906,20170905,210019000,3952.0,1726,313924,68224420.0,3952.0,2,3951.0,53
rb1805,20170906,20170905,210019500,3952.0,1774,313920,70121520.0,3952.0,2,3951.0,47
rb1805,20170906,20170905,210020000,3952.0,1788,313920,70674720.0,3952.0,2,3951.0,43
rb1805,20170906,20170905,210020500,3953.0,1794,313922,70911860.0,3953.0,9,3952.0,2
rb1805,20170906,20170905,210021000,3952.0,1798,313920,71069940.0,3953.0,9,3952.0,2
rb1805,20170906,20170905,210021500,3952.0,1810,313926,71544160.0,3952.0,7,3951.0,45
rb1805,20170906,20170905,210022000,3951.0,1820,313932,71939320.0,3952.0,18,3951.0,45
rb1805,20170906,20170905,210022500,3952.0,1824,313932,72097380.0,3952.0,19,3951.0,44
rb1805,20170906,20170905,210023000,3952.0,1842,313934,72808660.0,3952.0,17,3951.0,40
rb1805,20170906,20170905,210023500,3952.0,1856,313934,73361940.0,3952.0,10,3951.0,40
rb1805,20170906,20170905,210024000,3952.0,1868,313938,73836180.0,3952.0,4,3951.0,40
rb1805,20170906,20170905,210024500,3952.0,1876,313932,74152340.0,3953.0,12,3952.0,17
rb1805,20170906,20170905,210025000,3952.0,1878,313932,74231380.0,3953.0,9,3952.0,16
rb1805,20170906,20170905,210025500,3952.0,1880,313930,74310420.0,3953.0,10,3952.0,15
rb1805,20170906,20170905,210026000,3953.0,1884,313932,74468520.0,3953.0,9,3952.0,16
rb1805,20170906,20170905,210026500,3953.0,1890,313932,74705700.0,3953.0,6,3952.0,24
rb1805,20170906,20170905,210027000,3952.0,1924,313924,76049420.0,3953.0,36,3952.0,7
rb1805,20170906,20170905,210027500,3952.0,1952,313918,77155980.0,3952.0,19,3951.0,48
rb1805,20170906,20170905,210028000,3951.0,1966,313920,77709140.0,3952.0,38,3951.0,42
rb1805,20170906,20170905,210028500,3952.0,1982,313922,78341420.0,3952.0,38,3951.0,41
rb1805,20170906,20170905,210029000,3952.0,1982,313922,78341420.0,3952.0,25,3951.0,41
rb1805,20170906,20170905,210029500,3951.0,2002,313942,79131620.0,3952.0,19,3951.0,31
rb1805,20170906,20170905,210030000,3952.0,2022,313942,79922020.0,3952.0,30,3951.0,31
rb1805,20170906,20170905,210030500,3951.0,2090,313992,82608700.0,3951.0,53,3950.0,26
rb1805,20170906,20170905,210031000,3951.0,2100,313990,83003740.0,3951.0,29,3950.0,23
rb1805,20170906,20170905,210031500,3950.0,2104,313990,83161740.0,3951.0,31,3950.0,21
rb1805,20170906,20170905,210032000,3950.0,2104,313990,83161740.0,3951.0,32,3950.0,21
rb1805,20170906,20170905,210032500,3952.0,2170,314034,85769420.0,3952.0,33,3951.0,2
rb1805,20170906,20170905,210033000,3951.0,2172,314034,85848440.0,3952.0,43,3951.0,1
rb1805,20170906,20170905,210033500,3951.0,2176,314036,86006480.0,3951.0,12,3950.0,18
rb1805,20170906,20170905,210034000,3951.0,2200,314046,86954720.0,3951.0,15,3950.0,18
rb1805,20170906,20170905,210034500,3951.0,2222,314050,87823880.0,3951.0,7,3950.0,16
rb1805,20170906,20170905,210035000,3951.0,2232,314052,88218940.0,3951.0,5,3950.0,14
rb1805,20170906,20170905,210035500,3951.0,2232,314052,88218940.0,3951.0,6,3950.0,14
rb1805,20170906,20170905,210036000,3951.0,2236,314050,88376980.0,3951.0,4,3950.0,14
rb1805,20170906,20170905,210036500,3951.0,2252,314058,89009040.0,3951.0,7,3950.0,10
rb1805,20170906,20170905,210037000,3951.0,2252,314058,89009040.0,3951.0,7,3950.0,10
rb1805,20170906,20170905,210037500,3950.0,2256,314060,89167040.0,3951.0,8,3950.0,10
rb1805,20170906,20170905,210038000,3951.0,2270,314068,89720160.0,3951.0,3,3950.0,10
rb1805,20170906,20170905,210038500,3951.0,2286,314080,90352320.0,3952.0,33,3951.0,8
rb1805,20170906,20170905,210039000,3950.0,2302,314070,90984440.0,3952.0,34,3950.0,13
rb1805,20170906,20170905,210039500,3950.0,2302,314070,90984440.0,3951.0,1,3950.0,18
rb1805,20170906,20170905,210040000,3950.0,2302,314070,90984440.0,3951.0,1,3950.0,17
rb1805,20170906,20170905,210040500,3951.0,2320,314072,91695620.0,3951.0,23,3950.0,14
rb1805,20170906,20170905,210041000,3951.0,2320,314072,91695620.0,3951.0,24,3950.0,14
rb1805,20170906,20170905,210041500,3951.0,2326,314078,91932640.0,3951.0,24,3950.0,12
rb1805,20170906,20170905,210042000,3950.0,2332,314078,92169680.0,3951.0,28,3950.0,14
rb1805,20170906,20170905,210042500,3951.0,2340,314086,92485760.0,3951.0,18,3950.0,25
rb1805,20170906,20170905,210043000,3951.0,2342,314088,92564780.0,3951.0,17,3950.0,26
rb1805,20170906,20170905,210043500,3951.0,2342,314088,92564780.0,3951.0,17,3950.0,27
rb1805,20170906,20170905,210044000,3951.0,2342,314088,92564780.0,3951.0,17,3950.0,22
rb1805,20170906,20170905,210044500,3950.0,2354,314096,93038800.0,3951.0,22,3950.0,15
rb1805,20170906,20170905,210045000,3951.0,2356,314098,93117820.0,3951.0,32,3950.0,16
rb1805,20170906,20170905,210045500,3951.0,2360,314100,93275860.0,3951.0,33,3950.0,13
rb1805,20170906,20170905,210046000,3950.0,2362,314102,93354860.0,3951.0,35,3950.0,12
rb1805,20170906,20170905,210046500,3951.0,2382,314122,94145060.0,3951.0,46,3950.0,14
rb1805,20170906,20170905,210047000,3950.0,2416,314150,95488060.0,3950.0,12,3949.0,21
rb1805,20170906,20170905,210047500,3950.0,2430,314164,96041060.0,3950.0,5,3949.0,27
rb1805,20170906,20170905,210048000,3950.0,2444,314152,96594060.0,3951.0,48,3950.0,7
rb1805,20170906,20170905,210048500,3950.0,2444,314152,96594060.0,3950.0,5,3949.0,33
rb1805,20170906,20170905,210049000,3950.0,2448,314152,96752060.0,3950.0,15,3949.0,34
rb1805,20170906,20170905,210049500,3950.0,2448,314152,96752060.0,3950.0,21,3949.0,30
rb1805,20170906,20170905,210050000,3950.0,2468,314158,97542060.0,3950.0,11,3949.0,29
rb1805,20170906,20170905,210050500,3950.0,2470,314158,97621060.0,3950.0,11,3949.0,29
rb1805,20170906,20170905,210051000,3950.0,2488,314158,98331940.0,3950.0,8,3949.0,23
rb1805,20170906,20170905,210051500,3950.0,2488,314158,98331940.0,3950.0,8,3949.0,18
rb1805,20170906,20170905,210052000,3950.0,2492,314162,98489940.0,3950.0,7,3949.0,18
rb1805,20170906,20170905,210052500,3950.0,2494,314164,98568940.0,3950.0,7,3949.0,19
rb1805,20170906,20170905,210053000,3950.0,2494,314164,98568940.0,3950.0,11,3949.0,19
rb1805,20170906,20170905,210053500,3949.0,2514,314154,99358740.0,3950.0,11,3949.0,10
rb1805,20170906,20170905,210054000,3949.0,2530,314144,99990580.0,3950.0,11,3949.0,3
rb1805,20170906,20170905,210054500,3948.0,2552,314164,100859220.0,3950.0,13,3948.0,64
rb1805,20170906,20170905,210055000,3949.0,2558,314168,101096180.0,3950.0,12,3949.0,1
rb1805,20170906,20170905,210055500,3950.0,2560,314170,101175180.0,3950.0,11,3949.0,3
rb1805,20170906,20170905,210056000,3950.0,2570,314178,101570180.0,3950.0,6,3949.0,3
rb1805,20170906,20170905,210056500,3948.0,2588,314188,102281020.0,3950.0,4,3949.0,6
rb1805,20170906,20170905,210057000,3949.0,2632,314216,104019240.0,3951.0,37,3949.0,7
rb1805,20170906,20170905,210057500,3949.0,2648,314220,104651080.0,3949.0,1,3948.0,64
rb1805,20170906,20170905,210058000,3951.0,2652,314222,104809080.0,3951.0,40,3949.0,5
rb1805,20170906,20170905,210058500,3951.0,2652,314222,104809080.0,3951.0,36,3949.0,14
rb1805,20170906,20170905,210059000,3949.0,2658,314224,105046100.0,3951.0,34,3949.0,13
rb1805,20170906,20170905,210059500,3949.0,2668,314216,105441000.0,3950.0,14,3949.0,9
rb1805,20170906,20170905,210100000,3950.0,2670,314218,105520000.0,3950.0,13,3949.0,26
rb1805,20170906,20170905,210100500,3949.0,2680,314222,105914980.0,3950.0,9,3949.0,25
rb1805,20170906,20170905,210101000,3950.0,2684,314226,106072980.0,3950.0,7,3949.0,21
rb1805,20170906,20170905,210101500,3950.0,2684,314226,106072980.0,3950.0,7,3949.0,22
rb1805,20170906,20170905,210102000,3951.0,2700,314240,106705000.0,3951.0,42,3950.0,1
rb1805,20170906,20170905,210102500,3949.0,2702,314242,106783980.0,3950.0,2,3949.0,27
rb1805,20170906,20170905,210103000,3950.0,2706,314246,106941980.0,3951.0,72,3950.0,14
rb1805,20170906,20170905,210103500,3950.0,2716,314246,107336980.0,3951.0,72,3950.0,16
rb1805,20170906,20170905,210104000,3950.0,2734,314260,108048140.0,3951.0,73,3950.0,15
rb1805,20170906,20170905,210104500,3950.0,2734,314260,108048140.0,3951.0,73,3950.0,17
rb1805,20170906,20170905,210105000,3951.0,2880,314396,113816600.0,3952.0,9,3951.0,1
rb1805,20170906,20170905,210105500,3951.0,2880,314396,113816600.0,3952.0,9,3951.0,21
rb1805,20170906,20170905,210106000,3952.0,2898,314386,114527960.0,3953.0,75,3952.0,55
rb1805,20170906,20170905,210106500,3952.0,2898,314386,114527960.0,3953.0,75,3952.0,37
rb1805,20170906,20170905,210107000,3952.0,2932,314410,115871720.0,3953.0,71,3952.0,25
rb1805,20170906,20170905,210107500,3953.0,2960,314420,116978500.0,3953.0,60,3952.0,27
rb1805,20170906,20170905,210108000,3953.0,3044,314502,120299020.0,3953.0,18,3952.0,27
rb1805,20170906,20170905,210108500,3954.0,3088,314534,122038400.0,3954.0,1,3953.0,65
rb1805,20170906,20170905,210109000,3954.0,3092,314536,122196560.0,3955.0,23,3954.0,9
rb1805,20170906,20170905,210109500,3955.0,3138,314504,124015860.0,3956.0,8,3955.0,3
rb1805,20170906,20170905,210110000,3955.0,3176,314484,125518780.0,3955.0,2,3954.0,8
rb1805,20170906,20170905,210110500,3956.0,3220,314486,127259340.0,3957.0,13,3956.0,2
rb1805,20170906,20170905,210111000,3956.0,3240,314504,128050540.0,3956.0,10,3955.0,7
rb1805,20170906,20170905,210111500,3955.0,3268,314506,129158280.0,3957.0,71,3955.0,11
rb1805,20170906,20170905,210112000,3955.0,3270,314506,129237380.0,3957.0,71,3955.0,11
rb1805,20170906,20170905,210112500,3956.0,3276,314508,129474720.0,3956.0,12,3955.0,9
rb1805,20170906,20170905,210113000,3956.0,3292,314514,130107540.0,3956.0,13,3955.0,3
rb1805,20170906,20170905,210113500,3956.0,3308,314520,130740420.0,3956.0,10,3954.0,35
rb1805,20170906,20170905,210114000,3956.0,3308,314520,130740420.0,3956.0,71,3955.0,6
rb1805,20170906,20170905,210114500,3956.0,3354,314480,132560180.0,3955.0,13,3954.0,40
rb1805,20170906,20170905,210115000,3955.0,3416,314490,135012740.0,3956.0,56,3955.0,1
rb1805,20170906,20170905,210115500,3955.0,3424,314498,135329140.0,3955.0,1,3954.0,41
rb1805,20170906,20170905,210116000,3955.0,3442,314500,136041040.0,3956.0,69,3954.0,41
rb1805,20170906,20170905,210116500,3955.0,3444,314500,136120140.0,3956.0,75,3955.0,1
rb1805,20170906,20170905,210117000,3955.0,3448,314500,136278340.0,3955.0,5,3954.0,35
rb1805,20170906,20170905,210117500,3955.0,3454,314502,136515640.0,3955.0,66,3954.0,31
rb1805,20170906,20170905,210118000,3954.0,3532,314498,139599760.0,3955.0,66,3954.0,1
rb1805,20170906,20170905,210118500,3954.0,3558,314506,140627800.0,3954.0,3,3953.0,45
rb1805,20170906,20170905,210119000,3954.0,3656,314526,144501860.0,3954.0,23,3952.0,35
rb1805,20170906,20170905,210119500,3952.0,3668,314524,144976240.0,3953.0,9,3952.0,21
rb1805,20170906,20170905,210120000,3952.0,3728,314538,147347400.0,3952.0,18,3951.0,4
rb1805,20170906,20170905,210120500,3952.0,3766,314572,148848820.0,3951.0,1,3950.0,28
rb1805,20170906,20170905,210121000,3952.0,3798,314564,150113060.0,3952.0,12,3950.0,18
rb1805,20170906,20170905,210121500,3952.0,3798,314564,150113060.0,3952.0,77,3950.0,24
rb1805,20170906,20170905,210122000,3951.0,3800,314566,150192080.0,3952.0,76,3950.0,27
rb1805,20170906,20170905,210122500,3952.0,3802,314566,150271120.0,3952.0,75,3951.0,2
rb1805,20170906,20170905,210123000,3951.0,3810,314568,150587200.0,3951.0,1,3950.0,28
rb1805,20170906,20170905,210123500,3951.0,3824,314564,151140440.0,3952.0,5,3951.0,14
rb1805,20170906,20170905,210124000,3951.0,3824,314564,151140440.0,3952.0,61,3951.0,14
rb1805,20170906,20170905,210124500,3951.0,3858,314598,152483800.0,3953.0,26,3951.0,1
rb1805,20170906,20170905,210125000,3952.0,3864,314594,152720900.0,3952.0,24,3951.0,1
rb1805,20170906,20170905,210125500,3952.0,3864,314594,152720900.0,3952.0,26,3951.0,12
rb1805,20170906,20170905,210126000,3951.0,3872,314594,153037040.0,3952.0,23,3951.0,12
rb1805,20170906,20170905,210126500,3952.0,3920,314552,154934000.0,3953.0,21,3951.0,12
rb1805,20170906,20170905,210127000,3952.0,3920,314552,154934000.0,3953.0,20,3952.0,16
rb1805,20170906,20170905,210127500,3953.0,3924,314554,155092120.0,3953.0,6,3952.0,17
rb1805,20170906,20170905,210128000,3953.0,3930,314550,155329300.0,3953.0,3,3952.0,18
rb1805,20170906,20170905,210128500,3953.0,3936,314546,155566480.0,3954.0,30,3953.0,10
rb1805,20170906,20170905,210129000,3953.0,3938,314544,155645540.0,3954.0,75,3953.0,6
rb1805,20170906,20170905,210129500,3953.0,3940,314542,155724600.0,3954.0,75,3953.0,8
rb1805,20170906,20170905,210130000,3953.0,3958,314542,156436140.0,3954.0,76,3952.0,20
rb1805,20170906,20170905,210130500,3954.0,3964,314546,156673300.0,3954.0,75,3952.0,27
rb1805,20170906,20170905,210131000,3952.0,3966,314546,156752340.0,3954.0,75,3952.0,23
rb1805,20170906,20170905,210131500,3954.0,4050,314498,160073700.0,3954.0,33,3952.0,25
rb1805,20170906,20170905,210132000,3954.0,4050,314498,160073700.0,3953.0,3,3952.0,25
rb1805,20170906,20170905,210132500,3953.0,4052,314498,160152760.0,3953.0,2,3952.0,20
rb1805,20170906,20170905,210133000,3954.0,4064,314498,160627180.0,3954.0,5,3952.0,23
rb1805,20170906,20170905,210133500,3954.0,4064,314498,160627180.0,3953.0,51,3952.0,23
rb1805,20170906,20170905,210134000,3954.0,4064,314498,160627180.0,3953.0,3,3952.0,24
rb1805,20170906,20170905,210134500,3952.0,4118,314484,162761260.0,3952.0,23,3951.0,30
rb1805,20170906,20170905,210135000,3953.0,4190,314450,165606920.0,3954.0,25,3953.0,12
rb1805,20170906,20170905,210135500,3954.0,4260,314414,168374360.0,3953.0,1,3952.0,1
rb1805,20170906,20170905,210136000,3953.0,4266,314410,168611540.0,3954.0,44,3953.0,24
rb1805,20170906,20170905,210136500,3953.0,4318,314420,170667100.0,3954.0,45,3953.0,9
rb1805,20170906,20170905,210137000,3953.0,4384,314400,173276200.0,3954.0,44,3952.0,19
rb1805,20170906,20170905,210137500,3953.0,4386,314400,173355260.0,3954.0,49,3952.0,19
rb1805,20170906,20170905,210138000,3954.0,4504,314308,178020980.0,3955.0,18,3954.0,25
rb1805,20170906,20170905,210138500,3954.0,4622,314282,182686480.0,3954.0,52,3953.0,4
rb1805,20170906,20170905,210139000,3953.0,4636,314278,183239860.0,3953.0,23,3952.0,13
rb1805,20170906,20170905,210139500,3953.0,4656,314260,184030440.0,3953.0,19,3952.0,13
rb1805,20170906,20170905,210140000,3952.0,4666,314260,184425640.0,3953.0,27,3952.0,16
rb1805,20170906,20170905,210140500,3953.0,4670,314258,184583760.0,3953.0,25,3952.0,10
rb1805,20170906,20170905,210141000,3953.0,4670,314258,184583760.0,3953.0,25,3952.0,22
rb1805,20170906,20170905,210141500,3953.0,4676,314258,184820940.0,3953.0,22,3952.0,22
rb1805,20170906,20170905,210142000,3953.0,4678,314258,184900000.0,3953.0,21,3952.0,23
rb1805,20170906,20170905,210142500,3953.0,4738,314260,187271800.0,3954.0,25,3953.0,23
rb1805,20170906,20170905,210143000,3953.0,4744,314262,187508980.0,3954.0,23,3953.0,2
rb1805,20170906,20170905,210143500,3953.0,4754,314256,187904280.0,3954.0,23,3953.0,1
rb1805,20170906,20170905,210144000,3953.0,4760,314256,188141460.0,3953.0,3,3952.0,23
rb1805,20170906,20170905,210144500,3953.0,4762,314254,188220520.0,3953.0,10,3952.0,22
rb1805,20170906,20170905,210145000,3952.0,4766,314252,188378620.0,3953.0,12,3952.0,26
rb1805,20170906,20170905,210145500,3952.0,4766,314252,188378620.0,3953.0,14,3952.0,26
rb1805,20170906,20170905,210146000,3952.0,4766,314252,188378620.0,3953.0,14,3952.0,39
rb1805,20170906,20170905,210146500,3952.0,4774,314252,188694840.0,3953.0,12,3952.0,39
rb1805,20170906,20170905,210147000,3952.0,4778,314248,188852920.0,3953.0,12,3952.0,37
rb1805,20170906,20170905,210147500,3953.0,4786,314246,189169140.0,3953.0,32,3952.0,36
rb1805,20170906,20170905,210148000,3953.0,4786,314246,189169140.0,3953.0,17,3952.0,35
rb1805,20170906,20170905,210148500,3953.0,4788,314246,189248200.0,3953.0,16,3952.0,35
rb1805,20170906,20170905,210149000,3952.0,4830,314230,190908060.0,3953.0,17,3952.0,4
rb1805,20170906,20170905,210149500,3952.0,4832,314232,190987100.0,3953.0,25,3952.0,4
rb1805,20170906,20170905,210150000,3952.0,4850,314228,191698560.0,3952.0,9,3951.0,50
rb1805,20170906,20170905,210150500,3952.0,4864,314226,192251740.0,3952.0,7,3951.0,42
rb1805,20170906,20170905,210151000,3952.0,4886,314228,193121040.0,3952.0,3,3951.0,36
rb1805,20170906,20170905,210151500,3952.0,4890,314232,193279120.0,3952.0,3,3951.0,36
rb1805,20170906,20170905,210152000,3952.0,4890,314232,193279120.0,3952.0,4,3951.0,36
rb1805,20170906,20170905,210152500,3952.0,4890,314232,193279120.0,3952.0,4,3951.0,36
rb1805,20170906,20170905,210153000,3952.0,4890,314232,193279120.0,3952.0,4,3951.0,36
rb1805,20170906,20170905,210153500,3952.0,4892,314234,193358160.0,3952.0,5,3951.0,36
rb1805,20170906,20170905,210154000,3952.0,4896,314238,193516240.0,3952.0,11,3951.0,37
rb1805,20170906,20170905,210154500,3951.0,4902,314242,193753300.0,3952.0,21,3951.0,34
rb1805,20170906,20170905,210155000,3951.0,4902,314242,193753300.0,3952.0,21,3951.0,34
rb1805,20170906,20170905,210155500,3951.0,4902,314242,193753300.0,3952.0,23,3951.0,34
rb1805,20170906,20170905,210156000,3952.0,4914,314230,194227540.0,3952.0,12,3951.0,34
rb1805,20170906,20170905,210156500,3951.0,4980,314270,196835440.0,3953.0,27,3952.0,1
rb1805,20170906,20170905,210157000,3951.0,4988,314268,197151560.0,3952.0,5,3951.0,11
rb1805,20170906,20170905,210157500,3951.0,5024,314248,198574040.0,3952.0,2,3951.0,8
rb1805,20170906,20170905,210158000,3951.0,5030,314248,198811100.0,3952.0,3,3951.0,8
rb1805,20170906,20170905,210158500,3952.0,5036,314246,199048220.0,3952.0,5,3951.0,8
rb1805,20170906,20170905,210159000,3952.0,5038,314244,199127260.0,3952.0,4,3951.0,13
rb1805,20170906,20170905,210159500,3951.0,5040,314242,199206280.0,3952.0,5,3951.0,8
rb1805,20170906,20170905,210200000,3951.0,5040,314242,199206280.0,3952.0,11,3951.0,6
rb1805,20170906,20170905,210200500,3952.0,5044,314240,199364340.0,3952.0,10,3951.0,7
rb1805,20170906,20170905,210201000,3953.0,5084,314232,200945320.0,3953.0,21,3951.0,13
rb1805,20170906,20170905,210201500,3953.0,5086,314234,201024380.0,3952.0,1,3951.0,13
rb1805,20170906,20170905,210202000,3952.0,5088,314236,201103420.0,3953.0,20,3952.0,1
rb1805,20170906,20170905,210202500,3951.0,5090,314238,201182440.0,3953.0,20,3951.0,14
rb1805,20170906,20170905,210203000,3951.0,5092,314240,201261460.0,3953.0,21,3951.0,14
rb1805,20170906,20170905,210203500,3953.0,5094,314240,201340520.0,3953.0,20,3951.0,17
rb1805,20170906,20170905,210204000,3953.0,5094,314240,201340520.0,3952.0,1,3951.0,19
rb1805,20170906,20170905,210204500,3951.0,5110,314234,201972680.0,3952.0,1,3951.0,11
rb1805,20170906,20170905,210205000,3951.0,5126,314236,202604840.0,3952.0,1,3951.0,6
rb1805,20170906,20170905,210205500,3951.0,5128,314234,202683860.0,3952.0,8,3950.0,127
rb1805,20170906,20170905,210206000,3951.0,5128,314234,202683860.0,3952.0,8,3951.0,1
rb1805,20170906,20170905,210206500,3951.0,5130,314236,202762880.0,3951.0,3,3950.0,130
rb1805,20170906,20170905,210207000,3951.0,5144,314236,203316020.0,3952.0,13,3951.0,42
rb1805,20170906,20170905,210207500,3951.0,5144,314236,203316020.0,3952.0,7,3951.0,39
rb1805,20170906,20170905,210208000,3951.0,5144,314236,203316020.0,3952.0,7,3951.0,39
rb1805,20170906,20170905,210208500,3951.0,5144,314236,203316020.0,3952.0,7,3951.0,39
rb1805,20170906,20170905,210209000,3951.0,5154,314236,203711120.0,3952.0,8,3951.0,34
rb1805,20170906,20170905,210209500,3952.0,5156,314236,203790160.0,3952.0,7,3951.0,35
rb1805,20170906,20170905,210210000,3952.0,5156,314236,203790160.0,3952.0,14,3951.0,36
rb1805,20170906,20170905,210210500,3952.0,5156,314236,203790160.0,3952.0,14,3951.0,36
rb1805,20170906,20170905,210211000,3952.0,5212,314250,206003280.0,3953.0,23,3952.0,28
rb1805,20170906,20170905,210211500,3953.0,5248,314272,207426360.0,3953.0,5,3952.0,30
rb1805,20170906,20170905,210212000,3953.0,5258,314274,207821660.0,3954.0,43,3952.0,31
rb1805,20170906,20170905,210212500,3953.0,5258,314274,207821660.0,3953.0,1,3952.0,17
rb1805,20170906,20170905,210213000,3952.0,5262,314272,207979760.0,3953.0,1,3952.0,16
rb1805,20170906,20170905,210213500,3953.0,5264,314274,208058820.0,3954.0,43,3953.0,6
rb1805,20170906,20170905,210214000,3953.0,5270,314276,208296000.0,3954.0,37,3953.0,3
rb1805,20170906,20170905,210214500,3953.0,5270,314276,208296000.0,3954.0,37,3953.0,21
rb1805,20170906,20170905,210215000,3954.0,5284,314288,208849560.0,3954.0,30,3953.0,29
rb1805,20170906,20170905,210215500,3953.0,5298,314288,209403100.0,3954.0,25,3953.0,28
rb1805,20170906,20170905,210216000,3954.0,5304,314282,209640340.0,3954.0,22,3953.0,32
rb1805,20170906,20170905,210216500,3954.0,5316,314282,210114800.0,3954.0,20,3953.0,41
rb1805,20170906,20170905,210217000,3954.0,5372,314280,212328980.0,3955.0,28,3954.0,7
rb1805,20170906,20170905,210217500,3954.0,5374,314278,212408060.0,3955.0,29,3954.0,10
rb1805,20170906,20170905,210218000,3955.0,5414,314296,213990060.0,3955.0,9,3954.0,15
rb1805,20170906,20170905,210218500,3954.0,5452,314262,215492640.0,3955.0,6,3953.0,26
rb1805,20170906,20170905,210219000,3953.0,5480,314256,216599700.0,3955.0,6,3953.0,18
rb1805,20170906,20170905,210219500,3954.0,5484,314258,216757880.0,3956.0,56,3955.0,1
rb1805,20170906,20170905,210220000,3955.0,5486,314258,216836980.0,3955.0,11,3953.0,24
rb1805,20170906,20170905,210220500,3955.0,5486,314258,216836980.0,3955.0,11,3953.0,20
rb1805,20170906,20170905,210221000,3955.0,5490,314258,216995180.0,3955.0,8,3953.0,22
rb1805,20170906,20170905,210221500,3955.0,5512,314258,217865280.0,3955.0,10,3953.0,22
rb1805,20170906,20170905,210222000,3955.0,5514,314258,217944380.0,3955.0,9,3953.0,23
rb1805,20170906,20170905,210222500,3955.0,5514,314258,217944380.0,3955.0,10,3953.0,23
rb1805,20170906,20170905,210223000,3955.0,5514,314258,217944380.0,3955.0,10,3954.0,1
rb1805,20170906,20170905,210223500,3955.0,5524,314260,218339880.0,3955.0,48,3954.0,1
rb1805,20170906,20170905,210224000,3954.0,5554,314250,219526280.0,3955.0,34,3954.0,4
rb1805,20170906,20170905,210224500,3955.0,5622,314222,222215680.0,3955.0,1,3954.0,18
rb1805,20170906,20170905,210225000,3955.0,5624,314222,222294780.0,3956.0,70,3955.0,15
rb1805,20170906,20170905,210225500,3955.0,5624,314222,222294780.0,3956.0,65,3955.0,12
rb1805,20170906,20170905,210226000,3955.0,5672,314208,224193180.0,3955.0,7,3954.0,28
rb1805,20170906,20170905,210226500,3955.0,5686,314200,224746880.0,3956.0,65,3955.0,15
rb1805,20170906,20170905,210227000,3955.0,5690,314200,224905080.0,3956.0,67,3955.0,13
rb1805,20170906,20170905,210227500,3956.0,5830,314262,230443480.0,3957.0,17,3956.0,30
rb1805,20170906,20170905,210228000,3956.0,5844,314264,230997440.0,3957.0,11,3956.0,29
rb1805,20170906,20170905,210228500,3957.0,5870,314278,232026260.0,3958.0,25,3957.0,12
rb1805,20170906,20170905,210229000,3957.0,5970,314242,235983780.0,3958.0,3,3956.0,31
rb1805,20170906,20170905,210229500,3958.0,5980,314236,236379600.0,3959.0,39,3958.0,8
rb1805,20170906,20170905,210230000,3958.0,6068,314234,239862440.0,3958.0,6,3957.0,13
rb1805,20170906,20170905,210230500,3957.0,6086,314234,240574880.0,3959.0,38,3958.0,1
rb1805,20170906,20170905,210231000,3959.0,6096,314232,240970700.0,3958.0,1,3957.0,13
rb1805,20170906,20170905,210231500,3958.0,6240,314216,246671660.0,3959.0,1,3957.0,14
rb1805,20170906,20170905,210232000,3958.0,6260,314202,247463260.0,3959.0,27,3958.0,11
rb1805,20170906,20170905,210232500,3959.0,6280,314200,248254960.0,3959.0,25,3958.0,24
rb1805,20170906,20170905,210233000,3959.0,6366,314208,251659720.0,3960.0,68,3959.0,11
rb1805,20170906,20170905,210233500,3958.0,6430,314174,254193660.0,3959.0,9,3958.0,12
rb1805,20170906,20170905,210234000,3959.0,6434,314174,254352020.0,3959.0,15,3958.0,14
rb1805,20170906,20170905,210234500,3958.0,6452,314168,255064600.0,3959.0,10,3958.0,12
rb1805,20170906,20170905,210235000,3959.0,6496,314142,256806560.0,3959.0,9,3958.0,10
rb1805,20170906,20170905,210235500,3958.0,6500,314146,256964880.0,3959.0,16,3958.0,9
rb1805,20170906,20170905,210236000,3959.0,6506,314148,257202380.0,3959.0,17,3958.0,7
rb1805,20170906,20170905,210236500,3958.0,6520,314150,257756520.0,3959.0,16,3958.0,4
rb1805,20170906,20170905,210237000,3958.0,6522,314150,257835680.0,3959.0,11,3958.0,14
rb1805,20170906,20170905,210237500,3959.0,6538,314162,258468980.0,3959.0,14,3958.0,7
rb1805,20170906,20170905,210238000,3959.0,6548,314166,258864860.0,3959.0,15,3958.0,6
rb1805,20170906,20170905,210238500,3958.0,6554,314168,259102360.0,3959.0,18,3958.0,9
rb1805,20170906,20170905,210239000,3959.0,6568,314162,259656580.0,3959.0,13,3958.0,11
rb1805,20170906,20170905,210239500,3959.0,6576,314162,259973300.0,3959.0,10,3958.0,13
rb1805,20170906,20170905,210240000,3959.0,6596,314174,260765100.0,3960.0,59,3959.0,3
rb1805,20170906,20170905,210240500,3959.0,6610,314170,261319360.0,3960.0,59,3959.0,10
rb1805,20170906,20170905,210241000,3959.0,6610,314170,261319360.0,3960.0,59,3959.0,18
rb1805,20170906,20170905,210241500,3959.0,6614,314172,261477740.0,3960.0,58,3959.0,22
rb1805,20170906,20170905,210242000,3959.0,6634,314184,262269700.0,3960.0,60,3959.0,20
rb1805,20170906,20170905,210242500,3960.0,6644,314192,262665680.0,3960.0,56,3959.0,18
rb1805,20170906,20170905,210243000,3959.0,6694,314186,264645460.0,3960.0,45,3959.0,7
rb1805,20170906,20170905,210243500,3959.0,6702,314180,264962240.0,3960.0,42,3959.0,7
rb1805,20170906,20170905,210244000,3959.0,6708,314178,265199820.0,3960.0,40,3959.0,6
rb1805,20170906,20170905,210244500,3959.0,6708,314178,265199820.0,3960.0,40,3959.0,13
rb1805,20170906,20170905,210245000,3960.0,6770,314226,267655020.0,3960.0,15,3959.0,20
rb1805,20170906,20170905,210245500,3960.0,6806,314248,269080620.0,3961.0,31,3960.0,1
rb1805,20170906,20170905,210246000,3959.0,6842,314242,270506080.0,3960.0,12,3959.0,13
rb1805,20170906,20170905,210246500,3961.0,6906,314218,273040520.0,3961.0,8,3960.0,8
rb1805,20170906,20170905,210247000,3961.0,7078,314178,279855620.0,3962.0,1,3961.0,13
rb1805,20170906,20170905,210247500,3961.0,7100,314164,280727200.0,3963.0,83,3961.0,31
rb1805,20170906,20170905,210248000,3962.0,7130,314156,281915940.0,3963.0,75,3962.0,5
rb1805,20170906,20170905,210248500,3962.0,7284,314092,288016980.0,3962.0,18,3961.0,9
rb1805,20170906,20170905,210249000,3963.0,7334,314060,289998120.0,3963.0,48,3962.0,1
rb1805,20170906,20170905,210249500,3963.0,7376,314048,291662320.0,3963.0,40,3962.0,1
rb1805,20170906,20170905,210250000,3962.0,7450,314090,294594200.0,3962.0,38,3961.0,7
rb1805,20170906,20170905,210250500,3962.0,7490,314100,296178740.0,3962.0,26,3960.0,33
rb1805,20170906,20170905,210251000,3962.0,7516,314098,297208860.0,3962.0,41,3961.0,11
rb1805,20170906,20170905,210251500,3961.0,7556,314108,298793600.0,3962.0,24,3961.0,14
rb1805,20170906,20170905,210252000,3962.0,7592,314142,300219920.0,3962.0,10,3961.0,39
rb1805,20170906,20170905,210252500,3964.0,7836,314254,309889960.0,3965.0,97,3964.0,386
rb1805,20170906,20170905,210253000,3964.0,8582,314624,339462480.0,3965.0,31,3964.0,93
rb1805,20170906,20170905,210253500,3964.0,8830,314720,349293280.0,3965.0,22,3964.0,12
rb1805,20170906,20170905,210254000,3962.0,8908,314764,352385600.0,3964.0,1,3963.0,6
rb1805,20170906,20170905,210254500,3962.0,8912,314766,352544080.0,3963.0,12,3962.0,29
rb1805,20170906,20170905,210255000,3964.0,8940,314778,353653920.0,3964.0,19,3963.0,1
rb1805,20170906,20170905,210255500,3964.0,9052,314814,358093480.0,3965.0,15,3964.0,457
rb1805,20170906,20170905,210256000,3964.0,9604,314898,379974760.0,3965.0,15,3964.0,181
rb1805,20170906,20170905,210256500,3964.0,9630,314912,381005440.0,3965.0,14,3964.0,170
rb1805,20170906,20170905,210257000,3964.0,9646,314918,381639680.0,3965.0,16,3964.0,165
rb1805,20170906,20170905,210257500,3963.0,9978,315092,394800140.0,3964.0,36,3963.0,3
rb1805,20170906,20170905,210258000,3963.0,10012,315102,396147320.0,3963.0,6,3962.0,23
rb1805,20170906,20170905,210258500,3964.0,10060,315100,398049840.0,3964.0,67,3962.0,20
rb1805,20170906,20170905,210259000,3964.0,10068,315098,398366940.0,3964.0,66,3963.0,67
rb1805,20170906,20170905,210259500,3963.0,10168,315068,402330740.0,3964.0,32,3963.0,43
rb1805,20170906,20170905,210300000,3963.0,10178,315068,402727060.0,3964.0,32,3963.0,39
rb1805,20170906,20170905,210300500,3963.0,10204,315048,403757500.0,3964.0,30,3963.0,29
rb1805,20170906,20170905,210301000,3963.0,10228,315056,404708740.0,3964.0,26,3963.0,23
rb1805,20170906,20170905,210301500,3963.0,10284,315050,406928240.0,3964.0,38,3963.0,13
rb1805,20170906,20170905,210302000,3963.0,10306,315054,407800260.0,3964.0,44,3963.0,3
rb1805,20170906,20170905,210302500,3963.0,10336,315058,408989240.0,3963.0,41,3962.0,20
rb1805,20170906,20170905,210303000,3963.0,10378,315054,410653420.0,3963.0,40,3962.0,6
rb1805,20170906,20170905,210303500,3962.0,10390,315058,411128920.0,3963.0,44,3962.0,3
rb1805,20170906,20170905,210304000,3963.0,10400,315054,411525180.0,3963.0,53,3962.0,11
rb1805,20170906,20170905,210304500,3962.0,10422,315054,412396820.0,3962.0,12,3961.0,53
rb1805,20170906,20170905,210305000,3962.0,10436,315048,412951460.0,3962.0,12,3961.0,46
rb1805,20170906,20170905,210305500,3961.0,10468,315048,414219040.0,3962.0,10,3961.0,34
rb1805,20170906,20170905,210306000,3960.0,10542,315106,417150160.0,3962.0,27,3960.0,96
rb1805,20170906,20170905,210306500,3962.0,10548,315104,417387880.0,3962.0,43,3960.0,82
rb1805,20170906,20170905,210307000,3960.0,10552,315100,417546320.0,3962.0,38,3960.0,81
rb1805,20170906,20170905,210307500,3960.0,10558,315100,417783920.0,3961.0,1,3960.0,78
rb1805,20170906,20170905,210308000,3961.0,10578,315110,418575980.0,3961.0,7,3960.0,72
rb1805,20170906,20170905,210308500,3961.0,10604,315094,419605880.0,3962.0,44,3961.0,3
rb1805,20170906,20170905,210309000,3960.0,10622,315098,420318740.0,3961.0,13,3960.0,69
rb1805,20170906,20170905,210309500,3960.0,10630,315102,420635560.0,3961.0,23,3960.0,66
rb1805,20170906,20170905,210310000,3960.0,10640,315100,421031580.0,3961.0,22,3960.0,62
rb1805,20170906,20170905,210310500,3960.0,10640,315100,421031580.0,3961.0,22,3960.0,65
rb1805,20170906,20170905,210311000,3961.0,10642,315100,421110800.0,3961.0,26,3960.0,68
rb1805,20170906,20170905,210311500,3961.0,10646,315102,421269220.0,3961.0,29,3960.0,67
rb1805,20170906,20170905,210312000,3960.0,10676,315112,422457340.0,3961.0,23,3960.0,58
rb1805,20170906,20170905,210312500,3961.0,10678,315112,422536560.0,3961.0,22,3960.0,59
rb1805,20170906,20170905,210313000,3961.0,10678,315112,422536560.0,3961.0,32,3960.0,67
rb1805,20170906,20170905,210313500,3961.0,10690,315120,423011840.0,3961.0,29,3960.0,65
rb1805,20170906,20170905,210314000,3961.0,10744,315092,425150780.0,3962.0,51,3961.0,43
rb1805,20170906,20170905,210314500,3961.0,10838,315118,428874820.0,3962.0,10,3961.0,18
rb1805,20170906,20170905,210315000,3961.0,10854,315110,429508680.0,3962.0,7,3961.0,28
rb1805,20170906,20170905,210315500,3962.0,10882,315106,430618040.0,3963.0,70,3962.0,27
rb1805,20170906,20170905,210316000,3962.0,10912,315076,431806640.0,3963.0,71,3962.0,8
rb1805,20170906,20170905,210316500,3963.0,11040,315016,436879240.0,3963.0,7,3962.0,15
rb1805,20170906,20170905,210317000,3963.0,11204,315034,443378560.0,3964.0,76,3963.0,68
rb1805,20170906,20170905,210317500,3964.0,11360,315112,449562400.0,3965.0,67,3964.0,14
rb1805,20170906,20170905,210318000,3964.0,11474,315098,454082480.0,3965.0,5,3964.0,23
rb1805,20170906,20170905,210318500,3965.0,11486,315106,454558280.0,3966.0,55,3965.0,37
rb1805,20170906,20170905,210319000,3966.0,12022,315152,475823480.0,3968.0,1,3966.0,7
rb1805,20170906,20170905,210319500,3968.0,12260,315136,485265360.0,3968.0,14,3966.0,2
rb1805,20170906,20170905,210320000,3970.0,12428,315144,491931760.0,3970.0,74,3968.0,5
rb1805,20170906,20170905,210320500,3968.0,12950,315234,512647140.0,3968.0,3,3967.0,11
rb1805,20170906,20170905,210321000,3968.0,13002,315236,514710220.0,3969.0,5,3968.0,5
rb1805,20170906,20170905,210321500,3969.0,13228,315252,523681340.0,3970.0,1,3969.0,3
rb1805,20170906,20170905,210322000,3970.0,13312,315244,527015400.0,3969.0,2,3967.0,1
rb1805,20170906,20170905,210322500,3968.0,13330,315230,527729600.0,3969.0,17,3968.0,11
rb1805,20170906,20170905,210323000,3966.0,13364,315214,529078640.0,3968.0,4,3966.0,7
rb1805,20170906,20170905,210323500,3968.0,13390,315222,530110160.0,3968.0,10,3966.0,4
rb1805,20170906,20170905,210324000,3968.0,13394,315224,530268860.0,3968.0,1,3967.0,4
rb1805,20170906,20170905,210324500,3969.0,13454,315242,532649900.0,3969.0,24,3968.0,8
rb1805,20170906,20170905,210325000,3969.0,13508,315232,534792460.0,3969.0,23,3967.0,3
rb1805,20170906,20170905,210325500,3968.0,13514,315234,535030580.0,3969.0,27,3968.0,9
rb1805,20170906,20170905,210326000,3969.0,13562,315236,536935220.0,3968.0,1,3967.0,2
rb1805,20170906,20170905,210326500,3968.0,13586,315234,537887380.0,3968.0,3,3966.0,15
rb1805,20170906,20170905,210327000,3969.0,13658,315250,540744680.0,3969.0,20,3967.0,20
rb1805,20170906,20170905,210327500,3968.0,13662,315250,540903380.0,3968.0,1,3967.0,22
rb1805,20170906,20170905,210328000,3968.0,13674,315248,541379520.0,3969.0,31,3967.0,18
rb1805,20170906,20170905,210328500,3968.0,13688,315248,541935120.0,3969.0,27,3968.0,13
rb1805,20170906,20170905,210329000,3969.0,13694,315248,542173220.0,3969.0,35,3968.0,13
rb1805,20170906,20170905,210329500,3968.0,13724,315258,543363660.0,3968.0,1,3967.0,39
rb1805,20170906,20170905,210330000,3968.0,13850,315330,548364700.0,3969.0,1,3968.0,25
rb1805,20170906,20170905,210330500,3969.0,13886,315336,549793540.0,3970.0,64,3969.0,21
rb1805,20170906,20170905,210331000,3970.0,14050,315250,556304340.0,3971.0,10,3970.0,79
rb1805,20170906,20170905,210331500,3971.0,14224,315130,563214160.0,3972.0,26,3971.0,335
rb1805,20170906,20170905,210332000,3971.0,14688,314968,581643980.0,3972.0,319,3971.0,300
rb1805,20170906,20170905,210332500,3972.0,14744,314974,583868040.0,3972.0,303,3971.0,291
rb1805,20170906,20170905,210333000,3971.0,14852,314946,588157260.0,3972.0,276,3971.0,267
rb1805,20170906,20170905,210333500,3971.0,15280,314942,605157340.0,3972.0,66,3971.0,264
rb1805,20170906,20170905,210334000,3972.0,15356,314948,608175380.0,3972.0,67,3971.0,230
rb1805,20170906,20170905,210334500,3971.0,15386,314950,609366800.0,3972.0,63,3971.0,222
rb1805,20170906,20170905,210335000,3971.0,15840,315080,627395140.0,3971.0,119,3970.0,16
rb1805,20170906,20170905,210335500,3970.0,15916,315138,630412520.0,3970.0,8,3969.0,12
rb1805,20170906,20170905,210336000,3969.0,15944,315146,631523840.0,3969.0,12,3968.0,19
rb1805,20170906,20170905,210336500,3969.0,15980,315154,632952580.0,3969.0,2,3968.0,15
rb1805,20170906,20170905,210337000,3969.0,15984,315152,633111340.0,3969.0,1,3968.0,24
rb1805,20170906,20170905,210337500,3970.0,16014,315154,634301800.0,3970.0,44,3968.0,35
rb1805,20170906,20170905,210338000,3969.0,16018,315152,634460540.0,3970.0,44,3968.0,35
rb1805,20170906,20170905,210338500,3970.0,16038,315160,635254440.0,3970.0,39,3968.0,35
rb1805,20170906,20170905,210339000,3968.0,16116,315206,638349480.0,3968.0,14,3967.0,18
rb1805,20170906,20170905,210339500,3968.0,16158,315220,640016060.0,3969.0,5,3968.0,10
rb1805,20170906,20170905,210340000,3969.0,16178,315224,640809860.0,3970.0,40,3969.0,99
rb1805,20170906,20170905,210340500,3969.0,16200,315242,641683060.0,3970.0,37,3969.0,89
rb1805,20170906,20170905,210341000,3969.0,16214,315254,642238820.0,3970.0,32,3969.0,88
rb1805,20170906,20170905,210341500,3969.0,16220,315258,642476980.0,3970.0,42,3969.0,87
rb1805,20170906,20170905,210342000,3970.0,16242,315280,643350180.0,3970.0,41,3969.0,77
rb1805,20170906,20170905,210342500,3969.0,16246,315284,643508940.0,3970.0,43,3969.0,75
rb1805,20170906,20170905,210343000,3969.0,16250,315284,643667700.0,3970.0,44,3969.0,73
rb1805,20170906,20170905,210343500,3970.0,16264,315290,644223380.0,3970.0,44,3969.0,67
rb1805,20170906,20170905,210344000,3970.0,16282,315294,644937840.0,3970.0,48,3969.0,60
rb1805,20170906,20170905,210344500,3969.0,16304,315314,645811020.0,3970.0,52,3969.0,49
rb1805,20170906,20170905,210345000,3969.0,16310,315316,646049160.0,3970.0,54,3969.0,46
rb1805,20170906,20170905,210345500,3969.0,16314,315318,646207920.0,3970.0,54,3969.0,44
rb1805,20170906,20170905,210346000,3969.0,16330,315328,646843060.0,3970.0,49,3969.0,41
rb1805,20170906,20170905,210346500,3969.0,16460,315408,652004040.0,3971.0,246,3969.0,45
rb1805,20170906,20170905,210347000,3970.0,16506,315392,653830400.0,3971.0,231,3970.0,1
rb1805,20170906,20170905,210347500,3970.0,16524,315402,654545060.0,3971.0,228,3970.0,103
rb1805,20170906,20170905,210348000,3971.0,16534,315410,654942140.0,3971.0,225,3970.0,106
rb1805,20170906,20170905,210348500,3970.0,16582,315442,656847740.0,3971.0,225,3970.0,83
rb1805,20170906,20170905,210349000,3971.0,16608,315466,657880180.0,3971.0,213,3970.0,82
rb1805,20170906,20170905,210349500,3970.0,16648,315504,659468560.0,3971.0,194,3970.0,81
rb1805,20170906,20170905,210350000,3971.0,17154,315632,679562200.0,3972.0,115,3971.0,117
rb1805,20170906,20170905,210350500,3971.0,17394,315690,689094840.0,3973.0,65,3970.0,85
rb1805,20170906,20170905,210351000,3973.0,17576,315786,696324720.0,3974.0,16,3973.0,131
rb1805,20170906,20170905,210351500,3973.0,17828,316026,706336940.0,3974.0,3,3973.0,18
rb1805,20170906,20170905,210352000,3974.0,17882,316034,708483180.0,3975.0,187,3974.0,34
rb1805,20170906,20170905,210352500,3974.0,18030,316024,714365980.0,3975.0,124,3974.0,38
rb1805,20170906,20170905,210353000,3976.0,18342,316124,726768800.0,3977.0,55,3976.0,6
rb1805,20170906,20170905,210353500,3977.0,18792,316090,744667680.0,3980.0,81,3977.0,30
rb1805,20170906,20170905,210354000,3978.0,19082,316096,756210760.0,3981.0,1,3980.0,2
rb1805,20170906,20170905,210354500,3985.0,19704,316004,780984360.0,3986.0,1,3985.0,3
rb1805,20170906,20170905,210355000,3986.0,20844,315722,826368180.0,3989.0,15,3986.0,4
rb1805,20170906,20170905,210355500,3987.0,22814,314870,905045340.0,3989.0,4,3986.0,40
rb1805,20170906,20170905,210356000,3992.0,23268,314800,923230180.0,4003.0,4,3992.0,4
rb1805,20170906,20170905,210356500,3994.0,23560,314806,934894820.0,3997.0,1,3994.0,2
rb1805,20170906,20170905,210357000,3992.0,24186,314552,959905880.0,3993.0,2,3992.0,6
rb1805,20170906,20170905,210357500,3992.0,24408,314632,968770640.0,3993.0,10,3992.0,3
rb1805,20170906,20170905,210358000,3991.0,24554,314678,974599180.0,3992.0,178,3991.0,16
rb1805,20170906,20170905,210358500,3991.0,24714,314692,980984640.0,3991.0,43,3989.0,125
rb1805,20170906,20170905,210359000,3987.0,25212,314580,1000852460.0,3989.0,14,3986.0,14
rb1805,20170906,20170905,210359500,3986.0,25278,314570,1003483320.0,3986.0,1,3985.0,11
rb1805,20170906,20170905,210400000,3985.0,25308,314578,1004678880.0,3985.0,10,3984.0,1
rb1805,20170906,20170905,210400500,3985.0,25380,314558,1007547960.0,3985.0,5,3983.0,1
rb1805,20170906,20170905,210401000,3984.0,25548,314558,1014242940.0,3985.0,2,3984.0,8
rb1805,20170906,20170905,210401500,3986.0,25624,314612,1017271700.0,3986.0,2,3985.0,17
rb1805,20170906,20170905,210402000,3984.0,25742,314554,1021973900.0,3985.0,7,3984.0,45
rb1805,20170906,20170905,210402500,3984.0,25826,314514,1025320460.0,3984.0,5,3983.0,7
rb1805,20170906,20170905,210403000,3984.0,25844,314506,1026037480.0,3983.0,9,3982.0,7
rb1805,20170906,20170905,210403500,3982.0,25900,314514,1028268040.0,3982.0,3,3981.0,20
rb1805,20170906,20170905,210404000,3982.0,25970,314502,1031056280.0,3983.0,18,3982.0,35
rb1805,20170906,20170905,210404500,3983.0,26002,314484,1032330760.0,3983.0,7,3982.0,30
rb1805,20170906,20170905,210405000,3983.0,26046,314478,1034083400.0,3984.0,106,3983.0,10
rb1805,20170906,20170905,210405500,3982.0,26164,314394,1038782880.0,3982.0,154,3981.0,75
rb1805,20170906,20170905,210406000,3982.0,26224,314390,1041172080.0,3982.0,131,3981.0,73
rb1805,20170906,20170905,210406500,3982.0,26320,314308,1044994740.0,3982.0,95,3981.0,68
rb1805,20170906,20170905,210407000,3982.0,26528,314310,1053277400.0,3983.0,29,3982.0,29
rb1805,20170906,20170905,210407500,3984.0,26628,314266,1057260300.0,3982.0,14,3981.0,70
rb1805,20170906,20170905,210408000,3981.0,26714,314228,1060684080.0,3982.0,21,3981.0,25
rb1805,20170906,20170905,210408500,3981.0,26794,314212,1063868860.0,3981.0,74,3980.0,23
rb1805,20170906,20170905,210409000,3980.0,26934,314246,1069440200.0,3981.0,207,3979.0,21
rb1805,20170906,20170905,210409500,3979.0,27012,314310,1072544120.0,3979.0,13,3978.0,12
rb1805,20170906,20170905,210410000,3979.0,27248,314282,1081934400.0,3979.0,13,3977.0,11
rb1805,20170906,20170905,210410500,3978.0,27268,314294,1082729920.0,3978.0,1,3977.0,2
rb1805,20170906,20170905,210411000,3979.0,27324,314306,1084958160.0,3980.0,3,3979.0,38
rb1805,20170906,20170905,210411500,3979.0,27382,314346,1087266180.0,3980.0,5,3979.0,21
rb1805,20170906,20170905,210412000,3979.0,27444,314322,1089733200.0,3979.0,39,3978.0,21
rb1805,20170906,20170905,210412500,3977.0,27514,314336,1092517780.0,3979.0,124,3977.0,14
rb1805,20170906,20170905,210413000,3978.0,27550,314330,1093950000.0,3979.0,114,3978.0,4
rb1805,20170906,20170905,210413500,3978.0,27572,314324,1094825340.0,3979.0,108,3978.0,1
rb1805,20170906,20170905,210414000,3977.0,27614,314300,1096495700.0,3977.0,29,3976.0,8
rb1805,20170906,20170905,210414500,3978.0,27788,314286,1103416100.0,3978.0,24,3977.0,68
rb1805,20170906,20170905,210415000,3978.0,28058,314226,1114154280.0,3978.0,1,3976.0,5
rb1805,20170906,20170905,210415500,3978.0,28106,314230,1116063660.0,3978.0,1,3977.0,5
rb1805,20170906,20170905,210416000,3977.0,28118,314230,1116540920.0,3978.0,7,3977.0,11
rb1805,20170906,20170905,210416500,3977.0,28176,314224,1118847840.0,3979.0,115,3977.0,1
rb1805,20170906,20170905,210417000,3977.0,28240,314222,1121393120.0,3977.0,69,3976.0,64
rb1805,20170906,20170905,210417500,3977.0,28254,314222,1121949900.0,3977.0,62,3976.0,51
rb1805,20170906,20170905,210418000,3976.0,28390,314140,1127358560.0,3978.0,22,3976.0,33
rb1805,20170906,20170905,210418500,3977.0,28414,314142,1128313200.0,3978.0,30,3977.0,7
rb1805,20170906,20170905,210419000,3978.0,28480,314126,1130938080.0,3978.0,48,3976.0,73
rb1805,20170906,20170905,210419500,3977.0,28504,314114,1131892380.0,3977.0,49,3976.0,54
rb1805,20170906,20170905,210420000,3977.0,28514,314116,1132290000.0,3977.0,48,3976.0,62
rb1805,20170906,20170905,210420500,3977.0,28542,314110,1133403480.0,3977.0,38,3976.0,83
rb1805,20170906,20170905,210421000,3976.0,28600,314138,1135709580.0,3977.0,37,3976.0,32
rb1805,20170906,20170905,210421500,3976.0,28674,314160,1138651840.0,3976.0,17,3975.0,39
rb1805,20170906,20170905,210422000,3975.0,28748,314124,1141593880.0,3977.0,42,3976.0,11
rb1805,20170906,20170905,210422500,3976.0,28772,314126,1142548120.0,3976.0,13,3975.0,26
rb1805,20170906,20170905,210423000,3975.0,28776,314130,1142707140.0,3976.0,6,3975.0,26
rb1805,20170906,20170905,210423500,3976.0,28790,314136,1143263760.0,3976.0,3,3975.0,48
rb1805,20170906,20170905,210424000,3976.0,28830,314142,1144854160.0,3977.0,50,3976.0,10
rb1805,20170906,20170905,210424500,3977.0,28842,314140,1145331380.0,3977.0,48,3976.0,18
rb1805,20170906,20170905,210425000,3976.0,28940,314066,1149228820.0,3978.0,52,3977.0,2
rb1805,20170906,20170905,210425500,3977.0,28952,314072,1149706020.0,3978.0,43,3977.0,3
rb1805,20170906,20170905,210426000,3978.0,29042,314062,1153286220.0,3979.0,139,3978.0,30
rb1805,20170906,20170905,210426500,3977.0,29184,314100,1158935980.0,3979.0,82,3978.0,1
rb1805,20170906,20170905,210427000,3978.0,29200,314098,1159572580.0,3979.0,71,3978.0,10
rb1805,20170906,20170905,210427500,3978.0,29266,314036,1162198680.0,3979.0,40,3978.0,10
rb1805,20170906,20170905,210428000,3979.0,29274,314036,1162516980.0,3979.0,37,3978.0,9
rb1805,20170906,20170905,210428500,3978.0,29318,314046,1164267660.0,3979.0,17,3978.0,5
rb1805,20170906,20170905,210429000,3979.0,29344,314062,1165302000.0,3979.0,14,3978.0,10
rb1805,20170906,20170905,210429500,3979.0,29358,314062,1165859020.0,3979.0,10,3978.0,10
rb1805,20170906,20170905,210430000,3979.0,29402,314074,1167609860.0,3980.0,21,3978.0,14
rb1805,20170906,20170905,210430500,3978.0,29406,314074,1167768980.0,3980.0,66,3979.0,22
rb1805,20170906,20170905,210431000,3979.0,29430,314076,1168723920.0,3980.0,65,3979.0,11
rb1805,20170906,20170905,210431500,3979.0,29464,314088,1170076740.0,3980.0,70,3979.0,1
rb1805,20170906,20170905,210432000,3979.0,29496,314108,1171349960.0,3979.0,33,3978.0,18
rb1805,20170906,20170905,210432500,3979.0,29506,314108,1171747820.0,3979.0,31,3978.0,29
rb1805,20170906,20170905,210433000,3979.0,29526,314108,1172543620.0,3979.0,20,3978.0,30
rb1805,20170906,20170905,210433500,3980.0,29568,314122,1174214820.0,3980.0,86,3979.0,100
rb1805,20170906,20170905,210434000,3979.0,29584,314134,1174851480.0,3980.0,87,3979.0,94
rb1805,20170906,20170905,210434500,3979.0,29588,314136,1175010640.0,3980.0,87,3979.0,92
rb1805,20170906,20170905,210435000,3980.0,29624,314106,1176443200.0,3980.0,72,3979.0,33
rb1805,20170906,20170905,210435500,3979.0,29708,314052,1179785660.0,3979.0,10,3978.0,40
rb1805,20170906,20170905,210436000,3979.0,29722,314044,1180342640.0,3979.0,7,3978.0,30
rb1805,20170906,20170905,210436500,3978.0,29736,314046,1180899660.0,3979.0,5,3978.0,53
rb1805,20170906,20170905,210437000,3979.0,29758,314054,1181775060.0,3980.0,88,3979.0,18
rb1805,20170906,20170905,210437500,3979.0,29792,314066,1183127980.0,3980.0,88,3979.0,27
rb1805,20170906,20170905,210438000,3980.0,29818,314066,1184162740.0,3980.0,81,3979.0,30
rb1805,20170906,20170905,210438500,3979.0,29830,314060,1184640260.0,3980.0,79,3979.0,26
rb1805,20170906,20170905,210439000,3979.0,29870,314066,1186231880.0,3980.0,78,3979.0,13
rb1805,20170906,20170905,210439500,3979.0,29896,314074,1187266420.0,3979.0,18,3978.0,41
rb1805,20170906,20170905,210440000,3980.0,29976,314062,1190450040.0,3980.0,59,3979.0,11
rb1805,20170906,20170905,210440500,3979.0,30048,314072,1193314960.0,3979.0,7,3978.0,37
rb1805,20170906,20170905,210441000,3979.0,30068,314072,1194110760.0,3979.0,5,3978.0,37
rb1805,20170906,20170905,210441500,3979.0,30084,314064,1194747360.0,3980.0,67,3978.0,49
rb1805,20170906,20170905,210442000,3979.0,30108,314044,1195702480.0,3980.0,59,3979.0,19
rb1805,20170906,20170905,210442500,3980.0,30128,314056,1196498480.0,3980.0,50,3979.0,11
rb1805,20170906,20170905,210443000,3979.0,30132,314056,1196657640.0,3980.0,72,3979.0,29
rb1805,20170906,20170905,210443500,3979.0,30230,314056,1200557000.0,3979.0,16,3978.0,58
rb1805,20170906,20170905,210444000,3978.0,30236,314056,1200795720.0,3979.0,17,3978.0,56
rb1805,20170906,20170905,210444500,3978.0,30266,314086,1201989120.0,3979.0,18,3978.0,38
rb1805,20170906,20170905,210445000,3979.0,30292,314086,1203023660.0,3979.0,6,3978.0,40
rb1805,20170906,20170905,210445500,3979.0,30346,314074,1205172600.0,3979.0,4,3978.0,42
rb1805,20170906,20170905,210446000,3978.0,30456,314048,1209548400.0,3979.0,9,3977.0,53
rb1805,20170906,20170905,210446500,3978.0,30466,314040,1209946120.0,3978.0,1,3977.0,42
rb1805,20170906,20170905,210447000,3977.0,30556,314048,1213525420.0,3978.0,1,3976.0,40
rb1805,20170906,20170905,210447500,3977.0,30574,314046,1214241200.0,3978.0,6,3976.0,41
rb1805,20170906,20170905,210448000,3977.0,30574,314046,1214241200.0,3977.0,17,3976.0,41
rb1805,20170906,20170905,210448500,3976.0,30646,314032,1217103920.0,3976.0,11,3975.0,91
rb1805,20170906,20170905,210449000,3977.0,30690,314054,1218853580.0,3977.0,21,3976.0,2
rb1805,20170906,20170905,210449500,3977.0,30710,314040,1219648980.0,3977.0,11,3976.0,11
rb1805,20170906,20170905,210450000,3977.0,30766,314030,1221875780.0,3978.0,33,3976.0,21
rb1805,20170906,20170905,210450500,3976.0,30770,314030,1222034820.0,3978.0,31,3976.0,23
rb1805,20170906,20170905,210451000,3977.0,30786,314032,1222671100.0,3978.0,29,3977.0,18
rb1805,20170906,20170905,210451500,3977.0,30788,314034,1222750640.0,3978.0,25,3977.0,17
rb1805,20170906,20170905,210452000,3977.0,30788,314034,1222750640.0,3978.0,27,3977.0,18
rb1805,20170906,20170905,210452500,3977.0,30806,314034,1223466500.0,3978.0,27,3977.0,9
rb1805,20170906,20170905,210453000,3978.0,30818,314044,1223943780.0,3978.0,23,3977.0,6
rb1805,20170906,20170905,210453500,3977.0,30830,314054,1224421020.0,3977.0,54,3976.0,45
rb1805,20170906,20170905,210454000,3977.0,30836,314056,1224659640.0,3977.0,52,3976.0,42
rb1805,20170906,20170905,210454500,3977.0,30836,314056,1224659640.0,3977.0,55,3976.0,42
rb1805,20170906,20170905,210455000,3977.0,30848,314046,1225136860.0,3977.0,51,3976.0,47
rb1805,20170906,20170905,210455500,3977.0,30854,314044,1225375480.0,3977.0,48,3976.0,48
rb1805,20170906,20170905,210456000,3977.0,30854,314044,1225375480.0,3977.0,49,3976.0,48
rb1805,20170906,20170905,210456500,3977.0,30868,314040,1225932180.0,3977.0,48,3976.0,42
rb1805,20170906,20170905,210457000,3976.0,30872,314042,1226091220.0,3977.0,51,3976.0,43
rb1805,20170906,20170905,210457500,3977.0,30962,314046,1229670520.0,3978.0,29,3977.0,7
rb1805,20170906,20170905,210458000,3976.0,31092,314018,1234839620.0,3976.0,2,3975.0,114
rb1805,20170906,20170905,210458500,3977.0,31110,314018,1235555440.0,3978.0,31,3977.0,14
rb1805,20170906,20170905,210459000,3976.0,31228,314020,1240248120.0,3978.0,21,3976.0,17
rb1805,20170906,20170905,210459500,3976.0,31232,314020,1240407180.0,3977.0,31,3976.0,14
rb1805,20170906,20170905,210500000,3976.0,31234,314020,1240486700.0,3977.0,34,3976.0,27
rb1805,20170906,20170905,210500500,3976.0,31364,313996,1245656580.0,3978.0,15,3976.0,39
rb1805,20170906,20170905,210501000,3976.0,31414,314008,1247644980.0,3977.0,4,3976.0,34
rb1805,20170906,20170905,210501500,3976.0,31434,314002,1248440220.0,3977.0,2,3976.0,28
rb1805,20170906,20170905,210502000,3977.0,31486,313982,1250507940.0,3978.0,64,3976.0,12
rb1805,20170906,20170905,210502500,3978.0,31520,313992,1251860220.0,3978.0,59,3976.0,22
rb1805,20170906,20170905,210503000,3977.0,31538,313992,1252576140.0,3977.0,3,3976.0,21
rb1805,20170906,20170905,210503500,3977.0,31562,313980,1253530500.0,3977.0,2,3976.0,18
rb1805,20170906,20170905,210504000,3977.0,31572,313970,1253928180.0,3978.0,63,3977.0,2
rb1805,20170906,20170905,210504500,3976.0,31626,313928,1256075260.0,3976.0,3,3975.0,120
rb1805,20170906,20170905,210505000,3977.0,31652,313936,1257109120.0,3977.0,19,3975.0,120
rb1805,20170906,20170905,210505500,3977.0,31662,313936,1257506820.0,3977.0,19,3976.0,3
rb1805,20170906,20170905,210506000,3976.0,31692,313934,1258699620.0,3977.0,31,3976.0,2
rb1805,20170906,20170905,210506500,3976.0,31748,313930,1260926180.0,3976.0,127,3975.0,124
rb1805,20170906,20170905,210507000,3976.0,31820,313894,1263788360.0,3976.0,118,3975.0,113
rb1805,20170906,20170905,210507500,3975.0,31846,313882,1264822060.0,3976.0,112,3975.0,112
rb1805,20170906,20170905,210508000,3976.0,32034,313842,1272295200.0,3976.0,106,3975.0,26
rb1805,20170906,20170905,210508500,3975.0,32074,313828,1273885520.0,3976.0,97,3975.0,22
rb1805,20170906,20170905,210509000,3974.0,32136,313842,1276349860.0,3975.0,11,3974.0,23
rb1805,20170906,20170905,210509500,3976.0,32224,313860,1279848020.0,3976.0,88,3975.0,12
rb1805,20170906,20170905,210510000,3974.0,32296,313824,1282710120.0,3976.0,82,3974.0,23
rb1805,20170906,20170905,210510500,3974.0,32296,313824,1282710120.0,3975.0,13,3974.0,28
rb1805,20170906,20170905,210511000,3976.0,32330,313824,1284061580.0,3976.0,75,3974.0,28
rb1805,20170906,20170905,210511500,3974.0,32336,313820,1284300060.0,3975.0,5,3974.0,26
rb1805,20170906,20170905,210512000,3975.0,32338,313820,1284379560.0,3975.0,9,3974.0,27
rb1805,20170906,20170905,210512500,3975.0,32352,313814,1284936060.0,3975.0,17,3974.0,28
rb1805,20170906,20170905,210513000,3974.0,32392,313782,1286526060.0,3975.0,1,3974.0,30
rb1805,20170906,20170905,210513500,3975.0,32402,313776,1286923560.0,3976.0,82,3975.0,4
rb1805,20170906,20170905,210514000,3974.0,32440,313780,1288433800.0,3975.0,3,3974.0,17
rb1805,20170906,20170905,210514500,3976.0,32466,313778,1289467280.0,3976.0,80,3975.0,10
rb1805,20170906,20170905,210515000,3975.0,32468,313776,1289546780.0,3976.0,80,3975.0,14
rb1805,20170906,20170905,210515500,3975.0,32472,313776,1289705780.0,3976.0,80,3975.0,54
rb1805,20170906,20170905,210516000,3975.0,32478,313780,1289944300.0,3976.0,79,3975.0,60
rb1805,20170906,20170905,210516500,3975.0,32490,313780,1290421320.0,3976.0,78,3975.0,62
rb1805,20170906,20170905,210517000,3975.0,32512,313782,1291295820.0,3976.0,93,3975.0,45
rb1805,20170906,20170905,210517500,3976.0,32532,313782,1292090920.0,3976.0,88,3975.0,40
rb1805,20170906,20170905,210518000,3975.0,32574,313810,1293760500.0,3976.0,94,3975.0,24
rb1805,20170906,20170905,210518500,3975.0,32586,313820,1294237500.0,3976.0,96,3975.0,18
rb1805,20170906,20170905,210519000,3975.0,32650,313848,1296781480.0,3975.0,24,3974.0,53
rb1805,20170906,20170905,210519500,3975.0,32660,313850,1297178980.0,3975.0,21,3974.0,55
rb1805,20170906,20170905,210520000,3975.0,32662,313852,1297258480.0,3975.0,32,3974.0,55
rb1805,20170906,20170905,210520500,3975.0,32706,313890,1299007480.0,3975.0,14,3974.0,56
rb1805,20170906,20170905,210521000,3975.0,32718,313892,1299484380.0,3975.0,17,3974.0,58
rb1805,20170906,20170905,210521500,3975.0,32760,313882,1301153880.0,3976.0,101,3975.0,4
rb1805,20170906,20170905,210522000,3976.0,32764,313882,1301312900.0,3976.0,100,3975.0,5
rb1805,20170906,20170905,210522500,3975.0,32766,313882,1301392400.0,3976.0,100,3975.0,5
rb1805,20170906,20170905,210523000,3975.0,32784,313882,1302107920.0,3976.0,99,3975.0,4
rb1805,20170906,20170905,210523500,3975.0,32788,313884,1302266940.0,3976.0,98,3975.0,4
rb1805,20170906,20170905,210524000,3975.0,32792,313886,1302425960.0,3976.0,110,3975.0,31
rb1805,20170906,20170905,210524500,3975.0,32796,313886,1302584960.0,3976.0,110,3975.0,40
rb1805,20170906,20170905,210525000,3975.0,32816,313886,1303380120.0,3976.0,102,3975.0,44
rb1805,20170906,20170905,210525500,3976.0,32824,313878,1303698200.0,3976.0,98,3975.0,47
rb1805,20170906,20170905,210526000,3975.0,32838,313870,1304254720.0,3976.0,107,3975.0,39
rb1805,20170906,20170905,210526500,3975.0,32840,313870,1304334220.0,3976.0,107,3975.0,47
rb1805,20170906,20170905,210527000,3976.0,32908,313916,1307037300.0,3976.0,104,3975.0,39
rb1805,20170906,20170905,210527500,3975.0,32922,313912,1307593880.0,3976.0,100,3975.0,38
rb1805,20170906,20170905,210528000,3976.0,32946,313908,1308548100.0,3976.0,101,3975.0,37
rb1805,20170906,20170905,210528500,3976.0,32956,313908,1308945700.0,3976.0,96,3975.0,38
rb1805,20170906,20170905,210529000,3975.0,33004,313884,1310853800.0,3976.0,92,3975.0,20
rb1805,20170906,20170905,210529500,3975.0,33010,313878,1311092300.0,3976.0,97,3975.0,24
rb1805,20170906,20170905,210530000,3976.0,33088,313836,1314192920.0,3976.0,91,3975.0,3
rb1805,20170906,20170905,210530500,3976.0,33172,313890,1317532700.0,3976.0,54,3975.0,3
rb1805,20170906,20170905,210531000,3975.0,33186,313882,1318089180.0,3975.0,17,3974.0,92
rb1805,20170906,20170905,210531500,3975.0,33194,313880,1318407180.0,3975.0,15,3974.0,92
rb1805,20170906,20170905,210532000,3975.0,33208,313878,1318963680.0,3975.0,10,3974.0,96
rb1805,20170906,20170905,210532500,3975.0,33218,313874,1319361160.0,3975.0,6,3974.0,95
rb1805,20170906,20170905,210533000,3975.0,33230,313868,1319838160.0,3976.0,55,3975.0,53
rb1805,20170906,20170905,210533500,3976.0,33328,313774,1323733700.0,3976.0,53,3975.0,8
rb1805,20170906,20170905,210534000,3975.0,33334,313772,1323972200.0,3976.0,53,3975.0,19
rb1805,20170906,20170905,210534500,3975.0,33336,313774,1324051700.0,3976.0,53,3975.0,24
rb1805,20170906,20170905,210535000,3975.0,33340,313774,1324210720.0,3976.0,52,3975.0,43
rb1805,20170906,20170905,210535500,3975.0,33340,313774,1324210720.0,3976.0,54,3975.0,44
rb1805,20170906,20170905,210536000,3975.0,33344,313774,1324369720.0,3976.0,53,3975.0,42
rb1805,20170906,20170905,210536500,3975.0,33432,313704,1327867720.0,3975.0,27,3974.0,92
rb1805,20170906,20170905,210537000,3975.0,33440,313712,1328185720.0,3975.0,23,3974.0,93
rb1805,20170906,20170905,210537500,3975.0,33470,313712,1329378220.0,3975.0,10,3974.0,93
rb1805,20170906,20170905,210538000,3975.0,33470,313712,1329378220.0,3975.0,22,3974.0,91
rb1805,20170906,20170905,210538500,3975.0,33492,313716,1330252720.0,3975.0,11,3974.0,94
rb1805,20170906,20170905,210539000,3975.0,33516,313718,1331206720.0,3976.0,59,3975.0,33
rb1805,20170906,20170905,210539500,3976.0,33522,313718,1331445240.0,3976.0,58,3975.0,20
rb1805,20170906,20170905,210540000,3976.0,33524,313718,1331524760.0,3976.0,57,3975.0,10
rb1805,20170906,20170905,210540500,3976.0,33638,313784,1336057400.0,3976.0,1,3975.0,17
rb1805,20170906,20170905,210541000,3976.0,33654,313776,1336693560.0,3977.0,34,3976.0,39
rb1805,20170906,20170905,210541500,3976.0,33654,313776,1336693560.0,3977.0,26,3976.0,65
rb1805,20170906,20170905,210542000,3976.0,33740,313774,1340112920.0,3977.0,25,3976.0,23
rb1805,20170906,20170905,210542500,3976.0,33742,313774,1340192440.0,3977.0,25,3976.0,22
rb1805,20170906,20170905,210543000,3976.0,33742,313774,1340192440.0,3977.0,25,3976.0,27
rb1805,20170906,20170905,210543500,3977.0,33812,313752,1342976340.0,3978.0,88,3977.0,48
rb1805,20170906,20170905,210544000,3977.0,33812,313752,1342976340.0,3978.0,85,3977.0,50
rb1805,20170906,20170905,210544500,3978.0,33876,313698,1345522260.0,3978.0,53,3977.0,50
rb1805,20170906,20170905,210545000,3978.0,33898,313706,1346397400.0,3978.0,44,3977.0,50
rb1805,20170906,20170905,210545500,3977.0,33958,313728,1348784100.0,3978.0,18,3977.0,60
rb1805,20170906,20170905,210546000,3978.0,33996,313690,1350295740.0,3979.0,73,3978.0,32
rb1805,20170906,20170905,210546500,3979.0,34010,313684,1350852680.0,3979.0,86,3978.0,8
rb1805,20170906,20170905,210547000,3979.0,34014,313688,1351011840.0,3979.0,86,3978.0,6
rb1805,20170906,20170905,210547500,3978.0,34068,313676,1353159760.0,3978.0,25,3977.0,34
rb1805,20170906,20170905,210548000,3978.0,34070,313678,1353239320.0,3978.0,39,3977.0,34
rb1805,20170906,20170905,210548500,3978.0,34078,313686,1353557500.0,3978.0,41,3977.0,31
rb1805,20170906,20170905,210549000,3978.0,34098,313704,1354352940.0,3978.0,40,3977.0,25
rb1805,20170906,20170905,210549500,3977.0,34140,313724,1356023680.0,3978.0,20,3977.0,25
rb1805,20170906,20170905,210550000,3978.0,34154,313738,1356580600.0,3978.0,13,3977.0,25
rb1805,20170906,20170905,210550500,3979.0,34184,313742,1357774060.0,3979.0,82,3978.0,1
rb1805,20170906,20170905,210551000,3978.0,34188,313742,1357933180.0,3979.0,85,3978.0,11
rb1805,20170906,20170905,210551500,3978.0,34210,313742,1358808540.0,3979.0,73,3978.0,11
rb1805,20170906,20170905,210552000,3978.0,34236,313754,1359842820.0,3979.0,77,3977.0,25
rb1805,20170906,20170905,210552500,3979.0,34266,313756,1361036440.0,3979.0,68,3977.0,42
rb1805,20170906,20170905,210553000,3979.0,34266,313756,1361036440.0,3979.0,70,3978.0,9
rb1805,20170906,20170905,210553500,3979.0,34266,313756,1361036440.0,3979.0,70,3978.0,34
rb1805,20170906,20170905,210554000,3979.0,34318,313766,1363105120.0,3979.0,70,3978.0,20
rb1805,20170906,20170905,210554500,3978.0,34322,313766,1363264240.0,3979.0,68,3978.0,18
rb1805,20170906,20170905,210555000,3977.0,34390,313810,1365968840.0,3979.0,72,3977.0,23
rb1805,20170906,20170905,210555500,3979.0,34400,313814,1366366700.0,3979.0,70,3977.0,23
rb1805,20170906,20170905,210556000,3979.0,34400,313814,1366366700.0,3979.0,70,3978.0,10
rb1805,20170906,20170905,210556500,3979.0,34400,313814,1366366700.0,3979.0,65,3978.0,10
rb1805,20170906,20170905,210557000,3979.0,34402,313814,1366446280.0,3979.0,65,3978.0,11
rb1805,20170906,20170905,210557500,3979.0,34408,313814,1366684980.0,3979.0,65,3978.0,9
rb1805,20170906,20170905,210558000,3979.0,34418,313816,1367082840.0,3979.0,62,3978.0,7
rb1805,20170906,20170905,210558500,3979.0,34424,313816,1367321560.0,3979.0,60,3978.0,14
rb1805,20170906,20170905,210559000,3979.0,34436,313824,1367798960.0,3979.0,55,3978.0,10
rb1805,20170906,20170905,210559500,3978.0,34480,313810,1369549320.0,3978.0,104,3977.0,32
rb1805,20170906,20170905,210600000,3978.0,34480,313810,1369549320.0,3978.0,104,3977.0,33
rb1805,20170906,20170905,210600500,3978.0,34486,313808,1369788000.0,3978.0,107,3977.0,33
rb1805,20170906,20170905,210601000,3979.0,34772,313776,1381165600.0,3979.0,30,3978.0,9
rb1805,20170906,20170905,210601500,3980.0,34842,313756,1383951000.0,3980.0,111,3979.0,5
rb1805,20170906,20170905,210602000,3979.0,34870,313768,1385065140.0,3980.0,109,3979.0,8
rb1805,20170906,20170905,210602500,3980.0,34876,313766,1385303940.0,3980.0,106,3979.0,17
rb1805,20170906,20170905,210603000,3980.0,34878,313768,1385383540.0,3980.0,105,3979.0,20
rb1805,20170906,20170905,210603500,3980.0,35106,313730,1394457860.0,3981.0,26,3980.0,43
rb1805,20170906,20170905,210604000,3980.0,35142,313710,1395890780.0,3981.0,30,3980.0,31
rb1805,20170906,20170905,210604500,3980.0,35158,313694,1396527580.0,3981.0,30,3980.0,24
rb1805,20170906,20170905,210605000,3981.0,35204,313710,1398358840.0,3981.0,9,3980.0,26
rb1805,20170906,20170905,210605500,3981.0,35210,313706,1398597700.0,3981.0,6,3980.0,31
rb1805,20170906,20170905,210606000,3981.0,35248,313694,1400110480.0,3982.0,50,3981.0,1
rb1805,20170906,20170905,210606500,3981.0,35296,313730,1402021280.0,3981.0,28,3980.0,30
rb1805,20170906,20170905,210607000,3981.0,35310,313720,1402578580.0,3981.0,23,3980.0,28
rb1805,20170906,20170905,210607500,3981.0,35350,313720,1404170960.0,3981.0,15,3980.0,29
rb1805,20170906,20170905,210608000,3980.0,35382,313712,1405444560.0,3981.0,10,3980.0,13
rb1805,20170906,20170905,210608500,3982.0,35428,313728,1407275920.0,3982.0,46,3981.0,41
rb1805,20170906,20170905,210609000,3981.0,35456,313748,1408390600.0,3982.0,49,3981.0,29
rb1805,20170906,20170905,210609500,3980.0,35526,313758,1411177220.0,3981.0,7,3980.0,41
rb1805,20170906,20170905,210610000,3981.0,35564,313762,1412690060.0,3981.0,1,3980.0,39
rb1805,20170906,20170905,210610500,3981.0,35584,313764,1413486340.0,3982.0,39,3980.0,41
rb1805,20170906,20170905,210611000,3981.0,35590,313762,1413725240.0,3982.0,38,3981.0,5
rb1805,20170906,20170905,210611500,3980.0,35604,313760,1414282540.0,3981.0,3,3980.0,41
rb1805,20170906,20170905,210612000,3980.0,35624,313766,1415078620.0,3981.0,6,3980.0,34
rb1805,20170906,20170905,210612500,3981.0,35634,313770,1415476680.0,3981.0,3,3980.0,32
rb1805,20170906,20170905,210613000,3980.0,35650,313784,1416113520.0,3981.0,22,3980.0,27
rb1805,20170906,20170905,210613500,3981.0,35676,313782,1417148360.0,3981.0,38,3980.0,14
rb1805,20170906,20170905,210614000,3980.0,35678,313782,1417227960.0,3981.0,75,3980.0,16
rb1805,20170906,20170905,210614500,3981.0,35700,313788,1418103620.0,3981.0,83,3980.0,18
rb1805,20170906,20170905,210615000,3979.0,35738,313784,1419616000.0,3980.0,22,3979.0,42
rb1805,20170906,20170905,210615500,3980.0,35748,313784,1420014000.0,3980.0,18,3979.0,37
rb1805,20170906,20170905,210616000,3979.0,35754,313786,1420252780.0,3980.0,51,3979.0,36
rb1805,20170906,20170905,210616500,3980.0,35764,313786,1420650780.0,3980.0,48,3979.0,37
rb1805,20170906,20170905,210617000,3979.0,35772,313786,1420969100.0,3980.0,64,3979.0,33
rb1805,20170906,20170905,210617500,3979.0,35860,313750,1424470620.0,3979.0,18,3978.0,24
rb1805,20170906,20170905,210618000,3977.0,35920,313746,1426857360.0,3978.0,17,3977.0,45
rb1805,20170906,20170905,210618500,3978.0,36036,313798,1431470840.0,3978.0,21,3976.0,29
rb1805,20170906,20170905,210619000,3976.0,36044,313802,1431789040.0,3977.0,5,3976.0,30
rb1805,20170906,20170905,210619500,3976.0,36072,313808,1432902540.0,3977.0,10,3976.0,25
rb1805,20170906,20170905,210620000,3976.0,36084,313820,1433379660.0,3977.0,27,3976.0,18
rb1805,20170906,20170905,210620500,3976.0,36120,313840,1434811020.0,3976.0,15,3975.0,74
rb1805,20170906,20170905,210621000,3976.0,36140,313852,1435606200.0,3977.0,23,3976.0,1
rb1805,20170906,20170905,210621500,3976.0,36146,313850,1435844760.0,3976.0,7,3975.0,70
rb1805,20170906,20170905,210622000,3975.0,36168,313854,1436719500.0,3976.0,2,3975.0,69
rb1805,20170906,20170905,210622500,3977.0,36218,313854,1438707080.0,3977.0,11,3975.0,47
rb1805,20170906,20170905,210623000,3975.0,36224,313852,1438945580.0,3976.0,12,3975.0,44
rb1805,20170906,20170905,210623500,3976.0,36248,313850,1439899620.0,3976.0,13,3975.0,34
rb1805,20170906,20170905,210624000,3975.0,36258,313850,1440297180.0,3976.0,11,3975.0,37
rb1805,20170906,20170905,210624500,3977.0,36338,313862,1443478280.0,3977.0,28,3975.0,31
rb1805,20170906,20170905,210625000,3976.0,36350,313858,1443955340.0,3977.0,39,3975.0,28
rb1805,20170906,20170905,210625500,3976.0,36366,313864,1444591500.0,3977.0,36,3976.0,1
rb1805,20170906,20170905,210626000,3975.0,36390,313862,1445545520.0,3976.0,10,3975.0,40
rb1805,20170906,20170905,210626500,3976.0,36416,313850,1446579040.0,3976.0,8,3975.0,28
rb1805,20170906,20170905,210627000,3976.0,36416,313850,1446579040.0,3976.0,25,3975.0,28
rb1805,20170906,20170905,210627500,3976.0,36416,313850,1446579040.0,3976.0,37,3975.0,143
rb1805,20170906,20170905,210628000,3975.0,36448,313858,1447851160.0,3976.0,31,3975.0,140
rb1805,20170906,20170905,210628500,3976.0,36466,313872,1448566720.0,3976.0,33,3975.0,136
rb1805,20170906,20170905,210629000,3975.0,36476,313870,1448964240.0,3976.0,35,3975.0,132
rb1805,20170906,20170905,210629500,3975.0,36506,313872,1450156840.0,3976.0,30,3975.0,123
rb1805,20170906,20170905,210630000,3975.0,36544,313898,1451667440.0,3976.0,28,3975.0,112
rb1805,20170906,20170905,210630500,3975.0,36558,313902,1452223980.0,3976.0,29,3975.0,107
rb1805,20170906,20170905,210631000,3976.0,36646,313914,1455722580.0,3977.0,17,3976.0,20
rb1805,20170906,20170905,210631500,3975.0,36706,313906,1458107980.0,3976.0,16,3975.0,89
rb1805,20170906,20170905,210632000,3976.0,36784,313906,1461208500.0,3976.0,16,3975.0,51
rb1805,20170906,20170905,210632500,3976.0,36806,313908,1462083020.0,3976.0,22,3975.0,41
rb1805,20170906,20170905,210633000,3975.0,36808,313910,1462162520.0,3976.0,24,3975.0,40
rb1805,20170906,20170905,210633500,3975.0,36888,313898,1465342520.0,3975.0,1,3974.0,62
rb1805,20170906,20170905,210634000,3974.0,36902,313902,1465898920.0,3975.0,29,3974.0,62
rb1805,20170906,20170905,210634500,3974.0,36908,313898,1466137400.0,3975.0,31,3974.0,61
rb1805,20170906,20170905,210635000,3974.0,36912,313898,1466296360.0,3975.0,62,3974.0,55
rb1805,20170906,20170905,210635500,3974.0,36968,313910,1468521800.0,3975.0,78,3974.0,27
rb1805,20170906,20170905,210636000,3975.0,37074,313816,1472735220.0,3975.0,22,3974.0,26
rb1805,20170906,20170905,210636500,3974.0,37128,313822,1474881180.0,3975.0,41,3974.0,6
rb1805,20170906,20170905,210637000,3973.0,37234,313802,1479092840.0,3975.0,47,3974.0,10
rb1805,20170906,20170905,210637500,3973.0,37276,313780,1480761740.0,3974.0,37,3973.0,13
rb1805,20170906,20170905,210638000,3973.0,37306,313806,1481953660.0,3973.0,9,3972.0,45
rb1805,20170906,20170905,210638500,3972.0,37400,313790,1485687760.0,3974.0,63,3972.0,21
rb1805,20170906,20170905,210639000,3972.0,37432,313772,1486958800.0,3974.0,67,3972.0,14
rb1805,20170906,20170905,210639500,3972.0,37464,313758,1488229840.0,3972.0,1,3971.0,24
rb1805,20170906,20170905,210640000,3972.0,37480,313760,1488865500.0,3974.0,67,3972.0,11
rb1805,20170906,20170905,210640500,3973.0,37512,313760,1490136620.0,3972.0,4,3971.0,30
rb1805,20170906,20170905,210641000,3972.0,37546,313750,1491486920.0,3972.0,5,3971.0,23
rb1805,20170906,20170905,210641500,3972.0,37566,313734,1492281320.0,3973.0,3,3972.0,2
rb1805,20170906,20170905,210642000,3972.0,37586,313730,1493075680.0,3972.0,19,3971.0,44
rb1805,20170906,20170905,210642500,3972.0,37624,313696,1494585040.0,3973.0,9,3972.0,3
rb1805,20170906,20170905,210643000,3972.0,37624,313696,1494585040.0,3973.0,12,3972.0,7
rb1805,20170906,20170905,210643500,3972.0,37648,313694,1495538320.0,3973.0,21,3972.0,6
rb1805,20170906,20170905,210644000,3972.0,37648,313694,1495538320.0,3973.0,26,3972.0,7
rb1805,20170906,20170905,210644500,3972.0,37682,313692,1496888960.0,3973.0,21,3972.0,3
rb1805,20170906,20170905,210645000,3972.0,37688,313688,1497127320.0,3973.0,20,3972.0,21
rb1805,20170906,20170905,210645500,3972.0,37694,313692,1497365640.0,3973.0,18,3972.0,22
rb1805,20170906,20170905,210646000,3972.0,37724,313706,1498557360.0,3973.0,22,3972.0,32
rb1805,20170906,20170905,210646500,3972.0,37760,313714,1499987420.0,3973.0,5,3972.0,33
rb1805,20170906,20170905,210647000,3973.0,37774,313708,1500543640.0,3974.0,62,3973.0,2
rb1805,20170906,20170905,210647500,3972.0,37800,313690,1501576800.0,3973.0,2,3972.0,38
rb1805,20170906,20170905,210648000,3973.0,37804,313686,1501735720.0,3974.0,64,3973.0,39
rb1805,20170906,20170905,210648500,3974.0,37824,313704,1502530520.0,3974.0,45,3973.0,41
rb1805,20170906,20170905,210649000,3974.0,37912,313668,1506027600.0,3974.0,3,3973.0,54
rb1805,20170906,20170905,210649500,3974.0,37926,313654,1506583960.0,3975.0,89,3974.0,16
rb1805,20170906,20170905,210650000,3974.0,37934,313646,1506901880.0,3975.0,93,3974.0,13
rb1805,20170906,20170905,210650500,3975.0,37936,313646,1506981380.0,3975.0,92,3974.0,52
rb1805,20170906,20170905,210651000,3974.0,37948,313646,1507458280.0,3975.0,91,3974.0,47
rb1805,20170906,20170905,210651500,3974.0,37952,313642,1507617240.0,3975.0,94,3974.0,45
rb1805,20170906,20170905,210652000,3975.0,38018,313642,1510240100.0,3975.0,95,3974.0,15
rb1805,20170906,20170905,210652500,3974.0,38028,313648,1510637520.0,3975.0,96,3974.0,23
rb1805,20170906,20170905,210653000,3975.0,38168,313656,1516202260.0,3975.0,36,3974.0,16
rb1805,20170906,20170905,210653500,3975.0,38242,313668,1519143760.0,3976.0,39,3975.0,23
rb1805,20170906,20170905,210654000,3975.0,38242,313668,1519143760.0,3976.0,40,3975.0,31
rb1805,20170906,20170905,210654500,3975.0,38242,313668,1519143760.0,3976.0,37,3975.0,31
rb1805,20170906,20170905,210655000,3975.0,38254,313670,1519620760.0,3976.0,37,3975.0,25
rb1805,20170906,20170905,210655500,3975.0,38260,313674,1519859280.0,3976.0,39,3975.0,23
rb1805,20170906,20170905,210656000,3975.0,38260,313674,1519859280.0,3976.0,39,3975.0,24
rb1805,20170906,20170905,210656500,3975.0,38322,313696,1522324380.0,3976.0,9,3975.0,23
rb1805,20170906,20170905,210657000,3975.0,38322,313696,1522324380.0,3976.0,11,3975.0,29
rb1805,20170906,20170905,210657500,3976.0,38360,313712,1523835260.0,3976.0,8,3975.0,29
rb1805,20170906,20170905,210658000,3976.0,38402,313722,1525505180.0,3977.0,30,3975.0,29
rb1805,20170906,20170905,210658500,3975.0,38410,313730,1525823180.0,3977.0,33,3975.0,25
rb1805,20170906,20170905,210659000,3976.0,38424,313732,1526379800.0,3977.0,36,3975.0,25
rb1805,20170906,20170905,210659500,3976.0,38424,313732,1526379800.0,3977.0,38,3975.0,25
rb1805,20170906,20170905,210700000,3976.0,38426,313734,1526459320.0,3977.0,39,3976.0,4
rb1805,20170906,20170905,210700500,3977.0,38458,313730,1527731740.0,3977.0,90,3976.0,2
rb1805,20170906,20170905,210701000,3976.0,38468,313730,1528129340.0,3976.0,4,3975.0,27
rb1805,20170906,20170905,210701500,3977.0,38668,313888,1536083260.0,3977.0,7,3976.0,1
rb1805,20170906,20170905,210702000,3976.0,38676,313890,1536401340.0,3977.0,19,3975.0,29
rb1805,20170906,20170905,210702500,3976.0,38676,313890,1536401340.0,3976.0,5,3975.0,29
rb1805,20170906,20170905,210703000,3976.0,38692,313882,1537037500.0,3977.0,11,3976.0,25
rb1805,20170906,20170905,210703500,3977.0,38718,313898,1538071520.0,3978.0,23,3977.0,27
rb1805,20170906,20170905,210704000,3978.0,38766,313918,1539980960.0,3979.0,25,3977.0,27
rb1805,20170906,20170905,210704500,3978.0,38768,313918,1540060520.0,3978.0,2,3977.0,27
rb1805,20170906,20170905,210705000,3978.0,38768,313918,1540060520.0,3978.0,2,3977.0,40
rb1805,20170906,20170905,210705500,3978.0,38774,313914,1540299200.0,3979.0,25,3978.0,6
rb1805,20170906,20170905,210706000,3978.0,38776,313912,1540378760.0,3979.0,35,3978.0,16
rb1805,20170906,20170905,210706500,3978.0,38786,313910,1540776580.0,3979.0,36,3978.0,15
rb1805,20170906,20170905,210707000,3978.0,38810,313920,1541731300.0,3979.0,39,3978.0,4
rb1805,20170906,20170905,210707500,3978.0,38818,313922,1542049540.0,3979.0,39,3978.0,2
rb1805,20170906,20170905,210708000,3978.0,38892,313982,1544992660.0,3978.0,6,3977.0,12
rb1805,20170906,20170905,210708500,3979.0,38932,314004,1546583940.0,3979.0,45,3977.0,17
rb1805,20170906,20170905,210709000,3978.0,38936,314004,1546743060.0,3978.0,57,3977.0,18
rb1805,20170906,20170905,210709500,3977.0,38972,313990,1548174780.0,3977.0,37,3976.0,56
rb1805,20170906,20170905,210710000,3977.0,39076,314070,1552309940.0,3977.0,36,3975.0,55
rb1805,20170906,20170905,210710500,3977.0,39080,314070,1552469020.0,3977.0,34,3975.0,56
rb1805,20170906,20170905,210711000,3975.0,39118,314072,1553979540.0,3976.0,5,3975.0,28
rb1805,20170906,20170905,210711500,3975.0,39192,314106,1556921040.0,3975.0,21,3974.0,14
rb1805,20170906,20170905,210712000,3975.0,39208,314108,1557557020.0,3975.0,14,3974.0,14
rb1805,20170906,20170905,210712500,3975.0,39210,314106,1557636520.0,3975.0,19,3974.0,14
rb1805,20170906,20170905,210713000,3975.0,39232,314086,1558511020.0,3975.0,8,3974.0,14
rb1805,20170906,20170905,210713500,3975.0,39234,314084,1558590520.0,3975.0,5,3974.0,15
rb1805,20170906,20170905,210714000,3975.0,39234,314084,1558590520.0,3975.0,5,3974.0,15
rb1805,20170906,20170905,210714500,3975.0,39244,314092,1558988020.0,3975.0,3,3974.0,29
rb1805,20170906,20170905,210715000,3975.0,39256,314086,1559465020.0,3975.0,10,3974.0,29
rb1805,20170906,20170905,210715500,3974.0,39284,314076,1560577940.0,3975.0,1,3974.0,28
rb1805,20170906,20170905,210716000,3974.0,39284,314076,1560577940.0,3975.0,1,3974.0,28
rb1805,20170906,20170905,210716500,3975.0,39294,314086,1560975360.0,3976.0,47,3974.0,29
rb1805,20170906,20170905,210717000,3975.0,39302,314088,1561293340.0,3976.0,49,3975.0,1
rb1805,20170906,20170905,210717500,3975.0,39304,314090,1561372840.0,3975.0,3,3974.0,30
rb1805,20170906,20170905,210718000,3975.0,39322,314096,1562088180.0,3975.0,35,3974.0,23
rb1805,20170906,20170905,210718500,3974.0,39374,314074,1564154620.0,3974.0,1,3973.0,63
rb1805,20170906,20170905,210719000,3974.0,39374,314074,1564154620.0,3974.0,4,3973.0,63
rb1805,20170906,20170905,210719500,3974.0,39374,314074,1564154620.0,3974.0,4,3973.0,63
rb1805,20170906,20170905,210720000,3973.0,39500,314146,1569160600.0,3973.0,2,3972.0,46
rb1805,20170906,20170905,210720500,3974.0,39536,314168,1570591140.0,3974.0,34,3973.0,1
rb1805,20170906,20170905,210721000,3973.0,39546,314166,1570988380.0,3973.0,9,3972.0,62
rb1805,20170906,20170905,210721500,3971.0,40092,314530,1592670660.0,3971.0,3,3970.0,89
rb1805,20170906,20170905,210722000,3970.0,40174,314508,1595926600.0,3972.0,11,3970.0,73
rb1805,20170906,20170905,210722500,3970.0,40282,314450,1600214620.0,3971.0,15,3970.0,40
rb1805,20170906,20170905,210723000,3971.0,40354,314402,1603073860.0,3972.0,7,3971.0,1
rb1805,20170906,20170905,210723500,3971.0,40382,314414,1604185680.0,3971.0,32,3970.0,39
rb1805,20170906,20170905,210724000,3971.0,40454,314454,1607044800.0,3972.0,8,3971.0,31
rb1805,20170906,20170905,210724500,3972.0,40470,314460,1607680320.0,3973.0,14,3972.0,12
rb1805,20170906,20170905,210725000,3972.0,40484,314456,1608236400.0,3973.0,82,3972.0,7
rb1805,20170906,20170905,210725500,3971.0,40514,314476,1609427980.0,3972.0,7,3971.0,45
rb1805,20170906,20170905,210726000,3972.0,40526,314472,1609904620.0,3972.0,4,3971.0,46
rb1805,20170906,20170905,210726500,3972.0,40526,314472,1609904620.0,3972.0,6,3971.0,47
rb1805,20170906,20170905,210727000,3972.0,40542,314470,1610540140.0,3972.0,2,3971.0,42
rb1805,20170906,20170905,210727500,3971.0,40672,314450,1615702860.0,3973.0,42,3972.0,2
rb1805,20170906,20170905,210728000,3971.0,40702,314444,1616894160.0,3971.0,3,3970.0,65
rb1805,20170906,20170905,210728500,3971.0,40710,314446,1617211840.0,3973.0,43,3971.0,19
rb1805,20170906,20170905,210729000,3971.0,40710,314446,1617211840.0,3972.0,16,3971.0,15
rb1805,20170906,20170905,210729500,3971.0,40752,314446,1618879680.0,3972.0,15,3971.0,13
rb1805,20170906,20170905,210730000,3971.0,40786,314414,1620230120.0,3973.0,83,3971.0,17
rb1805,20170906,20170905,210730500,3971.0,40792,314412,1620468380.0,3972.0,2,3971.0,24
rb1805,20170906,20170905,210731000,3972.0,40798,314414,1620706700.0,3973.0,90,3971.0,32
rb1805,20170906,20170905,210731500,3973.0,40826,314394,1621818720.0,3973.0,97,3971.0,24
rb1805,20170906,20170905,210732000,3972.0,40834,314392,1622136460.0,3973.0,95,3972.0,6
rb1805,20170906,20170905,210732500,3972.0,40834,314392,1622136460.0,3973.0,90,3972.0,6
rb1805,20170906,20170905,210733000,3971.0,40850,314404,1622771960.0,3972.0,35,3971.0,35
rb1805,20170906,20170905,210733500,3972.0,40914,314404,1625314040.0,3973.0,40,3972.0,18
rb1805,20170906,20170905,210734000,3972.0,40954,314444,1626902840.0,3972.0,13,3971.0,70
rb1805,20170906,20170905,210734500,3972.0,40974,314444,1627697240.0,3973.0,40,3972.0,25
rb1805,20170906,20170905,210735000,3972.0,41072,314454,1631590620.0,3973.0,2,3972.0,18
rb1805,20170906,20170905,210735500,3972.0,41126,314494,1633735560.0,3974.0,171,3972.0,2
rb1805,20170906,20170905,210736000,3972.0,41130,314496,1633894440.0,3974.0,171,3973.0,1
rb1805,20170906,20170905,210736500,3973.0,41138,314488,1634212280.0,3974.0,143,3973.0,6
rb1805,20170906,20170905,210737000,3973.0,41144,314486,1634450660.0,3974.0,143,3973.0,7
rb1805,20170906,20170905,210737500,3973.0,41160,314490,1635086340.0,3974.0,142,3973.0,5
rb1805,20170906,20170905,210738000,3973.0,41160,314490,1635086340.0,3974.0,143,3973.0,12
rb1805,20170906,20170905,210738500,3973.0,41160,314490,1635086340.0,3974.0,143,3973.0,12
rb1805,20170906,20170905,210739000,3974.0,41364,314498,1643193300.0,3974.0,41,3973.0,24
rb1805,20170906,20170905,210739500,3974.0,41460,314430,1647008340.0,3975.0,16,3974.0,44
rb1805,20170906,20170905,210740000,3974.0,41502,314420,1648677740.0,3976.0,12,3974.0,55
rb1805,20170906,20170905,210740500,3974.0,41502,314420,1648677740.0,3976.0,29,3975.0,23
rb1805,20170906,20170905,210741000,3975.0,41530,314440,1649790740.0,3976.0,31,3975.0,2
rb1805,20170906,20170905,210741500,3975.0,41534,314440,1649949740.0,3976.0,39,3974.0,60
rb1805,20170906,20170905,210742000,3976.0,41540,314442,1650188220.0,3976.0,39,3974.0,59
rb1805,20170906,20170905,210742500,3975.0,41542,314442,1650267720.0,3975.0,15,3974.0,29
rb1805,20170906,20170905,210743000,3975.0,41542,314442,1650267720.0,3975.0,15,3974.0,29
rb1805,20170906,20170905,210743500,3975.0,41542,314442,1650267720.0,3975.0,17,3974.0,33
rb1805,20170906,20170905,210744000,3975.0,41542,314442,1650267720.0,3975.0,17,3974.0,33
rb1805,20170906,20170905,210744500,3974.0,41546,314446,1650426680.0,3975.0,21,3974.0,31
rb1805,20170906,20170905,210745000,3975.0,41552,314446,1650665140.0,3975.0,20,3974.0,29
rb1805,20170906,20170905,210745500,3974.0,41616,314446,1653208500.0,3974.0,51,3973.0,14
rb1805,20170906,20170905,210746000,3973.0,41634,314462,1653923640.0,3973.0,21,3972.0,43
rb1805,20170906,20170905,210746500,3973.0,41670,314476,1655353780.0,3973.0,10,3972.0,36
rb1805,20170906,20170905,210747000,3972.0,41676,314474,1655592100.0,3973.0,10,3972.0,33
rb1805,20170906,20170905,210747500,3972.0,41698,314460,1656465960.0,3973.0,11,3972.0,7
rb1805,20170906,20170905,210748000,3972.0,41712,314468,1657022040.0,3972.0,36,3971.0,84
rb1805,20170906,20170905,210748500,3972.0,41732,314474,1657816440.0,3973.0,12,3971.0,81
rb1805,20170906,20170905,210749000,3973.0,41736,314478,1657975360.0,3973.0,10,3972.0,2
rb1805,20170906,20170905,210749500,3973.0,41746,314480,1658372580.0,3973.0,9,3971.0,87
rb1805,20170906,20170905,210750000,3973.0,41746,314480,1658372580.0,3973.0,11,3972.0,2
rb1805,20170906,20170905,210750500,3973.0,41750,314484,1658531500.0,3973.0,9,3972.0,13
rb1805,20170906,20170905,210751000,3972.0,41754,314484,1658690380.0,3973.0,6,3972.0,13
rb1805,20170906,20170905,210751500,3973.0,41768,314476,1659246600.0,3974.0,62,3973.0,19
rb1805,20170906,20170905,210752000,3973.0,41786,314476,1659961740.0,3974.0,62,3973.0,7
rb1805,20170906,20170905,210752500,3973.0,41790,314478,1660120680.0,3974.0,61,3973.0,9
rb1805,20170906,20170905,210753000,3973.0,41792,314478,1660200140.0,3974.0,61,3973.0,8
rb1805,20170906,20170905,210753500,3973.0,41792,314478,1660200140.0,3974.0,61,3973.0,35
rb1805,20170906,20170905,210754000,3974.0,41868,314424,1663220380.0,3974.0,23,3973.0,35
rb1805,20170906,20170905,210754500,3973.0,41888,314408,1664015160.0,3974.0,14,3973.0,32
rb1805,20170906,20170905,210755000,3974.0,41916,314382,1665127880.0,3974.0,5,3973.0,32
rb1805,20170906,20170905,210755500,3974.0,41926,314374,1665525280.0,3975.0,23,3974.0,14
rb1805,20170906,20170905,210756000,3974.0,41928,314374,1665604760.0,3974.0,1,3973.0,33
rb1805,20170906,20170905,210756500,3974.0,41928,314374,1665604760.0,3974.0,1,3973.0,33
rb1805,20170906,20170905,210757000,3973.0,41938,314382,1666002080.0,3974.0,1,3973.0,29
rb1805,20170906,20170905,210757500,3973.0,41938,314382,1666002080.0,3974.0,2,3973.0,29
rb1805,20170906,20170905,210758000,3974.0,41940,314382,1666081560.0,3974.0,1,3973.0,29
rb1805,20170906,20170905,210758500,3975.0,42000,314412,1668466520.0,3976.0,39,3975.0,22
rb1805,20170906,20170905,210759000,3974.0,42046,314456,1670295000.0,3976.0,39,3974.0,120
rb1805,20170906,20170905,210759500,3974.0,42048,314456,1670374480.0,3975.0,20,3974.0,119
rb1805,20170906,20170905,210800000,3976.0,42112,314478,1672918680.0,3976.0,18,3975.0,15
rb1805,20170906,20170905,210800500,3973.0,42460,314454,1686747840.0,3973.0,44,3972.0,55
rb1805,20170906,20170905,210801000,3975.0,42560,314436,1690721080.0,3975.0,8,3973.0,7
rb1805,20170906,20170905,210801500,3975.0,42578,314420,1691436580.0,3976.0,18,3975.0,1
rb1805,20170906,20170905,210802000,3975.0,42658,314362,1694616940.0,3976.0,40,3975.0,16
rb1805,20170906,20170905,210802500,3975.0,42720,314360,1697082040.0,3976.0,11,3975.0,16
rb1805,20170906,20170905,210803000,3976.0,42742,314338,1697956760.0,3977.0,71,3976.0,2
rb1805,20170906,20170905,210803500,3975.0,42756,314328,1698513300.0,3976.0,20,3975.0,15
rb1805,20170906,20170905,210804000,3975.0,42758,314330,1698592800.0,3976.0,8,3975.0,44
rb1805,20170906,20170905,210804500,3975.0,42764,314336,1698831300.0,3976.0,18,3975.0,41
rb1805,20170906,20170905,210805000,3976.0,42810,314348,1700660180.0,3977.0,71,3976.0,81
rb1805,20170906,20170905,210805500,3976.0,42836,314364,1701693940.0,3977.0,70,3976.0,69
rb1805,20170906,20170905,210806000,3976.0,42874,314384,1703204820.0,3977.0,89,3976.0,50
rb1805,20170906,20170905,210806500,3976.0,42874,314384,1703204820.0,3977.0,74,3976.0,54
rb1805,20170906,20170905,210807000,3977.0,42894,314392,1704000220.0,3977.0,66,3976.0,54
rb1805,20170906,20170905,210807500,3977.0,42924,314390,1705193060.0,3977.0,82,3976.0,49
rb1805,20170906,20170905,210808000,3977.0,42930,314390,1705431660.0,3977.0,81,3976.0,50
rb1805,20170906,20170905,210808500,3977.0,42930,314390,1705431660.0,3977.0,66,3976.0,51
rb1805,20170906,20170905,210809000,3977.0,42942,314390,1705908900.0,3977.0,61,3976.0,51
rb1805,20170906,20170905,210809500,3976.0,42952,314390,1706306500.0,3977.0,60,3976.0,46
rb1805,20170906,20170905,210810000,3977.0,42956,314390,1706465580.0,3977.0,59,3976.0,46
rb1805,20170906,20170905,210810500,3977.0,42960,314390,1706624660.0,3977.0,59,3976.0,47
rb1805,20170906,20170905,210811000,3976.0,42966,314390,1706863260.0,3977.0,60,3976.0,48
rb1805,20170906,20170905,210811500,3976.0,42968,314390,1706942780.0,3977.0,61,3976.0,47
rb1805,20170906,20170905,210812000,3977.0,42976,314390,1707260880.0,3977.0,60,3976.0,45
rb1805,20170906,20170905,210812500,3977.0,42976,314390,1707260880.0,3977.0,60,3976.0,45
rb1805,20170906,20170905,210813000,3977.0,42982,314392,1707499460.0,3977.0,59,3976.0,43
rb1805,20170906,20170905,210813500,3977.0,43060,314410,1710600860.0,3977.0,53,3976.0,12
rb1805,20170906,20170905,210814000,3976.0,43084,314406,1711555100.0,3977.0,54,3976.0,2
rb1805,20170906,20170905,210814500,3976.0,43096,314400,1712032220.0,3976.0,4,3975.0,23
rb1805,20170906,20170905,210815000,3976.0,43098,314402,1712111740.0,3976.0,17,3975.0,26
rb1805,20170906,20170905,210815500,3976.0,43120,314420,1712986260.0,3976.0,2,3975.0,19
rb1805,20170906,20170905,210816000,3976.0,43126,314420,1713224820.0,3976.0,5,3975.0,21
rb1805,20170906,20170905,210816500,3976.0,43150,314434,1714179060.0,3976.0,506,3975.0,21
rb1805,20170906,20170905,210817000,3975.0,43198,314430,1716087060.0,3975.0,154,3974.0,42
rb1805,20170906,20170905,210817500,3975.0,43208,314440,1716484560.0,3975.0,95,3974.0,42
rb1805,20170906,20170905,210818000,3975.0,43212,314444,1716643560.0,3975.0,88,3974.0,13
rb1805,20170906,20170905,210818500,3974.0,43234,314460,1717517880.0,3975.0,78,3974.0,4
rb1805,20170906,20170905,210819000,3973.0,43272,314472,1719027920.0,3974.0,6,3973.0,30
rb1805,20170906,20170905,210819500,3974.0,43294,314464,1719902200.0,3974.0,1,3973.0,25
rb1805,20170906,20170905,210820000,3974.0,43296,314466,1719981680.0,3974.0,4,3973.0,24
rb1805,20170906,20170905,210820500,3974.0,43296,314466,1719981680.0,3974.0,5,3973.0,24
rb1805,20170906,20170905,210821000,3973.0,43298,314466,1720061140.0,3974.0,5,3973.0,17
rb1805,20170906,20170905,210821500,3974.0,43300,314468,1720140620.0,3974.0,11,3973.0,17
rb1805,20170906,20170905,210822000,3973.0,43320,314468,1720935300.0,3974.0,19,3973.0,11
rb1805,20170906,20170905,210822500,3973.0,43320,314468,1720935300.0,3974.0,19,3973.0,11
rb1805,20170906,20170905,210823000,3973.0,43320,314468,1720935300.0,3974.0,19,3973.0,11
rb1805,20170906,20170905,210823500,3974.0,43330,314466,1721332700.0,3974.0,15,3973.0,11
rb1805,20170906,20170905,210824000,3973.0,43332,314466,1721412160.0,3974.0,15,3973.0,11
rb1805,20170906,20170905,210824500,3974.0,43334,314466,1721491640.0,3974.0,14,3973.0,23
rb1805,20170906,20170905,210825000,3973.0,43338,314470,1721650560.0,3974.0,13,3973.0,22
rb1805,20170906,20170905,210825500,3973.0,43338,314470,1721650560.0,3974.0,13,3973.0,23
rb1805,20170906,20170905,210826000,3974.0,43350,314470,1722127420.0,3975.0,98,3974.0,5
rb1805,20170906,20170905,210826500,3974.0,43354,314472,1722286380.0,3975.0,97,3974.0,6
rb1805,20170906,20170905,210827000,3974.0,43356,314474,1722365860.0,3975.0,97,3974.0,5
rb1805,20170906,20170905,210827500,3974.0,43356,314474,1722365860.0,3975.0,97,3974.0,5
rb1805,20170906,20170905,210828000,3974.0,43356,314474,1722365860.0,3975.0,97,3974.0,12
rb1805,20170906,20170905,210828500,3975.0,43358,314476,1722445360.0,3975.0,96,3974.0,12
rb1805,20170906,20170905,210829000,3975.0,43358,314476,1722445360.0,3975.0,96,3974.0,15
rb1805,20170906,20170905,210829500,3975.0,43358,314476,1722445360.0,3975.0,96,3974.0,15
rb1805,20170906,20170905,210830000,3974.0,43360,314478,1722524840.0,3975.0,96,3974.0,11
rb1805,20170906,20170905,210830500,3974.0,43360,314478,1722524840.0,3975.0,97,3974.0,11
rb1805,20170906,20170905,210831000,3974.0,43360,314478,1722524840.0,3975.0,97,3974.0,32
rb1805,20170906,20170905,210831500,3974.0,43360,314478,1722524840.0,3975.0,97,3974.0,36
rb1805,20170906,20170905,210832000,3974.0,43488,314558,1727612760.0,3976.0,511,3975.0,2
rb1805,20170906,20170905,210832500,3975.0,43504,314558,1728248660.0,3975.0,3,3974.0,20
rb1805,20170906,20170905,210833000,3975.0,43514,314550,1728646160.0,3976.0,512,3974.0,20
rb1805,20170906,20170905,210833500,3975.0,43514,314550,1728646160.0,3976.0,512,3975.0,1
rb1805,20170906,20170905,210834000,3975.0,43516,314548,1728725660.0,3976.0,512,3974.0,26
rb1805,20170906,20170905,210834500,3975.0,43516,314548,1728725660.0,3976.0,512,3975.0,2
rb1805,20170906,20170905,210835000,3975.0,43522,314546,1728964160.0,3975.0,4,3974.0,56
rb1805,20170906,20170905,210835500,3975.0,43524,314544,1729043660.0,3975.0,5,3974.0,51
rb1805,20170906,20170905,210836000,3975.0,43526,314544,1729123160.0,3975.0,61,3974.0,52
rb1805,20170906,20170905,210836500,3975.0,43526,314544,1729123160.0,3975.0,82,3974.0,69
rb1805,20170906,20170905,210837000,3975.0,43526,314544,1729123160.0,3975.0,91,3974.0,69
rb1805,20170906,20170905,210837500,3975.0,43530,314546,1729282140.0,3975.0,92,3974.0,93
rb1805,20170906,20170905,210838000,3975.0,43530,314546,1729282140.0,3975.0,92,3974.0,93
rb1805,20170906,20170905,210838500,3975.0,43530,314546,1729282140.0,3975.0,93,3974.0,88
rb1805,20170906,20170905,210839000,3975.0,43538,314548,1729600140.0,3975.0,90,3974.0,88
rb1805,20170906,20170905,210839500,3975.0,43538,314548,1729600140.0,3975.0,90,3974.0,88
rb1805,20170906,20170905,210840000,3974.0,43614,314556,1732620380.0,3975.0,91,3974.0,50
rb1805,20170906,20170905,210840500,3974.0,43614,314556,1732620380.0,3975.0,91,3974.0,50
rb1805,20170906,20170905,210841000,3975.0,43664,314606,1734607880.0,3975.0,71,3974.0,50
rb1805,20170906,20170905,210841500,3975.0,43670,314612,1734846360.0,3975.0,69,3974.0,49
rb1805,20170906,20170905,210842000,3975.0,43690,314612,1735641360.0,3975.0,60,3974.0,49
rb1805,20170906,20170905,210842500,3974.0,43708,314630,1736356820.0,3975.0,53,3974.0,47
rb1805,20170906,20170905,210843000,3974.0,43708,314630,1736356820.0,3975.0,53,3974.0,47
rb1805,20170906,20170905,210843500,3974.0,43708,314630,1736356820.0,3975.0,53,3974.0,23
rb1805,20170906,20170905,210844000,3974.0,43708,314630,1736356820.0,3975.0,56,3974.0,23
rb1805,20170906,20170905,210844500,3974.0,43726,314648,1737072140.0,3975.0,56,3974.0,14
rb1805,20170906,20170905,210845000,3974.0,43754,314648,1738184860.0,3974.0,4,3973.0,32
rb1805,20170906,20170905,210845500,3974.0,43762,314640,1738502780.0,3975.0,56,3974.0,5
rb1805,20170906,20170905,210846000,3974.0,43762,314640,1738502780.0,3975.0,56,3974.0,7
rb1805,20170906,20170905,210846500,3974.0,43762,314640,1738502780.0,3975.0,66,3974.0,13
rb1805,20170906,20170905,210847000,3974.0,43770,314638,1738820700.0,3975.0,61,3974.0,6
rb1805,20170906,20170905,210847500,3974.0,43770,314638,1738820700.0,3975.0,62,3974.0,6
rb1805,20170906,20170905,210848000,3975.0,43786,314636,1739456580.0,3975.0,70,3973.0,32
rb1805,20170906,20170905,210848500,3973.0,43796,314636,1739853880.0,3975.0,70,3973.0,27
rb1805,20170906,20170905,210849000,3974.0,43804,314630,1740171780.0,3974.0,8,3973.0,26
rb1805,20170906,20170905,210849500,3974.0,43804,314630,1740171780.0,3974.0,9,3973.0,26
rb1805,20170906,20170905,210850000,3974.0,43804,314630,1740171780.0,3974.0,24,3973.0,26
rb1805,20170906,20170905,210850500,3973.0,43858,314680,1742317200.0,3973.0,74,3972.0,76
rb1805,20170906,20170905,210851000,3972.0,44014,314760,1748513400.0,3972.0,18,3971.0,173
rb1805,20170906,20170905,210851500,3973.0,44018,314764,1748672320.0,3973.0,72,3972.0,2
rb1805,20170906,20170905,210852000,3972.0,44024,314768,1748910640.0,3972.0,1,3971.0,168
rb1805,20170906,20170905,210852500,3972.0,44028,314768,1749069520.0,3972.0,6,3971.0,168
rb1805,20170906,20170905,210853000,3971.0,44032,314770,1749228360.0,3972.0,6,3971.0,166
rb1805,20170906,20170905,210853500,3971.0,44050,314758,1749943260.0,3972.0,5,3971.0,163
rb1805,20170906,20170905,210854000,3972.0,44054,314754,1750102140.0,3972.0,3,3971.0,165
rb1805,20170906,20170905,210854500,3972.0,44056,314754,1750181580.0,3973.0,51,3971.0,165
rb1805,20170906,20170905,210855000,3972.0,44056,314754,1750181580.0,3973.0,51,3971.0,163
rb1805,20170906,20170905,210855500,3972.0,44056,314754,1750181580.0,3973.0,51,3971.0,153
rb1805,20170906,20170905,210856000,3973.0,44084,314754,1751294020.0,3973.0,37,3972.0,2
rb1805,20170906,20170905,210856500,3973.0,44084,314754,1751294020.0,3973.0,37,3972.0,5
rb1805,20170906,20170905,210857000,3973.0,44084,314754,1751294020.0,3973.0,37,3972.0,9
rb1805,20170906,20170905,210857500,3973.0,44084,314754,1751294020.0,3973.0,37,3972.0,10
rb1805,20170906,20170905,210858000,3973.0,44084,314754,1751294020.0,3973.0,37,3972.0,20
rb1805,20170906,20170905,210858500,3973.0,44084,314754,1751294020.0,3973.0,37,3972.0,21
rb1805,20170906,20170905,210859000,3970.0,44734,314564,1777103080.0,3970.0,176,3969.0,35
rb1805,20170906,20170905,210859500,3970.0,45098,314472,1791553980.0,3972.0,4,3969.0,38
rb1805,20170906,20170905,210900000,3972.0,45100,314470,1791633420.0,3972.0,9,3970.0,69
rb1805,20170906,20170905,210900500,3970.0,45108,314470,1791951140.0,3972.0,7,3970.0,66
rb1805,20170906,20170905,210901000,3970.0,45112,314470,1792109940.0,3972.0,7,3970.0,66
rb1805,20170906,20170905,210901500,3970.0,45112,314470,1792109940.0,3972.0,8,3971.0,1
rb1805,20170906,20170905,210902000,3970.0,45112,314470,1792109940.0,3972.0,11,3971.0,11
rb1805,20170906,20170905,210902500,3973.0,45156,314508,1793857640.0,3973.0,43,3972.0,20
rb1805,20170906,20170905,210903000,3973.0,45162,314502,1794096020.0,3973.0,40,3972.0,22
rb1805,20170906,20170905,210903500,3972.0,45174,314510,1794572680.0,3973.0,39,3972.0,45
rb1805,20170906,20170905,210904000,3972.0,45176,314512,1794652120.0,3973.0,49,3972.0,16
rb1805,20170906,20170905,210904500,3972.0,45186,314512,1795049320.0,3973.0,50,3972.0,11
rb1805,20170906,20170905,210905000,3972.0,45216,314530,1796240920.0,3973.0,50,3972.0,17
rb1805,20170906,20170905,210905500,3972.0,45250,314530,1797591400.0,3972.0,50,3971.0,52
rb1805,20170906,20170905,210906000,3972.0,45266,314530,1798226920.0,3972.0,38,3971.0,33
rb1805,20170906,20170905,210906500,3972.0,45326,314530,1800609720.0,3972.0,42,3971.0,13
rb1805,20170906,20170905,210907000,3972.0,45332,314524,1800848040.0,3972.0,39,3971.0,13
rb1805,20170906,20170905,210907500,3972.0,45334,314522,1800927480.0,3972.0,42,3971.0,14
rb1805,20170906,20170905,210908000,3972.0,45346,314522,1801404120.0,3972.0,36,3971.0,14
rb1805,20170906,20170905,210908500,3972.0,45358,314524,1801880760.0,3972.0,38,3971.0,14
rb1805,20170906,20170905,210909000,3970.0,45512,314428,1807994840.0,3970.0,423,3969.0,35
rb1805,20170906,20170905,210909500,3970.0,45530,314424,1808709440.0,3970.0,414,3969.0,36
rb1805,20170906,20170905,210910000,3969.0,45612,314460,1811964040.0,3969.0,5,3968.0,189
rb1805,20170906,20170905,210910500,3969.0,45648,314468,1813392720.0,3969.0,58,3968.0,182
rb1805,20170906,20170905,210911000,3968.0,45686,314476,1814900560.0,3969.0,75,3968.0,162
rb1805,20170906,20170905,210911500,3968.0,45804,314432,1819582820.0,3969.0,90,3968.0,104
rb1805,20170906,20170905,210912000,3969.0,45924,314436,1824344540.0,3969.0,84,3968.0,51
rb1805,20170906,20170905,210912500,3968.0,45958,314420,1825693760.0,3969.0,68,3968.0,39
rb1805,20170906,20170905,210913000,3968.0,45988,314418,1826884200.0,3969.0,66,3968.0,31
rb1805,20170906,20170905,210913500,3968.0,46026,314414,1828392060.0,3969.0,66,3968.0,15
rb1805,20170906,20170905,210914000,3969.0,46040,314422,1828947680.0,3969.0,64,3968.0,13
rb1805,20170906,20170905,210914500,3969.0,46048,314422,1829265180.0,3969.0,61,3968.0,14
rb1805,20170906,20170905,210915000,3968.0,46060,314422,1829741360.0,3969.0,60,3968.0,9
rb1805,20170906,20170905,210915500,3969.0,46066,314420,1829979500.0,3969.0,57,3968.0,20
rb1805,20170906,20170905,210916000,3969.0,46090,314414,1830931960.0,3969.0,50,3968.0,15
rb1805,20170906,20170905,210916500,3968.0,46108,314416,1831646240.0,3969.0,41,3968.0,8
rb1805,20170906,20170905,210917000,3968.0,46116,314418,1831963720.0,3969.0,39,3968.0,31
rb1805,20170906,20170905,210917500,3969.0,46186,314436,1834741360.0,3969.0,37,3968.0,1
rb1805,20170906,20170905,210918000,3968.0,46214,314416,1835852400.0,3968.0,33,3967.0,36
rb1805,20170906,20170905,210918500,3968.0,46242,314392,1836963440.0,3968.0,22,3967.0,36
rb1805,20170906,20170905,210919000,3968.0,46248,314388,1837201520.0,3968.0,28,3967.0,36
rb1805,20170906,20170905,210919500,3967.0,46336,314338,1840692460.0,3967.0,10,3966.0,34
rb1805,20170906,20170905,210920000,3966.0,46494,314294,1846959180.0,3968.0,45,3965.0,61
rb1805,20170906,20170905,210920500,3968.0,46652,314340,1853224360.0,3968.0,42,3967.0,1
rb1805,20170906,20170905,210921000,3966.0,46684,314362,1854493440.0,3966.0,1,3965.0,2
rb1805,20170906,20170905,210921500,3966.0,46700,314374,1855128080.0,3967.0,43,3966.0,16
rb1805,20170906,20170905,210922000,3966.0,46706,314372,1855366040.0,3967.0,49,3966.0,29
rb1805,20170906,20170905,210922500,3967.0,46718,314374,1855841980.0,3967.0,58,3966.0,26
rb1805,20170906,20170905,210923000,3966.0,46870,314340,1861872140.0,3968.0,37,3966.0,28
rb1805,20170906,20170905,210923500,3967.0,46880,314344,1862268780.0,3968.0,38,3967.0,3
rb1805,20170906,20170905,210924000,3968.0,46906,314344,1863300140.0,3968.0,30,3966.0,28
rb1805,20170906,20170905,210924500,3967.0,46920,314342,1863855440.0,3968.0,30,3966.0,25
rb1805,20170906,20170905,210925000,3966.0,46928,314340,1864172720.0,3968.0,30,3967.0,2
rb1805,20170906,20170905,210925500,3967.0,47006,314330,1867266260.0,3967.0,33,3966.0,1
rb1805,20170906,20170905,210926000,3966.0,47008,314330,1867345580.0,3967.0,32,3966.0,1
rb1805,20170906,20170905,210926500,3965.0,47022,314324,1867900780.0,3966.0,9,3965.0,48
rb1805,20170906,20170905,210927000,3966.0,47048,314326,1868931960.0,3967.0,44,3965.0,101
rb1805,20170906,20170905,210927500,3965.0,47128,314344,1872103980.0,3967.0,46,3965.0,83
rb1805,20170906,20170905,210928000,3966.0,47148,314336,1872897260.0,3967.0,58,3966.0,3
rb1805,20170906,20170905,210928500,3966.0,47400,314398,1882888900.0,3966.0,50,3965.0,1
rb1805,20170906,20170905,210929000,3965.0,47468,314432,1885584520.0,3965.0,19,3964.0,28
rb1805,20170906,20170905,210929500,3964.0,47636,314500,1892242820.0,3964.0,31,3962.0,40
rb1805,20170906,20170905,210930000,3963.0,47750,314564,1896759440.0,3963.0,33,3961.0,50
rb1805,20170906,20170905,210930500,3960.0,47952,314478,1904760020.0,3961.0,10,3960.0,73
rb1805,20170906,20170905,210931000,3960.0,48470,314500,1925271600.0,3961.0,1,3958.0,1
rb1805,20170906,20170905,210931500,3957.0,48600,314460,1930416300.0,3959.0,1,3956.0,1
rb1805,20170906,20170905,210932000,3958.0,48810,314464,1938726380.0,3959.0,6,3958.0,1
rb1805,20170906,20170905,210932500,3960.0,48874,314480,1941259580.0,3960.0,27,3959.0,10
rb1805,20170906,20170905,210933000,3960.0,48982,314526,1945535320.0,3960.0,10,3958.0,24
rb1805,20170906,20170905,210933500,3959.0,49144,314398,1951949080.0,3961.0,9,3960.0,2
rb1805,20170906,20170905,210934000,3963.0,49210,314346,1954563440.0,3963.0,9,3961.0,53
rb1805,20170906,20170905,210934500,3961.0,49420,314152,1962882720.0,3964.0,14,3961.0,7
