instrument,tradingday,calendarday,time,lastp,volume,openinterest,turnover,ask1,asksz1,bid1,bidsz1
rb1805,20170830,20170829,184032500,3764.0,0,290352,0.0,0.0,0,0.0,0
rb1805,20170830,20170829,205900500,3771.0,364,290564,13726440.0,3771.0,1,3770.0,7
rb1805,20170830,20170829,210000500,3776.0,544,290638,20519260.0,3776.0,5,3775.0,35
rb1805,20170830,20170829,210001000,3776.0,1066,290618,40221860.0,3777.0,4,3776.0,8
rb1805,20170830,20170829,210001500,3776.0,1294,290556,48828160.0,3776.0,5,3774.0,1
rb1805,20170830,20170829,210002000,3774.0,1392,290542,52526200.0,3775.0,21,3772.0,23
rb1805,20170830,20170829,210002500,3772.0,1428,290550,53884780.0,3774.0,1,3772.0,21
rb1805,20170830,20170829,210003000,3775.0,1438,290560,54262220.0,3776.0,17,3775.0,1
rb1805,20170830,20170829,210003500,3776.0,1514,290560,57131240.0,3776.0,7,3774.0,1
rb1805,20170830,20170829,210004000,3776.0,1596,290574,60226460.0,3775.0,11,3774.0,1
rb1805,20170830,20170829,210004500,3775.0,1628,290582,61434360.0,3775.0,2,3774.0,1
rb1805,20170830,20170829,210005000,3776.0,1680,290572,63397540.0,3776.0,22,3774.0,1
rb1805,20170830,20170829,210005500,3776.0,1800,290562,67927780.0,3776.0,2,3774.0,1
rb1805,20170830,20170829,210006000,3776.0,1854,290534,69966780.0,3777.0,18,3776.0,29
rb1805,20170830,20170829,210006500,3777.0,2000,290512,75478600.0,3777.0,17,3772.0,14
rb1805,20170830,20170829,210007000,3774.0,2050,290534,77365940.0,3774.0,17,3772.0,17
rb1805,20170830,20170829,210007500,3774.0,2082,290532,78573620.0,3774.0,4,3772.0,17
rb1805,20170830,20170829,210008000,3773.0,2124,290550,80158780.0,3774.0,6,3773.0,6
rb1805,20170830,20170829,210008500,3773.0,2144,290540,80913400.0,3773.0,6,3772.0,49
rb1805,20170830,20170829,210009000,3774.0,2178,290534,82196440.0,3774.0,2,3773.0,28
rb1805,20170830,20170829,210009500,3774.0,2208,290552,83328480.0,3775.0,1,3774.0,3
rb1805,20170830,20170829,210010000,3775.0,2216,290558,83630480.0,3776.0,26,3775.0,4
rb1805,20170830,20170829,210010500,3773.0,2304,290602,86952600.0,3776.0,16,3774.0,1
rb1805,20170830,20170829,210011000,3774.0,2322,290594,87632060.0,3775.0,9,3773.0,14
rb1805,20170830,20170829,210011500,3774.0,2324,290594,87707540.0,3775.0,9,3774.0,1
rb1805,20170830,20170829,210012000,3775.0,2342,290590,88386980.0,3775.0,18,3774.0,28
rb1805,20170830,20170829,210012500,3776.0,2388,290592,90123580.0,3776.0,19,3775.0,8
rb1805,20170830,20170829,210013000,3776.0,2410,290592,90954060.0,3775.0,2,3774.0,26
rb1805,20170830,20170829,210013500,3775.0,2428,290584,91633540.0,3775.0,3,3774.0,30
rb1805,20170830,20170829,210014000,3774.0,2436,290578,91935480.0,3775.0,4,3774.0,27
rb1805,20170830,20170829,210014500,3774.0,2436,290578,91935480.0,3775.0,9,3774.0,27
rb1805,20170830,20170829,210015000,3775.0,2472,290590,93294640.0,3776.0,11,3775.0,1
rb1805,20170830,20170829,210015500,3775.0,2534,290598,95635360.0,3777.0,78,3775.0,13
rb1805,20170830,20170829,210016000,3776.0,2536,290600,95710880.0,3776.0,1,3775.0,19
rb1805,20170830,20170829,210016500,3776.0,2570,290598,96994400.0,3777.0,83,3776.0,49
rb1805,20170830,20170829,210017000,3776.0,2728,290668,102960420.0,3776.0,3,3775.0,1
rb1805,20170830,20170829,210017500,3776.0,2750,290652,103791040.0,3776.0,14,3775.0,5
rb1805,20170830,20170829,210018000,3776.0,2782,290622,104999360.0,3777.0,82,3776.0,15
rb1805,20170830,20170829,210018500,3775.0,2890,290530,109076660.0,3775.0,2,3774.0,11
rb1805,20170830,20170829,210019000,3775.0,2892,290530,109152160.0,3775.0,12,3774.0,17
rb1805,20170830,20170829,210019500,3774.0,2898,290534,109378640.0,3775.0,1,3774.0,16
rb1805,20170830,20170829,210020000,3776.0,2906,290530,109680700.0,3776.0,67,3775.0,2
rb1805,20170830,20170829,210020500,3775.0,2928,290528,110511340.0,3776.0,68,3774.0,16
rb1805,20170830,20170829,210021000,3774.0,2952,290532,111417300.0,3775.0,6,3774.0,17
rb1805,20170830,20170829,210021500,3775.0,2962,290532,111794800.0,3775.0,1,3774.0,17
rb1805,20170830,20170829,210022000,3775.0,2966,290534,111945800.0,3775.0,2,3774.0,16
rb1805,20170830,20170829,210022500,3775.0,2966,290534,111945800.0,3775.0,3,3774.0,17
rb1805,20170830,20170829,210023000,3774.0,2986,290554,112700720.0,3776.0,20,3774.0,14
rb1805,20170830,20170829,210023500,3777.0,3050,290530,115117440.0,3777.0,83,3776.0,3
rb1805,20170830,20170829,210024000,3775.0,3070,290538,115872580.0,3776.0,14,3774.0,18
rb1805,20170830,20170829,210024500,3776.0,3074,290536,116023620.0,3775.0,1,3774.0,14
rb1805,20170830,20170829,210025000,3775.0,3086,290542,116476540.0,3775.0,3,3774.0,18
rb1805,20170830,20170829,210025500,3775.0,3096,290548,116854040.0,3776.0,18,3775.0,2
rb1805,20170830,20170829,210026000,3776.0,3134,290566,118288920.0,3777.0,93,3776.0,4
rb1805,20170830,20170829,210026500,3775.0,3152,290572,118968520.0,3776.0,30,3774.0,20
rb1805,20170830,20170829,210027000,3776.0,3164,290572,119421640.0,3776.0,16,3775.0,3
rb1805,20170830,20170829,210027500,3775.0,3178,290572,119950140.0,3776.0,15,3774.0,40
rb1805,20170830,20170829,210028000,3774.0,3190,290568,120403020.0,3776.0,21,3775.0,13
rb1805,20170830,20170829,210028500,3775.0,3220,290568,121535520.0,3775.0,29,3774.0,37
rb1805,20170830,20170829,210029000,3775.0,3220,290568,121535520.0,3775.0,41,3774.0,35
rb1805,20170830,20170829,210029500,3775.0,3298,290570,124479320.0,3775.0,24,3773.0,42
rb1805,20170830,20170829,210030000,3773.0,3302,290572,124630240.0,3775.0,17,3773.0,46
rb1805,20170830,20170829,210030500,3774.0,3304,290574,124705720.0,3774.0,5,3773.0,46
rb1805,20170830,20170829,210031000,3774.0,3328,290598,125611480.0,3775.0,22,3773.0,45
rb1805,20170830,20170829,210031500,3775.0,3338,290608,125988920.0,3775.0,21,3773.0,45
rb1805,20170830,20170829,210032000,3773.0,3354,290614,126592680.0,3774.0,6,3773.0,41
rb1805,20170830,20170829,210032500,3773.0,3356,290616,126668140.0,3774.0,6,3773.0,40
rb1805,20170830,20170829,210033000,3773.0,3358,290614,126743600.0,3774.0,6,3773.0,39
rb1805,20170830,20170829,210033500,3773.0,3460,290644,130592060.0,3773.0,4,3772.0,26
rb1805,20170830,20170829,210034000,3774.0,3498,290628,132025820.0,3774.0,13,3773.0,3
rb1805,20170830,20170829,210034500,3773.0,3504,290626,132252200.0,3773.0,10,3772.0,34
rb1805,20170830,20170829,210035000,3774.0,3526,290624,133082280.0,3774.0,42,3773.0,26
rb1805,20170830,20170829,210035500,3774.0,3676,290604,138743860.0,3775.0,6,3774.0,1
rb1805,20170830,20170829,210036000,3774.0,3704,290596,139800700.0,3776.0,26,3774.0,10
rb1805,20170830,20170829,210036500,3776.0,3710,290596,140027180.0,3776.0,25,3774.0,27
rb1805,20170830,20170829,210037000,3774.0,3734,290586,140933060.0,3776.0,23,3774.0,48
rb1805,20170830,20170829,210037500,3774.0,3736,290586,141008540.0,3775.0,1,3774.0,47
rb1805,20170830,20170829,210038000,3775.0,3740,290588,141159520.0,3775.0,1,3774.0,60
rb1805,20170830,20170829,210038500,3775.0,3742,290586,141235020.0,3776.0,23,3775.0,7
rb1805,20170830,20170829,210039000,3775.0,3750,290586,141537040.0,3776.0,27,3775.0,4
rb1805,20170830,20170829,210039500,3775.0,3754,290586,141688040.0,3776.0,37,3775.0,4
rb1805,20170830,20170829,210040000,3775.0,3756,290586,141763540.0,3776.0,38,3775.0,3
rb1805,20170830,20170829,210040500,3775.0,3766,290578,142141040.0,3775.0,16,3774.0,54
rb1805,20170830,20170829,210041000,3775.0,3770,290580,142292040.0,3775.0,20,3774.0,51
rb1805,20170830,20170829,210041500,3775.0,3810,290602,143802040.0,3776.0,57,3775.0,1
rb1805,20170830,20170829,210042000,3775.0,3820,290606,144179520.0,3775.0,2,3774.0,50
rb1805,20170830,20170829,210042500,3776.0,3826,290604,144406060.0,3776.0,58,3775.0,1
rb1805,20170830,20170829,210043000,3774.0,3828,290606,144481540.0,3776.0,58,3774.0,65
rb1805,20170830,20170829,210043500,3776.0,3832,290606,144632580.0,3776.0,56,3775.0,6
rb1805,20170830,20170829,210044000,3775.0,3838,290612,144859120.0,3776.0,56,3775.0,35
rb1805,20170830,20170829,210044500,3775.0,3852,290620,145387640.0,3776.0,49,3775.0,55
rb1805,20170830,20170829,210045000,3776.0,3854,290620,145463160.0,3776.0,53,3775.0,57
rb1805,20170830,20170829,210045500,3776.0,3856,290620,145538680.0,3776.0,54,3775.0,52
rb1805,20170830,20170829,210046000,3776.0,3862,290622,145765220.0,3776.0,62,3775.0,59
rb1805,20170830,20170829,210046500,3775.0,3870,290618,146067240.0,3776.0,55,3775.0,59
rb1805,20170830,20170829,210047000,3776.0,3872,290618,146142760.0,3776.0,60,3775.0,52
rb1805,20170830,20170829,210047500,3775.0,3906,290584,147426260.0,3776.0,55,3775.0,43
rb1805,20170830,20170829,210048000,3775.0,4022,290528,151806360.0,3777.0,81,3775.0,40
rb1805,20170830,20170829,210048500,3775.0,4024,290526,151881860.0,3777.0,138,3776.0,50
rb1805,20170830,20170829,210049000,3777.0,4026,290526,151957400.0,3777.0,172,3776.0,74
rb1805,20170830,20170829,210049500,3776.0,4182,290592,157849500.0,3777.0,57,3776.0,93
rb1805,20170830,20170829,210050000,3777.0,4296,290698,162155280.0,3778.0,26,3777.0,126
rb1805,20170830,20170829,210050500,3778.0,4422,290678,166915560.0,3779.0,15,3778.0,3
rb1805,20170830,20170829,210051000,3778.0,4498,290626,169786840.0,3779.0,15,3777.0,116
rb1805,20170830,20170829,210051500,3779.0,4632,290582,174849220.0,3780.0,55,3778.0,5
rb1805,20170830,20170829,210052000,3778.0,4666,290580,176134060.0,3780.0,49,3778.0,5
rb1805,20170830,20170829,210052500,3780.0,4692,290582,177116740.0,3780.0,39,3779.0,16
rb1805,20170830,20170829,210053000,3780.0,4772,290564,180140660.0,3780.0,4,3779.0,12
rb1805,20170830,20170829,210053500,3780.0,4818,290548,181879700.0,3781.0,14,3780.0,8
rb1805,20170830,20170829,210054000,3781.0,4906,290514,185206300.0,3781.0,2,3779.0,5
rb1805,20170830,20170829,210054500,3780.0,4958,290506,187171940.0,3782.0,19,3780.0,2
rb1805,20170830,20170829,210055000,3781.0,4986,290486,188230600.0,3781.0,12,3780.0,10
rb1805,20170830,20170829,210055500,3781.0,4994,290490,188533040.0,3781.0,16,3780.0,9
rb1805,20170830,20170829,210056000,3780.0,5018,290492,189440280.0,3780.0,10,3779.0,7
rb1805,20170830,20170829,210056500,3780.0,5046,290504,190498560.0,3780.0,8,3779.0,1
rb1805,20170830,20170829,210057000,3778.0,5052,290504,190725280.0,3779.0,2,3778.0,32
rb1805,20170830,20170829,210057500,3778.0,5174,290464,195336900.0,3781.0,13,3778.0,30
rb1805,20170830,20170829,210058000,3780.0,5178,290464,195488080.0,3780.0,2,3779.0,10
rb1805,20170830,20170829,210058500,3780.0,5196,290462,196168380.0,3780.0,3,3779.0,2
rb1805,20170830,20170829,210059000,3780.0,5212,290456,196773060.0,3781.0,10,3779.0,15
rb1805,20170830,20170829,210059500,3780.0,5220,290458,197075420.0,3781.0,18,3779.0,14
rb1805,20170830,20170829,210100000,3780.0,5246,290446,198058140.0,3781.0,23,3780.0,11
rb1805,20170830,20170829,210100500,3781.0,5314,290420,200628940.0,3781.0,5,3780.0,14
rb1805,20170830,20170829,210101000,3782.0,5344,290426,201763260.0,3782.0,39,3781.0,3
rb1805,20170830,20170829,210101500,3780.0,5458,290462,206074060.0,3781.0,1,3780.0,17
rb1805,20170830,20170829,210102000,3781.0,5526,290502,208644680.0,3781.0,1,3780.0,6
rb1805,20170830,20170829,210102500,3779.0,5578,290504,210610500.0,3781.0,7,3779.0,8
rb1805,20170830,20170829,210103000,3779.0,5588,290506,210988440.0,3781.0,67,3779.0,11
rb1805,20170830,20170829,210103500,3779.0,5622,290528,212273760.0,3781.0,63,3779.0,3
rb1805,20170830,20170829,210104000,3781.0,5640,290532,212954280.0,3781.0,59,3779.0,3
rb1805,20170830,20170829,210104500,3779.0,5656,290536,213558920.0,3779.0,5,3778.0,20
rb1805,20170830,20170829,210105000,3779.0,5662,290540,213785660.0,3779.0,20,3778.0,20
rb1805,20170830,20170829,210105500,3778.0,5686,290552,214692580.0,3779.0,12,3778.0,20
rb1805,20170830,20170829,210106000,3779.0,5726,290554,216203820.0,3778.0,2,3777.0,38
rb1805,20170830,20170829,210106500,3777.0,5728,290556,216279360.0,3778.0,3,3777.0,37
rb1805,20170830,20170829,210107000,3778.0,5740,290550,216732620.0,3778.0,18,3777.0,32
rb1805,20170830,20170829,210107500,3777.0,5758,290554,217412500.0,3778.0,23,3777.0,24
rb1805,20170830,20170829,210108000,3777.0,5762,290552,217563580.0,3778.0,23,3777.0,24
rb1805,20170830,20170829,210108500,3777.0,5762,290552,217563580.0,3778.0,23,3777.0,26
rb1805,20170830,20170829,210109000,3778.0,5852,290580,220963100.0,3777.0,2,3776.0,95
rb1805,20170830,20170829,210109500,3778.0,5860,290578,221265280.0,3778.0,9,3776.0,95
rb1805,20170830,20170829,210110000,3777.0,5872,290586,221718620.0,3778.0,5,3777.0,23
rb1805,20170830,20170829,210110500,3777.0,5880,290590,222020800.0,3778.0,8,3777.0,22
rb1805,20170830,20170829,210111000,3778.0,5888,290590,222323020.0,3778.0,6,3777.0,25
rb1805,20170830,20170829,210111500,3777.0,5902,290594,222851900.0,3778.0,3,3777.0,23
rb1805,20170830,20170829,210112000,3777.0,5902,290594,222851900.0,3778.0,5,3777.0,24
rb1805,20170830,20170829,210112500,3778.0,5908,290600,223078540.0,3778.0,17,3777.0,24
rb1805,20170830,20170829,210113000,3777.0,5912,290604,223229620.0,3778.0,16,3777.0,18
rb1805,20170830,20170829,210113500,3778.0,5936,290600,224136340.0,3779.0,35,3778.0,7
rb1805,20170830,20170829,210114000,3778.0,5964,290598,225194180.0,3779.0,40,3778.0,3
rb1805,20170830,20170829,210114500,3779.0,5986,290604,226025420.0,3779.0,15,3778.0,7
rb1805,20170830,20170829,210115000,3777.0,6024,290592,227461040.0,3778.0,5,3777.0,33
rb1805,20170830,20170829,210115500,3779.0,6042,290598,228141160.0,3779.0,28,3778.0,9
rb1805,20170830,20170829,210116000,3778.0,6068,290602,229123460.0,3779.0,29,3778.0,3
rb1805,20170830,20170829,210116500,3778.0,6084,290594,229727920.0,3778.0,2,3777.0,44
rb1805,20170830,20170829,210117000,3777.0,6086,290594,229803460.0,3778.0,3,3777.0,44
rb1805,20170830,20170829,210117500,3777.0,6086,290594,229803460.0,3778.0,6,3777.0,44
rb1805,20170830,20170829,210118000,3777.0,6092,290598,230030100.0,3778.0,58,3777.0,42
rb1805,20170830,20170829,210118500,3778.0,6104,290602,230483440.0,3778.0,54,3777.0,41
rb1805,20170830,20170829,210119000,3778.0,6104,290602,230483440.0,3778.0,63,3777.0,41
rb1805,20170830,20170829,210119500,3777.0,6110,290600,230710060.0,3778.0,65,3777.0,39
rb1805,20170830,20170829,210120000,3777.0,6152,290594,232296660.0,3778.0,53,3777.0,31
rb1805,20170830,20170829,210120500,3777.0,6182,290564,233429760.0,3778.0,62,3777.0,19
rb1805,20170830,20170829,210121000,3777.0,6192,290554,233807460.0,3778.0,62,3777.0,14
rb1805,20170830,20170829,210121500,3777.0,6198,290548,234034080.0,3778.0,63,3777.0,11
rb1805,20170830,20170829,210122000,3776.0,6222,290538,234940540.0,3777.0,59,3776.0,95
rb1805,20170830,20170829,210122500,3777.0,6236,290538,235469320.0,3777.0,53,3776.0,89
rb1805,20170830,20170829,210123000,3776.0,6256,290558,236224520.0,3777.0,54,3776.0,79
rb1805,20170830,20170829,210123500,3776.0,6426,290642,242643620.0,3776.0,1,3775.0,62
rb1805,20170830,20170829,210124000,3775.0,6562,290618,247777620.0,3775.0,46,3774.0,16
rb1805,20170830,20170829,210124500,3773.0,6604,290618,249362620.0,3775.0,47,3773.0,31
rb1805,20170830,20170829,210125000,3774.0,6614,290610,249740020.0,3774.0,4,3773.0,46
rb1805,20170830,20170829,210125500,3774.0,6630,290616,250343860.0,3775.0,45,3774.0,112
rb1805,20170830,20170829,210126000,3775.0,6648,290618,251023340.0,3776.0,54,3774.0,118
rb1805,20170830,20170829,210126500,3774.0,6662,290628,251551700.0,3776.0,50,3774.0,107
rb1805,20170830,20170829,210127000,3774.0,6664,290628,251627180.0,3775.0,1,3774.0,106
rb1805,20170830,20170829,210127500,3775.0,6670,290624,251853680.0,3776.0,55,3775.0,35
rb1805,20170830,20170829,210128000,3775.0,6674,290622,252004700.0,3776.0,51,3775.0,35
rb1805,20170830,20170829,210128500,3776.0,6758,290634,255176560.0,3777.0,44,3776.0,55
rb1805,20170830,20170829,210129000,3777.0,6824,290620,257669380.0,3778.0,45,3777.0,4
rb1805,20170830,20170829,210129500,3777.0,6826,290618,257744920.0,3778.0,45,3777.0,13
rb1805,20170830,20170829,210130000,3776.0,6854,290618,258802520.0,3777.0,23,3776.0,41
rb1805,20170830,20170829,210130500,3776.0,6888,290586,260086680.0,3777.0,7,3776.0,31
rb1805,20170830,20170829,210131000,3776.0,6928,290618,261597120.0,3777.0,6,3776.0,13
rb1805,20170830,20170829,210131500,3776.0,6930,290618,261672640.0,3777.0,16,3776.0,5
rb1805,20170830,20170829,210132000,3776.0,6934,290614,261823680.0,3777.0,26,3776.0,5
rb1805,20170830,20170829,210132500,3776.0,6938,290610,261974720.0,3777.0,26,3776.0,3
rb1805,20170830,20170829,210133000,3776.0,6938,290610,261974720.0,3777.0,26,3776.0,10
rb1805,20170830,20170829,210133500,3776.0,6938,290610,261974720.0,3777.0,23,3776.0,10
rb1805,20170830,20170829,210134000,3776.0,6962,290590,262880960.0,3776.0,25,3775.0,6
rb1805,20170830,20170829,210134500,3776.0,6970,290590,263183040.0,3776.0,22,3775.0,26
rb1805,20170830,20170829,210135000,3776.0,6970,290590,263183040.0,3776.0,15,3775.0,36
rb1805,20170830,20170829,210135500,3776.0,6970,290590,263183040.0,3776.0,17,3775.0,26
rb1805,20170830,20170829,210136000,3775.0,6980,290582,263560540.0,3776.0,19,3775.0,21
rb1805,20170830,20170829,210136500,3775.0,6980,290582,263560540.0,3776.0,20,3775.0,26
rb1805,20170830,20170829,210137000,3775.0,7032,290580,265523540.0,3775.0,36,3774.0,71
rb1805,20170830,20170829,210137500,3774.0,7076,290580,267184100.0,3775.0,73,3774.0,50
rb1805,20170830,20170829,210138000,3774.0,7178,290620,271033580.0,3774.0,43,3773.0,39
rb1805,20170830,20170829,210138500,3774.0,7184,290620,271260020.0,3774.0,32,3773.0,33
rb1805,20170830,20170829,210139000,3773.0,7256,290686,273976640.0,3773.0,3,3772.0,52
rb1805,20170830,20170829,210139500,3773.0,7264,290688,274278480.0,3774.0,31,3773.0,17
rb1805,20170830,20170829,210140000,3773.0,7264,290688,274278480.0,3774.0,31,3773.0,32
rb1805,20170830,20170829,210140500,3774.0,7270,290694,274504920.0,3774.0,28,3773.0,23
rb1805,20170830,20170829,210141000,3772.0,7322,290648,276466860.0,3773.0,23,3772.0,51
rb1805,20170830,20170829,210141500,3773.0,7348,290648,277447820.0,3773.0,9,3772.0,47
rb1805,20170830,20170829,210142000,3772.0,7352,290652,277598700.0,3773.0,15,3772.0,55
rb1805,20170830,20170829,210142500,3773.0,7364,290650,278051460.0,3773.0,14,3772.0,55
rb1805,20170830,20170829,210143000,3773.0,7364,290650,278051460.0,3773.0,15,3772.0,45
rb1805,20170830,20170829,210143500,3772.0,7458,290720,281597140.0,3772.0,9,3771.0,25
rb1805,20170830,20170829,210144000,3772.0,7458,290720,281597140.0,3772.0,9,3771.0,32
rb1805,20170830,20170829,210144500,3772.0,7458,290720,281597140.0,3772.0,3,3771.0,32
rb1805,20170830,20170829,210145000,3772.0,7462,290718,281748020.0,3772.0,3,3771.0,32
rb1805,20170830,20170829,210145500,3772.0,7478,290706,282351580.0,3773.0,34,3772.0,1
rb1805,20170830,20170829,210146000,3772.0,7524,290716,284086300.0,3772.0,2,3771.0,12
rb1805,20170830,20170829,210146500,3772.0,7528,290718,284237180.0,3772.0,6,3771.0,12
rb1805,20170830,20170829,210147000,3772.0,7544,290722,284840700.0,3773.0,15,3772.0,20
rb1805,20170830,20170829,210147500,3772.0,7576,290716,286048040.0,3774.0,36,3772.0,49
rb1805,20170830,20170829,210148000,3772.0,7598,290714,286878280.0,3774.0,21,3772.0,43
rb1805,20170830,20170829,210148500,3774.0,7628,290698,288010500.0,3775.0,39,3774.0,10
rb1805,20170830,20170829,210149000,3774.0,7642,290688,288538860.0,3774.0,1,3773.0,6
rb1805,20170830,20170829,210149500,3774.0,7648,290692,288765320.0,3775.0,29,3774.0,17
rb1805,20170830,20170829,210150000,3774.0,7666,290684,289444640.0,3775.0,30,3774.0,3
rb1805,20170830,20170829,210150500,3774.0,7690,290692,290350400.0,3775.0,30,3774.0,10
rb1805,20170830,20170829,210151000,3775.0,7692,290690,290425900.0,3775.0,29,3774.0,10
rb1805,20170830,20170829,210151500,3774.0,7712,290688,291180860.0,3775.0,23,3774.0,18
rb1805,20170830,20170829,210152000,3774.0,7714,290690,291256340.0,3775.0,27,3774.0,17
rb1805,20170830,20170829,210152500,3775.0,7732,290694,291935840.0,3776.0,48,3775.0,21
rb1805,20170830,20170829,210153000,3775.0,7734,290694,292011340.0,3776.0,52,3775.0,21
rb1805,20170830,20170829,210153500,3774.0,7786,290706,293974280.0,3775.0,79,3774.0,23
rb1805,20170830,20170829,210154000,3774.0,7834,290692,295785800.0,3774.0,2,3773.0,51
rb1805,20170830,20170829,210154500,3774.0,7838,290694,295936760.0,3775.0,113,3773.0,44
rb1805,20170830,20170829,210155000,3774.0,7838,290694,295936760.0,3775.0,101,3774.0,7
rb1805,20170830,20170829,210155500,3774.0,7852,290692,296465120.0,3774.0,37,3773.0,52
rb1805,20170830,20170829,210156000,3774.0,7856,290694,296616080.0,3774.0,22,3773.0,39
rb1805,20170830,20170829,210156500,3774.0,7860,290696,296767040.0,3774.0,23,3773.0,39
rb1805,20170830,20170829,210157000,3774.0,7866,290702,296993480.0,3774.0,55,3773.0,38
rb1805,20170830,20170829,210157500,3773.0,7906,290704,298502680.0,3773.0,8,3772.0,49
rb1805,20170830,20170829,210158000,3773.0,7906,290704,298502680.0,3773.0,23,3772.0,42
rb1805,20170830,20170829,210158500,3773.0,7910,290708,298653600.0,3773.0,61,3772.0,22
rb1805,20170830,20170829,210159000,3772.0,7960,290708,300539640.0,3772.0,34,3771.0,52
rb1805,20170830,20170829,210159500,3773.0,8034,290730,303330980.0,3773.0,50,3772.0,43
rb1805,20170830,20170829,210200000,3773.0,8058,290714,304236500.0,3773.0,38,3772.0,41
rb1805,20170830,20170829,210200500,3772.0,8130,290740,306952340.0,3772.0,7,3771.0,52
rb1805,20170830,20170829,210201000,3771.0,8134,290742,307103180.0,3772.0,56,3771.0,30
rb1805,20170830,20170829,210201500,3771.0,8196,290744,309441220.0,3771.0,5,3770.0,56
rb1805,20170830,20170829,210202000,3770.0,8202,290744,309667420.0,3771.0,10,3770.0,55
rb1805,20170830,20170829,210202500,3772.0,8232,290730,310798660.0,3772.0,50,3771.0,12
rb1805,20170830,20170829,210203000,3770.0,8264,290738,312005300.0,3772.0,61,3770.0,46
rb1805,20170830,20170829,210203500,3770.0,8284,290738,312759300.0,3771.0,35,3770.0,48
rb1805,20170830,20170829,210204000,3770.0,8312,290722,313814900.0,3772.0,15,3770.0,34
rb1805,20170830,20170829,210204500,3771.0,8340,290714,314870660.0,3771.0,34,3770.0,31
rb1805,20170830,20170829,210205000,3771.0,8486,290700,320377000.0,3772.0,7,3771.0,16
rb1805,20170830,20170829,210205500,3772.0,8556,290690,323017520.0,3772.0,3,3771.0,25
rb1805,20170830,20170829,210206000,3771.0,8558,290690,323092940.0,3772.0,9,3771.0,29
rb1805,20170830,20170829,210206500,3771.0,8564,290690,323319220.0,3772.0,12,3771.0,16
rb1805,20170830,20170829,210207000,3771.0,8566,290688,323394640.0,3772.0,13,3771.0,15
rb1805,20170830,20170829,210207500,3771.0,8574,290682,323696320.0,3772.0,43,3771.0,15
rb1805,20170830,20170829,210208000,3771.0,8600,290690,324676820.0,3772.0,15,3771.0,8
rb1805,20170830,20170829,210208500,3771.0,8636,290702,326034380.0,3771.0,142,3770.0,55
rb1805,20170830,20170829,210209000,3770.0,8642,290702,326260620.0,3771.0,151,3770.0,51
rb1805,20170830,20170829,210209500,3771.0,8652,290708,326637720.0,3771.0,146,3770.0,51
rb1805,20170830,20170829,210210000,3770.0,8662,290706,327014780.0,3771.0,143,3770.0,42
rb1805,20170830,20170829,210210500,3770.0,8662,290706,327014780.0,3771.0,147,3770.0,42
rb1805,20170830,20170829,210211000,3770.0,8666,290706,327165580.0,3771.0,147,3770.0,41
rb1805,20170830,20170829,210211500,3770.0,8666,290706,327165580.0,3771.0,148,3770.0,42
rb1805,20170830,20170829,210212000,3771.0,8968,290822,338553980.0,3772.0,10,3771.0,30
rb1805,20170830,20170829,210212500,3771.0,8972,290822,338704840.0,3772.0,7,3771.0,30
rb1805,20170830,20170829,210213000,3771.0,8986,290822,339232780.0,3772.0,28,3770.0,51
rb1805,20170830,20170829,210213500,3770.0,8988,290820,339308180.0,3772.0,64,3770.0,43
rb1805,20170830,20170829,210214000,3771.0,8990,290820,339383600.0,3771.0,18,3770.0,45
rb1805,20170830,20170829,210214500,3771.0,9006,290816,339986900.0,3771.0,13,3770.0,42
rb1805,20170830,20170829,210215000,3770.0,9018,290822,340439300.0,3771.0,14,3770.0,37
rb1805,20170830,20170829,210215500,3771.0,9022,290822,340590140.0,3771.0,12,3770.0,39
rb1805,20170830,20170829,210216000,3771.0,9028,290822,340816380.0,3771.0,32,3770.0,38
rb1805,20170830,20170829,210216500,3770.0,9044,290824,341419700.0,3771.0,26,3770.0,36
rb1805,20170830,20170829,210217000,3770.0,9048,290828,341570500.0,3771.0,26,3770.0,34
rb1805,20170830,20170829,210217500,3770.0,9080,290844,342777100.0,3771.0,17,3770.0,29
rb1805,20170830,20170829,210218000,3770.0,9082,290842,342852500.0,3771.0,17,3770.0,48
rb1805,20170830,20170829,210218500,3770.0,9086,290842,343003300.0,3771.0,18,3770.0,47
rb1805,20170830,20170829,210219000,3770.0,9088,290842,343078700.0,3771.0,45,3770.0,51
rb1805,20170830,20170829,210219500,3771.0,9094,290846,343304920.0,3771.0,18,3770.0,50
rb1805,20170830,20170829,210220000,3771.0,9096,290844,343380340.0,3771.0,17,3770.0,50
rb1805,20170830,20170829,210220500,3770.0,9100,290846,343531160.0,3771.0,44,3770.0,60
rb1805,20170830,20170829,210221000,3771.0,9108,290852,343832780.0,3771.0,45,3770.0,38
rb1805,20170830,20170829,210221500,3770.0,9168,290874,346094940.0,3771.0,127,3770.0,17
rb1805,20170830,20170829,210222000,3771.0,9360,290808,353334640.0,3771.0,62,3770.0,11
rb1805,20170830,20170829,210222500,3770.0,9386,290786,354314840.0,3770.0,76,3769.0,35
rb1805,20170830,20170829,210223000,3770.0,9388,290786,354390240.0,3770.0,59,3769.0,15
rb1805,20170830,20170829,210223500,3770.0,9424,290790,355747100.0,3770.0,59,3769.0,1
rb1805,20170830,20170829,210224000,3769.0,9444,290792,356500800.0,3769.0,9,3768.0,37
rb1805,20170830,20170829,210224500,3769.0,9470,290788,357480680.0,3770.0,68,3768.0,51
rb1805,20170830,20170829,210225000,3770.0,9472,290788,357556080.0,3770.0,67,3769.0,1
rb1805,20170830,20170829,210225500,3769.0,9476,290788,357706840.0,3769.0,28,3768.0,51
rb1805,20170830,20170829,210226000,3768.0,9548,290794,360420400.0,3769.0,6,3768.0,46
rb1805,20170830,20170829,210226500,3768.0,9550,290792,360495760.0,3769.0,8,3768.0,67
rb1805,20170830,20170829,210227000,3768.0,9572,290784,361324860.0,3769.0,3,3768.0,63
rb1805,20170830,20170829,210227500,3769.0,9574,290784,361400240.0,3769.0,3,3768.0,113
rb1805,20170830,20170829,210228000,3768.0,9650,290776,364264640.0,3770.0,51,3768.0,111
rb1805,20170830,20170829,210228500,3769.0,9654,290776,364415380.0,3769.0,1,3768.0,110
rb1805,20170830,20170829,210229000,3768.0,9664,290774,364792220.0,3769.0,3,3768.0,108
rb1805,20170830,20170829,210229500,3769.0,9682,290768,365470520.0,3769.0,1,3768.0,111
rb1805,20170830,20170829,210230000,3768.0,9692,290772,365847360.0,3769.0,10,3768.0,108
rb1805,20170830,20170829,210230500,3768.0,9776,290736,369012540.0,3769.0,7,3768.0,71
rb1805,20170830,20170829,210231000,3769.0,9790,290736,369540200.0,3770.0,54,3769.0,54
rb1805,20170830,20170829,210231500,3769.0,9808,290730,370218620.0,3770.0,54,3769.0,34
rb1805,20170830,20170829,210232000,3769.0,9820,290738,370670900.0,3770.0,54,3769.0,28
rb1805,20170830,20170829,210232500,3770.0,9840,290740,371424740.0,3770.0,52,3769.0,49
rb1805,20170830,20170829,210233000,3770.0,9948,290802,375496340.0,3771.0,68,3770.0,65
rb1805,20170830,20170829,210233500,3770.0,9972,290800,376401140.0,3771.0,68,3770.0,11
rb1805,20170830,20170829,210234000,3771.0,9994,290788,377230720.0,3771.0,59,3770.0,9
rb1805,20170830,20170829,210234500,3770.0,9998,290784,377381520.0,3771.0,59,3770.0,6
rb1805,20170830,20170829,210235000,3770.0,10044,290752,379115720.0,3771.0,60,3770.0,74
rb1805,20170830,20170829,210235500,3770.0,10084,290724,380623720.0,3771.0,63,3770.0,61
rb1805,20170830,20170829,210236000,3770.0,10086,290724,380699120.0,3771.0,62,3770.0,60
rb1805,20170830,20170829,210236500,3771.0,10096,290720,381076180.0,3771.0,59,3770.0,60
rb1805,20170830,20170829,210237000,3771.0,10096,290720,381076180.0,3771.0,59,3770.0,62
rb1805,20170830,20170829,210237500,3770.0,10110,290728,381604000.0,3771.0,59,3770.0,66
rb1805,20170830,20170829,210238000,3771.0,10212,290748,385450200.0,3771.0,19,3770.0,55
rb1805,20170830,20170829,210238500,3770.0,10220,290744,385751840.0,3771.0,19,3770.0,57
rb1805,20170830,20170829,210239000,3771.0,10252,290720,386958560.0,3771.0,3,3770.0,49
rb1805,20170830,20170829,210239500,3771.0,10258,290726,387184820.0,3772.0,38,3771.0,4
rb1805,20170830,20170829,210240000,3771.0,10278,290714,387939020.0,3771.0,8,3770.0,49
rb1805,20170830,20170829,210240500,3771.0,10284,290716,388165260.0,3772.0,38,3770.0,48
rb1805,20170830,20170829,210241000,3770.0,10292,290720,388466860.0,3771.0,5,3770.0,49
rb1805,20170830,20170829,210241500,3770.0,10368,290754,391332480.0,3772.0,39,3770.0,32
rb1805,20170830,20170829,210242000,3771.0,10374,290758,391558780.0,3772.0,39,3770.0,32
rb1805,20170830,20170829,210242500,3771.0,10374,290758,391558780.0,3772.0,39,3770.0,34
rb1805,20170830,20170829,210243000,3772.0,10380,290762,391785100.0,3772.0,36,3771.0,1
rb1805,20170830,20170829,210243500,3771.0,10382,290762,391860520.0,3771.0,15,3770.0,57
rb1805,20170830,20170829,210244000,3771.0,10382,290762,391860520.0,3771.0,15,3770.0,58
rb1805,20170830,20170829,210244500,3771.0,10382,290762,391860520.0,3771.0,20,3770.0,58
rb1805,20170830,20170829,210245000,3771.0,10384,290762,391935940.0,3771.0,19,3770.0,58
rb1805,20170830,20170829,210245500,3771.0,10422,290764,393368920.0,3772.0,35,3771.0,21
rb1805,20170830,20170829,210246000,3771.0,10422,290764,393368920.0,3772.0,34,3771.0,27
rb1805,20170830,20170829,210246500,3771.0,10422,290764,393368920.0,3772.0,31,3771.0,27
rb1805,20170830,20170829,210247000,3772.0,10484,290782,395707560.0,3773.0,10,3772.0,35
rb1805,20170830,20170829,210247500,3773.0,10504,290778,396462160.0,3774.0,23,3773.0,56
rb1805,20170830,20170829,210248000,3773.0,10556,290786,398424140.0,3774.0,36,3773.0,17
rb1805,20170830,20170829,210248500,3773.0,10566,290794,398801440.0,3774.0,36,3773.0,13
rb1805,20170830,20170829,210249000,3773.0,10566,290794,398801440.0,3774.0,36,3773.0,20
rb1805,20170830,20170829,210249500,3773.0,10568,290794,398876900.0,3774.0,37,3773.0,19
rb1805,20170830,20170829,210250000,3773.0,10568,290794,398876900.0,3774.0,29,3773.0,19
rb1805,20170830,20170829,210250500,3774.0,10582,290804,399405160.0,3774.0,24,3773.0,14
rb1805,20170830,20170829,210251000,3774.0,10584,290802,399480640.0,3774.0,28,3773.0,26
rb1805,20170830,20170829,210251500,3773.0,10644,290774,401744440.0,3773.0,4,3772.0,65
rb1805,20170830,20170829,210252000,3773.0,10656,290772,402197200.0,3774.0,27,3773.0,18
rb1805,20170830,20170829,210252500,3774.0,10678,290790,403027460.0,3774.0,19,3773.0,26
rb1805,20170830,20170829,210253000,3774.0,10680,290792,403102940.0,3774.0,23,3773.0,26
rb1805,20170830,20170829,210253500,3774.0,10690,290796,403480340.0,3774.0,19,3773.0,27
rb1805,20170830,20170829,210254000,3774.0,10728,290814,404914460.0,3774.0,1,3773.0,48
rb1805,20170830,20170829,210254500,3774.0,10742,290804,405442820.0,3775.0,37,3774.0,6
rb1805,20170830,20170829,210255000,3774.0,10816,290820,408236120.0,3776.0,25,3774.0,16
rb1805,20170830,20170829,210255500,3774.0,10818,290820,408311600.0,3776.0,26,3775.0,5
rb1805,20170830,20170829,210256000,3776.0,10846,290826,409368660.0,3776.0,18,3775.0,26
rb1805,20170830,20170829,210256500,3776.0,10898,290846,411332180.0,3777.0,42,3776.0,13
rb1805,20170830,20170829,210257000,3776.0,10900,290844,411407700.0,3777.0,33,3776.0,7
rb1805,20170830,20170829,210257500,3776.0,10918,290840,412087540.0,3777.0,14,3776.0,20
rb1805,20170830,20170829,210258000,3777.0,10930,290844,412540720.0,3777.0,24,3776.0,17
rb1805,20170830,20170829,210258500,3777.0,10998,290800,415109040.0,3777.0,8,3776.0,12
rb1805,20170830,20170829,210259000,3776.0,11022,290822,416015280.0,3776.0,4,3775.0,45
rb1805,20170830,20170829,210259500,3776.0,11032,290820,416392880.0,3777.0,15,3776.0,8
rb1805,20170830,20170829,210300000,3776.0,11036,290822,416543920.0,3777.0,13,3776.0,13
rb1805,20170830,20170829,210300500,3777.0,11046,290824,416921660.0,3778.0,65,3777.0,47
rb1805,20170830,20170829,210301000,3777.0,11058,290830,417374900.0,3778.0,65,3777.0,68
rb1805,20170830,20170829,210301500,3777.0,11060,290832,417450440.0,3778.0,65,3777.0,68
rb1805,20170830,20170829,210302000,3778.0,11076,290836,418054860.0,3778.0,62,3777.0,65
rb1805,20170830,20170829,210302500,3777.0,11110,290842,419339280.0,3778.0,49,3777.0,70
rb1805,20170830,20170829,210303000,3778.0,11126,290844,419943720.0,3778.0,56,3777.0,69
rb1805,20170830,20170829,210303500,3778.0,11160,290846,421228200.0,3778.0,34,3777.0,87
rb1805,20170830,20170829,210304000,3778.0,11238,290858,424174980.0,3778.0,14,3777.0,84
rb1805,20170830,20170829,210304500,3778.0,11268,290832,425308380.0,3779.0,53,3778.0,46
rb1805,20170830,20170829,210305000,3779.0,11274,290838,425535100.0,3779.0,53,3778.0,40
rb1805,20170830,20170829,210305500,3779.0,11298,290836,426442020.0,3779.0,43,3778.0,51
rb1805,20170830,20170829,210306000,3778.0,11368,290836,429087260.0,3780.0,112,3778.0,55
rb1805,20170830,20170829,210306500,3780.0,11396,290852,430145600.0,3780.0,147,3779.0,13
rb1805,20170830,20170829,210307000,3780.0,11574,290884,436873900.0,3781.0,58,3780.0,6
rb1805,20170830,20170829,210307500,3780.0,11590,290888,437478720.0,3781.0,50,3780.0,31
rb1805,20170830,20170829,210308000,3782.0,12002,291082,453060860.0,3784.0,49,3782.0,16
rb1805,20170830,20170829,210308500,3783.0,12034,291076,454271220.0,3783.0,54,3782.0,29
rb1805,20170830,20170829,210309000,3785.0,12204,291114,460703620.0,3785.0,62,3784.0,15
rb1805,20170830,20170829,210309500,3786.0,12390,290998,467743620.0,3786.0,7,3785.0,11
rb1805,20170830,20170829,210310000,3786.0,12622,290882,476524020.0,3786.0,90,3784.0,2
rb1805,20170830,20170829,210310500,3786.0,12854,290790,485303060.0,3786.0,30,3783.0,32
rb1805,20170830,20170829,210311000,3784.0,13014,290880,491359680.0,3784.0,1,3783.0,34
rb1805,20170830,20170829,210311500,3786.0,13132,290918,495826340.0,3786.0,66,3785.0,10
rb1805,20170830,20170829,210312000,3785.0,13156,290922,496734740.0,3785.0,150,3784.0,4
rb1805,20170830,20170829,210312500,3784.0,13246,290890,500139540.0,3784.0,77,3782.0,22
rb1805,20170830,20170829,210313000,3782.0,13280,290894,501425740.0,3783.0,16,3782.0,13
rb1805,20170830,20170829,210313500,3782.0,13298,290910,502106540.0,3783.0,15,3782.0,12
rb1805,20170830,20170829,210314000,3783.0,13336,290928,503543860.0,3783.0,7,3782.0,16
rb1805,20170830,20170829,210314500,3782.0,13372,290932,504905500.0,3782.0,1,3781.0,46
rb1805,20170830,20170829,210315000,3782.0,13376,290934,505056780.0,3783.0,9,3782.0,3
rb1805,20170830,20170829,210315500,3782.0,13448,290948,507779780.0,3782.0,21,3781.0,44
rb1805,20170830,20170829,210316000,3782.0,13480,290930,508990000.0,3782.0,1,3781.0,44
rb1805,20170830,20170829,210316500,3782.0,13566,290962,512243240.0,3784.0,81,3782.0,48
rb1805,20170830,20170829,210317000,3784.0,13610,290970,513908160.0,3784.0,109,3782.0,46
rb1805,20170830,20170829,210317500,3784.0,13626,290972,514513520.0,3784.0,105,3782.0,70
rb1805,20170830,20170829,210318000,3784.0,13626,290972,514513520.0,3783.0,2,3782.0,74
rb1805,20170830,20170829,210318500,3782.0,13648,290976,515345720.0,3784.0,39,3782.0,71
rb1805,20170830,20170829,210319000,3782.0,13650,290974,515421360.0,3783.0,1,3782.0,72
rb1805,20170830,20170829,210319500,3783.0,13656,290978,515648340.0,3784.0,39,3783.0,2
rb1805,20170830,20170829,210320000,3783.0,13676,290986,516404940.0,3783.0,27,3782.0,49
rb1805,20170830,20170829,210320500,3783.0,13730,290984,518447760.0,3784.0,91,3783.0,3
rb1805,20170830,20170829,210321000,3784.0,13810,290956,521473960.0,3784.0,82,3783.0,1
rb1805,20170830,20170829,210321500,3782.0,13830,290964,522230540.0,3783.0,4,3782.0,18
rb1805,20170830,20170829,210322000,3783.0,13912,290936,525332220.0,3782.0,1,3781.0,23
rb1805,20170830,20170829,210322500,3784.0,13932,290938,526088820.0,3784.0,85,3782.0,7
rb1805,20170830,20170829,210323000,3783.0,13954,290934,526921020.0,3783.0,12,3782.0,16
rb1805,20170830,20170829,210323500,3783.0,13996,290896,528509600.0,3783.0,6,3782.0,4
rb1805,20170830,20170829,210324000,3783.0,14048,290900,530476760.0,3783.0,4,3782.0,1
rb1805,20170830,20170829,210324500,3782.0,14054,290900,530703680.0,3783.0,6,3781.0,26
rb1805,20170830,20170829,210325000,3782.0,14066,290900,531157600.0,3782.0,2,3781.0,24
rb1805,20170830,20170829,210325500,3782.0,14078,290896,531611440.0,3782.0,3,3781.0,25
rb1805,20170830,20170829,210326000,3783.0,14104,290892,532594900.0,3783.0,35,3782.0,17
rb1805,20170830,20170829,210326500,3782.0,14212,290962,536679580.0,3782.0,2,3781.0,15
rb1805,20170830,20170829,210327000,3782.0,14246,290954,537965160.0,3782.0,21,3781.0,3
rb1805,20170830,20170829,210327500,3782.0,14336,290896,541368520.0,3783.0,16,3782.0,332
rb1805,20170830,20170829,210328000,3782.0,14370,290888,542654480.0,3783.0,12,3782.0,323
rb1805,20170830,20170829,210328500,3782.0,14400,290880,543789080.0,3783.0,21,3782.0,309
rb1805,20170830,20170829,210329000,3783.0,14452,290892,545756240.0,3784.0,100,3783.0,40
rb1805,20170830,20170829,210329500,3784.0,14526,290910,548555680.0,3784.0,101,3783.0,4
rb1805,20170830,20170829,210330000,3782.0,14544,290912,549236540.0,3783.0,10,3782.0,317
rb1805,20170830,20170829,210330500,3782.0,14782,290694,558237820.0,3783.0,27,3782.0,197
rb1805,20170830,20170829,210331000,3783.0,14792,290690,558616100.0,3783.0,29,3782.0,196
rb1805,20170830,20170829,210331500,3782.0,14798,290684,558843040.0,3783.0,30,3782.0,194
rb1805,20170830,20170829,210332000,3783.0,14800,290682,558918700.0,3783.0,34,3782.0,194
rb1805,20170830,20170829,210332500,3783.0,14800,290682,558918700.0,3783.0,15,3782.0,201
rb1805,20170830,20170829,210333000,3783.0,14832,290698,560129260.0,3784.0,106,3783.0,20
rb1805,20170830,20170829,210333500,3783.0,14848,290702,560734580.0,3784.0,104,3783.0,26
rb1805,20170830,20170829,210334000,3784.0,14866,290704,561415660.0,3784.0,104,3783.0,35
rb1805,20170830,20170829,210334500,3783.0,14868,290702,561491320.0,3784.0,105,3783.0,38
rb1805,20170830,20170829,210335000,3783.0,14880,290692,561945280.0,3784.0,105,3783.0,53
rb1805,20170830,20170829,210335500,3783.0,14886,290688,562172260.0,3784.0,105,3783.0,55
rb1805,20170830,20170829,210336000,3783.0,14908,290684,563004520.0,3784.0,105,3783.0,52
rb1805,20170830,20170829,210336500,3784.0,15032,290594,567696600.0,3784.0,47,3783.0,49
rb1805,20170830,20170829,210337000,3784.0,15138,290616,571707640.0,3785.0,141,3783.0,50
rb1805,20170830,20170829,210337500,3785.0,15432,290438,582835340.0,3786.0,105,3785.0,34
rb1805,20170830,20170829,210338000,3785.0,15510,290406,585787540.0,3785.0,12,3783.0,44
rb1805,20170830,20170829,210338500,3785.0,15548,290388,587225840.0,3785.0,19,3783.0,45
rb1805,20170830,20170829,210339000,3785.0,15550,290388,587301540.0,3785.0,20,3784.0,2
rb1805,20170830,20170829,210339500,3785.0,15582,290364,588512580.0,3785.0,18,3783.0,61
rb1805,20170830,20170829,210340000,3785.0,15606,290372,589420980.0,3785.0,7,3784.0,1
rb1805,20170830,20170829,210340500,3785.0,15608,290374,589496680.0,3785.0,17,3784.0,2
rb1805,20170830,20170829,210341000,3785.0,15608,290374,589496680.0,3785.0,24,3784.0,2
rb1805,20170830,20170829,210341500,3785.0,15620,290368,589950840.0,3785.0,23,3783.0,70
rb1805,20170830,20170829,210342000,3785.0,15648,290356,591010580.0,3785.0,16,3784.0,17
rb1805,20170830,20170829,210342500,3785.0,15690,290362,592600280.0,3786.0,128,3785.0,82
rb1805,20170830,20170829,210343000,3785.0,15800,290416,596763780.0,3786.0,121,3785.0,31
rb1805,20170830,20170829,210343500,3786.0,15876,290430,599640900.0,3786.0,94,3785.0,20
rb1805,20170830,20170829,210344000,3785.0,15948,290474,602366340.0,3786.0,89,3785.0,2
rb1805,20170830,20170829,210344500,3786.0,15972,290476,603274920.0,3786.0,81,3785.0,40
rb1805,20170830,20170829,210345000,3786.0,16086,290554,607590040.0,3786.0,72,3784.0,46
rb1805,20170830,20170829,210345500,3785.0,16092,290550,607817180.0,3785.0,22,3784.0,46
rb1805,20170830,20170829,210346000,3785.0,16110,290554,608498340.0,3785.0,20,3784.0,41
rb1805,20170830,20170829,210346500,3785.0,16112,290554,608574040.0,3785.0,27,3784.0,42
rb1805,20170830,20170829,210347000,3786.0,16218,290528,612586420.0,3786.0,69,3785.0,10
rb1805,20170830,20170829,210347500,3785.0,16240,290532,613419120.0,3786.0,91,3785.0,25
rb1805,20170830,20170829,210348000,3785.0,16258,290526,614100420.0,3786.0,91,3785.0,17
rb1805,20170830,20170829,210348500,3786.0,16264,290524,614327560.0,3786.0,91,3785.0,34
rb1805,20170830,20170829,210349000,3785.0,16294,290536,615463200.0,3786.0,85,3785.0,28
rb1805,20170830,20170829,210349500,3786.0,16820,290386,635377560.0,3787.0,40,3786.0,104
rb1805,20170830,20170829,210350000,3786.0,17040,290208,643706860.0,3786.0,9,3785.0,33
rb1805,20170830,20170829,210350500,3786.0,17092,290206,645675280.0,3787.0,36,3785.0,19
rb1805,20170830,20170829,210351000,3785.0,17130,290236,647113600.0,3786.0,5,3785.0,1
rb1805,20170830,20170829,210351500,3784.0,17150,290250,647870660.0,3786.0,27,3785.0,1
rb1805,20170830,20170829,210352000,3785.0,17192,290220,649460340.0,3785.0,3,3784.0,43
rb1805,20170830,20170829,210352500,3785.0,17196,290224,649611740.0,3785.0,21,3784.0,35
rb1805,20170830,20170829,210353000,3785.0,17204,290220,649914540.0,3785.0,18,3784.0,35
rb1805,20170830,20170829,210353500,3785.0,17276,290194,652639620.0,3786.0,86,3785.0,342
rb1805,20170830,20170829,210354000,3785.0,17280,290194,652791020.0,3786.0,90,3785.0,340
rb1805,20170830,20170829,210354500,3785.0,17312,290162,654002220.0,3786.0,101,3785.0,324
rb1805,20170830,20170829,210355000,3785.0,17346,290146,655289200.0,3786.0,74,3785.0,337
rb1805,20170830,20170829,210355500,3785.0,17354,290146,655592000.0,3786.0,55,3785.0,333
rb1805,20170830,20170829,210356000,3785.0,17410,290140,657711620.0,3786.0,54,3785.0,308
rb1805,20170830,20170829,210356500,3785.0,17412,290140,657787320.0,3786.0,57,3785.0,307
rb1805,20170830,20170829,210357000,3785.0,17434,290140,658620020.0,3786.0,61,3785.0,296
rb1805,20170830,20170829,210357500,3786.0,17440,290142,658847140.0,3786.0,63,3785.0,294
rb1805,20170830,20170829,210358000,3785.0,17462,290146,659679960.0,3786.0,58,3785.0,289
rb1805,20170830,20170829,210358500,3785.0,17482,290146,660436960.0,3786.0,65,3785.0,279
rb1805,20170830,20170829,210359000,3786.0,17498,290136,661042600.0,3786.0,65,3785.0,271
rb1805,20170830,20170829,210359500,3786.0,17504,290140,661269740.0,3786.0,64,3785.0,272
rb1805,20170830,20170829,210400000,3786.0,17518,290142,661799760.0,3786.0,64,3785.0,273
rb1805,20170830,20170829,210400500,3786.0,17596,290146,664752840.0,3786.0,25,3785.0,284
rb1805,20170830,20170829,210401000,3785.0,17612,290144,665358460.0,3786.0,28,3785.0,284
rb1805,20170830,20170829,210401500,3786.0,17720,290054,669447340.0,3787.0,54,3786.0,12
rb1805,20170830,20170829,210402000,3785.0,17770,290034,671340140.0,3786.0,13,3785.0,274
rb1805,20170830,20170829,210402500,3786.0,17790,290016,672097320.0,3786.0,21,3785.0,274
rb1805,20170830,20170829,210403000,3786.0,17810,290016,672854380.0,3786.0,59,3785.0,265
rb1805,20170830,20170829,210403500,3786.0,17842,290024,674065840.0,3786.0,46,3785.0,266
rb1805,20170830,20170829,210404000,3785.0,17846,290024,674217240.0,3786.0,48,3785.0,265
rb1805,20170830,20170829,210404500,3786.0,18098,289952,683756740.0,3787.0,63,3786.0,100
rb1805,20170830,20170829,210405000,3786.0,18202,289876,687694180.0,3787.0,62,3786.0,49
rb1805,20170830,20170829,210405500,3786.0,18210,289876,687997060.0,3787.0,57,3786.0,45
rb1805,20170830,20170829,210406000,3786.0,18300,289790,691404460.0,3786.0,65,3785.0,47
rb1805,20170830,20170829,210406500,3786.0,18438,289724,696629140.0,3786.0,2,3785.0,48
rb1805,20170830,20170829,210407000,3785.0,18452,289736,697159040.0,3786.0,4,3785.0,40
rb1805,20170830,20170829,210407500,3786.0,18508,289726,699278780.0,3786.0,3,3785.0,19
rb1805,20170830,20170829,210408000,3786.0,18512,289724,699430200.0,3786.0,28,3785.0,18
rb1805,20170830,20170829,210408500,3785.0,18584,289728,702155760.0,3785.0,63,3784.0,41
rb1805,20170830,20170829,210409000,3785.0,18694,289624,706319240.0,3785.0,13,3784.0,24
rb1805,20170830,20170829,210409500,3785.0,18700,289624,706546320.0,3785.0,12,3784.0,19
rb1805,20170830,20170829,210410000,3784.0,18708,289626,706849040.0,3785.0,29,3784.0,15
rb1805,20170830,20170829,210410500,3784.0,18714,289632,707076080.0,3785.0,35,3784.0,16
rb1805,20170830,20170829,210411000,3784.0,18756,289668,708665320.0,3784.0,36,3783.0,64
rb1805,20170830,20170829,210411500,3784.0,18776,289688,709422120.0,3784.0,26,3783.0,60
rb1805,20170830,20170829,210412000,3783.0,18790,289686,709951740.0,3784.0,26,3783.0,50
rb1805,20170830,20170829,210412500,3783.0,18814,289682,710859680.0,3784.0,33,3783.0,43
rb1805,20170830,20170829,210413000,3783.0,18898,289670,714037400.0,3783.0,22,3782.0,34
rb1805,20170830,20170829,210413500,3783.0,18962,289632,716458540.0,3784.0,49,3783.0,46
rb1805,20170830,20170829,210414000,3783.0,18970,289624,716761180.0,3784.0,49,3783.0,52
rb1805,20170830,20170829,210414500,3783.0,18974,289624,716912500.0,3784.0,51,3783.0,50
rb1805,20170830,20170829,210415000,3783.0,18988,289612,717442120.0,3784.0,51,3783.0,54
rb1805,20170830,20170829,210415500,3783.0,18992,289612,717593440.0,3784.0,49,3783.0,53
rb1805,20170830,20170829,210416000,3783.0,18994,289610,717669100.0,3784.0,51,3783.0,52
rb1805,20170830,20170829,210416500,3783.0,18998,289606,717820420.0,3784.0,52,3783.0,53
rb1805,20170830,20170829,210417000,3783.0,19008,289598,718198740.0,3784.0,52,3783.0,51
rb1805,20170830,20170829,210417500,3783.0,19008,289598,718198740.0,3784.0,53,3783.0,47
rb1805,20170830,20170829,210418000,3783.0,19066,289554,720392960.0,3784.0,52,3783.0,22
rb1805,20170830,20170829,210418500,3783.0,19068,289554,720468620.0,3784.0,65,3783.0,28
rb1805,20170830,20170829,210419000,3783.0,19072,289552,720619940.0,3784.0,65,3783.0,26
rb1805,20170830,20170829,210419500,3783.0,19078,289552,720846920.0,3784.0,76,3783.0,26
rb1805,20170830,20170829,210420000,3783.0,19082,289552,720998240.0,3784.0,76,3783.0,24
rb1805,20170830,20170829,210420500,3783.0,19132,289556,722889740.0,3783.0,3,3782.0,40
rb1805,20170830,20170829,210421000,3783.0,19132,289556,722889740.0,3783.0,7,3782.0,15
rb1805,20170830,20170829,210421500,3783.0,19148,289554,723494960.0,3783.0,4,3782.0,12
rb1805,20170830,20170829,210422000,3783.0,19148,289554,723494960.0,3783.0,11,3782.0,12
rb1805,20170830,20170829,210422500,3782.0,19172,289570,724402640.0,3782.0,36,3781.0,15
rb1805,20170830,20170829,210423000,3782.0,19172,289570,724402640.0,3782.0,24,3781.0,15
rb1805,20170830,20170829,210423500,3782.0,19172,289570,724402640.0,3782.0,24,3781.0,15
rb1805,20170830,20170829,210424000,3782.0,19172,289570,724402640.0,3782.0,32,3781.0,15
rb1805,20170830,20170829,210424500,3782.0,19178,289572,724629560.0,3782.0,29,3781.0,14
rb1805,20170830,20170829,210425000,3782.0,19178,289572,724629560.0,3782.0,29,3781.0,13
rb1805,20170830,20170829,210425500,3781.0,19212,289572,725915100.0,3782.0,30,3780.0,42
rb1805,20170830,20170829,210426000,3780.0,19238,289564,726897900.0,3782.0,32,3780.0,80
rb1805,20170830,20170829,210426500,3780.0,19242,289564,727049100.0,3782.0,32,3780.0,80
rb1805,20170830,20170829,210427000,3780.0,19246,289566,727200300.0,3781.0,1,3780.0,79
rb1805,20170830,20170829,210427500,3780.0,19246,289566,727200300.0,3781.0,3,3780.0,28
rb1805,20170830,20170829,210428000,3780.0,19248,289566,727275900.0,3781.0,4,3780.0,28
rb1805,20170830,20170829,210428500,3780.0,19252,289570,727427100.0,3781.0,4,3780.0,32
rb1805,20170830,20170829,210429000,3780.0,19258,289572,727653900.0,3781.0,8,3780.0,29
rb1805,20170830,20170829,210429500,3780.0,19268,289572,728031920.0,3781.0,6,3780.0,26
rb1805,20170830,20170829,210430000,3780.0,19268,289572,728031920.0,3781.0,6,3780.0,29
rb1805,20170830,20170829,210430500,3780.0,19332,289578,730451120.0,3780.0,33,3779.0,21
rb1805,20170830,20170829,210431000,3779.0,19334,289580,730526700.0,3780.0,21,3779.0,20
rb1805,20170830,20170829,210431500,3779.0,19334,289580,730526700.0,3780.0,26,3779.0,20
rb1805,20170830,20170829,210432000,3780.0,19336,289580,730602300.0,3780.0,25,3779.0,23
rb1805,20170830,20170829,210432500,3780.0,19338,289582,730677900.0,3780.0,25,3779.0,23
rb1805,20170830,20170829,210433000,3779.0,19344,289586,730904660.0,3780.0,54,3779.0,22
rb1805,20170830,20170829,210433500,3779.0,19396,289598,732869680.0,3779.0,1,3778.0,45
rb1805,20170830,20170829,210434000,3779.0,19396,289598,732869680.0,3779.0,2,3778.0,45
rb1805,20170830,20170829,210434500,3779.0,19402,289598,733096420.0,3780.0,62,3779.0,2
rb1805,20170830,20170829,210435000,3779.0,19410,289596,733398720.0,3779.0,9,3778.0,44
rb1805,20170830,20170829,210435500,3779.0,19412,289598,733474300.0,3779.0,16,3778.0,44
rb1805,20170830,20170829,210436000,3779.0,19542,289594,738386100.0,3779.0,26,3777.0,3
rb1805,20170830,20170829,210436500,3779.0,19552,289594,738764000.0,3779.0,30,3778.0,1
rb1805,20170830,20170829,210437000,3779.0,19556,289596,738915140.0,3779.0,29,3778.0,1
rb1805,20170830,20170829,210437500,3779.0,19564,289592,739217360.0,3779.0,29,3777.0,8
rb1805,20170830,20170829,210438000,3778.0,19590,289612,740199880.0,3779.0,25,3778.0,58
rb1805,20170830,20170829,210438500,3778.0,19620,289598,741333280.0,3779.0,25,3778.0,71
rb1805,20170830,20170829,210439000,3779.0,19682,289580,743676260.0,3780.0,60,3779.0,28
rb1805,20170830,20170829,210439500,3779.0,19700,289568,744356500.0,3780.0,59,3779.0,4
rb1805,20170830,20170829,210440000,3779.0,19706,289568,744583240.0,3780.0,49,3779.0,5
rb1805,20170830,20170829,210440500,3779.0,19712,289568,744809980.0,3780.0,49,3779.0,3
rb1805,20170830,20170829,210441000,3778.0,19720,289570,745112280.0,3780.0,49,3778.0,97
rb1805,20170830,20170829,210441500,3778.0,19720,289570,745112280.0,3780.0,52,3779.0,1
rb1805,20170830,20170829,210442000,3779.0,19724,289570,745263440.0,3780.0,52,3778.0,98
rb1805,20170830,20170829,210442500,3778.0,19728,289574,745414580.0,3779.0,6,3778.0,97
rb1805,20170830,20170829,210443000,3778.0,19742,289578,745943500.0,3779.0,5,3778.0,86
rb1805,20170830,20170829,210443500,3778.0,19742,289578,745943500.0,3779.0,17,3778.0,91
rb1805,20170830,20170829,210444000,3779.0,19744,289578,746019080.0,3779.0,36,3778.0,91
rb1805,20170830,20170829,210444500,3778.0,19750,289584,746245780.0,3779.0,35,3778.0,89
rb1805,20170830,20170829,210445000,3778.0,19762,289584,746699140.0,3779.0,38,3778.0,85
rb1805,20170830,20170829,210445500,3778.0,19770,289588,747001380.0,3779.0,38,3778.0,93
rb1805,20170830,20170829,210446000,3778.0,19770,289588,747001380.0,3779.0,42,3778.0,93
rb1805,20170830,20170829,210446500,3778.0,19770,289588,747001380.0,3779.0,42,3778.0,93
rb1805,20170830,20170829,210447000,3779.0,19810,289602,748512980.0,3779.0,22,3778.0,93
rb1805,20170830,20170829,210447500,3779.0,19810,289602,748512980.0,3779.0,24,3778.0,93
rb1805,20170830,20170829,210448000,3778.0,19812,289602,748588540.0,3779.0,30,3778.0,92
rb1805,20170830,20170829,210448500,3778.0,19812,289602,748588540.0,3779.0,31,3778.0,110
rb1805,20170830,20170829,210449000,3778.0,19814,289602,748664100.0,3779.0,26,3778.0,109
rb1805,20170830,20170829,210449500,3779.0,19830,289618,749268740.0,3779.0,20,3778.0,109
rb1805,20170830,20170829,210450000,3779.0,19866,289612,750629180.0,3780.0,41,3779.0,10
rb1805,20170830,20170829,210450500,3779.0,19884,289606,751309420.0,3780.0,42,3779.0,2
rb1805,20170830,20170829,210451000,3780.0,19894,289608,751687400.0,3780.0,46,3779.0,10
rb1805,20170830,20170829,210451500,3779.0,19942,289584,753501340.0,3780.0,45,3779.0,13
rb1805,20170830,20170829,210452000,3779.0,19942,289584,753501340.0,3780.0,45,3779.0,16
rb1805,20170830,20170829,210452500,3779.0,19984,289582,755088520.0,3779.0,1,3778.0,135
rb1805,20170830,20170829,210453000,3779.0,19984,289582,755088520.0,3779.0,1,3778.0,128
rb1805,20170830,20170829,210453500,3779.0,19990,289584,755315260.0,3780.0,45,3779.0,1
rb1805,20170830,20170829,210454000,3779.0,20008,289602,755995340.0,3779.0,38,3778.0,122
rb1805,20170830,20170829,210454500,3779.0,20030,289618,756826700.0,3779.0,32,3778.0,121
rb1805,20170830,20170829,210455000,3779.0,20032,289620,756902280.0,3779.0,38,3778.0,121
rb1805,20170830,20170829,210455500,3779.0,20108,289628,759774320.0,3780.0,38,3779.0,24
rb1805,20170830,20170829,210456000,3779.0,20114,289628,760001080.0,3780.0,87,3779.0,22
rb1805,20170830,20170829,210456500,3780.0,20122,289634,760303440.0,3780.0,85,3779.0,21
rb1805,20170830,20170829,210457000,3780.0,20128,289634,760530240.0,3780.0,82,3779.0,29
rb1805,20170830,20170829,210457500,3779.0,20142,289628,761059400.0,3780.0,77,3779.0,34
rb1805,20170830,20170829,210458000,3779.0,20154,289628,761512980.0,3780.0,72,3779.0,34
rb1805,20170830,20170829,210458500,3780.0,20174,289640,762268920.0,3780.0,65,3779.0,38
rb1805,20170830,20170829,210459000,3780.0,20228,289648,764310120.0,3780.0,38,3779.0,40
rb1805,20170830,20170829,210459500,3780.0,20312,289602,767485340.0,3781.0,48,3780.0,13
rb1805,20170830,20170829,210500000,3781.0,20314,289604,767560960.0,3781.0,24,3779.0,45
rb1805,20170830,20170829,210500500,3781.0,20362,289620,769375840.0,3782.0,35,3781.0,4
rb1805,20170830,20170829,210501000,3781.0,20372,289616,769753940.0,3781.0,18,3780.0,8
rb1805,20170830,20170829,210501500,3781.0,20374,289616,769829560.0,3781.0,11,3780.0,19
rb1805,20170830,20170829,210502000,3781.0,20374,289616,769829560.0,3781.0,8,3780.0,22
rb1805,20170830,20170829,210502500,3781.0,20374,289616,769829560.0,3781.0,75,3780.0,19
rb1805,20170830,20170829,210503000,3781.0,20374,289616,769829560.0,3781.0,76,3780.0,12
rb1805,20170830,20170829,210503500,3780.0,20398,289638,770736760.0,3780.0,14,3779.0,74
rb1805,20170830,20170829,210504000,3780.0,20404,289644,770963560.0,3781.0,77,3779.0,174
rb1805,20170830,20170829,210504500,3779.0,20410,289648,771190320.0,3780.0,1,3779.0,180
rb1805,20170830,20170829,210505000,3781.0,20414,289650,771341540.0,3781.0,78,3779.0,181
rb1805,20170830,20170829,210505500,3781.0,20426,289652,771795220.0,3781.0,76,3779.0,181
rb1805,20170830,20170829,210506000,3781.0,20582,289628,777693580.0,3782.0,43,3781.0,12
rb1805,20170830,20170829,210506500,3782.0,20596,289626,778222940.0,3782.0,48,3781.0,10
rb1805,20170830,20170829,210507000,3781.0,20610,289628,778752300.0,3782.0,46,3781.0,4
rb1805,20170830,20170829,210507500,3781.0,20634,289616,779659740.0,3781.0,6,3780.0,6
rb1805,20170830,20170829,210508000,3781.0,20638,289612,779810980.0,3781.0,12,3780.0,6
rb1805,20170830,20170829,210508500,3781.0,20642,289612,779962220.0,3781.0,10,3780.0,9
rb1805,20170830,20170829,210509000,3781.0,20646,289616,780113460.0,3781.0,8,3780.0,9
rb1805,20170830,20170829,210509500,3780.0,20656,289626,780491460.0,3781.0,14,3780.0,14
rb1805,20170830,20170829,210510000,3780.0,20660,289628,780642660.0,3781.0,15,3780.0,17
rb1805,20170830,20170829,210510500,3781.0,20662,289630,780718280.0,3781.0,14,3780.0,19
rb1805,20170830,20170829,210511000,3781.0,20666,289634,780869520.0,3781.0,13,3780.0,19
rb1805,20170830,20170829,210511500,3781.0,20696,289652,782003820.0,3781.0,1,3780.0,19
rb1805,20170830,20170829,210512000,3781.0,20698,289654,782079440.0,3782.0,54,3780.0,20
rb1805,20170830,20170829,210512500,3781.0,20704,289650,782306260.0,3781.0,17,3780.0,18
rb1805,20170830,20170829,210513000,3781.0,20704,289650,782306260.0,3781.0,17,3780.0,18
rb1805,20170830,20170829,210513500,3781.0,20730,289624,783289320.0,3781.0,9,3780.0,25
rb1805,20170830,20170829,210514000,3781.0,20730,289624,783289320.0,3781.0,12,3780.0,26
rb1805,20170830,20170829,210514500,3780.0,20732,289622,783364920.0,3781.0,12,3780.0,25
rb1805,20170830,20170829,210515000,3780.0,20786,289610,785406120.0,3780.0,108,3779.0,85
rb1805,20170830,20170829,210515500,3780.0,20860,289640,788202620.0,3780.0,48,3779.0,43
rb1805,20170830,20170829,210516000,3779.0,20908,289646,790016540.0,3780.0,50,3779.0,19
rb1805,20170830,20170829,210516500,3780.0,21020,289610,794250140.0,3780.0,2,3779.0,37
rb1805,20170830,20170829,210517000,3779.0,21080,289644,796517540.0,3780.0,2,3779.0,5
rb1805,20170830,20170829,210517500,3779.0,21080,289644,796517540.0,3780.0,11,3779.0,5
rb1805,20170830,20170829,210518000,3780.0,21114,289620,797802620.0,3780.0,9,3779.0,13
rb1805,20170830,20170829,210518500,3779.0,21116,289620,797878200.0,3780.0,20,3779.0,9
rb1805,20170830,20170829,210519000,3780.0,21146,289640,799011920.0,3780.0,130,3779.0,2
rb1805,20170830,20170829,210519500,3779.0,21172,289656,799994460.0,3779.0,10,3778.0,131
rb1805,20170830,20170829,210520000,3779.0,21202,289664,801128160.0,3780.0,127,3779.0,10
rb1805,20170830,20170829,210520500,3779.0,21234,289666,802337440.0,3779.0,21,3778.0,131
rb1805,20170830,20170829,210521000,3779.0,21244,289676,802715340.0,3779.0,16,3778.0,131
rb1805,20170830,20170829,210521500,3779.0,21246,289678,802790920.0,3779.0,16,3778.0,132
rb1805,20170830,20170829,210522000,3778.0,21252,289682,803017640.0,3779.0,14,3778.0,131
rb1805,20170830,20170829,210522500,3779.0,21262,289692,803395540.0,3779.0,9,3778.0,132
rb1805,20170830,20170829,210523000,3778.0,21264,289694,803471100.0,3779.0,9,3778.0,133
rb1805,20170830,20170829,210523500,3779.0,21284,289712,804226900.0,3780.0,130,3779.0,1
rb1805,20170830,20170829,210524000,3778.0,21290,289712,804453600.0,3779.0,1,3778.0,131
rb1805,20170830,20170829,210524500,3778.0,21294,289712,804604740.0,3779.0,8,3778.0,131
rb1805,20170830,20170829,210525000,3779.0,21302,289704,804907060.0,3779.0,6,3778.0,130
rb1805,20170830,20170829,210525500,3778.0,21312,289704,805284900.0,3779.0,4,3778.0,127
rb1805,20170830,20170829,210526000,3778.0,21316,289704,805436020.0,3779.0,5,3778.0,125
rb1805,20170830,20170829,210526500,3779.0,21326,289708,805813920.0,3779.0,2,3778.0,125
rb1805,20170830,20170829,210527000,3779.0,21326,289708,805813920.0,3779.0,21,3778.0,125
rb1805,20170830,20170829,210527500,3778.0,21378,289744,807778500.0,3779.0,27,3778.0,100
rb1805,20170830,20170829,210528000,3779.0,21404,289766,808760800.0,3779.0,36,3778.0,88
rb1805,20170830,20170829,210528500,3778.0,21440,289760,810120880.0,3779.0,36,3778.0,71
rb1805,20170830,20170829,210529000,3778.0,21444,289756,810272000.0,3779.0,38,3778.0,69
rb1805,20170830,20170829,210529500,3778.0,21576,289802,815258960.0,3779.0,40,3778.0,3
rb1805,20170830,20170829,210530000,3777.0,21618,289810,816845480.0,3778.0,26,3777.0,15
rb1805,20170830,20170829,210530500,3778.0,21640,289800,817676440.0,3778.0,10,3777.0,5
rb1805,20170830,20170829,210531000,3777.0,21652,289798,818129720.0,3777.0,2,3776.0,42
rb1805,20170830,20170829,210531500,3777.0,21656,289794,818280800.0,3778.0,15,3776.0,57
rb1805,20170830,20170829,210532000,3777.0,21670,289804,818809680.0,3778.0,12,3777.0,1
rb1805,20170830,20170829,210532500,3777.0,21670,289804,818809680.0,3778.0,12,3777.0,1
rb1805,20170830,20170829,210533000,3777.0,21674,289806,818960760.0,3777.0,19,3776.0,46
rb1805,20170830,20170829,210533500,3776.0,21676,289806,819036280.0,3777.0,14,3776.0,25
rb1805,20170830,20170829,210534000,3776.0,21694,289802,819715980.0,3777.0,13,3776.0,17
rb1805,20170830,20170829,210534500,3776.0,21706,289794,820169100.0,3777.0,18,3776.0,11
rb1805,20170830,20170829,210535000,3777.0,21708,289796,820244640.0,3777.0,19,3776.0,14
rb1805,20170830,20170829,210535500,3777.0,21708,289796,820244640.0,3777.0,21,3776.0,14
rb1805,20170830,20170829,210536000,3776.0,21712,289796,820395680.0,3777.0,21,3776.0,14
rb1805,20170830,20170829,210536500,3777.0,21716,289796,820546760.0,3777.0,20,3776.0,15
rb1805,20170830,20170829,210537000,3776.0,21732,289802,821150920.0,3777.0,21,3776.0,8
rb1805,20170830,20170829,210537500,3776.0,21750,289802,821830640.0,3777.0,19,3776.0,1
rb1805,20170830,20170829,210538000,3775.0,21756,289802,822057180.0,3776.0,2,3775.0,27
rb1805,20170830,20170829,210538500,3776.0,21776,289808,822812280.0,3776.0,4,3775.0,22
rb1805,20170830,20170829,210539000,3774.0,21842,289786,825303600.0,3775.0,2,3774.0,8
rb1805,20170830,20170829,210539500,3775.0,21908,289798,827795260.0,3775.0,4,3774.0,21
rb1805,20170830,20170829,210540000,3776.0,21926,289794,828474820.0,3776.0,2,3775.0,8
rb1805,20170830,20170829,210540500,3775.0,21928,289794,828550320.0,3776.0,3,3775.0,3
rb1805,20170830,20170829,210541000,3775.0,21936,289794,828852320.0,3775.0,2,3774.0,26
rb1805,20170830,20170829,210541500,3774.0,21958,289794,829682780.0,3776.0,2,3774.0,28
rb1805,20170830,20170829,210542000,3774.0,21958,289794,829682780.0,3776.0,2,3775.0,3
rb1805,20170830,20170829,210542500,3775.0,21964,289796,829909280.0,3775.0,9,3774.0,19
rb1805,20170830,20170829,210543000,3774.0,21972,289796,830211220.0,3775.0,9,3774.0,33
rb1805,20170830,20170829,210543500,3775.0,22002,289790,831343760.0,3777.0,19,3774.0,45
rb1805,20170830,20170829,210544000,3775.0,22012,289796,831721260.0,3775.0,5,3774.0,34
rb1805,20170830,20170829,210544500,3775.0,22030,289802,832400760.0,3776.0,14,3775.0,36
rb1805,20170830,20170829,210545000,3775.0,22068,289784,833835260.0,3776.0,19,3775.0,32
rb1805,20170830,20170829,210545500,3776.0,22070,289784,833910780.0,3776.0,25,3775.0,49
rb1805,20170830,20170829,210546000,3775.0,22072,289782,833986280.0,3776.0,25,3775.0,49
rb1805,20170830,20170829,210546500,3775.0,22080,289782,834288320.0,3776.0,23,3775.0,47
rb1805,20170830,20170829,210547000,3775.0,22086,289782,834514820.0,3776.0,13,3775.0,46
rb1805,20170830,20170829,210547500,3775.0,22090,289782,834665840.0,3776.0,12,3775.0,30
rb1805,20170830,20170829,210548000,3775.0,22110,289782,835420840.0,3776.0,12,3775.0,20
rb1805,20170830,20170829,210548500,3775.0,22116,289782,835647340.0,3776.0,12,3775.0,22
rb1805,20170830,20170829,210549000,3775.0,22116,289782,835647340.0,3776.0,12,3775.0,56
rb1805,20170830,20170829,210549500,3775.0,22116,289782,835647340.0,3776.0,17,3775.0,42
rb1805,20170830,20170829,210550000,3775.0,22122,289784,835873860.0,3776.0,16,3775.0,52
rb1805,20170830,20170829,210550500,3776.0,22124,289786,835949380.0,3776.0,16,3775.0,52
rb1805,20170830,20170829,210551000,3776.0,22158,289794,837233200.0,3777.0,28,3776.0,11
rb1805,20170830,20170829,210551500,3776.0,22202,289808,838895060.0,3777.0,7,3776.0,11
rb1805,20170830,20170829,210552000,3777.0,22212,289804,839272760.0,3778.0,17,3777.0,22
rb1805,20170830,20170829,210552500,3778.0,22270,289832,841464000.0,3779.0,21,3778.0,8
rb1805,20170830,20170829,210553000,3778.0,22320,289846,843353420.0,3780.0,150,3778.0,11
rb1805,20170830,20170829,210553500,3778.0,22328,289850,843655660.0,3779.0,84,3778.0,7
rb1805,20170830,20170829,210554000,3779.0,22344,289856,844260160.0,3779.0,83,3778.0,4
rb1805,20170830,20170829,210554500,3778.0,22354,289854,844637960.0,3778.0,4,3777.0,37
rb1805,20170830,20170829,210555000,3778.0,22362,289846,844940200.0,3779.0,88,3777.0,34
rb1805,20170830,20170829,210555500,3778.0,22396,289814,846224720.0,3779.0,88,3778.0,1
rb1805,20170830,20170829,210556000,3778.0,22398,289812,846300280.0,3778.0,13,3777.0,35
rb1805,20170830,20170829,210556500,3778.0,22398,289812,846300280.0,3778.0,8,3777.0,35
rb1805,20170830,20170829,210557000,3779.0,22414,289806,846904780.0,3779.0,87,3777.0,37
rb1805,20170830,20170829,210557500,3777.0,22416,289804,846980320.0,3779.0,87,3777.0,36
rb1805,20170830,20170829,210558000,3777.0,22416,289804,846980320.0,3779.0,87,3778.0,1
rb1805,20170830,20170829,210558500,3777.0,22416,289804,846980320.0,3779.0,88,3778.0,9
rb1805,20170830,20170829,210559000,3778.0,22420,289804,847131420.0,3779.0,89,3778.0,10
rb1805,20170830,20170829,210559500,3778.0,22424,289802,847282540.0,3779.0,89,3778.0,18
rb1805,20170830,20170829,210600000,3778.0,22426,289802,847358100.0,3779.0,89,3778.0,28
rb1805,20170830,20170829,210600500,3779.0,22436,289810,847736000.0,3779.0,84,3778.0,38
rb1805,20170830,20170829,210601000,3778.0,22480,289812,849398400.0,3779.0,80,3778.0,20
rb1805,20170830,20170829,210601500,3778.0,22490,289820,849776280.0,3779.0,76,3778.0,19
rb1805,20170830,20170829,210602000,3779.0,22494,289820,849927420.0,3779.0,75,3778.0,18
rb1805,20170830,20170829,210602500,3779.0,22494,289820,849927420.0,3779.0,76,3778.0,21
rb1805,20170830,20170829,210603000,3778.0,22518,289840,850834340.0,3779.0,68,3778.0,19
rb1805,20170830,20170829,210603500,3779.0,22554,289854,852194440.0,3779.0,67,3778.0,5
rb1805,20170830,20170829,210604000,3778.0,22568,289862,852723360.0,3778.0,3,3777.0,28
rb1805,20170830,20170829,210604500,3777.0,22580,289862,853176600.0,3778.0,10,3777.0,13
rb1805,20170830,20170829,210605000,3778.0,22582,289860,853252160.0,3778.0,11,3777.0,13
rb1805,20170830,20170829,210605500,3778.0,22610,289840,854310020.0,3779.0,69,3778.0,22
rb1805,20170830,20170829,210606000,3778.0,22754,289824,859751720.0,3780.0,154,3778.0,37
rb1805,20170830,20170829,210606500,3778.0,22754,289824,859751720.0,3780.0,154,3778.0,52
rb1805,20170830,20170829,210607000,3778.0,22764,289824,860129520.0,3780.0,154,3778.0,48
rb1805,20170830,20170829,210607500,3778.0,22784,289804,860885120.0,3780.0,167,3779.0,10
rb1805,20170830,20170829,210608000,3779.0,22804,289808,861640920.0,3779.0,4,3778.0,57
rb1805,20170830,20170829,210608500,3779.0,22806,289806,861716500.0,3779.0,3,3778.0,57
rb1805,20170830,20170829,210609000,3779.0,22806,289806,861716500.0,3779.0,3,3778.0,57
rb1805,20170830,20170829,210609500,3779.0,22814,289812,862018820.0,3779.0,2,3778.0,57
rb1805,20170830,20170829,210610000,3779.0,22818,289816,862169980.0,3780.0,167,3779.0,2
rb1805,20170830,20170829,210610500,3779.0,22818,289816,862169980.0,3780.0,167,3778.0,39
rb1805,20170830,20170829,210611000,3780.0,22822,289818,862321140.0,3780.0,166,3778.0,37
rb1805,20170830,20170829,210611500,3778.0,22830,289812,862623380.0,3780.0,166,3778.0,35
rb1805,20170830,20170829,210612000,3778.0,22830,289812,862623380.0,3780.0,168,3778.0,40
rb1805,20170830,20170829,210612500,3780.0,22840,289822,863001380.0,3780.0,163,3779.0,1
rb1805,20170830,20170829,210613000,3780.0,22842,289824,863076980.0,3780.0,165,3779.0,1
rb1805,20170830,20170829,210613500,3780.0,22842,289824,863076980.0,3780.0,165,3779.0,1
rb1805,20170830,20170829,210614000,3780.0,22844,289826,863152580.0,3780.0,164,3779.0,2
rb1805,20170830,20170829,210614500,3779.0,22846,289826,863228160.0,3780.0,164,3779.0,5
rb1805,20170830,20170829,210615000,3779.0,22846,289826,863228160.0,3780.0,166,3779.0,5
rb1805,20170830,20170829,210615500,3779.0,22848,289826,863303740.0,3780.0,166,3779.0,5
rb1805,20170830,20170829,210616000,3779.0,22858,289834,863681640.0,3779.0,1,3778.0,42
rb1805,20170830,20170829,210616500,3779.0,22864,289834,863908380.0,3780.0,166,3779.0,1
rb1805,20170830,20170829,210617000,3780.0,22926,289838,866251980.0,3780.0,135,3779.0,1
rb1805,20170830,20170829,210617500,3779.0,22928,289840,866327560.0,3780.0,135,3779.0,3
rb1805,20170830,20170829,210618000,3779.0,22932,289842,866478720.0,3780.0,135,3779.0,1
rb1805,20170830,20170829,210618500,3779.0,22936,289846,866629880.0,3780.0,135,3779.0,49
rb1805,20170830,20170829,210619000,3779.0,22950,289848,867159060.0,3780.0,129,3779.0,56
rb1805,20170830,20170829,210619500,3779.0,22954,289848,867310220.0,3780.0,129,3779.0,58
rb1805,20170830,20170829,210620000,3780.0,23014,289848,869578220.0,3780.0,99,3779.0,58
rb1805,20170830,20170829,210621000,3780.0,23016,289846,869653820.0,3780.0,101,3779.0,58
rb1805,20170830,20170829,210621500,3780.0,23076,289846,871921820.0,3780.0,72,3779.0,58
rb1805,20170830,20170829,210622000,3779.0,23078,289848,871997400.0,3780.0,72,3779.0,57
rb1805,20170830,20170829,210622500,3780.0,23080,289846,872073000.0,3780.0,72,3779.0,57
rb1805,20170830,20170829,210623000,3780.0,23082,289844,872148600.0,3780.0,73,3779.0,58
rb1805,20170830,20170829,210623500,3780.0,23096,289856,872677680.0,3780.0,72,3779.0,52
rb1805,20170830,20170829,210624000,3779.0,23098,289858,872753260.0,3780.0,72,3779.0,51
rb1805,20170830,20170829,210624500,3779.0,23098,289858,872753260.0,3780.0,73,3779.0,51
rb1805,20170830,20170829,210625000,3779.0,23100,289858,872828840.0,3780.0,73,3779.0,50
rb1805,20170830,20170829,210625500,3779.0,23100,289858,872828840.0,3780.0,73,3779.0,50
rb1805,20170830,20170829,210626000,3779.0,23100,289858,872828840.0,3780.0,73,3779.0,50
rb1805,20170830,20170829,210626500,3780.0,23102,289858,872904440.0,3780.0,72,3779.0,50
rb1805,20170830,20170829,210627000,3780.0,23102,289858,872904440.0,3780.0,83,3779.0,51
rb1805,20170830,20170829,210627500,3779.0,23104,289858,872980020.0,3780.0,83,3779.0,50
rb1805,20170830,20170829,210628000,3779.0,23108,289858,873131180.0,3780.0,83,3779.0,48
rb1805,20170830,20170829,210628500,3779.0,23124,289858,873735820.0,3780.0,83,3779.0,40
rb1805,20170830,20170829,210629000,3780.0,23206,289934,876834620.0,3780.0,83,3778.0,38
rb1805,20170830,20170829,210629500,3780.0,23206,289934,876834620.0,3779.0,3,3778.0,38
rb1805,20170830,20170829,210630000,3780.0,23208,289934,876910220.0,3779.0,13,3778.0,38
rb1805,20170830,20170829,210630500,3780.0,23208,289934,876910220.0,3779.0,16,3778.0,37
rb1805,20170830,20170829,210631000,3779.0,23216,289934,877212560.0,3779.0,10,3778.0,37
rb1805,20170830,20170829,210631500,3779.0,23226,289934,877590460.0,3779.0,6,3778.0,37
rb1805,20170830,20170829,210632000,3779.0,23226,289934,877590460.0,3779.0,6,3778.0,37
rb1805,20170830,20170829,210632500,3779.0,23238,289924,878043940.0,3780.0,110,3779.0,27
rb1805,20170830,20170829,210633000,3779.0,23238,289924,878043940.0,3780.0,109,3779.0,27
rb1805,20170830,20170829,210633500,3780.0,23262,289902,878950920.0,3780.0,108,3779.0,16
rb1805,20170830,20170829,210634000,3780.0,23262,289902,878950920.0,3780.0,108,3779.0,16
rb1805,20170830,20170829,210634500,3780.0,23264,289902,879026520.0,3780.0,107,3779.0,27
rb1805,20170830,20170829,210635000,3779.0,23284,289902,879782320.0,3780.0,110,3779.0,17
rb1805,20170830,20170829,210635500,3779.0,23284,289902,879782320.0,3780.0,109,3779.0,17
rb1805,20170830,20170829,210636000,3779.0,23284,289902,879782320.0,3780.0,109,3779.0,22
rb1805,20170830,20170829,210636500,3779.0,23284,289902,879782320.0,3780.0,109,3779.0,22
rb1805,20170830,20170829,210637000,3779.0,23286,289902,879857900.0,3780.0,109,3779.0,24
rb1805,20170830,20170829,210637500,3780.0,23288,289904,879933500.0,3780.0,108,3779.0,24
rb1805,20170830,20170829,210638000,3779.0,23290,289904,880009080.0,3780.0,108,3779.0,23
rb1805,20170830,20170829,210638500,3779.0,23290,289904,880009080.0,3780.0,109,3779.0,26
rb1805,20170830,20170829,210639000,3779.0,23292,289902,880084660.0,3780.0,109,3779.0,26
rb1805,20170830,20170829,210639500,3779.0,23346,289898,882125320.0,3779.0,6,3778.0,48
rb1805,20170830,20170829,210640000,3780.0,23364,289896,882805580.0,3780.0,107,3779.0,22
rb1805,20170830,20170829,210640500,3780.0,23364,289896,882805580.0,3780.0,107,3779.0,21
rb1805,20170830,20170829,210641000,3780.0,23384,289908,883561580.0,3780.0,97,3779.0,23
rb1805,20170830,20170829,210641500,3781.0,23590,289944,891348500.0,3781.0,8,3780.0,30
rb1805,20170830,20170829,210642000,3782.0,23608,289954,892029100.0,3782.0,53,3781.0,35
rb1805,20170830,20170829,210642500,3781.0,23616,289958,892331640.0,3782.0,50,3781.0,17
rb1805,20170830,20170829,210643000,3782.0,23678,289942,894676480.0,3782.0,19,3781.0,13
rb1805,20170830,20170829,210643500,3782.0,23706,289944,895735440.0,3782.0,8,3781.0,20
rb1805,20170830,20170829,210644000,3782.0,23718,289938,896189280.0,3782.0,7,3781.0,25
rb1805,20170830,20170829,210644500,3782.0,23736,289944,896870040.0,3783.0,51,3782.0,18
rb1805,20170830,20170829,210645000,3781.0,23780,289952,898534040.0,3782.0,34,3781.0,20
rb1805,20170830,20170829,210645500,3783.0,23830,289930,900424960.0,3783.0,50,3782.0,1
rb1805,20170830,20170829,210646000,3782.0,23832,289928,900500600.0,3783.0,55,3782.0,16
rb1805,20170830,20170829,210646500,3782.0,23836,289928,900651880.0,3783.0,59,3782.0,14
rb1805,20170830,20170829,210647000,3782.0,23948,289890,904888740.0,3783.0,11,3782.0,9
rb1805,20170830,20170829,210647500,3782.0,23952,289892,905040020.0,3783.0,12,3782.0,16
rb1805,20170830,20170829,210648000,3783.0,23964,289884,905493900.0,3783.0,10,3782.0,13
rb1805,20170830,20170829,210648500,3783.0,23966,289884,905569560.0,3783.0,10,3782.0,21
rb1805,20170830,20170829,210649000,3783.0,23988,289886,906401820.0,3784.0,77,3783.0,14
rb1805,20170830,20170829,210649500,3783.0,23988,289886,906401820.0,3784.0,78,3783.0,15
rb1805,20170830,20170829,210650000,3783.0,23994,289884,906628800.0,3784.0,79,3783.0,25
rb1805,20170830,20170829,210650500,3783.0,24008,289884,907158440.0,3784.0,78,3783.0,20
rb1805,20170830,20170829,210651000,3783.0,24052,289914,908822960.0,3783.0,45,3782.0,34
rb1805,20170830,20170829,210651500,3782.0,24076,289938,909730640.0,3782.0,38,3781.0,76
rb1805,20170830,20170829,210652000,3783.0,24160,289962,912907600.0,3783.0,41,3782.0,66
rb1805,20170830,20170829,210652500,3783.0,24260,290000,916690760.0,3784.0,81,3783.0,43
rb1805,20170830,20170829,210653000,3783.0,24346,289996,919944140.0,3783.0,2,3782.0,120
rb1805,20170830,20170829,210653500,3784.0,24516,290114,926376900.0,3784.0,3,3783.0,27
rb1805,20170830,20170829,210654000,3784.0,24520,290110,926528260.0,3784.0,1,3783.0,13
rb1805,20170830,20170829,210654500,3784.0,24524,290106,926679620.0,3785.0,80,3784.0,6
rb1805,20170830,20170829,210655000,3784.0,24526,290104,926755300.0,3785.0,85,3784.0,15
rb1805,20170830,20170829,210655500,3785.0,24594,290132,929329040.0,3785.0,55,3784.0,17
rb1805,20170830,20170829,210656000,3785.0,24614,290134,930085960.0,3785.0,54,3784.0,13
rb1805,20170830,20170829,210656500,3785.0,24670,290160,932205420.0,3785.0,33,3784.0,4
rb1805,20170830,20170829,210657000,3784.0,24676,290162,932432500.0,3785.0,31,3784.0,54
rb1805,20170830,20170829,210657500,3784.0,24678,290162,932508180.0,3785.0,31,3784.0,55
rb1805,20170830,20170829,210658000,3785.0,24682,290164,932659580.0,3785.0,42,3784.0,55
rb1805,20170830,20170829,210658500,3785.0,24682,290164,932659580.0,3785.0,45,3784.0,57
rb1805,20170830,20170829,210659000,3784.0,24686,290164,932810940.0,3785.0,42,3784.0,55
rb1805,20170830,20170829,210659500,3785.0,24726,290172,934324880.0,3785.0,26,3784.0,52
rb1805,20170830,20170829,210700000,3785.0,24784,290176,936520180.0,3786.0,30,3785.0,78
rb1805,20170830,20170829,210700500,3786.0,24792,290170,936823000.0,3786.0,29,3785.0,90
rb1805,20170830,20170829,210701000,3785.0,24816,290166,937731560.0,3786.0,22,3785.0,86
rb1805,20170830,20170829,210701500,3785.0,24830,290156,938261480.0,3786.0,22,3785.0,82
rb1805,20170830,20170829,210702000,3785.0,24868,290158,939700060.0,3786.0,9,3785.0,57
rb1805,20170830,20170829,210702500,3785.0,24872,290156,939851480.0,3786.0,9,3785.0,31
rb1805,20170830,20170829,210703000,3785.0,24900,290166,940911500.0,3786.0,6,3785.0,28
rb1805,20170830,20170829,210703500,3785.0,24904,290170,941062900.0,3786.0,10,3785.0,25
rb1805,20170830,20170829,210704000,3786.0,24920,290172,941668660.0,3786.0,13,3785.0,25
rb1805,20170830,20170829,210704500,3785.0,24976,290170,943788260.0,3785.0,25,3784.0,69
rb1805,20170830,20170829,210705000,3785.0,25012,290174,945150860.0,3785.0,9,3784.0,69
rb1805,20170830,20170829,210705500,3785.0,25024,290170,945605040.0,3785.0,12,3784.0,61
rb1805,20170830,20170829,210706000,3784.0,25026,290168,945680720.0,3785.0,14,3784.0,60
rb1805,20170830,20170829,210706500,3784.0,25082,290174,947799980.0,3785.0,21,3784.0,43
rb1805,20170830,20170829,210707000,3784.0,25148,290128,950297420.0,3785.0,43,3784.0,10
rb1805,20170830,20170829,210707500,3784.0,25168,290130,951054220.0,3784.0,48,3783.0,24
rb1805,20170830,20170829,210708000,3784.0,25260,290186,954534980.0,3784.0,2,3782.0,67
rb1805,20170830,20170829,210708500,3782.0,25272,290196,954989020.0,3784.0,14,3782.0,66
rb1805,20170830,20170829,210709000,3784.0,25286,290196,955518720.0,3784.0,18,3783.0,13
rb1805,20170830,20170829,210709500,3783.0,25292,290196,955745740.0,3784.0,24,3783.0,12
rb1805,20170830,20170829,210710000,3783.0,25318,290202,956729320.0,3783.0,8,3782.0,66
rb1805,20170830,20170829,210710500,3782.0,25320,290202,956804960.0,3783.0,8,3782.0,66
rb1805,20170830,20170829,210711000,3783.0,25324,290202,956956280.0,3783.0,2,3782.0,66
rb1805,20170830,20170829,210711500,3783.0,25330,290204,957183260.0,3784.0,28,3782.0,67
rb1805,20170830,20170829,210712000,3783.0,25338,290206,957485860.0,3784.0,31,3783.0,2
rb1805,20170830,20170829,210712500,3783.0,25342,290206,957637180.0,3783.0,1,3782.0,65
rb1805,20170830,20170829,210713000,3783.0,25346,290204,957788500.0,3784.0,32,3783.0,22
rb1805,20170830,20170829,210713500,3784.0,25368,290206,958620780.0,3784.0,31,3783.0,17
rb1805,20170830,20170829,210714000,3783.0,25382,290212,959150480.0,3784.0,27,3783.0,24
rb1805,20170830,20170829,210714500,3783.0,25384,290212,959226140.0,3784.0,33,3783.0,28
rb1805,20170830,20170829,210715000,3783.0,25398,290202,959755760.0,3784.0,34,3783.0,21
rb1805,20170830,20170829,210715500,3783.0,25416,290206,960436720.0,3784.0,34,3783.0,24
rb1805,20170830,20170829,210716000,3783.0,25416,290206,960436720.0,3784.0,36,3783.0,25
rb1805,20170830,20170829,210716500,3783.0,25426,290206,960815020.0,3784.0,39,3783.0,21
rb1805,20170830,20170829,210717000,3783.0,25468,290200,962403880.0,3783.0,7,3782.0,61
rb1805,20170830,20170829,210717500,3782.0,25470,290200,962479520.0,3783.0,7,3782.0,50
rb1805,20170830,20170829,210718000,3782.0,25542,290178,965202580.0,3783.0,8,3782.0,33
rb1805,20170830,20170829,210718500,3782.0,25542,290178,965202580.0,3783.0,16,3782.0,33
rb1805,20170830,20170829,210719000,3782.0,25544,290180,965278220.0,3783.0,17,3782.0,21
rb1805,20170830,20170829,210719500,3782.0,25560,290182,965883380.0,3783.0,16,3782.0,15
rb1805,20170830,20170829,210720000,3782.0,25560,290182,965883380.0,3783.0,17,3782.0,20
rb1805,20170830,20170829,210720500,3782.0,25562,290184,965959020.0,3783.0,17,3782.0,21
rb1805,20170830,20170829,210721000,3782.0,25562,290184,965959020.0,3783.0,18,3782.0,21
rb1805,20170830,20170829,210721500,3782.0,25566,290188,966110300.0,3783.0,23,3782.0,19
rb1805,20170830,20170829,210722000,3782.0,25604,290206,967547460.0,3782.0,6,3781.0,41
rb1805,20170830,20170829,210722500,3782.0,25604,290206,967547460.0,3782.0,6,3781.0,56
rb1805,20170830,20170829,210723000,3782.0,25604,290206,967547460.0,3782.0,34,3781.0,56
rb1805,20170830,20170829,210723500,3781.0,25620,290210,968152420.0,3782.0,35,3781.0,49
rb1805,20170830,20170829,210724000,3781.0,25626,290210,968379280.0,3782.0,37,3781.0,47
rb1805,20170830,20170829,210724500,3781.0,25626,290210,968379280.0,3782.0,37,3781.0,47
rb1805,20170830,20170829,210725000,3782.0,25630,290212,968530540.0,3782.0,36,3781.0,31
rb1805,20170830,20170829,210725500,3781.0,25638,290216,968833020.0,3782.0,31,3781.0,27
rb1805,20170830,20170829,210726000,3782.0,25656,290218,969513780.0,3782.0,24,3781.0,27
rb1805,20170830,20170829,210726500,3782.0,25676,290236,970270160.0,3782.0,15,3781.0,26
rb1805,20170830,20170829,210727000,3781.0,25682,290238,970497060.0,3782.0,13,3781.0,25
rb1805,20170830,20170829,210727500,3781.0,25682,290238,970497060.0,3782.0,21,3781.0,25
rb1805,20170830,20170829,210728000,3781.0,25682,290238,970497060.0,3782.0,21,3781.0,25
rb1805,20170830,20170829,210728500,3782.0,25688,290242,970723960.0,3782.0,14,3781.0,26
rb1805,20170830,20170829,210729000,3781.0,25702,290256,971253300.0,3782.0,22,3781.0,19
rb1805,20170830,20170829,210729500,3782.0,25710,290260,971555860.0,3782.0,18,3781.0,19
rb1805,20170830,20170829,210730000,3781.0,25712,290262,971631480.0,3782.0,19,3781.0,18
rb1805,20170830,20170829,210730500,3782.0,25764,290260,973598020.0,3783.0,14,3782.0,19
rb1805,20170830,20170829,210731000,3782.0,25764,290260,973598020.0,3783.0,19,3782.0,19
rb1805,20170830,20170829,210731500,3782.0,25770,290258,973824940.0,3783.0,21,3782.0,16
rb1805,20170830,20170829,210732000,3781.0,25830,290238,976093860.0,3782.0,23,3781.0,1
rb1805,20170830,20170829,210732500,3781.0,25830,290238,976093860.0,3782.0,25,3781.0,7
rb1805,20170830,20170829,210733000,3781.0,25830,290238,976093860.0,3782.0,31,3781.0,9
rb1805,20170830,20170829,210733500,3781.0,25830,290238,976093860.0,3782.0,31,3781.0,14
rb1805,20170830,20170829,210734000,3781.0,25830,290238,976093860.0,3782.0,31,3781.0,14
rb1805,20170830,20170829,210734500,3781.0,25832,290240,976169480.0,3782.0,33,3781.0,13
rb1805,20170830,20170829,210735000,3781.0,25832,290240,976169480.0,3782.0,33,3781.0,14
rb1805,20170830,20170829,210735500,3782.0,25898,290228,978665600.0,3783.0,19,3781.0,21
rb1805,20170830,20170829,210736000,3783.0,25916,290220,979346540.0,3783.0,10,3782.0,3
rb1805,20170830,20170829,210736500,3783.0,25916,290220,979346540.0,3783.0,9,3781.0,27
rb1805,20170830,20170829,210737000,3781.0,25918,290220,979422160.0,3783.0,9,3781.0,38
rb1805,20170830,20170829,210737500,3781.0,25994,290186,982295720.0,3781.0,1,3780.0,22
rb1805,20170830,20170829,210738000,3781.0,25994,290186,982295720.0,3781.0,1,3780.0,33
rb1805,20170830,20170829,210738500,3781.0,25996,290186,982371340.0,3782.0,4,3780.0,18
rb1805,20170830,20170829,210739000,3781.0,25996,290186,982371340.0,3782.0,12,3781.0,17
rb1805,20170830,20170829,210739500,3781.0,25996,290186,982371340.0,3782.0,8,3781.0,18
rb1805,20170830,20170829,210740000,3783.0,26004,290180,982673920.0,3783.0,21,3782.0,6
rb1805,20170830,20170829,210740500,3783.0,26004,290180,982673920.0,3783.0,20,3782.0,10
rb1805,20170830,20170829,210741000,3783.0,26004,290180,982673920.0,3783.0,20,3782.0,17
rb1805,20170830,20170829,210741500,3782.0,26012,290180,982976480.0,3783.0,20,3782.0,13
rb1805,20170830,20170829,210742000,3782.0,26028,290168,983581640.0,3783.0,18,3782.0,8
rb1805,20170830,20170829,210742500,3782.0,26028,290168,983581640.0,3783.0,18,3782.0,8
rb1805,20170830,20170829,210743000,3782.0,26030,290168,983657280.0,3783.0,14,3782.0,17
rb1805,20170830,20170829,210743500,3782.0,26036,290170,983884200.0,3783.0,14,3782.0,49
rb1805,20170830,20170829,210744000,3782.0,26056,290190,984640600.0,3783.0,14,3782.0,40
rb1805,20170830,20170829,210744500,3782.0,26056,290190,984640600.0,3783.0,15,3782.0,40
rb1805,20170830,20170829,210745000,3783.0,26086,290202,985775500.0,3784.0,47,3783.0,1
rb1805,20170830,20170829,210745500,3783.0,26118,290204,986986060.0,3784.0,47,3783.0,2
rb1805,20170830,20170829,210746000,3782.0,26120,290204,987061700.0,3783.0,2,3782.0,40
rb1805,20170830,20170829,210746500,3783.0,26124,290206,987213020.0,3784.0,47,3783.0,4
rb1805,20170830,20170829,210747000,3783.0,26124,290206,987213020.0,3783.0,1,3782.0,40
rb1805,20170830,20170829,210747500,3783.0,26128,290206,987364340.0,3784.0,47,3782.0,40
rb1805,20170830,20170829,210748000,3783.0,26128,290206,987364340.0,3783.0,2,3782.0,41
rb1805,20170830,20170829,210748500,3783.0,26130,290206,987440000.0,3783.0,1,3782.0,41
rb1805,20170830,20170829,210749000,3783.0,26144,290192,987969620.0,3784.0,49,3783.0,3
rb1805,20170830,20170829,210749500,3783.0,26176,290196,989180180.0,3784.0,49,3783.0,7
rb1805,20170830,20170829,210750000,3782.0,26192,290198,989785440.0,3783.0,12,3782.0,40
rb1805,20170830,20170829,210750500,3782.0,26192,290198,989785440.0,3783.0,12,3782.0,40
rb1805,20170830,20170829,210751000,3782.0,26192,290198,989785440.0,3783.0,14,3782.0,39
rb1805,20170830,20170829,210751500,3783.0,26196,290200,989936740.0,3783.0,13,3782.0,42
rb1805,20170830,20170829,210752000,3783.0,26196,290200,989936740.0,3783.0,13,3782.0,42
rb1805,20170830,20170829,210752500,3782.0,26198,290202,990012380.0,3783.0,13,3782.0,41
rb1805,20170830,20170829,210753000,3782.0,26198,290202,990012380.0,3783.0,21,3782.0,41
rb1805,20170830,20170829,210753500,3782.0,26198,290202,990012380.0,3783.0,21,3782.0,41
rb1805,20170830,20170829,210754000,3783.0,26206,290204,990314980.0,3783.0,20,3782.0,39
rb1805,20170830,20170829,210754500,3783.0,26206,290204,990314980.0,3783.0,20,3782.0,40
rb1805,20170830,20170829,210755000,3783.0,26206,290204,990314980.0,3783.0,20,3782.0,40
rb1805,20170830,20170829,210755500,3783.0,26206,290204,990314980.0,3783.0,22,3782.0,40
rb1805,20170830,20170829,210756000,3783.0,26206,290204,990314980.0,3783.0,22,3782.0,42
rb1805,20170830,20170829,210756500,3782.0,26208,290206,990390620.0,3783.0,22,3782.0,41
rb1805,20170830,20170829,210757000,3782.0,26210,290206,990466260.0,3783.0,27,3782.0,46
rb1805,20170830,20170829,210757500,3782.0,26210,290206,990466260.0,3783.0,28,3782.0,46
rb1805,20170830,20170829,210758000,3782.0,26210,290206,990466260.0,3783.0,29,3782.0,46
rb1805,20170830,20170829,210758500,3783.0,26224,290210,990995760.0,3783.0,37,3782.0,40
rb1805,20170830,20170829,210759000,3783.0,26234,290210,991374060.0,3783.0,29,3782.0,40
rb1805,20170830,20170829,210759500,3783.0,26234,290210,991374060.0,3783.0,30,3782.0,40
rb1805,20170830,20170829,210800000,3782.0,26264,290238,992508760.0,3783.0,26,3782.0,30
rb1805,20170830,20170829,210800500,3782.0,26266,290240,992584400.0,3783.0,26,3782.0,29
rb1805,20170830,20170829,210801000,3782.0,26266,290240,992584400.0,3783.0,26,3782.0,34
rb1805,20170830,20170829,210801500,3783.0,26282,290250,993189680.0,3783.0,23,3782.0,34
rb1805,20170830,20170829,210802000,3782.0,26284,290250,993265320.0,3783.0,23,3782.0,33
rb1805,20170830,20170829,210802500,3783.0,26326,290254,994854180.0,3783.0,2,3782.0,33
rb1805,20170830,20170829,210803000,3783.0,26326,290254,994854180.0,3783.0,2,3782.0,33
rb1805,20170830,20170829,210803500,3783.0,26326,290254,994854180.0,3783.0,3,3782.0,33
rb1805,20170830,20170829,210804000,3783.0,26326,290254,994854180.0,3783.0,22,3782.0,33
rb1805,20170830,20170829,210804500,3783.0,26326,290254,994854180.0,3783.0,22,3782.0,33
rb1805,20170830,20170829,210805000,3782.0,26328,290254,994929820.0,3783.0,22,3782.0,32
rb1805,20170830,20170829,210805500,3783.0,26332,290252,995081140.0,3783.0,21,3782.0,32
rb1805,20170830,20170829,210806000,3783.0,26332,290252,995081140.0,3783.0,21,3782.0,32
rb1805,20170830,20170829,210806500,3782.0,26334,290254,995156780.0,3783.0,21,3782.0,31
rb1805,20170830,20170829,210807000,3782.0,26352,290254,995837540.0,3783.0,21,3782.0,22
rb1805,20170830,20170829,210807500,3782.0,26352,290254,995837540.0,3783.0,21,3782.0,22
rb1805,20170830,20170829,210808000,3782.0,26352,290254,995837540.0,3783.0,21,3782.0,22
rb1805,20170830,20170829,210808500,3782.0,26352,290254,995837540.0,3783.0,52,3782.0,23
rb1805,20170830,20170829,210809000,3782.0,26352,290254,995837540.0,3783.0,43,3782.0,23
rb1805,20170830,20170829,210809500,3782.0,26372,290252,996593940.0,3783.0,43,3782.0,13
rb1805,20170830,20170829,210810000,3782.0,26398,290246,997577260.0,3782.0,20,3781.0,9
rb1805,20170830,20170829,210810500,3782.0,26398,290246,997577260.0,3782.0,32,3781.0,7
rb1805,20170830,20170829,210811000,3782.0,26398,290246,997577260.0,3782.0,36,3781.0,7
rb1805,20170830,20170829,210811500,3781.0,26404,290246,997804120.0,3782.0,40,3781.0,4
rb1805,20170830,20170829,210812000,3781.0,26416,290240,998257840.0,3781.0,5,3780.0,22
rb1805,20170830,20170829,210812500,3781.0,26422,290240,998484700.0,3781.0,5,3780.0,22
rb1805,20170830,20170829,210813000,3780.0,26436,290242,999013900.0,3781.0,5,3780.0,15
rb1805,20170830,20170829,210813500,3780.0,26442,290240,999240700.0,3781.0,5,3780.0,10
rb1805,20170830,20170829,210814000,3780.0,26442,290240,999240700.0,3781.0,35,3780.0,15
rb1805,20170830,20170829,210814500,3780.0,26442,290240,999240700.0,3781.0,35,3780.0,15
rb1805,20170830,20170829,210815000,3780.0,26444,290240,999316300.0,3781.0,35,3780.0,14
rb1805,20170830,20170829,210815500,3780.0,26472,290232,1000374700.0,3780.0,4,3779.0,30
rb1805,20170830,20170829,210816000,3780.0,26480,290224,1000677100.0,3781.0,39,3780.0,32
rb1805,20170830,20170829,210816500,3780.0,26480,290224,1000677100.0,3781.0,39,3780.0,35
rb1805,20170830,20170829,210817000,3780.0,26480,290224,1000677100.0,3781.0,39,3780.0,31
rb1805,20170830,20170829,210817500,3780.0,26492,290224,1001130700.0,3781.0,39,3780.0,27
rb1805,20170830,20170829,210818000,3780.0,26492,290224,1001130700.0,3781.0,39,3780.0,26
rb1805,20170830,20170829,210818500,3780.0,26494,290226,1001206300.0,3781.0,41,3780.0,25
rb1805,20170830,20170829,210819000,3780.0,26496,290228,1001281900.0,3781.0,41,3780.0,24
rb1805,20170830,20170829,210819500,3780.0,26508,290240,1001735500.0,3781.0,46,3780.0,20
rb1805,20170830,20170829,210820000,3780.0,26548,290246,1003247500.0,3780.0,6,3779.0,51
rb1805,20170830,20170829,210820500,3780.0,26562,290232,1003776700.0,3781.0,47,3780.0,9
rb1805,20170830,20170829,210821000,3780.0,26564,290232,1003852300.0,3781.0,47,3780.0,8
rb1805,20170830,20170829,210821500,3780.0,26566,290232,1003927900.0,3780.0,109,3779.0,51
rb1805,20170830,20170829,210822000,3780.0,26580,290230,1004457080.0,3780.0,105,3779.0,39
rb1805,20170830,20170829,210822500,3780.0,26584,290230,1004608260.0,3780.0,104,3779.0,11
rb1805,20170830,20170829,210823000,3779.0,26588,290228,1004759420.0,3780.0,108,3779.0,9
rb1805,20170830,20170829,210823500,3779.0,26606,290218,1005439640.0,3779.0,2,3778.0,60
rb1805,20170830,20170829,210824000,3779.0,26610,290220,1005590800.0,3780.0,108,3778.0,56
rb1805,20170830,20170829,210824500,3779.0,26612,290220,1005666380.0,3780.0,108,3779.0,7
rb1805,20170830,20170829,210825000,3779.0,26612,290220,1005666380.0,3780.0,128,3779.0,7
rb1805,20170830,20170829,210825500,3779.0,26612,290220,1005666380.0,3780.0,128,3779.0,8
rb1805,20170830,20170829,210826000,3779.0,26612,290220,1005666380.0,3780.0,128,3779.0,8
rb1805,20170830,20170829,210826500,3779.0,26628,290222,1006271020.0,3779.0,12,3778.0,77
rb1805,20170830,20170829,210827000,3779.0,26632,290226,1006422180.0,3779.0,11,3778.0,77
rb1805,20170830,20170829,210827500,3779.0,26668,290238,1007782620.0,3779.0,43,3778.0,57
rb1805,20170830,20170829,210828000,3778.0,26700,290252,1008991740.0,3779.0,35,3778.0,50
rb1805,20170830,20170829,210828500,3778.0,26798,290258,1012694180.0,3779.0,35,3778.0,2
rb1805,20170830,20170829,210829000,3778.0,26804,290260,1012920860.0,3778.0,17,3777.0,14
rb1805,20170830,20170829,210829500,3777.0,26832,290278,1013978420.0,3778.0,22,3776.0,26
rb1805,20170830,20170829,210830000,3777.0,26836,290276,1014129480.0,3778.0,22,3776.0,61
rb1805,20170830,20170829,210830500,3776.0,26906,290266,1016772740.0,3778.0,28,3776.0,27
rb1805,20170830,20170829,210831000,3776.0,26934,290288,1017830080.0,3778.0,27,3776.0,15
rb1805,20170830,20170829,210831500,3776.0,26934,290288,1017830080.0,3778.0,28,3777.0,1
rb1805,20170830,20170829,210832000,3777.0,26938,290290,1017981160.0,3776.0,2,3775.0,32
rb1805,20170830,20170829,210832500,3775.0,26960,290274,1018811860.0,3776.0,6,3775.0,32
rb1805,20170830,20170829,210833000,3776.0,26970,290276,1019189380.0,3776.0,16,3775.0,27
rb1805,20170830,20170829,210833500,3775.0,26972,290278,1019264880.0,3776.0,16,3775.0,30
rb1805,20170830,20170829,210834000,3775.0,27006,290276,1020548380.0,3776.0,16,3775.0,14
rb1805,20170830,20170829,210834500,3776.0,27024,290276,1021227980.0,3776.0,11,3775.0,47
rb1805,20170830,20170829,210835000,3775.0,27032,290278,1021530000.0,3776.0,10,3775.0,61
rb1805,20170830,20170829,210835500,3777.0,27060,290258,1022587300.0,3777.0,5,3776.0,11
rb1805,20170830,20170829,210836000,3776.0,27070,290260,1022964900.0,3777.0,9,3776.0,7
rb1805,20170830,20170829,210836500,3776.0,27074,290260,1023115940.0,3777.0,14,3776.0,12
rb1805,20170830,20170829,210837000,3776.0,27098,290242,1024022180.0,3777.0,15,3776.0,4
rb1805,20170830,20170829,210837500,3776.0,27106,290244,1024324260.0,3777.0,17,3776.0,34
rb1805,20170830,20170829,210838000,3776.0,27106,290244,1024324260.0,3777.0,47,3776.0,1
rb1805,20170830,20170829,210838500,3776.0,27112,290244,1024550820.0,3776.0,2,3775.0,29
rb1805,20170830,20170829,210839000,3776.0,27118,290246,1024777380.0,3777.0,47,3776.0,8
rb1805,20170830,20170829,210839500,3776.0,27138,290248,1025532580.0,3776.0,5,3775.0,30
rb1805,20170830,20170829,210840000,3776.0,27140,290248,1025608100.0,3776.0,4,3775.0,130
rb1805,20170830,20170829,210840500,3776.0,27154,290238,1026136740.0,3777.0,51,3776.0,8
rb1805,20170830,20170829,210841000,3776.0,27160,290240,1026363300.0,3777.0,51,3775.0,130
rb1805,20170830,20170829,210841500,3777.0,27162,290240,1026438840.0,3777.0,101,3776.0,13
rb1805,20170830,20170829,210842000,3777.0,27162,290240,1026438840.0,3777.0,101,3776.0,15
rb1805,20170830,20170829,210842500,3777.0,27186,290240,1027345100.0,3777.0,100,3776.0,6
rb1805,20170830,20170829,210843000,3777.0,27200,290240,1027873760.0,3776.0,2,3775.0,132
rb1805,20170830,20170829,210843500,3776.0,27204,290236,1028024800.0,3777.0,99,3776.0,3
rb1805,20170830,20170829,210844000,3776.0,27222,290232,1028704420.0,3777.0,95,3776.0,9
rb1805,20170830,20170829,210844500,3777.0,27224,290234,1028779960.0,3777.0,83,3776.0,22
rb1805,20170830,20170829,210845000,3776.0,27226,290234,1028855480.0,3777.0,83,3776.0,26
rb1805,20170830,20170829,210845500,3777.0,27258,290260,1030064120.0,3777.0,68,3776.0,34
rb1805,20170830,20170829,210846000,3777.0,27394,290290,1035200840.0,3778.0,26,3776.0,47
rb1805,20170830,20170829,210846500,3777.0,27404,290294,1035578540.0,3778.0,23,3777.0,14
rb1805,20170830,20170829,210847000,3777.0,27416,290296,1036031780.0,3778.0,23,3777.0,9
rb1805,20170830,20170829,210847500,3777.0,27426,290296,1036409540.0,3778.0,20,3777.0,14
rb1805,20170830,20170829,210848000,3778.0,27472,290328,1038147420.0,3779.0,54,3778.0,80
rb1805,20170830,20170829,210848500,3780.0,27572,290390,1041926480.0,3780.0,118,3779.0,30
rb1805,20170830,20170829,210849000,3780.0,27614,290430,1043514080.0,3780.0,101,3779.0,32
rb1805,20170830,20170829,210849500,3779.0,27618,290430,1043665240.0,3780.0,101,3779.0,30
rb1805,20170830,20170829,210850000,3779.0,27620,290430,1043740820.0,3780.0,102,3779.0,29
rb1805,20170830,20170829,210850500,3779.0,27620,290430,1043740820.0,3780.0,103,3779.0,8
rb1805,20170830,20170829,210851000,3779.0,27636,290414,1044345460.0,3779.0,66,3778.0,51
rb1805,20170830,20170829,210851500,3779.0,27636,290414,1044345460.0,3779.0,70,3778.0,41
rb1805,20170830,20170829,210852000,3779.0,27636,290414,1044345460.0,3779.0,71,3778.0,43
rb1805,20170830,20170829,210852500,3780.0,27780,290422,1049787240.0,3780.0,101,3779.0,32
rb1805,20170830,20170829,210853000,3779.0,27794,290422,1050316300.0,3780.0,103,3779.0,23
rb1805,20170830,20170829,210853500,3779.0,27798,290420,1050467460.0,3779.0,49,3778.0,11
rb1805,20170830,20170829,210854000,3778.0,27824,290444,1051449980.0,3779.0,45,3778.0,18
rb1805,20170830,20170829,210854500,3778.0,27824,290444,1051449980.0,3779.0,45,3778.0,18
rb1805,20170830,20170829,210855000,3777.0,27882,290476,1053641380.0,3779.0,39,3777.0,26
rb1805,20170830,20170829,210855500,3777.0,27882,290476,1053641380.0,3779.0,39,3777.0,26
rb1805,20170830,20170829,210856000,3779.0,27914,290504,1054850640.0,3779.0,24,3778.0,7
rb1805,20170830,20170829,210856500,3779.0,27962,290538,1056664560.0,3780.0,102,3779.0,2
rb1805,20170830,20170829,210857000,3779.0,27966,290538,1056815720.0,3779.0,14,3778.0,16
rb1805,20170830,20170829,210857500,3779.0,27966,290538,1056815720.0,3779.0,15,3778.0,14
rb1805,20170830,20170829,210858000,3778.0,27968,290540,1056891280.0,3778.0,2,3777.0,31
rb1805,20170830,20170829,210858500,3778.0,27970,290542,1056966840.0,3778.0,12,3777.0,16
rb1805,20170830,20170829,210859000,3777.0,27996,290566,1057949100.0,3778.0,1,3777.0,10
rb1805,20170830,20170829,210859500,3777.0,27996,290566,1057949100.0,3778.0,2,3777.0,10
rb1805,20170830,20170829,210900000,3778.0,28000,290566,1058100220.0,3779.0,31,3777.0,19
rb1805,20170830,20170829,210900500,3777.0,28006,290566,1058326840.0,3779.0,42,3777.0,12
rb1805,20170830,20170829,210901000,3777.0,28006,290566,1058326840.0,3779.0,42,3777.0,12
rb1805,20170830,20170829,210901500,3777.0,28006,290566,1058326840.0,3779.0,43,3777.0,16
rb1805,20170830,20170829,210902000,3777.0,28008,290568,1058402380.0,3779.0,43,3777.0,23
rb1805,20170830,20170829,210902500,3779.0,28018,290558,1058780280.0,3778.0,1,3777.0,15
rb1805,20170830,20170829,210903000,3778.0,28022,290562,1058931400.0,3779.0,38,3777.0,54
rb1805,20170830,20170829,210903500,3779.0,28032,290562,1059309240.0,3779.0,35,3777.0,21
rb1805,20170830,20170829,210904000,3779.0,28032,290562,1059309240.0,3779.0,36,3778.0,2
rb1805,20170830,20170829,210904500,3777.0,28040,290568,1059611440.0,3779.0,36,3778.0,12
rb1805,20170830,20170829,210905000,3777.0,28066,290592,1060593700.0,3779.0,37,3778.0,2
rb1805,20170830,20170829,210905500,3777.0,28074,290590,1060895900.0,3778.0,2,3777.0,23
rb1805,20170830,20170829,210906000,3778.0,28084,290584,1061273700.0,3778.0,29,3777.0,20
rb1805,20170830,20170829,210906500,3777.0,28122,290598,1062708960.0,3777.0,3,3776.0,70
rb1805,20170830,20170829,210907000,3777.0,28128,290604,1062935580.0,3778.0,31,3777.0,4
rb1805,20170830,20170829,210907500,3777.0,28136,290610,1063237740.0,3777.0,8,3776.0,66
rb1805,20170830,20170829,210908000,3777.0,28136,290610,1063237740.0,3777.0,8,3776.0,66
rb1805,20170830,20170829,210908500,3777.0,28136,290610,1063237740.0,3777.0,6,3776.0,65
rb1805,20170830,20170829,210909000,3776.0,28272,290568,1068373100.0,3776.0,2,3775.0,134
rb1805,20170830,20170829,210909500,3776.0,28416,290586,1073810540.0,3777.0,29,3775.0,134
rb1805,20170830,20170829,210910000,3777.0,28418,290586,1073886080.0,3777.0,29,3776.0,27
rb1805,20170830,20170829,210910500,3777.0,28428,290584,1074263760.0,3777.0,40,3776.0,26
rb1805,20170830,20170829,210911000,3777.0,28428,290584,1074263760.0,3777.0,40,3776.0,34
rb1805,20170830,20170829,210911500,3777.0,28430,290582,1074339300.0,3777.0,39,3776.0,34
rb1805,20170830,20170829,210912000,3776.0,28434,290582,1074490340.0,3777.0,40,3776.0,32
rb1805,20170830,20170829,210912500,3777.0,28438,290586,1074641420.0,3777.0,38,3776.0,32
rb1805,20170830,20170829,210913000,3776.0,28452,290586,1075170060.0,3777.0,38,3776.0,25
rb1805,20170830,20170829,210913500,3776.0,28454,290584,1075245580.0,3777.0,38,3776.0,25
rb1805,20170830,20170829,210914000,3776.0,28458,290586,1075396640.0,3777.0,37,3776.0,28
rb1805,20170830,20170829,210914500,3777.0,28464,290592,1075623240.0,3777.0,35,3776.0,27
rb1805,20170830,20170829,210915000,3776.0,28466,290594,1075698760.0,3777.0,35,3776.0,26
rb1805,20170830,20170829,210915500,3776.0,28466,290594,1075698760.0,3777.0,35,3776.0,26
rb1805,20170830,20170829,210916000,3776.0,28538,290616,1078418180.0,3778.0,40,3776.0,25
rb1805,20170830,20170829,210916500,3776.0,28560,290614,1079248900.0,3777.0,7,3776.0,2
rb1805,20170830,20170829,210917000,3776.0,28564,290610,1079399940.0,3776.0,2,3775.0,144
rb1805,20170830,20170829,210917500,3776.0,28572,290610,1079702000.0,3777.0,22,3776.0,77
rb1805,20170830,20170829,210918000,3776.0,28586,290610,1080230660.0,3777.0,12,3776.0,71
rb1805,20170830,20170829,210918500,3777.0,28590,290608,1080381740.0,3777.0,4,3776.0,112
rb1805,20170830,20170829,210919000,3776.0,28592,290606,1080457260.0,3777.0,5,3776.0,111
rb1805,20170830,20170829,210919500,3777.0,28594,290606,1080532800.0,3777.0,11,3776.0,112
rb1805,20170830,20170829,210920000,3777.0,28596,290606,1080608340.0,3777.0,11,3776.0,113
rb1805,20170830,20170829,210920500,3776.0,28638,290606,1082194260.0,3777.0,21,3776.0,93
rb1805,20170830,20170829,210921000,3777.0,28650,290604,1082647480.0,3777.0,18,3776.0,92
rb1805,20170830,20170829,210921500,3777.0,28650,290604,1082647480.0,3777.0,22,3776.0,92
rb1805,20170830,20170829,210922000,3777.0,28650,290604,1082647480.0,3777.0,19,3776.0,93
rb1805,20170830,20170829,210922500,3777.0,28650,290604,1082647480.0,3777.0,19,3776.0,93
rb1805,20170830,20170829,210923000,3777.0,28654,290602,1082798540.0,3777.0,18,3776.0,92
rb1805,20170830,20170829,210923500,3777.0,28658,290602,1082949600.0,3777.0,27,3776.0,91
rb1805,20170830,20170829,210924000,3776.0,28676,290596,1083629300.0,3777.0,33,3776.0,97
rb1805,20170830,20170829,210924500,3776.0,28684,290588,1083931380.0,3777.0,33,3776.0,95
rb1805,20170830,20170829,210925000,3777.0,28686,290590,1084006920.0,3777.0,33,3776.0,95
rb1805,20170830,20170829,210925500,3777.0,28686,290590,1084006920.0,3777.0,33,3776.0,95
rb1805,20170830,20170829,210926000,3777.0,28686,290590,1084006920.0,3777.0,33,3776.0,95
rb1805,20170830,20170829,210926500,3776.0,28688,290588,1084082440.0,3777.0,33,3776.0,94
rb1805,20170830,20170829,210927000,3777.0,28690,290590,1084157980.0,3777.0,33,3776.0,94
rb1805,20170830,20170829,210927500,3776.0,28696,290584,1084384540.0,3777.0,33,3776.0,92
rb1805,20170830,20170829,210928000,3776.0,28698,290584,1084460060.0,3777.0,35,3776.0,91
rb1805,20170830,20170829,210928500,3776.0,28780,290606,1087556380.0,3777.0,35,3776.0,50
rb1805,20170830,20170829,210929000,3776.0,28884,290598,1091483420.0,3776.0,64,3775.0,158
rb1805,20170830,20170829,210929500,3776.0,28886,290598,1091558940.0,3776.0,76,3775.0,158
rb1805,20170830,20170829,210930000,3776.0,28886,290598,1091558940.0,3776.0,57,3775.0,158
rb1805,20170830,20170829,210930500,3776.0,28886,290598,1091558940.0,3776.0,60,3775.0,156
rb1805,20170830,20170829,210931000,3775.0,28896,290600,1091936480.0,3776.0,58,3775.0,154
rb1805,20170830,20170829,210931500,3776.0,28908,290600,1092389580.0,3776.0,53,3775.0,153
rb1805,20170830,20170829,210932000,3776.0,28914,290602,1092616120.0,3776.0,48,3775.0,152
rb1805,20170830,20170829,210932500,3776.0,28920,290606,1092842640.0,3776.0,48,3775.0,150
rb1805,20170830,20170829,210933000,3775.0,28930,290606,1093220140.0,3776.0,48,3775.0,145
rb1805,20170830,20170829,210933500,3775.0,28950,290608,1093975140.0,3776.0,48,3775.0,135
rb1805,20170830,20170829,210934000,3776.0,28966,290612,1094579180.0,3776.0,48,3775.0,129
rb1805,20170830,20170829,210934500,3775.0,29224,290808,1104318680.0,3775.0,10,3774.0,72
rb1805,20170830,20170829,210935000,3774.0,29228,290806,1104469640.0,3775.0,35,3774.0,70
rb1805,20170830,20170829,210935500,3775.0,29246,290806,1105148980.0,3775.0,23,3774.0,63
rb1805,20170830,20170829,210936000,3774.0,29266,290818,1105903780.0,3775.0,20,3774.0,53
