instrument,tradingday,calendarday,time,lastp,volume,openinterest,turnover,ask1,asksz1,bid1,bidsz1
rb1805,20170912,20170911,183443500,3793.0,0,319200,0.0,0.0,0,0.0,0
rb1805,20170912,20170911,205900500,3795.0,40,319196,1518000.0,3796.0,5,3794.0,4
rb1805,20170912,20170911,210000500,3795.0,84,319210,3187840.0,3796.0,2,3794.0,1
rb1805,20170912,20170911,210001000,3796.0,236,319160,8956880.0,3796.0,1,3795.0,3
rb1805,20170912,20170911,210001500,3799.0,240,319162,9108780.0,3798.0,1,3796.0,31
rb1805,20170912,20170911,210002000,3797.0,300,319132,11386440.0,3799.0,21,3798.0,36
rb1805,20170912,20170911,210002500,3796.0,398,319088,15108460.0,3798.0,4,3796.0,16
rb1805,20170912,20170911,210003000,3796.0,442,319102,16779040.0,3799.0,26,3798.0,1
rb1805,20170912,20170911,210003500,3797.0,454,319104,17234580.0,3798.0,2,3796.0,9
rb1805,20170912,20170911,210004000,3797.0,474,319102,17994240.0,3799.0,17,3797.0,19
rb1805,20170912,20170911,210004500,3799.0,478,319106,18146200.0,3799.0,26,3798.0,2
rb1805,20170912,20170911,210005000,3799.0,510,319132,19361800.0,3799.0,14,3798.0,2
rb1805,20170912,20170911,210005500,3799.0,548,319136,20805380.0,3800.0,63,3799.0,34
rb1805,20170912,20170911,210006000,3798.0,632,319184,23996500.0,3799.0,19,3798.0,6
rb1805,20170912,20170911,210006500,3798.0,684,319188,25971200.0,3798.0,1,3797.0,11
rb1805,20170912,20170911,210007000,3797.0,724,319196,27489940.0,3798.0,14,3796.0,5
rb1805,20170912,20170911,210007500,3797.0,752,319204,28552960.0,3796.0,9,3795.0,25
rb1805,20170912,20170911,210008000,3798.0,776,319210,29464200.0,3798.0,63,3795.0,22
rb1805,20170912,20170911,210008500,3797.0,828,319236,31438220.0,3797.0,4,3795.0,17
rb1805,20170912,20170911,210009000,3795.0,848,319238,32197260.0,3796.0,6,3795.0,11
rb1805,20170912,20170911,210009500,3795.0,854,319234,32424960.0,3796.0,7,3795.0,3
rb1805,20170912,20170911,210010000,3795.0,866,319244,32880400.0,3795.0,1,3794.0,24
rb1805,20170912,20170911,210010500,3796.0,892,319256,33867280.0,3796.0,10,3795.0,35
rb1805,20170912,20170911,210011000,3795.0,910,319256,34550460.0,3796.0,13,3795.0,39
rb1805,20170912,20170911,210011500,3795.0,994,319232,37738260.0,3795.0,37,3794.0,21
rb1805,20170912,20170911,210012000,3795.0,1010,319242,38345340.0,3795.0,35,3794.0,15
rb1805,20170912,20170911,210012500,3795.0,1082,319260,41077740.0,3796.0,19,3794.0,16
rb1805,20170912,20170911,210013000,3796.0,1086,319260,41229580.0,3796.0,18,3794.0,16
rb1805,20170912,20170911,210013500,3794.0,1094,319262,41533160.0,3796.0,17,3794.0,16
rb1805,20170912,20170911,210014000,3794.0,1098,319262,41684960.0,3796.0,11,3794.0,23
rb1805,20170912,20170911,210014500,3795.0,1102,319264,41836780.0,3796.0,9,3794.0,25
rb1805,20170912,20170911,210015000,3795.0,1118,319268,42444000.0,3795.0,2,3794.0,28
rb1805,20170912,20170911,210015500,3795.0,1126,319264,42747620.0,3796.0,7,3795.0,1
rb1805,20170912,20170911,210016000,3795.0,1138,319264,43202940.0,3795.0,6,3794.0,27
rb1805,20170912,20170911,210016500,3796.0,1156,319266,43886100.0,3797.0,8,3796.0,10
rb1805,20170912,20170911,210017000,3795.0,1216,319266,46163520.0,3798.0,59,3795.0,26
rb1805,20170912,20170911,210017500,3797.0,1230,319266,46695060.0,3797.0,16,3795.0,27
rb1805,20170912,20170911,210018000,3796.0,1232,319266,46770980.0,3797.0,16,3796.0,1
rb1805,20170912,20170911,210018500,3796.0,1234,319268,46846900.0,3797.0,18,3796.0,10
rb1805,20170912,20170911,210019000,3797.0,1258,319244,47758180.0,3798.0,58,3797.0,2
rb1805,20170912,20170911,210019500,3798.0,1274,319254,48365720.0,3798.0,57,3797.0,2
rb1805,20170912,20170911,210020000,3797.0,1284,319258,48745420.0,3798.0,57,3797.0,1
rb1805,20170912,20170911,210020500,3797.0,1286,319258,48821360.0,3798.0,37,3796.0,18
rb1805,20170912,20170911,210021000,3797.0,1290,319260,48973220.0,3797.0,5,3796.0,17
rb1805,20170912,20170911,210021500,3796.0,1308,319262,49656560.0,3797.0,8,3796.0,11
rb1805,20170912,20170911,210022000,3798.0,1316,319264,49960340.0,3798.0,37,3796.0,22
rb1805,20170912,20170911,210022500,3797.0,1336,319270,50719760.0,3798.0,36,3797.0,23
rb1805,20170912,20170911,210023000,3797.0,1340,319272,50871660.0,3798.0,42,3797.0,22
rb1805,20170912,20170911,210023500,3798.0,1354,319262,51403340.0,3798.0,38,3797.0,20
rb1805,20170912,20170911,210024000,3797.0,1358,319262,51555220.0,3798.0,39,3797.0,19
rb1805,20170912,20170911,210024500,3797.0,1402,319256,53225940.0,3798.0,14,3796.0,20
rb1805,20170912,20170911,210025000,3798.0,1414,319250,53681540.0,3798.0,14,3797.0,2
rb1805,20170912,20170911,210025500,3797.0,1418,319246,53833420.0,3797.0,15,3796.0,21
rb1805,20170912,20170911,210026000,3797.0,1428,319244,54213120.0,3797.0,16,3796.0,21
rb1805,20170912,20170911,210026500,3797.0,1432,319242,54365000.0,3797.0,30,3796.0,21
rb1805,20170912,20170911,210027000,3797.0,1442,319238,54744700.0,3797.0,19,3796.0,23
rb1805,20170912,20170911,210027500,3797.0,1444,319238,54820640.0,3797.0,18,3796.0,24
rb1805,20170912,20170911,210028000,3796.0,1450,319236,55048420.0,3797.0,17,3796.0,22
rb1805,20170912,20170911,210028500,3797.0,1484,319238,56339400.0,3798.0,11,3797.0,13
rb1805,20170912,20170911,210029000,3797.0,1486,319240,56415340.0,3798.0,12,3797.0,30
rb1805,20170912,20170911,210029500,3798.0,1490,319240,56567260.0,3798.0,22,3797.0,32
rb1805,20170912,20170911,210030000,3798.0,1492,319240,56643220.0,3798.0,24,3797.0,37
rb1805,20170912,20170911,210030500,3797.0,1586,319268,60212400.0,3797.0,69,3796.0,29
rb1805,20170912,20170911,210031000,3797.0,1606,319282,60971740.0,3797.0,49,3796.0,26
rb1805,20170912,20170911,210031500,3798.0,1648,319268,62566600.0,3798.0,20,3797.0,107
rb1805,20170912,20170911,210032000,3798.0,1664,319270,63174260.0,3798.0,13,3797.0,106
rb1805,20170912,20170911,210032500,3798.0,1672,319270,63478100.0,3798.0,15,3797.0,129
rb1805,20170912,20170911,210033000,3797.0,1674,319272,63554040.0,3798.0,12,3797.0,143
rb1805,20170912,20170911,210033500,3798.0,1710,319294,64921320.0,3799.0,47,3798.0,11
rb1805,20170912,20170911,210034000,3799.0,1714,319294,65073280.0,3799.0,45,3798.0,14
rb1805,20170912,20170911,210034500,3799.0,1714,319294,65073280.0,3799.0,45,3798.0,17
rb1805,20170912,20170911,210035000,3799.0,1714,319294,65073280.0,3799.0,45,3798.0,17
rb1805,20170912,20170911,210035500,3798.0,1718,319296,65225200.0,3799.0,45,3798.0,28
rb1805,20170912,20170911,210036000,3799.0,1808,319376,68644300.0,3800.0,66,3799.0,5
rb1805,20170912,20170911,210036500,3799.0,1812,319378,68796260.0,3800.0,66,3799.0,4
rb1805,20170912,20170911,210037000,3800.0,1816,319380,68948260.0,3800.0,64,3799.0,18
rb1805,20170912,20170911,210037500,3800.0,1962,319394,74496080.0,3801.0,25,3800.0,43
rb1805,20170912,20170911,210038000,3800.0,1968,319400,74724080.0,3801.0,25,3800.0,45
rb1805,20170912,20170911,210038500,3801.0,2128,319438,80804420.0,3801.0,19,3799.0,2
rb1805,20170912,20170911,210039000,3802.0,2162,319428,82096840.0,3802.0,27,3801.0,1
rb1805,20170912,20170911,210039500,3802.0,2806,319434,106600860.0,3810.0,211,3802.0,12
rb1805,20170912,20170911,210040000,3803.0,3042,319540,115575460.0,3804.0,30,3803.0,32
rb1805,20170912,20170911,210040500,3802.0,3122,319482,118617760.0,3803.0,11,3802.0,1
rb1805,20170912,20170911,210041000,3802.0,3162,319478,120138440.0,3802.0,19,3801.0,19
rb1805,20170912,20170911,210041500,3803.0,3214,319454,122115360.0,3803.0,29,3801.0,10
rb1805,20170912,20170911,210042000,3801.0,3230,319456,122723720.0,3803.0,30,3801.0,11
rb1805,20170912,20170911,210042500,3803.0,3244,319456,123256040.0,3803.0,26,3801.0,10
rb1805,20170912,20170911,210043000,3803.0,3266,319448,124092340.0,3803.0,24,3801.0,4
rb1805,20170912,20170911,210043500,3803.0,3270,319448,124244420.0,3803.0,25,3801.0,14
rb1805,20170912,20170911,210044000,3803.0,3282,319460,124700780.0,3803.0,17,3802.0,16
rb1805,20170912,20170911,210044500,3803.0,3300,319476,125385320.0,3803.0,2,3802.0,30
rb1805,20170912,20170911,210045000,3804.0,3318,319472,126069940.0,3805.0,41,3804.0,15
rb1805,20170912,20170911,210045500,3803.0,3412,319386,129645680.0,3804.0,9,3803.0,1
rb1805,20170912,20170911,210046000,3803.0,3426,319378,130178140.0,3803.0,1,3802.0,30
rb1805,20170912,20170911,210046500,3804.0,3438,319378,130634540.0,3804.0,99,3803.0,4
rb1805,20170912,20170911,210047000,3804.0,3446,319380,130938840.0,3804.0,96,3803.0,6
rb1805,20170912,20170911,210047500,3804.0,3646,319566,138546840.0,3805.0,40,3804.0,20
rb1805,20170912,20170911,210048000,3804.0,3656,319570,138927260.0,3805.0,39,3804.0,14
rb1805,20170912,20170911,210048500,3804.0,3670,319570,139459820.0,3805.0,39,3804.0,5
rb1805,20170912,20170911,210049000,3805.0,3682,319582,139916420.0,3805.0,33,3804.0,11
rb1805,20170912,20170911,210049500,3805.0,3818,319588,145091240.0,3806.0,3,3805.0,15
rb1805,20170912,20170911,210050000,3805.0,3832,319594,145623980.0,3806.0,6,3805.0,50
rb1805,20170912,20170911,210050500,3806.0,3866,319590,146918020.0,3807.0,18,3806.0,81
rb1805,20170912,20170911,210051000,3807.0,3890,319576,147831640.0,3807.0,9,3806.0,81
rb1805,20170912,20170911,210051500,3807.0,3928,319562,149278160.0,3808.0,15,3807.0,1
rb1805,20170912,20170911,210052000,3807.0,3946,319558,149963360.0,3808.0,25,3806.0,72
rb1805,20170912,20170911,210052500,3807.0,3962,319550,150572360.0,3807.0,14,3806.0,66
rb1805,20170912,20170911,210053000,3807.0,3998,319576,151942840.0,3808.0,30,3807.0,5
rb1805,20170912,20170911,210053500,3806.0,4032,319584,153237280.0,3808.0,26,3806.0,70
rb1805,20170912,20170911,210054000,3806.0,4040,319580,153541800.0,3807.0,4,3806.0,75
rb1805,20170912,20170911,210054500,3807.0,4276,319486,162524240.0,3808.0,55,3807.0,43
rb1805,20170912,20170911,210055000,3807.0,4402,319582,167320820.0,3807.0,46,3805.0,79
rb1805,20170912,20170911,210055500,3805.0,4450,319544,169147260.0,3807.0,13,3805.0,29
rb1805,20170912,20170911,210056000,3806.0,4458,319550,169451740.0,3807.0,20,3805.0,29
rb1805,20170912,20170911,210056500,3805.0,4512,319560,171507400.0,3808.0,61,3806.0,1
rb1805,20170912,20170911,210057000,3807.0,4524,319560,171964220.0,3807.0,14,3805.0,32
rb1805,20170912,20170911,210057500,3805.0,4528,319556,172116420.0,3807.0,17,3805.0,28
rb1805,20170912,20170911,210058000,3806.0,4600,319582,174856080.0,3806.0,8,3804.0,9
rb1805,20170912,20170911,210058500,3806.0,4602,319582,174932200.0,3805.0,1,3804.0,9
rb1805,20170912,20170911,210059000,3805.0,4618,319576,175540880.0,3806.0,42,3805.0,1
rb1805,20170912,20170911,210059500,3805.0,4632,319580,176073540.0,3805.0,8,3804.0,1
rb1805,20170912,20170911,210100000,3803.0,4646,319578,176606060.0,3805.0,3,3803.0,31
rb1805,20170912,20170911,210100500,3804.0,4690,319620,178279680.0,3805.0,1,3803.0,31
rb1805,20170912,20170911,210101000,3804.0,4704,319612,178812280.0,3806.0,73,3804.0,4
rb1805,20170912,20170911,210101500,3804.0,4704,319612,178812280.0,3806.0,74,3805.0,2
rb1805,20170912,20170911,210102000,3805.0,4716,319624,179268860.0,3805.0,55,3804.0,1
rb1805,20170912,20170911,210102500,3805.0,4734,319622,179953620.0,3804.0,2,3803.0,31
rb1805,20170912,20170911,210103000,3805.0,4746,319618,180410120.0,3805.0,33,3803.0,30
rb1805,20170912,20170911,210103500,3804.0,4754,319622,180714400.0,3804.0,40,3803.0,30
rb1805,20170912,20170911,210104000,3803.0,4764,319622,181094720.0,3804.0,39,3803.0,27
rb1805,20170912,20170911,210104500,3803.0,4794,319622,182235880.0,3804.0,13,3803.0,25
rb1805,20170912,20170911,210105000,3804.0,4810,319638,182844520.0,3804.0,6,3803.0,32
rb1805,20170912,20170911,210105500,3804.0,4814,319638,182996680.0,3804.0,4,3803.0,32
rb1805,20170912,20170911,210106000,3803.0,4818,319634,183148820.0,3804.0,3,3803.0,32
rb1805,20170912,20170911,210106500,3803.0,4824,319632,183377000.0,3804.0,41,3803.0,29
rb1805,20170912,20170911,210107000,3803.0,4894,319610,186039100.0,3803.0,11,3802.0,19
rb1805,20170912,20170911,210107500,3803.0,4906,319600,186495460.0,3803.0,2,3802.0,19
rb1805,20170912,20170911,210108000,3802.0,4940,319622,187788180.0,3803.0,8,3802.0,4
rb1805,20170912,20170911,210108500,3802.0,4954,319626,188320560.0,3803.0,3,3802.0,8
rb1805,20170912,20170911,210109000,3802.0,4962,319630,188624720.0,3803.0,5,3802.0,5
rb1805,20170912,20170911,210109500,3803.0,4994,319616,189841740.0,3803.0,2,3802.0,6
rb1805,20170912,20170911,210110000,3803.0,5002,319616,190145920.0,3803.0,2,3802.0,3
rb1805,20170912,20170911,210110500,3802.0,5014,319608,190602260.0,3803.0,7,3802.0,2
rb1805,20170912,20170911,210111000,3802.0,5030,319612,191210480.0,3802.0,7,3801.0,30
rb1805,20170912,20170911,210111500,3802.0,5032,319614,191286520.0,3802.0,5,3801.0,24
rb1805,20170912,20170911,210112000,3801.0,5044,319622,191742640.0,3802.0,11,3801.0,18
rb1805,20170912,20170911,210112500,3802.0,5054,319624,192122820.0,3802.0,14,3801.0,17
rb1805,20170912,20170911,210113000,3802.0,5066,319614,192579040.0,3802.0,10,3801.0,16
rb1805,20170912,20170911,210113500,3801.0,5068,319614,192655060.0,3802.0,10,3801.0,15
rb1805,20170912,20170911,210114000,3801.0,5106,319608,194099500.0,3801.0,3,3800.0,45
rb1805,20170912,20170911,210114500,3801.0,5114,319608,194403580.0,3802.0,37,3800.0,15
rb1805,20170912,20170911,210115000,3801.0,5118,319610,194555620.0,3801.0,16,3800.0,16
rb1805,20170912,20170911,210115500,3801.0,5118,319610,194555620.0,3801.0,16,3800.0,16
rb1805,20170912,20170911,210116000,3801.0,5124,319612,194783680.0,3801.0,10,3800.0,16
rb1805,20170912,20170911,210116500,3801.0,5132,319612,195087740.0,3801.0,8,3800.0,274
rb1805,20170912,20170911,210117000,3801.0,5148,319606,195695900.0,3802.0,46,3801.0,47
rb1805,20170912,20170911,210117500,3801.0,5154,319606,195924000.0,3802.0,12,3801.0,41
rb1805,20170912,20170911,210118000,3801.0,5180,319602,196912500.0,3802.0,2,3801.0,71
rb1805,20170912,20170911,210118500,3802.0,5190,319596,197292700.0,3803.0,52,3802.0,33
rb1805,20170912,20170911,210119000,3802.0,5190,319596,197292700.0,3803.0,58,3802.0,22
rb1805,20170912,20170911,210119500,3802.0,5210,319584,198053280.0,3803.0,13,3802.0,23
rb1805,20170912,20170911,210120000,3803.0,5236,319592,199042060.0,3804.0,43,3803.0,37
rb1805,20170912,20170911,210120500,3803.0,5250,319584,199574600.0,3804.0,45,3803.0,20
rb1805,20170912,20170911,210121000,3802.0,5310,319626,201856440.0,3803.0,1,3802.0,19
rb1805,20170912,20170911,210121500,3803.0,5328,319622,202540980.0,3804.0,48,3803.0,7
rb1805,20170912,20170911,210122000,3802.0,5338,319622,202921260.0,3804.0,48,3802.0,14
rb1805,20170912,20170911,210122500,3804.0,5352,319622,203453820.0,3804.0,41,3802.0,21
rb1805,20170912,20170911,210123000,3804.0,5352,319622,203453820.0,3803.0,1,3802.0,23
rb1805,20170912,20170911,210123500,3802.0,5376,319630,204366320.0,3804.0,41,3802.0,25
rb1805,20170912,20170911,210124000,3802.0,5444,319610,206951480.0,3802.0,14,3801.0,83
rb1805,20170912,20170911,210124500,3802.0,5448,319614,207103560.0,3802.0,5,3801.0,64
rb1805,20170912,20170911,210125000,3801.0,5478,319614,208243880.0,3802.0,4,3801.0,41
rb1805,20170912,20170911,210125500,3802.0,5480,319614,208319920.0,3802.0,3,3801.0,41
rb1805,20170912,20170911,210126000,3802.0,5504,319634,209232180.0,3802.0,2,3801.0,30
rb1805,20170912,20170911,210126500,3802.0,5526,319632,210068540.0,3802.0,5,3801.0,31
rb1805,20170912,20170911,210127000,3802.0,5528,319630,210144580.0,3802.0,4,3801.0,31
rb1805,20170912,20170911,210127500,3802.0,5536,319624,210448740.0,3803.0,25,3802.0,10
rb1805,20170912,20170911,210128000,3803.0,5538,319626,210524800.0,3803.0,18,3802.0,18
rb1805,20170912,20170911,210128500,3803.0,5538,319626,210524800.0,3803.0,18,3802.0,19
rb1805,20170912,20170911,210129000,3803.0,5538,319626,210524800.0,3803.0,20,3802.0,43
rb1805,20170912,20170911,210129500,3803.0,5538,319626,210524800.0,3803.0,20,3802.0,43
rb1805,20170912,20170911,210130000,3803.0,5538,319626,210524800.0,3803.0,21,3802.0,43
rb1805,20170912,20170911,210130500,3803.0,5538,319626,210524800.0,3803.0,22,3802.0,94
rb1805,20170912,20170911,210131000,3803.0,5542,319626,210676920.0,3803.0,13,3802.0,94
rb1805,20170912,20170911,210131500,3803.0,5546,319626,210829040.0,3803.0,12,3802.0,94
rb1805,20170912,20170911,210132000,3803.0,5570,319630,211741760.0,3804.0,23,3803.0,4
rb1805,20170912,20170911,210132500,3803.0,5578,319632,212046000.0,3804.0,25,3802.0,96
rb1805,20170912,20170911,210133000,3803.0,5578,319632,212046000.0,3803.0,1,3802.0,97
rb1805,20170912,20170911,210133500,3803.0,5580,319630,212122060.0,3804.0,32,3802.0,97
rb1805,20170912,20170911,210134000,3803.0,5584,319628,212274180.0,3804.0,33,3802.0,98
rb1805,20170912,20170911,210134500,3803.0,5584,319628,212274180.0,3804.0,33,3802.0,98
rb1805,20170912,20170911,210135000,3804.0,5586,319628,212350260.0,3804.0,32,3802.0,98
rb1805,20170912,20170911,210135500,3804.0,5606,319628,213111060.0,3804.0,24,3802.0,98
rb1805,20170912,20170911,210136000,3804.0,5606,319628,213111060.0,3804.0,24,3802.0,98
rb1805,20170912,20170911,210136500,3804.0,5608,319628,213187140.0,3804.0,24,3802.0,98
rb1805,20170912,20170911,210137000,3804.0,5608,319628,213187140.0,3804.0,24,3802.0,98
rb1805,20170912,20170911,210137500,3804.0,5608,319628,213187140.0,3804.0,24,3803.0,11
rb1805,20170912,20170911,210138000,3803.0,5630,319628,214023800.0,3803.0,3,3802.0,94
rb1805,20170912,20170911,210138500,3804.0,5646,319624,214632320.0,3804.0,25,3802.0,94
rb1805,20170912,20170911,210139000,3804.0,5646,319624,214632320.0,3803.0,5,3802.0,95
rb1805,20170912,20170911,210139500,3804.0,5662,319624,215240860.0,3804.0,22,3803.0,3
rb1805,20170912,20170911,210140000,3802.0,5670,319626,215545080.0,3803.0,5,3802.0,94
rb1805,20170912,20170911,210140500,3802.0,5670,319626,215545080.0,3803.0,11,3802.0,94
rb1805,20170912,20170911,210141000,3803.0,5676,319620,215773260.0,3803.0,19,3802.0,94
rb1805,20170912,20170911,210141500,3803.0,5682,319620,216001440.0,3803.0,17,3802.0,94
rb1805,20170912,20170911,210142000,3803.0,5684,319618,216077500.0,3803.0,26,3802.0,94
rb1805,20170912,20170911,210142500,3803.0,5684,319618,216077500.0,3803.0,36,3802.0,103
rb1805,20170912,20170911,210143000,3802.0,5688,319618,216229600.0,3803.0,37,3802.0,102
rb1805,20170912,20170911,210143500,3802.0,5688,319618,216229600.0,3803.0,38,3802.0,102
rb1805,20170912,20170911,210144000,3802.0,5688,319618,216229600.0,3803.0,38,3802.0,102
rb1805,20170912,20170911,210144500,3803.0,5700,319624,216685960.0,3803.0,32,3802.0,112
rb1805,20170912,20170911,210145000,3803.0,5700,319624,216685960.0,3803.0,36,3802.0,112
rb1805,20170912,20170911,210145500,3803.0,5700,319624,216685960.0,3803.0,36,3802.0,112
rb1805,20170912,20170911,210146000,3803.0,5700,319624,216685960.0,3803.0,36,3802.0,106
rb1805,20170912,20170911,210146500,3802.0,5706,319626,216914100.0,3803.0,36,3802.0,108
rb1805,20170912,20170911,210147000,3802.0,5720,319616,217446380.0,3803.0,38,3802.0,101
rb1805,20170912,20170911,210147500,3802.0,5806,319572,220716100.0,3803.0,38,3802.0,58
rb1805,20170912,20170911,210148000,3802.0,5872,319570,223225680.0,3803.0,25,3802.0,39
rb1805,20170912,20170911,210148500,3802.0,5876,319570,223377760.0,3803.0,26,3802.0,24
rb1805,20170912,20170911,210149000,3802.0,5924,319606,225202720.0,3802.0,140,3801.0,50
rb1805,20170912,20170911,210149500,3802.0,5928,319610,225354800.0,3802.0,135,3801.0,50
rb1805,20170912,20170911,210150000,3802.0,5928,319610,225354800.0,3802.0,127,3801.0,50
rb1805,20170912,20170911,210150500,3802.0,5928,319610,225354800.0,3802.0,127,3801.0,50
rb1805,20170912,20170911,210151000,3802.0,5928,319610,225354800.0,3802.0,127,3801.0,50
rb1805,20170912,20170911,210151500,3801.0,5930,319612,225430820.0,3802.0,127,3801.0,49
rb1805,20170912,20170911,210152000,3801.0,5936,319610,225658880.0,3802.0,128,3801.0,48
rb1805,20170912,20170911,210152500,3801.0,5936,319610,225658880.0,3802.0,128,3801.0,48
rb1805,20170912,20170911,210153000,3801.0,5946,319610,226039020.0,3802.0,120,3801.0,44
rb1805,20170912,20170911,210153500,3802.0,5978,319584,227255640.0,3802.0,125,3801.0,46
rb1805,20170912,20170911,210154000,3802.0,5980,319582,227331680.0,3802.0,77,3801.0,53
rb1805,20170912,20170911,210154500,3801.0,5984,319582,227483720.0,3802.0,78,3801.0,45
rb1805,20170912,20170911,210155000,3801.0,5986,319582,227559740.0,3802.0,78,3801.0,45
rb1805,20170912,20170911,210155500,3803.0,6208,319576,236000840.0,3804.0,16,3802.0,47
rb1805,20170912,20170911,210156000,3804.0,6210,319578,236076920.0,3804.0,15,3803.0,10
rb1805,20170912,20170911,210156500,3803.0,6214,319582,236229040.0,3804.0,15,3803.0,8
rb1805,20170912,20170911,210157000,3804.0,6254,319564,237750080.0,3804.0,13,3802.0,23
rb1805,20170912,20170911,210157500,3802.0,6274,319564,238510480.0,3804.0,16,3802.0,13
rb1805,20170912,20170911,210158000,3802.0,6274,319564,238510480.0,3804.0,18,3802.0,12
rb1805,20170912,20170911,210158500,3804.0,6278,319564,238662640.0,3804.0,16,3802.0,20
rb1805,20170912,20170911,210159000,3804.0,6278,319564,238662640.0,3804.0,17,3802.0,14
rb1805,20170912,20170911,210159500,3804.0,6278,319564,238662640.0,3804.0,17,3803.0,1
rb1805,20170912,20170911,210200000,3803.0,6282,319564,238814760.0,3804.0,17,3803.0,3
rb1805,20170912,20170911,210200500,3803.0,6282,319564,238814760.0,3804.0,17,3803.0,5
rb1805,20170912,20170911,210201000,3803.0,6282,319564,238814760.0,3804.0,17,3803.0,5
rb1805,20170912,20170911,210201500,3803.0,6282,319564,238814760.0,3804.0,17,3803.0,6
rb1805,20170912,20170911,210202000,3804.0,6314,319552,240032000.0,3804.0,3,3803.0,6
rb1805,20170912,20170911,210202500,3804.0,6328,319552,240564560.0,3805.0,43,3803.0,6
rb1805,20170912,20170911,210203000,3804.0,6328,319552,240564560.0,3804.0,1,3803.0,6
rb1805,20170912,20170911,210203500,3804.0,6330,319550,240640640.0,3805.0,44,3804.0,8
rb1805,20170912,20170911,210204000,3804.0,6342,319550,241097120.0,3804.0,4,3803.0,8
rb1805,20170912,20170911,210204500,3804.0,6350,319550,241401440.0,3805.0,44,3804.0,1
rb1805,20170912,20170911,210205000,3804.0,6364,319560,241934100.0,3805.0,41,3803.0,14
rb1805,20170912,20170911,210205500,3803.0,6366,319560,242010160.0,3805.0,43,3803.0,49
rb1805,20170912,20170911,210206000,3803.0,6366,319560,242010160.0,3805.0,43,3804.0,16
rb1805,20170912,20170911,210206500,3803.0,6376,319570,242390460.0,3805.0,43,3804.0,17
rb1805,20170912,20170911,210207000,3805.0,6466,319600,245814960.0,3806.0,122,3804.0,31
rb1805,20170912,20170911,210207500,3805.0,6486,319592,246576040.0,3806.0,118,3805.0,51
rb1805,20170912,20170911,210208000,3806.0,6562,319608,249468600.0,3806.0,80,3805.0,54
rb1805,20170912,20170911,210208500,3806.0,6724,319460,255634300.0,3807.0,38,3806.0,1
rb1805,20170912,20170911,210209000,3806.0,6734,319462,256014900.0,3807.0,38,3806.0,6
rb1805,20170912,20170911,210209500,3806.0,6768,319484,257308940.0,3806.0,18,3805.0,68
rb1805,20170912,20170911,210210000,3806.0,6814,319490,259059740.0,3807.0,36,3806.0,11
rb1805,20170912,20170911,210210500,3807.0,6854,319506,260582460.0,3807.0,20,3806.0,18
rb1805,20170912,20170911,210211000,3806.0,6866,319508,261039280.0,3807.0,15,3806.0,19
rb1805,20170912,20170911,210211500,3807.0,6868,319510,261115420.0,3807.0,14,3806.0,25
rb1805,20170912,20170911,210212000,3807.0,6900,319530,262333660.0,3807.0,11,3806.0,27
rb1805,20170912,20170911,210212500,3807.0,6910,319530,262714360.0,3807.0,19,3806.0,33
rb1805,20170912,20170911,210213000,3807.0,6952,319530,264312900.0,3807.0,18,3806.0,15
rb1805,20170912,20170911,210213500,3807.0,6962,319534,264693560.0,3807.0,33,3806.0,13
rb1805,20170912,20170911,210214000,3807.0,6978,319524,265302660.0,3807.0,39,3806.0,15
rb1805,20170912,20170911,210214500,3806.0,6984,319528,265531040.0,3807.0,40,3806.0,11
rb1805,20170912,20170911,210215000,3806.0,7020,319530,266901540.0,3807.0,23,3806.0,12
rb1805,20170912,20170911,210215500,3807.0,7068,319550,268728500.0,3806.0,2,3805.0,63
rb1805,20170912,20170911,210216000,3806.0,7074,319552,268956860.0,3807.0,21,3806.0,12
rb1805,20170912,20170911,210216500,3807.0,7084,319558,269337560.0,3807.0,16,3806.0,11
rb1805,20170912,20170911,210217000,3806.0,7116,319578,270555480.0,3806.0,4,3805.0,61
rb1805,20170912,20170911,210217500,3806.0,7246,319684,275502400.0,3806.0,57,3805.0,17
rb1805,20170912,20170911,210218000,3806.0,7252,319688,275730740.0,3806.0,34,3805.0,15
rb1805,20170912,20170911,210218500,3806.0,7260,319694,276035180.0,3806.0,32,3805.0,13
rb1805,20170912,20170911,210219000,3805.0,7292,319696,277252800.0,3805.0,12,3804.0,21
rb1805,20170912,20170911,210219500,3805.0,7342,319646,279155300.0,3806.0,36,3805.0,1
rb1805,20170912,20170911,210220000,3804.0,7366,319656,280068420.0,3804.0,2,3803.0,38
rb1805,20170912,20170911,210220500,3806.0,7376,319656,280448920.0,3806.0,23,3805.0,8
rb1805,20170912,20170911,210221000,3804.0,7444,319662,283035720.0,3805.0,92,3803.0,10
rb1805,20170912,20170911,210221500,3803.0,7452,319670,283340020.0,3805.0,34,3803.0,11
rb1805,20170912,20170911,210222000,3805.0,7454,319670,283416120.0,3805.0,30,3804.0,1
rb1805,20170912,20170911,210222500,3805.0,7500,319670,285166420.0,3805.0,8,3804.0,3
rb1805,20170912,20170911,210223000,3805.0,7504,319674,285318620.0,3805.0,12,3804.0,16
rb1805,20170912,20170911,210223500,3805.0,7506,319674,285394720.0,3805.0,16,3804.0,18
rb1805,20170912,20170911,210224000,3805.0,7506,319674,285394720.0,3805.0,17,3804.0,19
rb1805,20170912,20170911,210224500,3805.0,7506,319674,285394720.0,3805.0,17,3804.0,15
rb1805,20170912,20170911,210225000,3804.0,7514,319672,285699040.0,3805.0,23,3804.0,9
rb1805,20170912,20170911,210225500,3804.0,7524,319672,286079440.0,3804.0,4,3803.0,46
rb1805,20170912,20170911,210226000,3804.0,7552,319664,287144580.0,3804.0,1,3803.0,46
rb1805,20170912,20170911,210226500,3805.0,7558,319664,287372860.0,3805.0,22,3804.0,12
rb1805,20170912,20170911,210227000,3804.0,7566,319662,287677180.0,3805.0,22,3804.0,6
rb1805,20170912,20170911,210227500,3804.0,7566,319662,287677180.0,3805.0,23,3804.0,6
rb1805,20170912,20170911,210228000,3804.0,7566,319662,287677180.0,3805.0,23,3804.0,7
rb1805,20170912,20170911,210228500,3804.0,7566,319662,287677180.0,3805.0,24,3804.0,7
rb1805,20170912,20170911,210229000,3804.0,7590,319662,288590140.0,3804.0,7,3803.0,49
rb1805,20170912,20170911,210229500,3804.0,7606,319662,289198780.0,3805.0,24,3804.0,39
rb1805,20170912,20170911,210230000,3805.0,7618,319662,289655300.0,3805.0,25,3804.0,28
rb1805,20170912,20170911,210230500,3805.0,7630,319664,290111900.0,3805.0,18,3804.0,28
rb1805,20170912,20170911,210231000,3805.0,7630,319664,290111900.0,3805.0,18,3804.0,35
rb1805,20170912,20170911,210231500,3805.0,7630,319664,290111900.0,3805.0,18,3804.0,37
rb1805,20170912,20170911,210232000,3805.0,7672,319628,291710000.0,3806.0,29,3805.0,2
rb1805,20170912,20170911,210232500,3805.0,7676,319626,291862200.0,3806.0,30,3805.0,15
rb1805,20170912,20170911,210233000,3806.0,7680,319626,292014420.0,3806.0,29,3805.0,77
rb1805,20170912,20170911,210233500,3805.0,7790,319636,296199940.0,3806.0,48,3805.0,38
rb1805,20170912,20170911,210234000,3805.0,7846,319676,298330740.0,3806.0,49,3805.0,12
rb1805,20170912,20170911,210234500,3805.0,7880,319674,299624440.0,3805.0,14,3804.0,39
rb1805,20170912,20170911,210235000,3805.0,7880,319674,299624440.0,3805.0,30,3804.0,37
rb1805,20170912,20170911,210235500,3805.0,7882,319674,299700540.0,3805.0,15,3804.0,37
rb1805,20170912,20170911,210236000,3804.0,7914,319674,300918120.0,3806.0,40,3804.0,37
rb1805,20170912,20170911,210236500,3804.0,7916,319674,300994200.0,3805.0,1,3804.0,36
rb1805,20170912,20170911,210237000,3805.0,7930,319672,301526900.0,3805.0,2,3804.0,36
rb1805,20170912,20170911,210237500,3805.0,7956,319676,302516160.0,3806.0,44,3805.0,1
rb1805,20170912,20170911,210238000,3805.0,7970,319678,303048860.0,3805.0,47,3804.0,54
rb1805,20170912,20170911,210238500,3805.0,7970,319678,303048860.0,3805.0,21,3804.0,55
rb1805,20170912,20170911,210239000,3804.0,8028,319664,305255520.0,3805.0,6,3804.0,68
rb1805,20170912,20170911,210239500,3805.0,8040,319658,305712120.0,3806.0,43,3805.0,12
rb1805,20170912,20170911,210240000,3805.0,8042,319658,305788220.0,3806.0,43,3805.0,6
rb1805,20170912,20170911,210240500,3805.0,8056,319660,306320920.0,3806.0,43,3805.0,2
rb1805,20170912,20170911,210241000,3805.0,8060,319658,306473120.0,3806.0,44,3805.0,3
rb1805,20170912,20170911,210241500,3805.0,8062,319658,306549220.0,3806.0,44,3805.0,11
rb1805,20170912,20170911,210242000,3805.0,8062,319658,306549220.0,3806.0,44,3805.0,4
rb1805,20170912,20170911,210242500,3805.0,8070,319660,306853640.0,3806.0,46,3805.0,2
rb1805,20170912,20170911,210243000,3805.0,8074,319660,307005840.0,3805.0,29,3804.0,69
rb1805,20170912,20170911,210243500,3805.0,8074,319660,307005840.0,3805.0,22,3804.0,69
rb1805,20170912,20170911,210244000,3805.0,8076,319660,307081940.0,3805.0,19,3804.0,69
rb1805,20170912,20170911,210244500,3805.0,8078,319660,307158040.0,3805.0,21,3804.0,75
rb1805,20170912,20170911,210245000,3805.0,8078,319660,307158040.0,3805.0,21,3804.0,75
rb1805,20170912,20170911,210245500,3805.0,8080,319660,307234140.0,3805.0,20,3804.0,75
rb1805,20170912,20170911,210246000,3804.0,8122,319696,308831840.0,3805.0,21,3804.0,55
rb1805,20170912,20170911,210246500,3804.0,8122,319696,308831840.0,3805.0,23,3804.0,56
rb1805,20170912,20170911,210247000,3805.0,8124,319694,308907940.0,3805.0,28,3804.0,56
rb1805,20170912,20170911,210247500,3804.0,8128,319698,309060100.0,3805.0,28,3804.0,54
rb1805,20170912,20170911,210248000,3804.0,8138,319698,309440580.0,3805.0,25,3804.0,52
rb1805,20170912,20170911,210248500,3805.0,8140,319698,309516680.0,3805.0,24,3804.0,52
rb1805,20170912,20170911,210249000,3805.0,8142,319698,309592780.0,3805.0,23,3804.0,52
rb1805,20170912,20170911,210249500,3805.0,8142,319698,309592780.0,3805.0,23,3804.0,53
rb1805,20170912,20170911,210250000,3805.0,8146,319698,309744980.0,3805.0,24,3804.0,53
rb1805,20170912,20170911,210250500,3805.0,8184,319688,311190880.0,3805.0,6,3804.0,53
rb1805,20170912,20170911,210251000,3805.0,8204,319672,311951880.0,3806.0,50,3805.0,12
rb1805,20170912,20170911,210251500,3805.0,8216,319670,312408480.0,3806.0,50,3805.0,7
rb1805,20170912,20170911,210252000,3805.0,8222,319670,312636780.0,3806.0,50,3805.0,14
rb1805,20170912,20170911,210252500,3805.0,8248,319676,313626080.0,3806.0,51,3805.0,3
rb1805,20170912,20170911,210253000,3805.0,8254,319674,313854380.0,3806.0,51,3805.0,3
rb1805,20170912,20170911,210253500,3806.0,8256,319674,313930500.0,3806.0,50,3805.0,14
rb1805,20170912,20170911,210254000,3805.0,8260,319672,314082700.0,3806.0,50,3805.0,12
rb1805,20170912,20170911,210254500,3805.0,8260,319672,314082700.0,3806.0,50,3805.0,15
rb1805,20170912,20170911,210255000,3806.0,8266,319672,314311040.0,3806.0,48,3805.0,14
rb1805,20170912,20170911,210255500,3806.0,8266,319672,314311040.0,3806.0,48,3805.0,14
rb1805,20170912,20170911,210256000,3805.0,8276,319676,314691600.0,3806.0,45,3805.0,19
rb1805,20170912,20170911,210256500,3806.0,8296,319678,315452800.0,3806.0,35,3805.0,19
rb1805,20170912,20170911,210257000,3806.0,8314,319662,316137880.0,3806.0,29,3805.0,20
rb1805,20170912,20170911,210257500,3806.0,8366,319656,318116980.0,3806.0,4,3805.0,29
rb1805,20170912,20170911,210258000,3806.0,8370,319658,318269200.0,3806.0,3,3805.0,22
rb1805,20170912,20170911,210258500,3806.0,8374,319660,318421420.0,3806.0,4,3805.0,22
rb1805,20170912,20170911,210259000,3805.0,8384,319664,318801980.0,3806.0,6,3805.0,21
rb1805,20170912,20170911,210259500,3806.0,8398,319668,319334820.0,3807.0,51,3805.0,21
rb1805,20170912,20170911,210300000,3806.0,8398,319668,319334820.0,3806.0,15,3805.0,45
rb1805,20170912,20170911,210300500,3806.0,8400,319666,319410940.0,3806.0,15,3805.0,46
rb1805,20170912,20170911,210301000,3805.0,8414,319658,319943760.0,3806.0,11,3805.0,45
rb1805,20170912,20170911,210301500,3806.0,8416,319658,320019880.0,3806.0,10,3805.0,45
rb1805,20170912,20170911,210302000,3806.0,8418,319658,320096000.0,3806.0,10,3805.0,45
rb1805,20170912,20170911,210302500,3805.0,8444,319656,321085340.0,3806.0,19,3805.0,35
rb1805,20170912,20170911,210303000,3806.0,8450,319652,321313680.0,3806.0,25,3805.0,34
rb1805,20170912,20170911,210303500,3805.0,8492,319654,322911820.0,3806.0,23,3805.0,14
rb1805,20170912,20170911,210304000,3805.0,8538,319642,324662460.0,3806.0,6,3805.0,8
rb1805,20170912,20170911,210304500,3805.0,8556,319638,325347360.0,3805.0,3,3804.0,38
rb1805,20170912,20170911,210305000,3806.0,8566,319640,325727880.0,3806.0,8,3805.0,3
rb1805,20170912,20170911,210305500,3805.0,8616,319680,327629980.0,3805.0,22,3804.0,18
rb1805,20170912,20170911,210306000,3805.0,8636,319676,328390900.0,3805.0,13,3804.0,14
rb1805,20170912,20170911,210306500,3804.0,8670,319700,329684380.0,3805.0,7,3804.0,3
rb1805,20170912,20170911,210307000,3804.0,8670,319700,329684380.0,3805.0,5,3804.0,3
rb1805,20170912,20170911,210307500,3804.0,8670,319700,329684380.0,3805.0,5,3804.0,4
rb1805,20170912,20170911,210308000,3804.0,8678,319706,329988700.0,3804.0,6,3803.0,57
rb1805,20170912,20170911,210308500,3804.0,8690,319716,330445180.0,3805.0,7,3804.0,10
rb1805,20170912,20170911,210309000,3805.0,8696,319714,330673440.0,3805.0,7,3804.0,10
rb1805,20170912,20170911,210309500,3805.0,8698,319716,330749540.0,3805.0,12,3804.0,10
rb1805,20170912,20170911,210310000,3803.0,8726,319734,331814660.0,3805.0,27,3803.0,54
rb1805,20170912,20170911,210310500,3803.0,8728,319732,331890720.0,3805.0,32,3804.0,10
rb1805,20170912,20170911,210311000,3803.0,8748,319752,332651320.0,3805.0,26,3804.0,3
rb1805,20170912,20170911,210311500,3805.0,8750,319752,332727420.0,3805.0,26,3804.0,3
rb1805,20170912,20170911,210312000,3804.0,8756,319758,332955660.0,3805.0,29,3804.0,11
rb1805,20170912,20170911,210312500,3804.0,8760,319756,333107820.0,3805.0,30,3804.0,9
rb1805,20170912,20170911,210313000,3804.0,8762,319754,333183900.0,3805.0,26,3804.0,9
rb1805,20170912,20170911,210313500,3804.0,8764,319752,333259980.0,3805.0,25,3804.0,8
rb1805,20170912,20170911,210314000,3804.0,8780,319754,333868620.0,3804.0,65,3803.0,27
rb1805,20170912,20170911,210314500,3803.0,8836,319796,335998300.0,3803.0,76,3802.0,37
rb1805,20170912,20170911,210315000,3801.0,8896,319824,338279460.0,3802.0,42,3801.0,39
rb1805,20170912,20170911,210315500,3800.0,8986,319790,341700240.0,3801.0,1,3800.0,336
rb1805,20170912,20170911,210316000,3801.0,9010,319780,342612300.0,3801.0,14,3800.0,337
rb1805,20170912,20170911,210316500,3800.0,9034,319770,343524480.0,3801.0,16,3800.0,334
rb1805,20170912,20170911,210317000,3800.0,9072,319780,344968840.0,3801.0,1,3800.0,332
rb1805,20170912,20170911,210317500,3801.0,9092,319762,345728860.0,3801.0,4,3800.0,323
rb1805,20170912,20170911,210318000,3801.0,9092,319762,345728860.0,3802.0,12,3801.0,13
rb1805,20170912,20170911,210318500,3802.0,9188,319786,349378720.0,3803.0,40,3802.0,55
rb1805,20170912,20170911,210319000,3801.0,9338,319776,355081320.0,3803.0,50,3802.0,2
rb1805,20170912,20170911,210319500,3801.0,9344,319778,355309420.0,3802.0,19,3801.0,20
rb1805,20170912,20170911,210320000,3803.0,9374,319794,356449980.0,3803.0,45,3801.0,25
rb1805,20170912,20170911,210320500,3801.0,9386,319794,356906100.0,3802.0,10,3801.0,34
rb1805,20170912,20170911,210321000,3801.0,9414,319780,357970600.0,3802.0,15,3801.0,29
rb1805,20170912,20170911,210321500,3801.0,9478,319774,360403240.0,3802.0,45,3801.0,31
rb1805,20170912,20170911,210322000,3802.0,9546,319718,362987960.0,3801.0,3,3800.0,307
rb1805,20170912,20170911,210322500,3802.0,9546,319718,362987960.0,3801.0,11,3800.0,309
rb1805,20170912,20170911,210323000,3801.0,9554,319712,363292040.0,3801.0,2,3800.0,309
rb1805,20170912,20170911,210323500,3801.0,9570,319714,363900200.0,3802.0,43,3801.0,38
rb1805,20170912,20170911,210324000,3801.0,9572,319712,363976220.0,3802.0,58,3801.0,37
rb1805,20170912,20170911,210324500,3801.0,9596,319704,364888660.0,3802.0,148,3801.0,40
rb1805,20170912,20170911,210325000,3801.0,9730,319768,369982220.0,3801.0,8,3800.0,310
rb1805,20170912,20170911,210325500,3801.0,9754,319768,370894500.0,3802.0,135,3801.0,26
rb1805,20170912,20170911,210326000,3801.0,9754,319768,370894500.0,3802.0,140,3801.0,28
rb1805,20170912,20170911,210326500,3802.0,9756,319768,370970540.0,3802.0,120,3801.0,34
rb1805,20170912,20170911,210327000,3802.0,9770,319782,371502820.0,3802.0,115,3801.0,56
rb1805,20170912,20170911,210327500,3801.0,9858,319764,374847780.0,3802.0,114,3801.0,25
rb1805,20170912,20170911,210328000,3802.0,9900,319766,376444220.0,3802.0,113,3801.0,5
rb1805,20170912,20170911,210328500,3801.0,9918,319762,377128500.0,3802.0,109,3801.0,12
rb1805,20170912,20170911,210329000,3802.0,10146,319620,385797060.0,3803.0,61,3801.0,57
rb1805,20170912,20170911,210329500,3802.0,10146,319620,385797060.0,3803.0,29,3802.0,4
rb1805,20170912,20170911,210330000,3803.0,10206,319604,388078860.0,3804.0,12,3803.0,5
rb1805,20170912,20170911,210330500,3804.0,10232,319588,389067900.0,3805.0,35,3804.0,14
rb1805,20170912,20170911,210331000,3803.0,10250,319582,389752440.0,3805.0,37,3803.0,17
rb1805,20170912,20170911,210331500,3803.0,10270,319582,390513040.0,3805.0,36,3803.0,8
rb1805,20170912,20170911,210332000,3803.0,10276,319580,390741220.0,3804.0,16,3803.0,5
rb1805,20170912,20170911,210332500,3803.0,10278,319580,390817280.0,3804.0,17,3803.0,4
rb1805,20170912,20170911,210333000,3803.0,10286,319580,391121520.0,3804.0,17,3802.0,54
rb1805,20170912,20170911,210333500,3803.0,10286,319580,391121520.0,3803.0,1,3802.0,48
rb1805,20170912,20170911,210334000,3803.0,10290,319578,391273640.0,3804.0,18,3802.0,48
rb1805,20170912,20170911,210334500,3804.0,10292,319578,391349720.0,3804.0,25,3802.0,42
rb1805,20170912,20170911,210335000,3804.0,10292,319578,391349720.0,3804.0,25,3802.0,42
rb1805,20170912,20170911,210335500,3804.0,10292,319578,391349720.0,3804.0,25,3802.0,42
rb1805,20170912,20170911,210336000,3802.0,10296,319580,391501800.0,3804.0,33,3802.0,40
rb1805,20170912,20170911,210336500,3804.0,10302,319584,391729960.0,3804.0,32,3802.0,35
rb1805,20170912,20170911,210337000,3804.0,10302,319584,391729960.0,3804.0,32,3802.0,35
rb1805,20170912,20170911,210337500,3804.0,10302,319584,391729960.0,3804.0,32,3802.0,36
rb1805,20170912,20170911,210338000,3802.0,10304,319586,391806000.0,3804.0,32,3802.0,36
rb1805,20170912,20170911,210338500,3802.0,10304,319586,391806000.0,3804.0,33,3802.0,38
rb1805,20170912,20170911,210339000,3802.0,10304,319586,391806000.0,3804.0,37,3802.0,43
rb1805,20170912,20170911,210339500,3803.0,10306,319586,391882060.0,3804.0,39,3802.0,43
rb1805,20170912,20170911,210340000,3803.0,10306,319586,391882060.0,3804.0,42,3802.0,44
rb1805,20170912,20170911,210340500,3803.0,10308,319584,391958120.0,3804.0,42,3803.0,2
rb1805,20170912,20170911,210341000,3803.0,10308,319584,391958120.0,3804.0,37,3803.0,10
rb1805,20170912,20170911,210341500,3803.0,10308,319584,391958120.0,3804.0,38,3803.0,10
rb1805,20170912,20170911,210342000,3803.0,10308,319584,391958120.0,3804.0,39,3803.0,10
rb1805,20170912,20170911,210342500,3804.0,10314,319584,392186340.0,3804.0,37,3803.0,9
rb1805,20170912,20170911,210343000,3803.0,10316,319582,392262400.0,3803.0,37,3802.0,48
rb1805,20170912,20170911,210343500,3803.0,10318,319582,392338460.0,3803.0,27,3802.0,48
rb1805,20170912,20170911,210344000,3803.0,10318,319582,392338460.0,3803.0,28,3802.0,46
rb1805,20170912,20170911,210344500,3803.0,10358,319588,393859660.0,3803.0,8,3802.0,46
rb1805,20170912,20170911,210345000,3802.0,10376,319588,394544020.0,3803.0,8,3802.0,37
rb1805,20170912,20170911,210345500,3802.0,10390,319590,395076300.0,3803.0,19,3802.0,18
rb1805,20170912,20170911,210346000,3802.0,10426,319582,396445020.0,3802.0,20,3801.0,76
rb1805,20170912,20170911,210346500,3801.0,10434,319582,396749160.0,3802.0,32,3801.0,41
rb1805,20170912,20170911,210347000,3801.0,10518,319532,399942000.0,3801.0,2,3800.0,340
rb1805,20170912,20170911,210347500,3801.0,10518,319532,399942000.0,3801.0,15,3800.0,341
rb1805,20170912,20170911,210348000,3801.0,10522,319530,400094020.0,3801.0,16,3800.0,340
rb1805,20170912,20170911,210348500,3801.0,10532,319536,400474120.0,3801.0,17,3800.0,340
rb1805,20170912,20170911,210349000,3801.0,10576,319514,402146240.0,3801.0,5,3800.0,323
rb1805,20170912,20170911,210349500,3801.0,10584,319506,402450300.0,3801.0,13,3800.0,323
rb1805,20170912,20170911,210350000,3801.0,10612,319518,403514580.0,3802.0,39,3801.0,16
rb1805,20170912,20170911,210350500,3802.0,10658,319500,405263180.0,3802.0,75,3801.0,3
rb1805,20170912,20170911,210351000,3802.0,10658,319500,405263180.0,3802.0,31,3801.0,8
rb1805,20170912,20170911,210351500,3802.0,10658,319500,405263180.0,3802.0,11,3801.0,8
rb1805,20170912,20170911,210352000,3802.0,10680,319520,406099620.0,3803.0,44,3801.0,14
rb1805,20170912,20170911,210352500,3802.0,10680,319520,406099620.0,3802.0,16,3801.0,52
rb1805,20170912,20170911,210353000,3802.0,10712,319520,407316260.0,3803.0,10,3802.0,30
rb1805,20170912,20170911,210353500,3803.0,10732,319530,408076860.0,3804.0,26,3803.0,13
rb1805,20170912,20170911,210354000,3803.0,10734,319530,408152920.0,3804.0,35,3803.0,5
rb1805,20170912,20170911,210354500,3804.0,10794,319510,410435320.0,3805.0,57,3803.0,12
rb1805,20170912,20170911,210355000,3803.0,10798,319508,410587440.0,3805.0,64,3804.0,2
rb1805,20170912,20170911,210355500,3803.0,10798,319508,410587440.0,3805.0,53,3804.0,6
rb1805,20170912,20170911,210356000,3803.0,10798,319508,410587440.0,3805.0,56,3804.0,14
rb1805,20170912,20170911,210356500,3804.0,10810,319504,411043920.0,3804.0,25,3803.0,48
rb1805,20170912,20170911,210357000,3804.0,10816,319498,411272160.0,3804.0,23,3803.0,14
rb1805,20170912,20170911,210357500,3804.0,10818,319498,411348240.0,3804.0,24,3803.0,3
rb1805,20170912,20170911,210358000,3804.0,10818,319498,411348240.0,3804.0,23,3803.0,9
rb1805,20170912,20170911,210358500,3803.0,10822,319498,411500360.0,3804.0,24,3803.0,17
rb1805,20170912,20170911,210359000,3803.0,10828,319500,411728540.0,3804.0,24,3803.0,14
rb1805,20170912,20170911,210359500,3804.0,10850,319500,412565420.0,3804.0,13,3803.0,14
rb1805,20170912,20170911,210400000,3804.0,10850,319500,412565420.0,3804.0,13,3803.0,14
rb1805,20170912,20170911,210400500,3803.0,10860,319490,412945720.0,3804.0,14,3803.0,9
rb1805,20170912,20170911,210401000,3803.0,10862,319488,413021780.0,3804.0,14,3803.0,8
rb1805,20170912,20170911,210401500,3803.0,10866,319488,413173900.0,3804.0,20,3803.0,6
rb1805,20170912,20170911,210402000,3803.0,10878,319476,413630260.0,3803.0,11,3802.0,22
rb1805,20170912,20170911,210402500,3803.0,10878,319476,413630260.0,3803.0,18,3802.0,22
rb1805,20170912,20170911,210403000,3802.0,10880,319476,413706300.0,3803.0,27,3802.0,21
rb1805,20170912,20170911,210403500,3802.0,10900,319476,414466700.0,3803.0,27,3802.0,8
rb1805,20170912,20170911,210404000,3802.0,10918,319478,415151060.0,3802.0,46,3801.0,74
rb1805,20170912,20170911,210404500,3801.0,10922,319478,415303120.0,3802.0,36,3801.0,69
rb1805,20170912,20170911,210405000,3801.0,11042,319446,419864320.0,3802.0,42,3801.0,9
rb1805,20170912,20170911,210405500,3801.0,11070,319464,420928600.0,3801.0,29,3800.0,352
rb1805,20170912,20170911,210406000,3800.0,11072,319462,421004600.0,3801.0,21,3800.0,351
rb1805,20170912,20170911,210406500,3801.0,11080,319466,421308660.0,3801.0,28,3800.0,350
rb1805,20170912,20170911,210407000,3801.0,11082,319466,421384680.0,3801.0,16,3800.0,350
rb1805,20170912,20170911,210407500,3801.0,11118,319442,422753040.0,3802.0,16,3801.0,11
rb1805,20170912,20170911,210408000,3802.0,11142,319432,423665400.0,3802.0,10,3801.0,5
rb1805,20170912,20170911,210408500,3801.0,11152,319424,424045560.0,3802.0,7,3801.0,6
rb1805,20170912,20170911,210409000,3801.0,11152,319424,424045560.0,3802.0,7,3801.0,7
rb1805,20170912,20170911,210409500,3801.0,11152,319424,424045560.0,3802.0,7,3801.0,7
rb1805,20170912,20170911,210410000,3801.0,11172,319414,424805760.0,3803.0,23,3800.0,355
rb1805,20170912,20170911,210410500,3801.0,11176,319414,424957840.0,3803.0,28,3801.0,18
rb1805,20170912,20170911,210411000,3801.0,11180,319418,425109880.0,3802.0,10,3801.0,20
rb1805,20170912,20170911,210411500,3801.0,11180,319418,425109880.0,3802.0,20,3801.0,18
rb1805,20170912,20170911,210412000,3801.0,11180,319418,425109880.0,3802.0,38,3801.0,27
rb1805,20170912,20170911,210412500,3802.0,11190,319428,425490080.0,3802.0,33,3801.0,28
rb1805,20170912,20170911,210413000,3802.0,11190,319428,425490080.0,3802.0,29,3801.0,28
rb1805,20170912,20170911,210413500,3801.0,11210,319442,426250440.0,3802.0,21,3801.0,26
rb1805,20170912,20170911,210414000,3801.0,11210,319442,426250440.0,3802.0,22,3801.0,27
rb1805,20170912,20170911,210414500,3801.0,11210,319442,426250440.0,3802.0,22,3801.0,23
rb1805,20170912,20170911,210415000,3801.0,11212,319442,426326460.0,3802.0,22,3801.0,22
rb1805,20170912,20170911,210415500,3801.0,11212,319442,426326460.0,3802.0,35,3801.0,23
rb1805,20170912,20170911,210416000,3801.0,11214,319444,426402480.0,3802.0,25,3801.0,22
rb1805,20170912,20170911,210416500,3801.0,11214,319444,426402480.0,3802.0,25,3801.0,22
rb1805,20170912,20170911,210417000,3802.0,11218,319446,426554540.0,3802.0,24,3801.0,27
rb1805,20170912,20170911,210417500,3802.0,11218,319446,426554540.0,3802.0,24,3801.0,28
rb1805,20170912,20170911,210418000,3802.0,11228,319452,426934740.0,3802.0,19,3801.0,28
rb1805,20170912,20170911,210418500,3802.0,11228,319452,426934740.0,3802.0,19,3801.0,28
rb1805,20170912,20170911,210419000,3801.0,11264,319448,428303200.0,3802.0,14,3801.0,15
rb1805,20170912,20170911,210419500,3801.0,11264,319448,428303200.0,3802.0,14,3801.0,15
rb1805,20170912,20170911,210420000,3802.0,11270,319448,428531320.0,3802.0,11,3801.0,52
rb1805,20170912,20170911,210420500,3802.0,11316,319448,430280240.0,3803.0,19,3802.0,22
rb1805,20170912,20170911,210421000,3802.0,11316,319448,430280240.0,3803.0,18,3802.0,22
rb1805,20170912,20170911,210421500,3802.0,11316,319448,430280240.0,3803.0,18,3802.0,22
rb1805,20170912,20170911,210422000,3802.0,11318,319446,430356280.0,3803.0,19,3802.0,23
rb1805,20170912,20170911,210422500,3802.0,11324,319444,430584400.0,3803.0,19,3802.0,20
rb1805,20170912,20170911,210423000,3802.0,11324,319444,430584400.0,3803.0,20,3802.0,21
rb1805,20170912,20170911,210423500,3802.0,11326,319442,430660440.0,3803.0,20,3802.0,21
rb1805,20170912,20170911,210424000,3802.0,11326,319442,430660440.0,3803.0,20,3802.0,21
rb1805,20170912,20170911,210424500,3802.0,11326,319442,430660440.0,3803.0,20,3802.0,21
rb1805,20170912,20170911,210425000,3802.0,11326,319442,430660440.0,3803.0,20,3802.0,22
rb1805,20170912,20170911,210425500,3802.0,11326,319442,430660440.0,3803.0,20,3802.0,23
rb1805,20170912,20170911,210426000,3802.0,11328,319442,430736480.0,3803.0,22,3802.0,22
rb1805,20170912,20170911,210426500,3802.0,11328,319442,430736480.0,3803.0,22,3802.0,22
rb1805,20170912,20170911,210427000,3802.0,11338,319442,431116680.0,3803.0,22,3802.0,22
rb1805,20170912,20170911,210427500,3803.0,11340,319444,431192740.0,3803.0,29,3802.0,22
rb1805,20170912,20170911,210428000,3802.0,11350,319444,431572940.0,3803.0,32,3802.0,18
rb1805,20170912,20170911,210428500,3801.0,11390,319428,433093700.0,3803.0,33,3801.0,52
rb1805,20170912,20170911,210429000,3801.0,11390,319428,433093700.0,3802.0,23,3801.0,48
rb1805,20170912,20170911,210429500,3802.0,11472,319500,436210560.0,3802.0,33,3800.0,399
rb1805,20170912,20170911,210430000,3802.0,11472,319500,436210560.0,3802.0,104,3800.0,395
rb1805,20170912,20170911,210430500,3802.0,11474,319500,436286600.0,3802.0,119,3800.0,395
rb1805,20170912,20170911,210431000,3802.0,11474,319500,436286600.0,3801.0,3,3800.0,402
rb1805,20170912,20170911,210431500,3801.0,11488,319502,436818680.0,3801.0,2,3800.0,399
rb1805,20170912,20170911,210432000,3801.0,11494,319502,437046740.0,3801.0,9,3800.0,399
rb1805,20170912,20170911,210432500,3801.0,11512,319520,437730920.0,3802.0,116,3801.0,2
rb1805,20170912,20170911,210433000,3800.0,11530,319524,438414960.0,3802.0,101,3800.0,392
rb1805,20170912,20170911,210433500,3800.0,11530,319524,438414960.0,3801.0,2,3800.0,393
rb1805,20170912,20170911,210434000,3801.0,11536,319526,438643020.0,3802.0,106,3801.0,6
rb1805,20170912,20170911,210434500,3800.0,11538,319524,438719020.0,3802.0,102,3801.0,4
rb1805,20170912,20170911,210435000,3800.0,11538,319524,438719020.0,3802.0,102,3801.0,8
rb1805,20170912,20170911,210435500,3801.0,11554,319524,439327180.0,3801.0,52,3800.0,392
rb1805,20170912,20170911,210436000,3800.0,11556,319524,439403180.0,3801.0,54,3800.0,391
rb1805,20170912,20170911,210436500,3800.0,11566,319528,439783220.0,3801.0,55,3800.0,393
rb1805,20170912,20170911,210437000,3801.0,11568,319528,439859240.0,3801.0,59,3800.0,393
rb1805,20170912,20170911,210437500,3801.0,11794,319596,448450500.0,3802.0,1,3801.0,53
rb1805,20170912,20170911,210438000,3802.0,11806,319600,448906740.0,3803.0,41,3802.0,5
rb1805,20170912,20170911,210438500,3802.0,11810,319604,449058820.0,3803.0,41,3802.0,3
rb1805,20170912,20170911,210439000,3803.0,11812,319602,449134880.0,3803.0,40,3802.0,3
rb1805,20170912,20170911,210439500,3802.0,11818,319606,449363000.0,3802.0,4,3801.0,67
rb1805,20170912,20170911,210440000,3801.0,11820,319604,449439020.0,3802.0,5,3801.0,66
rb1805,20170912,20170911,210440500,3801.0,11820,319604,449439020.0,3802.0,7,3801.0,67
rb1805,20170912,20170911,210441000,3801.0,11820,319604,449439020.0,3802.0,7,3801.0,68
rb1805,20170912,20170911,210441500,3801.0,11820,319604,449439020.0,3802.0,9,3801.0,68
rb1805,20170912,20170911,210442000,3801.0,11820,319604,449439020.0,3802.0,19,3801.0,68
rb1805,20170912,20170911,210442500,3801.0,11820,319604,449439020.0,3802.0,19,3801.0,68
rb1805,20170912,20170911,210443000,3801.0,11820,319604,449439020.0,3802.0,19,3801.0,68
rb1805,20170912,20170911,210443500,3801.0,11820,319604,449439020.0,3802.0,19,3801.0,68
rb1805,20170912,20170911,210444000,3801.0,11820,319604,449439020.0,3802.0,20,3801.0,69
rb1805,20170912,20170911,210444500,3801.0,11824,319604,449591080.0,3802.0,19,3801.0,72
rb1805,20170912,20170911,210445000,3801.0,11824,319604,449591080.0,3802.0,20,3801.0,72
rb1805,20170912,20170911,210445500,3801.0,11828,319606,449743140.0,3802.0,19,3801.0,72
rb1805,20170912,20170911,210446000,3801.0,11830,319608,449819160.0,3802.0,20,3801.0,81
rb1805,20170912,20170911,210446500,3801.0,11832,319608,449895180.0,3802.0,20,3801.0,70
rb1805,20170912,20170911,210447000,3801.0,11832,319608,449895180.0,3802.0,21,3801.0,70
rb1805,20170912,20170911,210447500,3801.0,11832,319608,449895180.0,3802.0,21,3801.0,75
rb1805,20170912,20170911,210448000,3801.0,11836,319610,450047220.0,3802.0,21,3801.0,73
rb1805,20170912,20170911,210448500,3802.0,11878,319580,451644060.0,3803.0,47,3801.0,74
rb1805,20170912,20170911,210449000,3802.0,11878,319580,451644060.0,3803.0,47,3801.0,74
rb1805,20170912,20170911,210449500,3801.0,11880,319582,451720080.0,3803.0,47,3801.0,79
rb1805,20170912,20170911,210450000,3801.0,11880,319582,451720080.0,3803.0,47,3801.0,114
rb1805,20170912,20170911,210450500,3801.0,11880,319582,451720080.0,3803.0,42,3801.0,115
rb1805,20170912,20170911,210451000,3801.0,11880,319582,451720080.0,3803.0,42,3802.0,16
rb1805,20170912,20170911,210451500,3802.0,11882,319582,451796120.0,3803.0,42,3802.0,15
rb1805,20170912,20170911,210452000,3802.0,11888,319588,452024240.0,3803.0,54,3802.0,33
rb1805,20170912,20170911,210452500,3802.0,11888,319588,452024240.0,3803.0,54,3802.0,33
rb1805,20170912,20170911,210453000,3802.0,11888,319588,452024240.0,3803.0,54,3802.0,42
rb1805,20170912,20170911,210453500,3803.0,11892,319584,452176360.0,3803.0,53,3802.0,44
rb1805,20170912,20170911,210454000,3803.0,11942,319612,454077860.0,3803.0,28,3802.0,48
rb1805,20170912,20170911,210454500,3803.0,12000,319636,456283600.0,3804.0,28,3803.0,45
rb1805,20170912,20170911,210455000,3802.0,12158,319526,462292160.0,3805.0,73,3802.0,4
rb1805,20170912,20170911,210455500,3802.0,12158,319526,462292160.0,3805.0,75,3804.0,25
rb1805,20170912,20170911,210456000,3802.0,12158,319526,462292160.0,3805.0,68,3804.0,25
rb1805,20170912,20170911,210456500,3805.0,12160,319526,462368260.0,3805.0,67,3804.0,25
rb1805,20170912,20170911,210457000,3805.0,12164,319530,462520440.0,3805.0,66,3804.0,24
rb1805,20170912,20170911,210457500,3805.0,12166,319530,462596540.0,3805.0,65,3804.0,24
rb1805,20170912,20170911,210458000,3805.0,12166,319530,462596540.0,3805.0,66,3804.0,24
rb1805,20170912,20170911,210458500,3804.0,12168,319532,462672620.0,3805.0,66,3804.0,23
rb1805,20170912,20170911,210459000,3805.0,12172,319532,462824820.0,3805.0,64,3804.0,23
rb1805,20170912,20170911,210459500,3805.0,12172,319532,462824820.0,3805.0,64,3804.0,24
rb1805,20170912,20170911,210500000,3805.0,12174,319532,462900920.0,3805.0,63,3804.0,24
rb1805,20170912,20170911,210500500,3805.0,12180,319530,463129220.0,3805.0,60,3804.0,24
rb1805,20170912,20170911,210501000,3805.0,12182,319528,463205320.0,3805.0,60,3804.0,24
rb1805,20170912,20170911,210502000,3804.0,12202,319538,463966280.0,3805.0,54,3804.0,28
rb1805,20170912,20170911,210502500,3805.0,12310,319600,468075680.0,3805.0,1,3804.0,28
rb1805,20170912,20170911,210503000,3805.0,12312,319600,468151780.0,3806.0,122,3805.0,5
rb1805,20170912,20170911,210503500,3805.0,12324,319602,468608380.0,3806.0,122,3805.0,1
rb1805,20170912,20170911,210504000,3805.0,12340,319604,469217160.0,3805.0,5,3804.0,13
rb1805,20170912,20170911,210504500,3806.0,12360,319622,469978180.0,3806.0,122,3804.0,8
rb1805,20170912,20170911,210505000,3804.0,12370,319620,470358740.0,3805.0,1,3804.0,17
rb1805,20170912,20170911,210505500,3804.0,12372,319622,470434820.0,3805.0,2,3804.0,10
rb1805,20170912,20170911,210506000,3806.0,12378,319622,470663140.0,3806.0,117,3805.0,3
rb1805,20170912,20170911,210506500,3805.0,12384,319622,470891440.0,3805.0,6,3804.0,10
rb1805,20170912,20170911,210507000,3804.0,12394,319632,471271840.0,3805.0,5,3804.0,5
rb1805,20170912,20170911,210507500,3805.0,12398,319628,471424040.0,3805.0,12,3804.0,5
rb1805,20170912,20170911,210508000,3805.0,12398,319628,471424040.0,3805.0,18,3804.0,5
rb1805,20170912,20170911,210508500,3804.0,12412,319620,471956620.0,3804.0,193,3803.0,45
rb1805,20170912,20170911,210509000,3804.0,12416,319620,472108780.0,3804.0,193,3803.0,70
rb1805,20170912,20170911,210509500,3804.0,12418,319620,472184860.0,3804.0,192,3803.0,81
rb1805,20170912,20170911,210510000,3804.0,12534,319684,476596360.0,3804.0,191,3803.0,17
rb1805,20170912,20170911,210510500,3803.0,12568,319694,477889380.0,3803.0,20,3802.0,11
rb1805,20170912,20170911,210511000,3803.0,12576,319702,478193620.0,3803.0,16,3802.0,8
rb1805,20170912,20170911,210511500,3803.0,12578,319704,478269680.0,3803.0,25,3802.0,9
rb1805,20170912,20170911,210512000,3803.0,12582,319708,478421800.0,3803.0,24,3802.0,9
rb1805,20170912,20170911,210512500,3802.0,12588,319706,478649940.0,3803.0,23,3802.0,7
rb1805,20170912,20170911,210513000,3802.0,12590,319708,478725980.0,3803.0,23,3802.0,12
rb1805,20170912,20170911,210513500,3802.0,12600,319702,479106200.0,3803.0,10,3802.0,31
rb1805,20170912,20170911,210514000,3803.0,12620,319720,479866800.0,3804.0,2,3803.0,18
rb1805,20170912,20170911,210514500,3803.0,12636,319732,480475320.0,3805.0,16,3803.0,5
rb1805,20170912,20170911,210515000,3803.0,12636,319732,480475320.0,3805.0,16,3804.0,13
rb1805,20170912,20170911,210515500,3804.0,12662,319706,481464360.0,3804.0,33,3803.0,7
rb1805,20170912,20170911,210516000,3804.0,12662,319706,481464360.0,3804.0,33,3803.0,8
rb1805,20170912,20170911,210516500,3803.0,12686,319706,482377080.0,3803.0,14,3802.0,10
rb1805,20170912,20170911,210517000,3803.0,12686,319706,482377080.0,3803.0,10,3802.0,11
rb1805,20170912,20170911,210517500,3803.0,12686,319706,482377080.0,3803.0,10,3802.0,12
rb1805,20170912,20170911,210518000,3803.0,12688,319708,482453140.0,3803.0,9,3802.0,13
rb1805,20170912,20170911,210518500,3803.0,12692,319710,482605260.0,3803.0,7,3802.0,14
rb1805,20170912,20170911,210519000,3803.0,12692,319710,482605260.0,3804.0,48,3803.0,25
rb1805,20170912,20170911,210519500,3803.0,12742,319710,484506760.0,3803.0,37,3802.0,35
rb1805,20170912,20170911,210520000,3802.0,12744,319712,484582800.0,3803.0,33,3802.0,34
rb1805,20170912,20170911,210520500,3802.0,12744,319712,484582800.0,3803.0,25,3802.0,37
rb1805,20170912,20170911,210521000,3803.0,12750,319718,484810980.0,3803.0,27,3802.0,35
rb1805,20170912,20170911,210521500,3803.0,12752,319720,484887040.0,3803.0,27,3802.0,35
rb1805,20170912,20170911,210522000,3802.0,12758,319722,485115180.0,3803.0,26,3802.0,34
rb1805,20170912,20170911,210522500,3803.0,12760,319724,485191240.0,3803.0,25,3802.0,34
rb1805,20170912,20170911,210523000,3803.0,12772,319730,485647560.0,3803.0,21,3802.0,32
rb1805,20170912,20170911,210523500,3803.0,12774,319732,485723620.0,3803.0,22,3802.0,34
rb1805,20170912,20170911,210524000,3803.0,12774,319732,485723620.0,3803.0,23,3802.0,34
rb1805,20170912,20170911,210524500,3802.0,12776,319730,485799660.0,3803.0,23,3802.0,33
rb1805,20170912,20170911,210525000,3802.0,12776,319730,485799660.0,3803.0,23,3802.0,33
rb1805,20170912,20170911,210525500,3802.0,12776,319730,485799660.0,3803.0,23,3802.0,33
rb1805,20170912,20170911,210526000,3802.0,12776,319730,485799660.0,3803.0,23,3802.0,33
rb1805,20170912,20170911,210526500,3802.0,12778,319732,485875700.0,3803.0,23,3802.0,32
rb1805,20170912,20170911,210527000,3802.0,12780,319732,485951740.0,3803.0,23,3802.0,32
rb1805,20170912,20170911,210527500,3803.0,12784,319734,486103840.0,3803.0,22,3802.0,34
rb1805,20170912,20170911,210528000,3803.0,12784,319734,486103840.0,3803.0,23,3802.0,34
rb1805,20170912,20170911,210528500,3803.0,12784,319734,486103840.0,3803.0,24,3802.0,36
rb1805,20170912,20170911,210529000,3803.0,12786,319736,486179900.0,3803.0,23,3802.0,36
rb1805,20170912,20170911,210529500,3802.0,12788,319736,486255940.0,3803.0,23,3802.0,35
rb1805,20170912,20170911,210530000,3802.0,12794,319742,486484060.0,3803.0,24,3802.0,31
rb1805,20170912,20170911,210530500,3803.0,12798,319744,486636160.0,3803.0,23,3802.0,32
rb1805,20170912,20170911,210531000,3803.0,12798,319744,486636160.0,3803.0,23,3802.0,32
rb1805,20170912,20170911,210531500,3803.0,12798,319744,486636160.0,3803.0,24,3802.0,32
rb1805,20170912,20170911,210532000,3803.0,12848,319770,488537660.0,3804.0,16,3803.0,26
rb1805,20170912,20170911,210532500,3803.0,12904,319804,490667340.0,3803.0,44,3802.0,32
rb1805,20170912,20170911,210533000,3802.0,12954,319852,492568340.0,3803.0,55,3802.0,7
rb1805,20170912,20170911,210533500,3802.0,12972,319864,493252700.0,3802.0,1,3801.0,87
rb1805,20170912,20170911,210534000,3802.0,12972,319864,493252700.0,3802.0,12,3801.0,87
rb1805,20170912,20170911,210534500,3802.0,12972,319864,493252700.0,3802.0,27,3801.0,86
rb1805,20170912,20170911,210535000,3802.0,13014,319872,494849540.0,3802.0,6,3801.0,87
rb1805,20170912,20170911,210535500,3803.0,13036,319884,495686080.0,3803.0,57,3802.0,1
rb1805,20170912,20170911,210536000,3803.0,13046,319888,496066360.0,3803.0,53,3801.0,87
rb1805,20170912,20170911,210536500,3803.0,13046,319888,496066360.0,3802.0,6,3801.0,87
rb1805,20170912,20170911,210537000,3801.0,13048,319890,496142380.0,3802.0,11,3801.0,86
rb1805,20170912,20170911,210537500,3802.0,13050,319888,496218420.0,3802.0,10,3801.0,86
rb1805,20170912,20170911,210538000,3802.0,13074,319904,497130900.0,3803.0,48,3802.0,10
rb1805,20170912,20170911,210538500,3802.0,13094,319904,497891300.0,3803.0,46,3801.0,86
rb1805,20170912,20170911,210539000,3801.0,13268,319890,504505040.0,3801.0,13,3800.0,475
rb1805,20170912,20170911,210539500,3801.0,13288,319890,505265240.0,3801.0,3,3800.0,472
rb1805,20170912,20170911,210540000,3801.0,13296,319884,505569320.0,3802.0,11,3801.0,7
rb1805,20170912,20170911,210540500,3801.0,13316,319870,506329560.0,3801.0,4,3800.0,412
rb1805,20170912,20170911,210541000,3800.0,13384,319820,508913800.0,3801.0,1,3800.0,391
rb1805,20170912,20170911,210541500,3801.0,13390,319816,509141860.0,3802.0,30,3801.0,4
rb1805,20170912,20170911,210542000,3801.0,13392,319816,509217880.0,3802.0,30,3801.0,17
rb1805,20170912,20170911,210542500,3801.0,13396,319816,509369920.0,3802.0,31,3801.0,15
rb1805,20170912,20170911,210543000,3801.0,13398,319818,509445940.0,3802.0,31,3801.0,16
rb1805,20170912,20170911,210543500,3802.0,13400,319818,509521980.0,3802.0,30,3801.0,16
rb1805,20170912,20170911,210544000,3801.0,13416,319806,510130260.0,3802.0,24,3801.0,15
rb1805,20170912,20170911,210544500,3802.0,13466,319766,512031260.0,3803.0,68,3801.0,17
rb1805,20170912,20170911,210545000,3802.0,13466,319766,512031260.0,3803.0,70,3801.0,17
rb1805,20170912,20170911,210545500,3802.0,13466,319766,512031260.0,3803.0,70,3801.0,17
rb1805,20170912,20170911,210546000,3802.0,13466,319766,512031260.0,3803.0,70,3801.0,22
rb1805,20170912,20170911,210546500,3802.0,13466,319766,512031260.0,3803.0,72,3801.0,22
rb1805,20170912,20170911,210547000,3801.0,13468,319766,512107280.0,3803.0,72,3801.0,27
rb1805,20170912,20170911,210547500,3801.0,13470,319766,512183300.0,3803.0,57,3801.0,26
rb1805,20170912,20170911,210548000,3801.0,13470,319766,512183300.0,3803.0,57,3801.0,26
rb1805,20170912,20170911,210549000,3801.0,13476,319772,512411360.0,3803.0,58,3801.0,23
rb1805,20170912,20170911,210549500,3801.0,13478,319774,512487380.0,3803.0,58,3801.0,22
rb1805,20170912,20170911,210550000,3801.0,13478,319774,512487380.0,3803.0,58,3801.0,22
rb1805,20170912,20170911,210550500,3801.0,13478,319774,512487380.0,3803.0,59,3801.0,22
rb1805,20170912,20170911,210551000,3801.0,13478,319774,512487380.0,3802.0,1,3801.0,23
rb1805,20170912,20170911,210551500,3801.0,13478,319774,512487380.0,3802.0,5,3801.0,23
rb1805,20170912,20170911,210552000,3801.0,13480,319774,512563400.0,3802.0,6,3801.0,22
rb1805,20170912,20170911,210552500,3801.0,13480,319774,512563400.0,3802.0,6,3801.0,23
rb1805,20170912,20170911,210553000,3802.0,13482,319774,512639440.0,3802.0,5,3801.0,23
rb1805,20170912,20170911,210553500,3801.0,13490,319776,512943520.0,3802.0,5,3801.0,19
rb1805,20170912,20170911,210554000,3801.0,13490,319776,512943520.0,3802.0,5,3801.0,19
rb1805,20170912,20170911,210554500,3801.0,13490,319776,512943520.0,3802.0,17,3801.0,20
rb1805,20170912,20170911,210555000,3801.0,13502,319788,513399640.0,3802.0,18,3801.0,14
rb1805,20170912,20170911,210555500,3801.0,13502,319788,513399640.0,3802.0,18,3801.0,20
rb1805,20170912,20170911,210556000,3801.0,13502,319788,513399640.0,3802.0,18,3801.0,20
rb1805,20170912,20170911,210556500,3801.0,13524,319804,514235860.0,3802.0,18,3801.0,9
rb1805,20170912,20170911,210557000,3801.0,13524,319804,514235860.0,3802.0,23,3801.0,12
rb1805,20170912,20170911,210557500,3801.0,13524,319804,514235860.0,3802.0,25,3801.0,12
rb1805,20170912,20170911,210558000,3801.0,13524,319804,514235860.0,3802.0,25,3801.0,13
rb1805,20170912,20170911,210559000,3801.0,13546,319814,515072080.0,3802.0,25,3801.0,2
rb1805,20170912,20170911,210600500,3801.0,13546,319814,515072080.0,3802.0,26,3801.0,2
rb1805,20170912,20170911,210601000,3801.0,13554,319814,515376180.0,3802.0,25,3800.0,395
rb1805,20170912,20170911,210601500,3801.0,13554,319814,515376180.0,3802.0,20,3801.0,1
rb1805,20170912,20170911,210602500,3801.0,13554,319814,515376180.0,3802.0,20,3801.0,1
rb1805,20170912,20170911,210603000,3801.0,13554,319814,515376180.0,3802.0,33,3801.0,1
rb1805,20170912,20170911,210603500,3801.0,13558,319814,515528220.0,3801.0,3,3800.0,389
rb1805,20170912,20170911,210604000,3801.0,13558,319814,515528220.0,3801.0,13,3800.0,390
rb1805,20170912,20170911,210604500,3801.0,13560,319814,515604240.0,3801.0,11,3800.0,389
rb1805,20170912,20170911,210605000,3801.0,13590,319832,516744540.0,3802.0,38,3801.0,14
rb1805,20170912,20170911,210605500,3801.0,13592,319834,516820560.0,3802.0,33,3801.0,13
rb1805,20170912,20170911,210606000,3801.0,13592,319834,516820560.0,3802.0,33,3801.0,15
rb1805,20170912,20170911,210606500,3801.0,13592,319834,516820560.0,3802.0,33,3801.0,17
rb1805,20170912,20170911,210607000,3801.0,13592,319834,516820560.0,3802.0,33,3801.0,57
rb1805,20170912,20170911,210607500,3801.0,13592,319834,516820560.0,3802.0,33,3801.0,57
rb1805,20170912,20170911,210608000,3801.0,13632,319830,518340960.0,3802.0,30,3801.0,39
rb1805,20170912,20170911,210608500,3801.0,13636,319830,518493000.0,3802.0,30,3801.0,37
rb1805,20170912,20170911,210609000,3801.0,13658,319852,519329220.0,3802.0,30,3801.0,26
rb1805,20170912,20170911,210609500,3801.0,13660,319852,519405240.0,3802.0,31,3801.0,25
rb1805,20170912,20170911,210610500,3801.0,13676,319868,520013400.0,3802.0,31,3801.0,17
rb1805,20170912,20170911,210611000,3800.0,13714,319866,521457740.0,3801.0,22,3800.0,400
rb1805,20170912,20170911,210611500,3800.0,13714,319866,521457740.0,3801.0,21,3800.0,400
rb1805,20170912,20170911,210612000,3800.0,13714,319866,521457740.0,3801.0,24,3800.0,400
rb1805,20170912,20170911,210612500,3800.0,13716,319864,521533740.0,3801.0,24,3800.0,399
rb1805,20170912,20170911,210613000,3800.0,13716,319864,521533740.0,3801.0,24,3800.0,399
rb1805,20170912,20170911,210613500,3801.0,13722,319858,521761800.0,3801.0,21,3800.0,404
rb1805,20170912,20170911,210614000,3800.0,13732,319854,522141840.0,3801.0,37,3800.0,395
rb1805,20170912,20170911,210614500,3801.0,13782,319810,524041900.0,3801.0,34,3800.0,371
rb1805,20170912,20170911,210615000,3800.0,13894,319742,528297900.0,3801.0,35,3800.0,315
rb1805,20170912,20170911,210615500,3800.0,14064,319698,534757900.0,3801.0,136,3800.0,230
rb1805,20170912,20170911,210616000,3800.0,14524,319986,552237900.0,3800.0,75,3799.0,19
rb1805,20170912,20170911,210616500,3799.0,14568,319978,553909460.0,3799.0,11,3798.0,37
rb1805,20170912,20170911,210617000,3798.0,14640,320002,556644040.0,3799.0,23,3798.0,2
rb1805,20170912,20170911,210617500,3797.0,14648,320002,556947860.0,3798.0,12,3797.0,47
rb1805,20170912,20170911,210618000,3797.0,14662,320002,557479480.0,3798.0,16,3797.0,42
rb1805,20170912,20170911,210618500,3798.0,14690,320018,558542860.0,3798.0,18,3797.0,39
rb1805,20170912,20170911,210619000,3797.0,14706,320018,559150400.0,3798.0,18,3797.0,32
rb1805,20170912,20170911,210619500,3798.0,14752,320010,560897400.0,3799.0,17,3798.0,4
rb1805,20170912,20170911,210620000,3797.0,14772,320012,561656940.0,3798.0,5,3797.0,27
rb1805,20170912,20170911,210620500,3797.0,14838,320040,564163060.0,3798.0,20,3796.0,22
rb1805,20170912,20170911,210621000,3796.0,14868,320052,565301940.0,3797.0,1,3796.0,10
rb1805,20170912,20170911,210621500,3797.0,14930,320044,567655320.0,3797.0,3,3795.0,41
rb1805,20170912,20170911,210622000,3797.0,14962,320040,568870380.0,3798.0,17,3797.0,33
rb1805,20170912,20170911,210622500,3798.0,14990,320030,569933620.0,3798.0,9,3797.0,27
rb1805,20170912,20170911,210623000,3797.0,15004,320026,570465200.0,3798.0,18,3797.0,22
rb1805,20170912,20170911,210623500,3797.0,15036,320020,571680260.0,3798.0,23,3797.0,7
rb1805,20170912,20170911,210624000,3797.0,15056,320020,572439640.0,3798.0,23,3796.0,35
rb1805,20170912,20170911,210624500,3797.0,15064,320028,572743400.0,3797.0,3,3796.0,36
rb1805,20170912,20170911,210625000,3796.0,15076,320036,573198960.0,3797.0,5,3796.0,32
rb1805,20170912,20170911,210625500,3797.0,15090,320048,573730460.0,3797.0,11,3796.0,19
rb1805,20170912,20170911,210626000,3796.0,15132,320056,575324820.0,3796.0,6,3795.0,40
rb1805,20170912,20170911,210626500,3796.0,15136,320058,575476640.0,3796.0,5,3795.0,39
rb1805,20170912,20170911,210627000,3796.0,15150,320048,576008060.0,3797.0,12,3796.0,4
rb1805,20170912,20170911,210627500,3796.0,15182,320044,577222640.0,3796.0,19,3795.0,32
rb1805,20170912,20170911,210628000,3795.0,15200,320056,577905780.0,3796.0,11,3795.0,26
rb1805,20170912,20170911,210628500,3795.0,15386,319996,584962940.0,3795.0,55,3793.0,3
rb1805,20170912,20170911,210629000,3793.0,15416,319980,586101240.0,3795.0,56,3793.0,7
rb1805,20170912,20170911,210629500,3793.0,15498,319932,589211520.0,3793.0,13,3792.0,4
rb1805,20170912,20170911,210630000,3793.0,15564,319890,591714980.0,3795.0,49,3793.0,50
rb1805,20170912,20170911,210630500,3794.0,15598,319920,593004800.0,3795.0,42,3793.0,26
rb1805,20170912,20170911,210631000,3795.0,15646,319902,594825800.0,3795.0,40,3794.0,3
rb1805,20170912,20170911,210631500,3795.0,15652,319904,595053460.0,3795.0,39,3794.0,9
rb1805,20170912,20170911,210632000,3795.0,15676,319884,595964240.0,3795.0,30,3794.0,15
rb1805,20170912,20170911,210632500,3793.0,15702,319892,596950680.0,3795.0,26,3793.0,52
rb1805,20170912,20170911,210633000,3794.0,15712,319892,597330080.0,3795.0,30,3794.0,6
rb1805,20170912,20170911,210633500,3795.0,15726,319900,597861280.0,3795.0,22,3794.0,6
rb1805,20170912,20170911,210634000,3794.0,15736,319906,598240680.0,3795.0,24,3794.0,2
rb1805,20170912,20170911,210634500,3795.0,15758,319916,599075280.0,3795.0,42,3793.0,60
rb1805,20170912,20170911,210635000,3795.0,15776,319908,599758380.0,3795.0,43,3794.0,10
rb1805,20170912,20170911,210635500,3795.0,15784,319908,600061940.0,3795.0,43,3794.0,11
rb1805,20170912,20170911,210636000,3794.0,15786,319910,600137820.0,3795.0,41,3794.0,10
rb1805,20170912,20170911,210636500,3794.0,15806,319930,600896620.0,3795.0,41,3794.0,5
rb1805,20170912,20170911,210637000,3794.0,15820,319930,601427780.0,3794.0,14,3793.0,75
rb1805,20170912,20170911,210637500,3794.0,15868,319934,603248900.0,3795.0,43,3794.0,83
rb1805,20170912,20170911,210638000,3795.0,15964,319986,606892100.0,3796.0,14,3795.0,52
rb1805,20170912,20170911,210638500,3796.0,16004,319986,608410520.0,3797.0,19,3795.0,19
rb1805,20170912,20170911,210639000,3795.0,16022,319992,609093720.0,3796.0,16,3795.0,15
rb1805,20170912,20170911,210639500,3795.0,16024,319994,609169620.0,3796.0,21,3795.0,14
rb1805,20170912,20170911,210640000,3794.0,16056,319992,610384000.0,3795.0,26,3794.0,42
rb1805,20170912,20170911,210640500,3795.0,16072,319980,610991200.0,3795.0,5,3794.0,38
rb1805,20170912,20170911,210641000,3794.0,16094,319982,611826080.0,3795.0,3,3794.0,8
rb1805,20170912,20170911,210641500,3795.0,16098,319982,611977880.0,3795.0,10,3794.0,9
rb1805,20170912,20170911,210642000,3795.0,16118,319974,612736880.0,3796.0,113,3795.0,10
rb1805,20170912,20170911,210642500,3794.0,16146,319952,613799500.0,3795.0,16,3794.0,8
rb1805,20170912,20170911,210643000,3794.0,16178,319972,615013620.0,3795.0,19,3794.0,6
rb1805,20170912,20170911,210643500,3795.0,16180,319972,615089520.0,3795.0,18,3794.0,15
rb1805,20170912,20170911,210644000,3795.0,16192,319980,615544820.0,3795.0,12,3794.0,4
rb1805,20170912,20170911,210644500,3795.0,16194,319980,615620720.0,3795.0,11,3794.0,4
rb1805,20170912,20170911,210645000,3793.0,16210,319974,616227680.0,3795.0,16,3793.0,49
rb1805,20170912,20170911,210645500,3793.0,16210,319974,616227680.0,3795.0,19,3794.0,9
rb1805,20170912,20170911,210646000,3794.0,16232,319972,617062360.0,3794.0,2,3793.0,50
rb1805,20170912,20170911,210646500,3795.0,16238,319972,617290020.0,3795.0,21,3794.0,39
rb1805,20170912,20170911,210647000,3794.0,16240,319972,617365900.0,3795.0,16,3794.0,16
rb1805,20170912,20170911,210647500,3794.0,16242,319972,617441780.0,3795.0,19,3794.0,15
rb1805,20170912,20170911,210648000,3795.0,16250,319964,617745380.0,3795.0,15,3794.0,19
rb1805,20170912,20170911,210648500,3795.0,16320,319938,620401860.0,3796.0,110,3795.0,3
rb1805,20170912,20170911,210649000,3795.0,16324,319938,620553660.0,3796.0,110,3795.0,27
rb1805,20170912,20170911,210649500,3795.0,16326,319938,620629560.0,3796.0,118,3795.0,30
rb1805,20170912,20170911,210650000,3794.0,16406,319972,623665360.0,3795.0,23,3794.0,5
rb1805,20170912,20170911,210650500,3794.0,16408,319974,623741240.0,3795.0,10,3794.0,6
rb1805,20170912,20170911,210651000,3795.0,16412,319970,623893040.0,3795.0,9,3794.0,11
rb1805,20170912,20170911,210651500,3795.0,16420,319972,624196640.0,3795.0,5,3794.0,18
rb1805,20170912,20170911,210652000,3795.0,16434,319982,624727920.0,3795.0,4,3794.0,17
rb1805,20170912,20170911,210652500,3795.0,16434,319982,624727920.0,3795.0,11,3794.0,18
rb1805,20170912,20170911,210653000,3795.0,16434,319982,624727920.0,3795.0,12,3794.0,20
rb1805,20170912,20170911,210653500,3794.0,16452,319988,625410860.0,3795.0,16,3794.0,15
rb1805,20170912,20170911,210654000,3794.0,16486,319994,626700820.0,3794.0,44,3793.0,57
rb1805,20170912,20170911,210654500,3794.0,16492,319988,626928460.0,3794.0,46,3793.0,57
rb1805,20170912,20170911,210655000,3793.0,16496,319986,627080200.0,3794.0,45,3793.0,57
rb1805,20170912,20170911,210655500,3793.0,16506,319992,627459520.0,3794.0,45,3793.0,55
rb1805,20170912,20170911,210656000,3794.0,16508,319992,627535400.0,3794.0,45,3793.0,55
rb1805,20170912,20170911,210656500,3793.0,16622,319960,631859440.0,3793.0,9,3792.0,44
rb1805,20170912,20170911,210657000,3793.0,16624,319960,631935300.0,3793.0,8,3792.0,44
rb1805,20170912,20170911,210657500,3792.0,16634,319968,632314500.0,3793.0,12,3792.0,39
rb1805,20170912,20170911,210658000,3791.0,16712,319974,635272260.0,3792.0,1,3791.0,81
rb1805,20170912,20170911,210658500,3793.0,16758,319984,637016280.0,3793.0,14,3791.0,63
rb1805,20170912,20170911,210659000,3791.0,16792,320004,638305260.0,3793.0,18,3791.0,48
rb1805,20170912,20170911,210659500,3791.0,16798,320006,638532720.0,3792.0,2,3791.0,45
rb1805,20170912,20170911,210700000,3793.0,16822,319998,639442640.0,3793.0,18,3791.0,37
rb1805,20170912,20170911,210700500,3791.0,16944,319946,644068820.0,3794.0,41,3791.0,10
rb1805,20170912,20170911,210701000,3793.0,16966,319968,644903200.0,3793.0,14,3791.0,36
rb1805,20170912,20170911,210701500,3793.0,16990,319968,645813500.0,3793.0,3,3792.0,3
rb1805,20170912,20170911,210702000,3792.0,17006,319972,646420260.0,3793.0,1,3792.0,8
rb1805,20170912,20170911,210702500,3793.0,17030,319974,647330580.0,3794.0,48,3793.0,2
rb1805,20170912,20170911,210703000,3794.0,17156,320058,652111020.0,3795.0,28,3793.0,16
rb1805,20170912,20170911,210703500,3794.0,17192,320038,653477080.0,3795.0,11,3794.0,19
rb1805,20170912,20170911,210704000,3795.0,17216,320056,654387880.0,3796.0,122,3795.0,93
rb1805,20170912,20170911,210704500,3796.0,17300,320118,657576500.0,3796.0,76,3795.0,51
rb1805,20170912,20170911,210705000,3796.0,17464,320254,663801940.0,3797.0,32,3796.0,33
rb1805,20170912,20170911,210705500,3796.0,17548,320220,666991340.0,3797.0,3,3795.0,77
rb1805,20170912,20170911,210706000,3797.0,17562,320208,667522920.0,3798.0,23,3797.0,2
rb1805,20170912,20170911,210706500,3797.0,17572,320210,667902620.0,3798.0,24,3797.0,7
rb1805,20170912,20170911,210707000,3797.0,17604,320210,669117620.0,3797.0,16,3796.0,5
rb1805,20170912,20170911,210707500,3796.0,17628,320230,670028880.0,3797.0,5,3796.0,5
rb1805,20170912,20170911,210708000,3797.0,17632,320234,670180760.0,3797.0,10,3796.0,6
rb1805,20170912,20170911,210708500,3796.0,17644,320232,670636320.0,3797.0,15,3796.0,3
rb1805,20170912,20170911,210709000,3796.0,17654,320240,671015920.0,3797.0,17,3796.0,4
rb1805,20170912,20170911,210709500,3796.0,17656,320240,671091840.0,3797.0,21,3796.0,3
rb1805,20170912,20170911,210710000,3797.0,17678,320226,671927120.0,3796.0,2,3795.0,79
rb1805,20170912,20170911,210710500,3797.0,17690,320232,672382700.0,3797.0,17,3796.0,16
rb1805,20170912,20170911,210711000,3797.0,17694,320234,672534560.0,3797.0,36,3796.0,9
rb1805,20170912,20170911,210711500,3796.0,17702,320242,672838260.0,3797.0,36,3796.0,6
rb1805,20170912,20170911,210712000,3796.0,17708,320246,673066040.0,3797.0,36,3796.0,4
rb1805,20170912,20170911,210712500,3796.0,17732,320252,673977080.0,3797.0,36,3795.0,50
rb1805,20170912,20170911,210713000,3796.0,17736,320252,674128940.0,3797.0,35,3795.0,52
rb1805,20170912,20170911,210713500,3797.0,17738,320252,674204880.0,3797.0,35,3795.0,80
rb1805,20170912,20170911,210714000,3795.0,17740,320252,674280780.0,3796.0,3,3795.0,88
rb1805,20170912,20170911,210714500,3796.0,17746,320258,674508540.0,3797.0,37,3796.0,10
rb1805,20170912,20170911,210715000,3796.0,17746,320258,674508540.0,3797.0,37,3796.0,1
rb1805,20170912,20170911,210715500,3796.0,17746,320258,674508540.0,3797.0,37,3796.0,14
rb1805,20170912,20170911,210716000,3797.0,17756,320260,674888180.0,3797.0,37,3796.0,11
rb1805,20170912,20170911,210716500,3796.0,17766,320270,675267780.0,3797.0,22,3796.0,6
rb1805,20170912,20170911,210717000,3796.0,17772,320276,675495540.0,3797.0,22,3796.0,4
rb1805,20170912,20170911,210717500,3796.0,17778,320280,675723300.0,3797.0,22,3796.0,2
rb1805,20170912,20170911,210718000,3796.0,17780,320282,675799220.0,3797.0,22,3796.0,1
rb1805,20170912,20170911,210718500,3797.0,17782,320282,675875160.0,3797.0,21,3796.0,1
rb1805,20170912,20170911,210719000,3797.0,17794,320282,676330720.0,3796.0,4,3795.0,60
rb1805,20170912,20170911,210719500,3797.0,17800,320288,676558540.0,3796.0,9,3795.0,44
rb1805,20170912,20170911,210720000,3796.0,17808,320290,676862160.0,3796.0,8,3795.0,15
rb1805,20170912,20170911,210720500,3795.0,17858,320270,678759660.0,3795.0,51,3794.0,48
rb1805,20170912,20170911,210721000,3794.0,17956,320328,682477780.0,3794.0,8,3793.0,23
rb1805,20170912,20170911,210721500,3794.0,17956,320328,682477780.0,3794.0,13,3793.0,24
rb1805,20170912,20170911,210722000,3794.0,18002,320330,684222660.0,3794.0,10,3793.0,6
rb1805,20170912,20170911,210722500,3794.0,18026,320346,685133220.0,3793.0,21,3792.0,109
rb1805,20170912,20170911,210723000,3792.0,18034,320342,685436640.0,3793.0,7,3792.0,114
rb1805,20170912,20170911,210723500,3793.0,18048,320344,685967660.0,3794.0,26,3792.0,115
rb1805,20170912,20170911,210724000,3794.0,18052,320344,686119420.0,3793.0,1,3792.0,117
rb1805,20170912,20170911,210724500,3793.0,18056,320346,686271140.0,3794.0,24,3793.0,48
rb1805,20170912,20170911,210725000,3793.0,18066,320340,686650500.0,3794.0,7,3793.0,47
rb1805,20170912,20170911,210725500,3794.0,18080,320326,687181660.0,3795.0,28,3794.0,18
rb1805,20170912,20170911,210726000,3794.0,18084,320328,687333420.0,3795.0,28,3794.0,17
rb1805,20170912,20170911,210726500,3795.0,18090,320332,687561120.0,3796.0,22,3795.0,1
rb1805,20170912,20170911,210727000,3795.0,18092,320334,687637020.0,3796.0,6,3795.0,3
rb1805,20170912,20170911,210727500,3795.0,18098,320334,687864720.0,3795.0,3,3794.0,26
rb1805,20170912,20170911,210728000,3795.0,18104,320334,688092420.0,3796.0,8,3795.0,64
rb1805,20170912,20170911,210728500,3795.0,18112,320326,688396020.0,3796.0,6,3795.0,3
rb1805,20170912,20170911,210729000,3794.0,18138,320350,689382580.0,3796.0,27,3794.0,20
rb1805,20170912,20170911,210729500,3794.0,18138,320350,689382580.0,3795.0,4,3794.0,20
rb1805,20170912,20170911,210730000,3795.0,18144,320350,689610280.0,3795.0,2,3794.0,16
rb1805,20170912,20170911,210730500,3794.0,18146,320352,689686160.0,3795.0,2,3794.0,15
rb1805,20170912,20170911,210731000,3795.0,18148,320352,689762060.0,3795.0,1,3794.0,17
rb1805,20170912,20170911,210731500,3795.0,18150,320354,689837960.0,3795.0,1,3794.0,17
rb1805,20170912,20170911,210732000,3795.0,18152,320356,689913860.0,3795.0,2,3794.0,17
rb1805,20170912,20170911,210732500,3794.0,18160,320360,690217420.0,3796.0,54,3795.0,1
rb1805,20170912,20170911,210733000,3795.0,18162,320360,690293320.0,3796.0,56,3794.0,49
rb1805,20170912,20170911,210733500,3795.0,18206,320394,691963540.0,3795.0,2,3794.0,54
rb1805,20170912,20170911,210734000,3796.0,18220,320404,692494920.0,3796.0,33,3795.0,33
rb1805,20170912,20170911,210734500,3796.0,18248,320428,693557760.0,3796.0,24,3795.0,19
rb1805,20170912,20170911,210735000,3796.0,18248,320428,693557760.0,3796.0,25,3795.0,17
rb1805,20170912,20170911,210735500,3795.0,18300,320450,695531460.0,3796.0,15,3795.0,8
rb1805,20170912,20170911,210736000,3796.0,18304,320448,695683300.0,3796.0,13,3795.0,8
rb1805,20170912,20170911,210736500,3796.0,18312,320450,695986960.0,3796.0,11,3795.0,8
rb1805,20170912,20170911,210737000,3796.0,18330,320456,696670240.0,3797.0,29,3796.0,23
rb1805,20170912,20170911,210737500,3796.0,18330,320456,696670240.0,3797.0,27,3796.0,15
rb1805,20170912,20170911,210738000,3797.0,18338,320460,696973960.0,3797.0,25,3796.0,13
rb1805,20170912,20170911,210738500,3797.0,18370,320466,698188960.0,3797.0,11,3796.0,12
rb1805,20170912,20170911,210739000,3796.0,18386,320470,698796400.0,3797.0,8,3796.0,40
rb1805,20170912,20170911,210739500,3797.0,18406,320476,699555800.0,3798.0,30,3797.0,23
rb1805,20170912,20170911,210740000,3798.0,18468,320496,701910560.0,3799.0,49,3797.0,10
rb1805,20170912,20170911,210740500,3797.0,18512,320504,703581360.0,3799.0,45,3797.0,1
rb1805,20170912,20170911,210741000,3798.0,18516,320506,703733260.0,3798.0,11,3796.0,18
rb1805,20170912,20170911,210741500,3796.0,18522,320512,703961020.0,3797.0,1,3796.0,24
rb1805,20170912,20170911,210742000,3797.0,18524,320512,704036960.0,3798.0,22,3797.0,1
rb1805,20170912,20170911,210742500,3797.0,18536,320510,704492600.0,3798.0,23,3797.0,5
rb1805,20170912,20170911,210743000,3798.0,18540,320512,704644500.0,3798.0,22,3797.0,5
rb1805,20170912,20170911,210743500,3797.0,18554,320504,705176080.0,3798.0,23,3797.0,9
rb1805,20170912,20170911,210744000,3798.0,18592,320524,706619140.0,3798.0,16,3797.0,20
rb1805,20170912,20170911,210744500,3798.0,18594,320522,706695100.0,3798.0,15,3797.0,23
rb1805,20170912,20170911,210745000,3798.0,18600,320528,706922960.0,3798.0,13,3797.0,24
rb1805,20170912,20170911,210745500,3798.0,18602,320528,706998920.0,3798.0,17,3797.0,24
rb1805,20170912,20170911,210746000,3798.0,18606,320530,707150840.0,3798.0,15,3797.0,23
rb1805,20170912,20170911,210746500,3798.0,18606,320530,707150840.0,3798.0,21,3797.0,23
rb1805,20170912,20170911,210747000,3798.0,18606,320530,707150840.0,3798.0,26,3797.0,23
rb1805,20170912,20170911,210747500,3798.0,18608,320530,707226800.0,3798.0,24,3797.0,23
rb1805,20170912,20170911,210748000,3797.0,18618,320540,707606500.0,3798.0,25,3797.0,18
rb1805,20170912,20170911,210748500,3798.0,18620,320542,707682460.0,3798.0,26,3797.0,18
rb1805,20170912,20170911,210749000,3798.0,18620,320542,707682460.0,3798.0,26,3797.0,18
rb1805,20170912,20170911,210749500,3797.0,18622,320544,707758400.0,3798.0,26,3797.0,17
rb1805,20170912,20170911,210750000,3797.0,18628,320546,707986240.0,3798.0,30,3797.0,15
rb1805,20170912,20170911,210750500,3797.0,18658,320552,709125340.0,3798.0,30,3796.0,11
rb1805,20170912,20170911,210751000,3796.0,18660,320554,709201260.0,3798.0,31,3796.0,10
rb1805,20170912,20170911,210751500,3796.0,18660,320554,709201260.0,3798.0,32,3796.0,10
rb1805,20170912,20170911,210752000,3796.0,18660,320554,709201260.0,3798.0,32,3796.0,11
rb1805,20170912,20170911,210752500,3796.0,18662,320552,709277180.0,3798.0,32,3796.0,11
rb1805,20170912,20170911,210753000,3796.0,18664,320552,709353100.0,3798.0,34,3796.0,10
rb1805,20170912,20170911,210753500,3796.0,18664,320552,709353100.0,3798.0,38,3796.0,10
rb1805,20170912,20170911,210754000,3797.0,18666,320550,709429040.0,3797.0,2,3796.0,6
rb1805,20170912,20170911,210754500,3796.0,18684,320538,710112320.0,3796.0,3,3795.0,41
rb1805,20170912,20170911,210755000,3796.0,18684,320538,710112320.0,3796.0,41,3795.0,31
rb1805,20170912,20170911,210755500,3795.0,18746,320516,712465220.0,3795.0,79,3794.0,37
rb1805,20170912,20170911,210756000,3794.0,18812,320528,714969260.0,3794.0,36,3793.0,53
rb1805,20170912,20170911,210756500,3794.0,18886,320484,717776100.0,3794.0,38,3793.0,17
rb1805,20170912,20170911,210757000,3793.0,18920,320486,719065720.0,3793.0,22,3792.0,139
rb1805,20170912,20170911,210757500,3794.0,18976,320514,721189920.0,3794.0,29,3792.0,139
rb1805,20170912,20170911,210758000,3794.0,18976,320514,721189920.0,3794.0,26,3793.0,18
rb1805,20170912,20170911,210758500,3794.0,18982,320510,721417560.0,3794.0,23,3793.0,18
rb1805,20170912,20170911,210759000,3793.0,19076,320478,724983440.0,3793.0,6,3792.0,135
rb1805,20170912,20170911,210759500,3793.0,19088,320490,725438600.0,3795.0,30,3793.0,52
rb1805,20170912,20170911,210800000,3793.0,19096,320486,725742120.0,3795.0,15,3793.0,33
rb1805,20170912,20170911,210800500,3794.0,19102,320488,725969800.0,3795.0,4,3793.0,36
rb1805,20170912,20170911,210801000,3795.0,19116,320498,726500980.0,3795.0,6,3793.0,67
rb1805,20170912,20170911,210801500,3795.0,19120,320498,726652780.0,3795.0,5,3793.0,69
rb1805,20170912,20170911,210802000,3795.0,19138,320496,727335880.0,3796.0,44,3795.0,27
rb1805,20170912,20170911,210802500,3796.0,19144,320496,727563620.0,3796.0,61,3795.0,26
rb1805,20170912,20170911,210803000,3796.0,19160,320494,728170860.0,3796.0,59,3795.0,20
rb1805,20170912,20170911,210803500,3795.0,19174,320504,728702160.0,3796.0,32,3795.0,13
rb1805,20170912,20170911,210804000,3795.0,19176,320504,728778060.0,3796.0,32,3795.0,12
rb1805,20170912,20170911,210804500,3795.0,19176,320504,728778060.0,3796.0,32,3795.0,12
rb1805,20170912,20170911,210805000,3796.0,19190,320514,729309500.0,3796.0,33,3795.0,12
rb1805,20170912,20170911,210805500,3795.0,19200,320524,729689000.0,3796.0,36,3795.0,7
rb1805,20170912,20170911,210806000,3796.0,19224,320530,730599900.0,3796.0,31,3794.0,1
rb1805,20170912,20170911,210806500,3796.0,19224,320530,730599900.0,3795.0,17,3794.0,1
rb1805,20170912,20170911,210807000,3796.0,19224,320530,730599900.0,3795.0,22,3794.0,1
rb1805,20170912,20170911,210807500,3794.0,19268,320540,732269140.0,3795.0,27,3794.0,16
rb1805,20170912,20170911,210808000,3794.0,19300,320508,733483220.0,3795.0,28,3793.0,65
rb1805,20170912,20170911,210808500,3793.0,19304,320506,733634980.0,3795.0,32,3793.0,64
rb1805,20170912,20170911,210809000,3793.0,19304,320506,733634980.0,3795.0,32,3793.0,64
rb1805,20170912,20170911,210809500,3795.0,19308,320506,733786780.0,3795.0,37,3793.0,64
rb1805,20170912,20170911,210810000,3795.0,19314,320512,734014480.0,3794.0,4,3793.0,64
rb1805,20170912,20170911,210810500,3794.0,19322,320512,734318000.0,3795.0,37,3793.0,64
rb1805,20170912,20170911,210811000,3795.0,19326,320508,734469800.0,3795.0,35,3793.0,66
rb1805,20170912,20170911,210811500,3793.0,19328,320506,734545660.0,3795.0,42,3793.0,65
rb1805,20170912,20170911,210812000,3794.0,19336,320506,734849160.0,3795.0,43,3793.0,71
rb1805,20170912,20170911,210812500,3794.0,19336,320506,734849160.0,3795.0,43,3793.0,93
rb1805,20170912,20170911,210813000,3794.0,19348,320504,735304460.0,3794.0,1,3793.0,95
rb1805,20170912,20170911,210813500,3794.0,19352,320508,735456220.0,3795.0,27,3793.0,95
rb1805,20170912,20170911,210814000,3794.0,19352,320508,735456220.0,3795.0,27,3794.0,1
rb1805,20170912,20170911,210814500,3794.0,19352,320508,735456220.0,3795.0,27,3794.0,4
rb1805,20170912,20170911,210815000,3794.0,19352,320508,735456220.0,3795.0,17,3794.0,4
rb1805,20170912,20170911,210815500,3794.0,19386,320506,736746480.0,3795.0,4,3794.0,8
rb1805,20170912,20170911,210816000,3795.0,19402,320516,737353680.0,3796.0,31,3795.0,24
rb1805,20170912,20170911,210816500,3795.0,19404,320516,737429580.0,3796.0,27,3795.0,7
rb1805,20170912,20170911,210817000,3795.0,19406,320516,737505480.0,3796.0,27,3795.0,6
rb1805,20170912,20170911,210817500,3795.0,19406,320516,737505480.0,3796.0,27,3795.0,6
rb1805,20170912,20170911,210818000,3796.0,19408,320518,737581400.0,3796.0,26,3795.0,8
rb1805,20170912,20170911,210818500,3796.0,19408,320518,737581400.0,3796.0,28,3795.0,8
rb1805,20170912,20170911,210819000,3796.0,19408,320518,737581400.0,3796.0,28,3795.0,20
rb1805,20170912,20170911,210819500,3796.0,19408,320518,737581400.0,3796.0,28,3795.0,20
rb1805,20170912,20170911,210820000,3795.0,19410,320518,737657300.0,3796.0,28,3795.0,21
rb1805,20170912,20170911,210820500,3795.0,19424,320518,738188600.0,3796.0,33,3795.0,4
rb1805,20170912,20170911,210821000,3795.0,19432,320518,738492200.0,3795.0,12,3794.0,27
rb1805,20170912,20170911,210821500,3795.0,19432,320518,738492200.0,3795.0,8,3794.0,24
rb1805,20170912,20170911,210822000,3795.0,19432,320518,738492200.0,3795.0,16,3794.0,24
rb1805,20170912,20170911,210822500,3794.0,19434,320518,738568080.0,3795.0,12,3794.0,23
rb1805,20170912,20170911,210823000,3794.0,19436,320518,738643960.0,3795.0,9,3794.0,22
rb1805,20170912,20170911,210823500,3795.0,19440,320520,738795760.0,3795.0,7,3794.0,22
rb1805,20170912,20170911,210824000,3794.0,19486,320510,740541000.0,3794.0,27,3793.0,86
rb1805,20170912,20170911,210824500,3795.0,19542,320462,742665660.0,3795.0,6,3794.0,12
rb1805,20170912,20170911,210825000,3794.0,19546,320464,742817420.0,3795.0,7,3794.0,10
rb1805,20170912,20170911,210825500,3794.0,19548,320466,742893300.0,3795.0,7,3794.0,10
rb1805,20170912,20170911,210826000,3795.0,19560,320470,743348700.0,3795.0,2,3794.0,11
rb1805,20170912,20170911,210826500,3795.0,19560,320470,743348700.0,3795.0,2,3794.0,13
rb1805,20170912,20170911,210827000,3794.0,19564,320470,743500480.0,3795.0,1,3794.0,13
rb1805,20170912,20170911,210827500,3795.0,19566,320472,743576380.0,3796.0,41,3795.0,1
rb1805,20170912,20170911,210828000,3794.0,19586,320490,744335200.0,3795.0,5,3794.0,4
rb1805,20170912,20170911,210828500,3794.0,19590,320486,744486960.0,3795.0,8,3794.0,3
rb1805,20170912,20170911,210829000,3794.0,19594,320484,744638720.0,3795.0,15,3794.0,1
rb1805,20170912,20170911,210829500,3794.0,19596,320484,744714600.0,3795.0,15,3794.0,3
rb1805,20170912,20170911,210830000,3795.0,19598,320484,744790500.0,3795.0,12,3794.0,3
rb1805,20170912,20170911,210830500,3795.0,19598,320484,744790500.0,3795.0,12,3794.0,4
rb1805,20170912,20170911,210831000,3795.0,19602,320482,744942280.0,3795.0,5,3794.0,3
rb1805,20170912,20170911,210831500,3795.0,19608,320482,745169940.0,3795.0,4,3794.0,3
rb1805,20170912,20170911,210832000,3795.0,19608,320482,745169940.0,3795.0,4,3794.0,3
rb1805,20170912,20170911,210832500,3795.0,19608,320482,745169940.0,3795.0,5,3794.0,3
rb1805,20170912,20170911,210833000,3794.0,19614,320478,745397580.0,3794.0,97,3793.0,107
rb1805,20170912,20170911,210833500,3794.0,19622,320478,745701100.0,3794.0,94,3793.0,80
rb1805,20170912,20170911,210834000,3794.0,19624,320478,745776980.0,3794.0,93,3793.0,80
rb1805,20170912,20170911,210834500,3794.0,19624,320478,745776980.0,3794.0,94,3793.0,80
rb1805,20170912,20170911,210835000,3794.0,19626,320478,745852860.0,3794.0,93,3793.0,80
rb1805,20170912,20170911,210835500,3794.0,19630,320478,746004620.0,3794.0,91,3793.0,80
rb1805,20170912,20170911,210836000,3793.0,19632,320478,746080480.0,3794.0,91,3793.0,79
rb1805,20170912,20170911,210836500,3794.0,19638,320472,746308120.0,3794.0,88,3793.0,73
rb1805,20170912,20170911,210837000,3794.0,19640,320472,746384000.0,3794.0,92,3793.0,73
rb1805,20170912,20170911,210837500,3794.0,19640,320472,746384000.0,3794.0,92,3793.0,73
rb1805,20170912,20170911,210838000,3794.0,19642,320472,746459880.0,3794.0,91,3793.0,73
rb1805,20170912,20170911,210838500,3794.0,19824,320302,753364960.0,3795.0,13,3794.0,9
rb1805,20170912,20170911,210839000,3794.0,19842,320302,754047880.0,3794.0,18,3793.0,73
rb1805,20170912,20170911,210839500,3794.0,19842,320302,754047880.0,3794.0,14,3793.0,73
rb1805,20170912,20170911,210840000,3794.0,19852,320304,754427280.0,3794.0,12,3793.0,72
rb1805,20170912,20170911,210840500,3794.0,19854,320304,754503160.0,3794.0,11,3793.0,73
rb1805,20170912,20170911,210841000,3794.0,19876,320302,755337840.0,3795.0,16,3793.0,73
rb1805,20170912,20170911,210841500,3794.0,19876,320302,755337840.0,3795.0,17,3793.0,73
rb1805,20170912,20170911,210842000,3794.0,19876,320302,755337840.0,3794.0,2,3793.0,74
rb1805,20170912,20170911,210842500,3794.0,19878,320300,755413720.0,3794.0,1,3793.0,75
rb1805,20170912,20170911,210843000,3794.0,19878,320300,755413720.0,3794.0,8,3793.0,76
rb1805,20170912,20170911,210843500,3794.0,19878,320300,755413720.0,3794.0,12,3793.0,76
rb1805,20170912,20170911,210844000,3793.0,19884,320300,755641320.0,3794.0,11,3793.0,74
rb1805,20170912,20170911,210844500,3794.0,19888,320296,755793080.0,3794.0,5,3793.0,74
rb1805,20170912,20170911,210845000,3793.0,19992,320230,759737840.0,3794.0,8,3793.0,25
rb1805,20170912,20170911,210845500,3793.0,20060,320276,762316980.0,3793.0,20,3792.0,136
rb1805,20170912,20170911,210846000,3793.0,20062,320278,762392840.0,3793.0,6,3792.0,136
rb1805,20170912,20170911,210846500,3793.0,20066,320282,762544540.0,3793.0,14,3792.0,135
rb1805,20170912,20170911,210847000,3792.0,20068,320284,762620380.0,3793.0,10,3792.0,134
rb1805,20170912,20170911,210847500,3792.0,20100,320274,763833820.0,3793.0,17,3792.0,119
rb1805,20170912,20170911,210848000,3792.0,20106,320278,764061340.0,3793.0,18,3792.0,113
rb1805,20170912,20170911,210848500,3792.0,20120,320292,764592220.0,3793.0,18,3792.0,106
rb1805,20170912,20170911,210849000,3793.0,20142,320294,765426480.0,3793.0,20,3792.0,96
rb1805,20170912,20170911,210849500,3793.0,20230,320348,768763700.0,3793.0,6,3792.0,65
rb1805,20170912,20170911,210850000,3793.0,20322,320324,772252360.0,3793.0,9,3792.0,20
rb1805,20170912,20170911,210850500,3793.0,20346,320322,773162480.0,3793.0,10,3792.0,10
rb1805,20170912,20170911,210851000,3792.0,20366,320322,773920880.0,3793.0,12,3791.0,108
rb1805,20170912,20170911,210851500,3792.0,20366,320322,773920880.0,3793.0,13,3792.0,5
rb1805,20170912,20170911,210852000,3791.0,20386,320334,774679220.0,3793.0,13,3792.0,10
rb1805,20170912,20170911,210852500,3791.0,20434,320358,776499320.0,3792.0,3,3791.0,99
rb1805,20170912,20170911,210853000,3792.0,20452,320352,777181880.0,3793.0,11,3791.0,106
rb1805,20170912,20170911,210853500,3791.0,20478,320366,778167700.0,3792.0,92,3791.0,101
rb1805,20170912,20170911,210854000,3791.0,20584,320416,782187200.0,3792.0,40,3791.0,101
rb1805,20170912,20170911,210854500,3793.0,20666,320478,785296660.0,3793.0,13,3792.0,11
rb1805,20170912,20170911,210855000,3792.0,20680,320466,785827540.0,3793.0,14,3792.0,8
rb1805,20170912,20170911,210855500,3792.0,20698,320454,786510100.0,3792.0,6,3791.0,132
rb1805,20170912,20170911,210856000,3792.0,20730,320454,787723540.0,3793.0,19,3792.0,22
rb1805,20170912,20170911,210856500,3792.0,20738,320454,788026920.0,3793.0,19,3792.0,19
rb1805,20170912,20170911,210857000,3792.0,20740,320454,788102760.0,3793.0,19,3792.0,9
rb1805,20170912,20170911,210857500,3792.0,20740,320454,788102760.0,3793.0,19,3792.0,17
rb1805,20170912,20170911,210858000,3793.0,20788,320478,789923400.0,3794.0,21,3793.0,24
rb1805,20170912,20170911,210858500,3794.0,20832,320500,791592760.0,3795.0,22,3794.0,12
rb1805,20170912,20170911,210859000,3795.0,20892,320496,793869780.0,3796.0,64,3795.0,3
rb1805,20170912,20170911,210859500,3796.0,20950,320482,796071460.0,3796.0,35,3795.0,4
rb1805,20170912,20170911,210900000,3795.0,20952,320484,796147360.0,3796.0,37,3795.0,3
rb1805,20170912,20170911,210900500,3794.0,20966,320484,796678640.0,3795.0,38,3794.0,15
rb1805,20170912,20170911,210901000,3795.0,21000,320476,797968640.0,3795.0,21,3793.0,42
rb1805,20170912,20170911,210901500,3795.0,21000,320476,797968640.0,3794.0,1,3793.0,43
rb1805,20170912,20170911,210902000,3794.0,21004,320476,798120400.0,3795.0,27,3794.0,3
rb1805,20170912,20170911,210902500,3793.0,21018,320478,798651500.0,3794.0,25,3793.0,40
rb1805,20170912,20170911,210903000,3793.0,21018,320478,798651500.0,3794.0,25,3793.0,34
rb1805,20170912,20170911,210903500,3793.0,21086,320510,801230740.0,3793.0,3,3792.0,42
rb1805,20170912,20170911,210904000,3792.0,21112,320504,802216800.0,3793.0,6,3792.0,38
rb1805,20170912,20170911,210904500,3792.0,21196,320556,805402080.0,3792.0,13,3791.0,104
rb1805,20170912,20170911,210905000,3791.0,21254,320544,807600860.0,3792.0,8,3791.0,75
rb1805,20170912,20170911,210905500,3791.0,21410,320564,813514820.0,3791.0,4,3790.0,214
rb1805,20170912,20170911,210906000,3791.0,21414,320566,813666460.0,3791.0,9,3790.0,214
rb1805,20170912,20170911,210906500,3792.0,21432,320566,814348860.0,3791.0,1,3790.0,211
rb1805,20170912,20170911,210907000,3792.0,21506,320602,817154540.0,3793.0,32,3792.0,70
rb1805,20170912,20170911,210907500,3791.0,21788,320730,827845200.0,3791.0,37,3790.0,145
rb1805,20170912,20170911,210908000,3790.0,22074,320892,838684640.0,3791.0,47,3789.0,51
rb1805,20170912,20170911,210908500,3789.0,22266,320920,845959540.0,3789.0,2,3788.0,96
rb1805,20170912,20170911,210909000,3789.0,22352,320894,849218100.0,3790.0,20,3789.0,16
rb1805,20170912,20170911,210909500,3789.0,22468,320880,853614260.0,3790.0,4,3789.0,27
rb1805,20170912,20170911,210910000,3790.0,22524,320852,855736200.0,3791.0,41,3790.0,5
rb1805,20170912,20170911,210910500,3789.0,22554,320874,856873120.0,3791.0,36,3789.0,32
rb1805,20170912,20170911,210911000,3789.0,22658,320850,860814420.0,3791.0,24,3789.0,21
rb1805,20170912,20170911,210911500,3789.0,22676,320848,861496560.0,3791.0,26,3789.0,26
rb1805,20170912,20170911,210912000,3789.0,22692,320846,862102880.0,3790.0,1,3789.0,29
rb1805,20170912,20170911,210912500,3790.0,22710,320850,862785100.0,3791.0,24,3790.0,12
rb1805,20170912,20170911,210913000,3790.0,22722,320846,863239920.0,3791.0,24,3790.0,12
rb1805,20170912,20170911,210913500,3791.0,22806,320804,866422960.0,3790.0,1,3789.0,61
rb1805,20170912,20170911,210914000,3790.0,22816,320812,866801960.0,3791.0,23,3789.0,69
rb1805,20170912,20170911,210914500,3790.0,22822,320812,867029400.0,3791.0,21,3789.0,69
rb1805,20170912,20170911,210915000,3791.0,22834,320824,867484320.0,3791.0,15,3790.0,1
rb1805,20170912,20170911,210915500,3790.0,22872,320830,868924760.0,3791.0,3,3790.0,3
rb1805,20170912,20170911,210916000,3790.0,22878,320830,869152160.0,3791.0,3,3790.0,21
rb1805,20170912,20170911,210916500,3790.0,22926,320856,870971680.0,3792.0,8,3791.0,2
rb1805,20170912,20170911,210917000,3791.0,22946,320844,871729860.0,3791.0,27,3790.0,48
rb1805,20170912,20170911,210917500,3791.0,22946,320844,871729860.0,3791.0,6,3790.0,14
rb1805,20170912,20170911,210918000,3791.0,22954,320848,872033080.0,3791.0,10,3790.0,13
rb1805,20170912,20170911,210918500,3790.0,22958,320852,872184680.0,3791.0,10,3790.0,13
rb1805,20170912,20170911,210919000,3791.0,22962,320854,872336320.0,3791.0,10,3790.0,15
rb1805,20170912,20170911,210919500,3790.0,22966,320854,872487920.0,3791.0,12,3790.0,13
rb1805,20170912,20170911,210920000,3791.0,22968,320854,872563740.0,3791.0,11,3790.0,14
rb1805,20170912,20170911,210920500,3790.0,22982,320854,873094440.0,3791.0,8,3790.0,18
rb1805,20170912,20170911,210921000,3790.0,22986,320858,873246040.0,3791.0,22,3790.0,13
rb1805,20170912,20170911,210921500,3791.0,22988,320856,873321860.0,3791.0,9,3790.0,13
rb1805,20170912,20170911,210922000,3790.0,22990,320856,873397660.0,3791.0,10,3790.0,13
rb1805,20170912,20170911,210922500,3790.0,23034,320882,875065660.0,3791.0,4,3790.0,60
rb1805,20170912,20170911,210923000,3790.0,23034,320882,875065660.0,3791.0,8,3790.0,60
rb1805,20170912,20170911,210923500,3791.0,23076,320868,876657880.0,3791.0,10,3790.0,61
rb1805,20170912,20170911,210924000,3791.0,23106,320866,877794940.0,3791.0,14,3790.0,49
rb1805,20170912,20170911,210924500,3790.0,23124,320880,878477300.0,3791.0,11,3790.0,48
rb1805,20170912,20170911,210925000,3790.0,23170,320892,880220780.0,3791.0,7,3790.0,29
rb1805,20170912,20170911,210925500,3790.0,23240,320898,882873780.0,3790.0,9,3789.0,69
rb1805,20170912,20170911,210926000,3789.0,23244,320898,883025360.0,3790.0,8,3789.0,70
rb1805,20170912,20170911,210926500,3790.0,23260,320898,883631760.0,3791.0,13,3790.0,16
rb1805,20170912,20170911,210927000,3790.0,23262,320900,883707560.0,3791.0,15,3790.0,15
rb1805,20170912,20170911,210927500,3790.0,23294,320902,884920360.0,3790.0,11,3789.0,70
rb1805,20170912,20170911,210928000,3790.0,23324,320908,886057360.0,3791.0,33,3790.0,7
rb1805,20170912,20170911,210928500,3791.0,23358,320900,887345860.0,3791.0,29,3789.0,71
rb1805,20170912,20170911,210929000,3789.0,23362,320900,887497440.0,3790.0,3,3789.0,70
rb1805,20170912,20170911,210929500,3791.0,23370,320906,887800660.0,3791.0,26,3790.0,7
rb1805,20170912,20170911,210930000,3791.0,23384,320908,888331320.0,3791.0,29,3790.0,4
rb1805,20170912,20170911,210930500,3791.0,23386,320908,888407140.0,3791.0,29,3790.0,13
rb1805,20170912,20170911,210931000,3791.0,23390,320910,888558760.0,3791.0,28,3790.0,23
rb1805,20170912,20170911,210931500,3791.0,23390,320910,888558760.0,3791.0,28,3790.0,28
rb1805,20170912,20170911,210932000,3790.0,23412,320904,889392560.0,3791.0,28,3790.0,19
rb1805,20170912,20170911,210932500,3790.0,23418,320910,889619960.0,3791.0,28,3790.0,19
rb1805,20170912,20170911,210933000,3791.0,23422,320912,889771580.0,3791.0,27,3790.0,19
rb1805,20170912,20170911,210933500,3790.0,23424,320914,889847380.0,3791.0,27,3790.0,22
rb1805,20170912,20170911,210934000,3790.0,23432,320914,890150640.0,3791.0,24,3790.0,25
rb1805,20170912,20170911,210934500,3791.0,23484,320904,892121500.0,3791.0,25,3790.0,8
rb1805,20170912,20170911,210935000,3790.0,23486,320906,892197300.0,3791.0,26,3790.0,7
rb1805,20170912,20170911,210935500,3790.0,23544,320908,894396020.0,3792.0,27,3790.0,12
rb1805,20170912,20170911,210936000,3790.0,23546,320908,894471820.0,3791.0,1,3790.0,12
rb1805,20170912,20170911,210936500,3791.0,23570,320928,895381680.0,3792.0,15,3791.0,7
rb1805,20170912,20170911,210937000,3792.0,23574,320928,895533340.0,3792.0,14,3791.0,7
rb1805,20170912,20170911,210937500,3791.0,23584,320926,895912480.0,3792.0,13,3791.0,4
rb1805,20170912,20170911,210938000,3792.0,23634,320956,897808480.0,3793.0,26,3792.0,29
rb1805,20170912,20170911,210938500,3793.0,23690,320986,899932560.0,3794.0,41,3793.0,1
rb1805,20170912,20170911,210939000,3793.0,23702,320980,900387760.0,3794.0,23,3793.0,4
rb1805,20170912,20170911,210939500,3793.0,23710,320972,900691200.0,3794.0,23,3793.0,3
rb1805,20170912,20170911,210940000,3793.0,23728,320968,901373980.0,3794.0,21,3793.0,1
rb1805,20170912,20170911,210940500,3793.0,23730,320968,901449840.0,3794.0,21,3793.0,1
rb1805,20170912,20170911,210941000,3794.0,23748,320962,902132700.0,3794.0,14,3793.0,6
rb1805,20170912,20170911,210941500,3793.0,23768,320956,902891280.0,3793.0,16,3792.0,32
