instrument,tradingday,calendarday,time,lastp,volume,openinterest,turnover,ask1,asksz1,bid1,bidsz1
rb1805,20171208,20171207,205900500,3830.0,4062,2779678,155574600.0,3831.0,14,3830.0,101
rb1805,20171208,20171207,210000500,3831.0,5924,2779474,226914920.0,3833.0,274,3831.0,300
rb1805,20171208,20171207,210001000,3831.0,8738,2779612,334731840.0,3832.0,76,3830.0,129
rb1805,20171208,20171207,210001500,3830.0,10788,2779828,413270360.0,3829.0,37,3828.0,419
rb1805,20171208,20171207,210002000,3830.0,12046,2780430,461444060.0,3830.0,314,3829.0,134
rb1805,20171208,20171207,210002500,3830.0,14302,2780248,547840860.0,3831.0,54,3830.0,29
rb1805,20171208,20171207,210003000,3830.0,15436,2780098,591270720.0,3830.0,6,3829.0,755
rb1805,20171208,20171207,210003500,3832.0,16682,2780036,639006400.0,3832.0,79,3831.0,484
rb1805,20171208,20171207,210004000,3831.0,18264,2779888,699625640.0,3832.0,382,3831.0,337
rb1805,20171208,20171207,210004500,3830.0,25134,2777778,962711940.0,3830.0,119,3829.0,41
rb1805,20171208,20171207,210005000,3829.0,26454,2777688,1013245080.0,3829.0,383,3827.0,50
rb1805,20171208,20171207,210005500,3827.0,27412,2777504,1049906080.0,3827.0,144,3826.0,1
rb1805,20171208,20171207,210006000,3826.0,28146,2777106,1077987580.0,3826.0,11,3825.0,542
rb1805,20171208,20171207,210006500,3827.0,29956,2777486,1147268940.0,3828.0,7,3827.0,109
rb1805,20171208,20171207,210007000,3829.0,30278,2777480,1159596800.0,3829.0,128,3828.0,527
rb1805,20171208,20171207,210007500,3829.0,31154,2777286,1193141760.0,3830.0,41,3829.0,33
rb1805,20171208,20171207,210008000,3829.0,31670,2777268,1212900860.0,3831.0,554,3829.0,14
rb1805,20171208,20171207,210008500,3829.0,31974,2777234,1224540420.0,3829.0,8,3828.0,241
rb1805,20171208,20171207,210009000,3829.0,32890,2776508,1259622040.0,3830.0,5,3829.0,87
rb1805,20171208,20171207,210009500,3829.0,33352,2776748,1277318780.0,3831.0,407,3830.0,1
rb1805,20171208,20171207,210010000,3831.0,34420,2777044,1318235940.0,3832.0,169,3831.0,77
rb1805,20171208,20171207,210010500,3830.0,35012,2777236,1340918920.0,3833.0,200,3831.0,2
rb1805,20171208,20171207,210011000,3832.0,35352,2777340,1353949760.0,3833.0,92,3832.0,180
rb1805,20171208,20171207,210011500,3833.0,35782,2777362,1370432340.0,3834.0,3,3833.0,62
rb1805,20171208,20171207,210012000,3833.0,36150,2777444,1384542820.0,3835.0,184,3833.0,219
rb1805,20171208,20171207,210012500,3835.0,36474,2777488,1396967980.0,3835.0,35,3834.0,69
rb1805,20171208,20171207,210013000,3836.0,37246,2777604,1426577440.0,3837.0,130,3836.0,35
rb1805,20171208,20171207,210013500,3837.0,38570,2777496,1477376340.0,3838.0,147,3835.0,101
rb1805,20171208,20171207,210014000,3838.0,39134,2777428,1499014540.0,3838.0,25,3835.0,50
rb1805,20171208,20171207,210014500,3840.0,40126,2777250,1537094020.0,3840.0,463,3836.0,36
rb1805,20171208,20171207,210015000,3845.0,44342,2774580,1699076760.0,3845.0,231,3840.0,58
rb1805,20171208,20171207,210015500,3843.0,46254,2773936,1772574040.0,3845.0,1,3843.0,7
rb1805,20171208,20171207,210016000,3843.0,47188,2773818,1808477100.0,3845.0,134,3843.0,10
rb1805,20171208,20171207,210016500,3843.0,48182,2773784,1846678800.0,3843.0,18,3842.0,113
rb1805,20171208,20171207,210017000,3841.0,48820,2773836,1871194100.0,3842.0,16,3841.0,732
rb1805,20171208,20171207,210017500,3841.0,50002,2773480,1916604340.0,3842.0,20,3841.0,523
rb1805,20171208,20171207,210018000,3843.0,50526,2773336,1936734960.0,3843.0,127,3842.0,19
rb1805,20171208,20171207,210018500,3841.0,51246,2773040,1964396640.0,3842.0,10,3841.0,295
rb1805,20171208,20171207,210019000,3841.0,52120,2772302,1997969440.0,3841.0,8,3840.0,106
rb1805,20171208,20171207,210019500,3841.0,52770,2772428,2022931680.0,3841.0,108,3838.0,68
rb1805,20171208,20171207,210020000,3840.0,52944,2772410,2029611480.0,3840.0,207,3839.0,6
rb1805,20171208,20171207,210020500,3838.0,53224,2772396,2040361740.0,3839.0,15,3838.0,61
rb1805,20171208,20171207,210021000,3839.0,53482,2772430,2050267500.0,3840.0,7,3839.0,3
rb1805,20171208,20171207,210021500,3838.0,54006,2772606,2070380600.0,3838.0,106,3837.0,31
rb1805,20171208,20171207,210022000,3838.0,54288,2772700,2081203220.0,3838.0,34,3837.0,5
rb1805,20171208,20171207,210022500,3838.0,54496,2772712,2089186240.0,3838.0,159,3837.0,106
rb1805,20171208,20171207,210023000,3836.0,55288,2772880,2119569540.0,3836.0,46,3834.0,177
rb1805,20171208,20171207,210023500,3835.0,55492,2772922,2127394880.0,3836.0,137,3835.0,1
rb1805,20171208,20171207,210024000,3837.0,55810,2773036,2139593180.0,3837.0,158,3836.0,2
rb1805,20171208,20171207,210024500,3837.0,57992,2773264,2223309220.0,3839.0,82,3837.0,12
rb1805,20171208,20171207,210025000,3838.0,58230,2773278,2232442100.0,3838.0,69,3837.0,48
rb1805,20171208,20171207,210025500,3838.0,59622,2772900,2285828840.0,3839.0,143,3838.0,318
rb1805,20171208,20171207,210026000,3837.0,60474,2772638,2318525700.0,3838.0,330,3836.0,117
rb1805,20171208,20171207,210026500,3838.0,60610,2772652,2323743940.0,3838.0,406,3837.0,3
rb1805,20171208,20171207,210027000,3836.0,60762,2772666,2329576260.0,3837.0,259,3836.0,100
rb1805,20171208,20171207,210027500,3836.0,61044,2772664,2340395600.0,3837.0,295,3836.0,74
rb1805,20171208,20171207,210028000,3836.0,61322,2772628,2351060760.0,3836.0,63,3835.0,65
rb1805,20171208,20171207,210028500,3836.0,61664,2772500,2364181280.0,3837.0,194,3836.0,24
rb1805,20171208,20171207,210029000,3836.0,61724,2772476,2366483200.0,3837.0,193,3836.0,65
rb1805,20171208,20171207,210029500,3836.0,61826,2772490,2370396180.0,3837.0,180,3836.0,38
rb1805,20171208,20171207,210030000,3836.0,62098,2772452,2380829620.0,3836.0,302,3835.0,53
rb1805,20171208,20171207,210030500,3835.0,62344,2772560,2390263720.0,3835.0,292,3834.0,56
rb1805,20171208,20171207,210031000,3834.0,62628,2772482,2401152160.0,3834.0,105,3833.0,66
rb1805,20171208,20171207,210031500,3833.0,62932,2772490,2412804300.0,3833.0,65,3832.0,5
rb1805,20171208,20171207,210032000,3835.0,63254,2772516,2425148240.0,3835.0,97,3833.0,88
rb1805,20171208,20171207,210032500,3833.0,63886,2772198,2449378220.0,3833.0,192,3832.0,35
rb1805,20171208,20171207,210033000,3832.0,64400,2772068,2469078840.0,3832.0,11,3831.0,31
rb1805,20171208,20171207,210033500,3833.0,64860,2771996,2486712580.0,3834.0,1,3833.0,65
rb1805,20171208,20171207,210034000,3835.0,65154,2772014,2497986300.0,3836.0,229,3835.0,414
rb1805,20171208,20171207,210034500,3835.0,65376,2772046,2506501960.0,3836.0,132,3835.0,462
rb1805,20171208,20171207,210035000,3836.0,65764,2771914,2521385640.0,3837.0,279,3836.0,106
rb1805,20171208,20171207,210035500,3836.0,65964,2771794,2529058040.0,3837.0,258,3836.0,75
rb1805,20171208,20171207,210036000,3835.0,66216,2771636,2538724060.0,3836.0,137,3835.0,371
rb1805,20171208,20171207,210036500,3835.0,67136,2771036,2574008040.0,3836.0,75,3835.0,11
rb1805,20171208,20171207,210037000,3835.0,67432,2771132,2585360060.0,3835.0,212,3834.0,33
rb1805,20171208,20171207,210037500,3834.0,67756,2770890,2597784640.0,3834.0,170,3833.0,100
rb1805,20171208,20171207,210038000,3834.0,68070,2770932,2609821460.0,3834.0,313,3833.0,6
rb1805,20171208,20171207,210038500,3834.0,68752,2770758,2635966000.0,3834.0,138,3833.0,20
rb1805,20171208,20171207,210039000,3834.0,69052,2770600,2647467780.0,3834.0,7,3833.0,10
rb1805,20171208,20171207,210039500,3833.0,69306,2770606,2657207660.0,3834.0,21,3833.0,277
rb1805,20171208,20171207,210040000,3833.0,69804,2770530,2676299400.0,3835.0,172,3833.0,196
rb1805,20171208,20171207,210040500,3834.0,70050,2770472,2685730240.0,3834.0,13,3833.0,155
rb1805,20171208,20171207,210041000,3834.0,70186,2770426,2690943760.0,3834.0,61,3833.0,144
rb1805,20171208,20171207,210041500,3833.0,70240,2770436,2693013960.0,3834.0,65,3833.0,172
rb1805,20171208,20171207,210042000,3833.0,70492,2770408,2702674520.0,3834.0,25,3833.0,138
rb1805,20171208,20171207,210042500,3834.0,70788,2770406,2714021760.0,3834.0,16,3833.0,73
rb1805,20171208,20171207,210043000,3834.0,70910,2770360,2718698480.0,3834.0,182,3833.0,40
rb1805,20171208,20171207,210043500,3834.0,71088,2770296,2725521860.0,3834.0,152,3833.0,7
rb1805,20171208,20171207,210044000,3834.0,71290,2770300,2733264840.0,3834.0,138,3833.0,79
rb1805,20171208,20171207,210044500,3834.0,71650,2770310,2747063660.0,3835.0,217,3834.0,1
rb1805,20171208,20171207,210045000,3833.0,71950,2770320,2758563260.0,3834.0,62,3833.0,6
rb1805,20171208,20171207,210045500,3834.0,72148,2770460,2766154060.0,3833.0,237,3832.0,139
rb1805,20171208,20171207,210046000,3833.0,72330,2770518,2773130080.0,3833.0,167,3832.0,138
rb1805,20171208,20171207,210046500,3832.0,72552,2770462,2781638120.0,3833.0,120,3832.0,81
rb1805,20171208,20171207,210047000,3833.0,72748,2770388,2789149320.0,3833.0,109,3832.0,13
rb1805,20171208,20171207,210047500,3833.0,73278,2769962,2809459640.0,3832.0,101,3831.0,313
rb1805,20171208,20171207,210048000,3832.0,73736,2770028,2827007500.0,3832.0,53,3831.0,185
rb1805,20171208,20171207,210048500,3833.0,74750,2770018,2865868820.0,3834.0,76,3833.0,261
rb1805,20171208,20171207,210049000,3835.0,75344,2769726,2888640880.0,3835.0,214,3834.0,32
rb1805,20171208,20171207,210049500,3834.0,75690,2769620,2901905080.0,3834.0,20,3833.0,53
rb1805,20171208,20171207,210050000,3834.0,75842,2769568,2907731880.0,3834.0,159,3833.0,29
rb1805,20171208,20171207,210050500,3834.0,76078,2769600,2916777600.0,3834.0,331,3833.0,56
rb1805,20171208,20171207,210051000,3833.0,76384,2769376,2928504700.0,3833.0,11,3831.0,50
rb1805,20171208,20171207,210051500,3833.0,76412,2769386,2929577900.0,3833.0,127,3832.0,66
rb1805,20171208,20171207,210052000,3831.0,76790,2769452,2944063340.0,3833.0,167,3831.0,25
rb1805,20171208,20171207,210052500,3832.0,76864,2769454,2946899340.0,3833.0,178,3831.0,31
rb1805,20171208,20171207,210053000,3832.0,77204,2769684,2959926240.0,3831.0,8,3830.0,164
rb1805,20171208,20171207,210053500,3831.0,77380,2769596,2966669260.0,3832.0,41,3831.0,2
rb1805,20171208,20171207,210054000,3833.0,77576,2769614,2974179140.0,3832.0,15,3831.0,3
rb1805,20171208,20171207,210054500,3832.0,77672,2769580,2977858120.0,3833.0,277,3832.0,9
rb1805,20171208,20171207,210055000,3831.0,77874,2769548,2985598580.0,3831.0,6,3830.0,176
rb1805,20171208,20171207,210055500,3831.0,78168,2769584,2996861540.0,3831.0,3,3830.0,147
rb1805,20171208,20171207,210056000,3831.0,78500,2769524,3009577920.0,3831.0,13,3830.0,26
rb1805,20171208,20171207,210056500,3830.0,78550,2769516,3011493240.0,3831.0,100,3830.0,17
rb1805,20171208,20171207,210057000,3830.0,78752,2769550,3019229860.0,3830.0,17,3829.0,109
rb1805,20171208,20171207,210057500,3831.0,79108,2769682,3032867340.0,3832.0,10,3831.0,67
rb1805,20171208,20171207,210058000,3832.0,79328,2769706,3041296280.0,3832.0,155,3831.0,7
rb1805,20171208,20171207,210058500,3832.0,79640,2769806,3053250880.0,3832.0,70,3831.0,62
rb1805,20171208,20171207,210059000,3832.0,79724,2769810,3056469080.0,3832.0,79,3831.0,82
rb1805,20171208,20171207,210059500,3832.0,79900,2769854,3063212140.0,3832.0,156,3831.0,40
rb1805,20171208,20171207,210100000,3831.0,80032,2769860,3068269360.0,3831.0,4,3830.0,147
rb1805,20171208,20171207,210100500,3832.0,80216,2769800,3075319540.0,3832.0,187,3830.0,142
rb1805,20171208,20171207,210101000,3831.0,80778,2769546,3096854540.0,3832.0,1,3831.0,3
rb1805,20171208,20171207,210101500,3831.0,81126,2769462,3110187860.0,3833.0,283,3831.0,33
rb1805,20171208,20171207,210102000,3832.0,81150,2769456,3111107460.0,3833.0,291,3832.0,37
rb1805,20171208,20171207,210102500,3832.0,81560,2769396,3126816920.0,3833.0,277,3832.0,5
rb1805,20171208,20171207,210103000,3833.0,81648,2769356,3130189680.0,3833.0,247,3832.0,6
rb1805,20171208,20171207,210103500,3833.0,81780,2769276,3135247920.0,3833.0,233,3832.0,145
rb1805,20171208,20171207,210104000,3832.0,82096,2769060,3147357300.0,3832.0,91,3831.0,167
rb1805,20171208,20171207,210104500,3833.0,82410,2768920,3159388760.0,3833.0,283,3831.0,119
rb1805,20171208,20171207,210105000,3832.0,82444,2768932,3160691600.0,3832.0,55,3831.0,141
rb1805,20171208,20171207,210105500,3833.0,82678,2768934,3169658920.0,3833.0,264,3832.0,85
rb1805,20171208,20171207,210106000,3833.0,83176,2768852,3188746380.0,3833.0,60,3832.0,65
rb1805,20171208,20171207,210106500,3833.0,83352,2768964,3195492460.0,3834.0,224,3833.0,65
rb1805,20171208,20171207,210107000,3832.0,83808,2769322,3212970200.0,3833.0,267,3832.0,53
rb1805,20171208,20171207,210107500,3832.0,83962,2769236,3218871200.0,3832.0,50,3831.0,144
rb1805,20171208,20171207,210108000,3832.0,84040,2769230,3221860040.0,3832.0,167,3831.0,138
rb1805,20171208,20171207,210108500,3831.0,84404,2769254,3235805960.0,3831.0,191,3830.0,243
rb1805,20171208,20171207,210109000,3829.0,85488,2769122,3277323160.0,3831.0,36,3829.0,84
rb1805,20171208,20171207,210109500,3831.0,85552,2769170,3279774600.0,3831.0,142,3829.0,114
rb1805,20171208,20171207,210110000,3830.0,85728,2769204,3286514600.0,3831.0,95,3830.0,6
rb1805,20171208,20171207,210110500,3831.0,86060,2769482,3299230460.0,3831.0,91,3830.0,3
rb1805,20171208,20171207,210111000,3829.0,86114,2769504,3301298600.0,3830.0,63,3829.0,61
rb1805,20171208,20171207,210111500,3830.0,86214,2769512,3305127760.0,3830.0,84,3829.0,24
rb1805,20171208,20171207,210112000,3829.0,86406,2769506,3312480040.0,3829.0,30,3828.0,275
rb1805,20171208,20171207,210112500,3829.0,86536,2769498,3317457760.0,3830.0,138,3829.0,19
rb1805,20171208,20171207,210113000,3829.0,86632,2769552,3321134240.0,3830.0,135,3829.0,25
rb1805,20171208,20171207,210113500,3830.0,86762,2769614,3326112080.0,3830.0,131,3828.0,272
rb1805,20171208,20171207,210114000,3828.0,87042,2769430,3336831140.0,3829.0,89,3828.0,186
rb1805,20171208,20171207,210114500,3829.0,87350,2769518,3348624520.0,3830.0,159,3829.0,13
rb1805,20171208,20171207,210115000,3829.0,87486,2769462,3353831980.0,3829.0,56,3828.0,168
rb1805,20171208,20171207,210115500,3829.0,87646,2769446,3359958160.0,3829.0,55,3828.0,167
rb1805,20171208,20171207,210116000,3829.0,87778,2769364,3365012200.0,3829.0,15,3828.0,160
rb1805,20171208,20171207,210116500,3829.0,87948,2769406,3371522200.0,3830.0,189,3829.0,336
rb1805,20171208,20171207,210117000,3829.0,88838,2769442,3405606460.0,3830.0,1,3829.0,153
rb1805,20171208,20171207,210117500,3830.0,89022,2769330,3412653680.0,3831.0,128,3830.0,84
rb1805,20171208,20171207,210118000,3830.0,89452,2769334,3429126180.0,3832.0,234,3830.0,38
rb1805,20171208,20171207,210118500,3829.0,89608,2769376,3435100940.0,3831.0,2,3829.0,491
rb1805,20171208,20171207,210119000,3831.0,89672,2769370,3437552340.0,3831.0,155,3830.0,4
rb1805,20171208,20171207,210119500,3830.0,89752,2769374,3440616340.0,3830.0,12,3829.0,501
rb1805,20171208,20171207,210120000,3831.0,89810,2769388,3442837780.0,3831.0,140,3830.0,86
rb1805,20171208,20171207,210120500,3831.0,90074,2769350,3452951400.0,3831.0,1,3830.0,76
rb1805,20171208,20171207,210121000,3830.0,90308,2769406,3461914040.0,3831.0,62,3830.0,24
rb1805,20171208,20171207,210121500,3830.0,90484,2769360,3468654480.0,3830.0,155,3829.0,575
rb1805,20171208,20171207,210122000,3829.0,91056,2769630,3490561280.0,3830.0,3,3829.0,520
rb1805,20171208,20171207,210122500,3830.0,91324,2769624,3500825820.0,3831.0,43,3830.0,9
rb1805,20171208,20171207,210123000,3830.0,91480,2769638,3506801500.0,3832.0,242,3829.0,521
rb1805,20171208,20171207,210123500,3829.0,91540,2769606,3509099180.0,3830.0,339,3829.0,519
rb1805,20171208,20171207,210124000,3830.0,92762,2769366,3555891220.0,3830.0,417,3829.0,6
rb1805,20171208,20171207,210124500,3829.0,92824,2769360,3558265200.0,3829.0,135,3828.0,457
rb1805,20171208,20171207,210125000,3828.0,93164,2769474,3571280760.0,3829.0,160,3828.0,305
rb1805,20171208,20171207,210125500,3829.0,93236,2769470,3574037560.0,3829.0,150,3828.0,301
rb1805,20171208,20171207,210126000,3828.0,93410,2769440,3580699540.0,3829.0,87,3828.0,283
rb1805,20171208,20171207,210126500,3828.0,93604,2769410,3588127180.0,3829.0,49,3828.0,255
rb1805,20171208,20171207,210127000,3829.0,93778,2769390,3594789380.0,3830.0,510,3829.0,475
rb1805,20171208,20171207,210127500,3829.0,93938,2769290,3600916760.0,3830.0,474,3829.0,464
rb1805,20171208,20171207,210128000,3829.0,94008,2769254,3603597160.0,3830.0,476,3829.0,445
rb1805,20171208,20171207,210128500,3830.0,94200,2769226,3610950140.0,3830.0,412,3829.0,419
rb1805,20171208,20171207,210129000,3830.0,94446,2769002,3620371640.0,3830.0,307,3829.0,411
rb1805,20171208,20171207,210129500,3830.0,94502,2768988,3622516320.0,3830.0,289,3829.0,411
rb1805,20171208,20171207,210130000,3830.0,94706,2768848,3630329360.0,3830.0,194,3829.0,404
rb1805,20171208,20171207,210130500,3829.0,94744,2768840,3631784460.0,3830.0,209,3829.0,392
rb1805,20171208,20171207,210131000,3830.0,94848,2768762,3635767520.0,3830.0,173,3829.0,388
rb1805,20171208,20171207,210131500,3829.0,94952,2768742,3639750440.0,3830.0,153,3829.0,385
rb1805,20171208,20171207,210132000,3829.0,95016,2768696,3642201060.0,3830.0,155,3829.0,365
rb1805,20171208,20171207,210132500,3829.0,95090,2768674,3645034600.0,3830.0,154,3829.0,324
rb1805,20171208,20171207,210133000,3829.0,95122,2768674,3646259960.0,3830.0,207,3829.0,337
rb1805,20171208,20171207,210133500,3830.0,95212,2768630,3649706240.0,3830.0,200,3829.0,303
rb1805,20171208,20171207,210134000,3829.0,95280,2768592,3652309980.0,3830.0,201,3829.0,271
rb1805,20171208,20171207,210134500,3829.0,95472,2768546,3659662320.0,3830.0,176,3829.0,220
rb1805,20171208,20171207,210135000,3830.0,95582,2768622,3663875160.0,3830.0,134,3829.0,278
rb1805,20171208,20171207,210135500,3830.0,95802,2768750,3672300900.0,3830.0,138,3829.0,301
rb1805,20171208,20171207,210136000,3830.0,96412,2769268,3695664500.0,3831.0,64,3830.0,138
rb1805,20171208,20171207,210136500,3830.0,96590,2769178,3702483640.0,3832.0,282,3830.0,22
rb1805,20171208,20171207,210137000,3831.0,96664,2769210,3705319000.0,3832.0,260,3831.0,125
rb1805,20171208,20171207,210137500,3831.0,96846,2769186,3712291660.0,3832.0,249,3831.0,49
rb1805,20171208,20171207,210138000,3830.0,97364,2769428,3732138140.0,3831.0,178,3830.0,282
rb1805,20171208,20171207,210138500,3831.0,98054,2769170,3758568720.0,3832.0,86,3831.0,68
rb1805,20171208,20171207,210139000,3831.0,98268,2769282,3766766800.0,3832.0,117,3831.0,5
rb1805,20171208,20171207,210139500,3831.0,98334,2769252,3769295240.0,3831.0,40,3830.0,29
rb1805,20171208,20171207,210140000,3831.0,98348,2769250,3769831560.0,3831.0,109,3830.0,40
rb1805,20171208,20171207,210140500,3831.0,98356,2769246,3770138020.0,3831.0,129,3830.0,41
rb1805,20171208,20171207,210141000,3831.0,98374,2769262,3770827560.0,3831.0,133,3830.0,40
rb1805,20171208,20171207,210141500,3832.0,98982,2769566,3794123380.0,3833.0,806,3832.0,199
rb1805,20171208,20171207,210142000,3832.0,99038,2769590,3796269520.0,3833.0,845,3832.0,191
rb1805,20171208,20171207,210142500,3832.0,99082,2769586,3797955820.0,3833.0,834,3832.0,180
rb1805,20171208,20171207,210143000,3832.0,99454,2769590,3812210940.0,3832.0,80,3831.0,60
rb1805,20171208,20171207,210143500,3831.0,99470,2769592,3812823920.0,3832.0,99,3831.0,37
rb1805,20171208,20171207,210144000,3832.0,99484,2769596,3813360380.0,3832.0,100,3831.0,36
rb1805,20171208,20171207,210144500,3832.0,99516,2769610,3814586440.0,3832.0,113,3831.0,69
rb1805,20171208,20171207,210145000,3831.0,99686,2769616,3821100620.0,3832.0,75,3831.0,70
rb1805,20171208,20171207,210145500,3832.0,99882,2769658,3828611380.0,3833.0,831,3832.0,35
rb1805,20171208,20171207,210146000,3832.0,100298,2769594,3844552580.0,3832.0,112,3831.0,104
rb1805,20171208,20171207,210146500,3831.0,100606,2769608,3856354980.0,3832.0,40,3831.0,167
rb1805,20171208,20171207,210147000,3832.0,100772,2769558,3862716460.0,3833.0,809,3832.0,354
rb1805,20171208,20171207,210147500,3832.0,101100,2769714,3875286700.0,3833.0,751,3832.0,354
rb1805,20171208,20171207,210148000,3833.0,101216,2769762,3879732220.0,3833.0,733,3832.0,317
rb1805,20171208,20171207,210148500,3832.0,101292,2769784,3882644600.0,3833.0,730,3832.0,398
rb1805,20171208,20171207,210149000,3833.0,101318,2769788,3883641180.0,3833.0,720,3832.0,430
rb1805,20171208,20171207,210149500,3833.0,101606,2769882,3894679740.0,3833.0,604,3832.0,378
rb1805,20171208,20171207,210150000,3832.0,101994,2770126,3909550800.0,3833.0,467,3832.0,338
rb1805,20171208,20171207,210150500,3833.0,102064,2770170,3912233440.0,3833.0,467,3832.0,316
rb1805,20171208,20171207,210151000,3832.0,102210,2770268,3917828640.0,3833.0,444,3832.0,220
rb1805,20171208,20171207,210151500,3832.0,102358,2770278,3923501380.0,3833.0,378,3832.0,216
rb1805,20171208,20171207,210152000,3833.0,102402,2770292,3925187720.0,3833.0,369,3832.0,208
rb1805,20171208,20171207,210152500,3833.0,102412,2770298,3925571020.0,3833.0,369,3832.0,209
rb1805,20171208,20171207,210153000,3833.0,102460,2770318,3927410840.0,3833.0,356,3832.0,258
rb1805,20171208,20171207,210153500,3832.0,102504,2770318,3929097120.0,3833.0,356,3832.0,247
rb1805,20171208,20171207,210154000,3833.0,102552,2770354,3930936940.0,3833.0,335,3832.0,250
rb1805,20171208,20171207,210154500,3832.0,102636,2770370,3934156080.0,3833.0,325,3832.0,222
rb1805,20171208,20171207,210155000,3833.0,102956,2770464,3946421660.0,3833.0,169,3832.0,222
rb1805,20171208,20171207,210155500,3833.0,103276,2770526,3958686260.0,3833.0,68,3832.0,175
rb1805,20171208,20171207,210156000,3833.0,103500,2770624,3967272160.0,3834.0,318,3833.0,398
rb1805,20171208,20171207,210156500,3833.0,103738,2770600,3976396840.0,3834.0,211,3833.0,395
rb1805,20171208,20171207,210157000,3833.0,103816,2770586,3979386880.0,3834.0,196,3833.0,434
rb1805,20171208,20171207,210157500,3833.0,103966,2770670,3985137820.0,3834.0,125,3833.0,443
rb1805,20171208,20171207,210158000,3833.0,104092,2770630,3989968500.0,3834.0,80,3833.0,442
rb1805,20171208,20171207,210158500,3834.0,104170,2770600,3992958760.0,3834.0,55,3833.0,442
rb1805,20171208,20171207,210159000,3833.0,104268,2770600,3996715700.0,3834.0,172,3833.0,429
rb1805,20171208,20171207,210159500,3834.0,104292,2770596,3997635780.0,3834.0,196,3833.0,426
rb1805,20171208,20171207,210200000,3834.0,104366,2770616,4000472860.0,3834.0,211,3833.0,456
rb1805,20171208,20171207,210200500,3833.0,104488,2770656,4005149900.0,3834.0,432,3833.0,445
rb1805,20171208,20171207,210201000,3834.0,105572,2771120,4046709780.0,3834.0,2,3833.0,484
rb1805,20171208,20171207,210201500,3834.0,105704,2771080,4051771240.0,3835.0,176,3834.0,43
rb1805,20171208,20171207,210202000,3834.0,105918,2771068,4059977100.0,3835.0,124,3834.0,92
rb1805,20171208,20171207,210202500,3834.0,105942,2771082,4060897260.0,3835.0,123,3834.0,169
rb1805,20171208,20171207,210203000,3834.0,106352,2771240,4076617720.0,3835.0,72,3834.0,40
rb1805,20171208,20171207,210203500,3835.0,106500,2771240,4082293020.0,3835.0,53,3834.0,31
rb1805,20171208,20171207,210204000,3835.0,106870,2771114,4096481620.0,3836.0,384,3835.0,260
rb1805,20171208,20171207,210204500,3835.0,107156,2771016,4107451520.0,3836.0,342,3835.0,219
rb1805,20171208,20171207,210205000,3835.0,107284,2771010,4112360320.0,3836.0,341,3835.0,196
rb1805,20171208,20171207,210205500,3836.0,107326,2770984,4113971200.0,3836.0,333,3835.0,193
rb1805,20171208,20171207,210206000,3835.0,107492,2770824,4120337580.0,3836.0,350,3835.0,151
rb1805,20171208,20171207,210206500,3836.0,108288,2771068,4150872100.0,3837.0,165,3836.0,626
rb1805,20171208,20171207,210207000,3836.0,109004,2771328,4178344120.0,3838.0,773,3837.0,23
rb1805,20171208,20171207,210207500,3836.0,109248,2771512,4187705900.0,3838.0,774,3836.0,1078
rb1805,20171208,20171207,210208000,3837.0,109490,2771340,4196991300.0,3837.0,114,3836.0,1092
rb1805,20171208,20171207,210208500,3837.0,109576,2771306,4200290800.0,3837.0,138,3836.0,1084
rb1805,20171208,20171207,210209000,3836.0,109874,2771140,4211724640.0,3837.0,44,3836.0,1060
rb1805,20171208,20171207,210209500,3838.0,110710,2771456,4243808000.0,3838.0,512,3837.0,86
rb1805,20171208,20171207,210210000,3837.0,111466,2771480,4272820080.0,3837.0,98,3836.0,1056
rb1805,20171208,20171207,210210500,3837.0,111780,2771364,4284868840.0,3838.0,269,3837.0,194
rb1805,20171208,20171207,210211000,3838.0,111886,2771348,4288936900.0,3838.0,187,3837.0,469
rb1805,20171208,20171207,210211500,3838.0,112324,2771430,4305746940.0,3839.0,138,3838.0,221
rb1805,20171208,20171207,210212000,3839.0,112380,2771438,4307896480.0,3839.0,127,3838.0,272
rb1805,20171208,20171207,210212500,3839.0,112726,2771494,4321177220.0,3839.0,64,3838.0,224
rb1805,20171208,20171207,210213000,3838.0,112948,2771560,4329697740.0,3839.0,64,3838.0,164
rb1805,20171208,20171207,210213500,3838.0,113046,2771584,4333459440.0,3839.0,42,3838.0,150
rb1805,20171208,20171207,210214000,3839.0,113474,2771578,4349887840.0,3839.0,12,3838.0,43
rb1805,20171208,20171207,210214500,3839.0,113652,2771688,4356721100.0,3840.0,1771,3839.0,4
rb1805,20171208,20171207,210215000,3839.0,113798,2771630,4362325620.0,3839.0,32,3838.0,78
rb1805,20171208,20171207,210215500,3839.0,113956,2771554,4368391100.0,3839.0,89,3838.0,65
rb1805,20171208,20171207,210216000,3839.0,114062,2771590,4372460320.0,3839.0,124,3838.0,61
rb1805,20171208,20171207,210216500,3839.0,114228,2771490,4378832800.0,3839.0,93,3838.0,52
rb1805,20171208,20171207,210217000,3839.0,114640,2771636,4394649260.0,3840.0,1304,3839.0,363
rb1805,20171208,20171207,210217500,3839.0,114728,2771668,4398027700.0,3840.0,1270,3839.0,330
rb1805,20171208,20171207,210218000,3839.0,114824,2771718,4401713400.0,3840.0,1254,3839.0,318
rb1805,20171208,20171207,210218500,3839.0,114954,2771828,4406705080.0,3840.0,1207,3839.0,330
rb1805,20171208,20171207,210219000,3840.0,115228,2772010,4417224280.0,3840.0,1237,3839.0,217
rb1805,20171208,20171207,210219500,3839.0,115540,2772014,4429202800.0,3840.0,1250,3839.0,118
rb1805,20171208,20171207,210220000,3840.0,115786,2772058,4438647900.0,3840.0,1205,3839.0,74
rb1805,20171208,20171207,210220500,3839.0,115924,2772074,4443946620.0,3840.0,1165,3839.0,74
rb1805,20171208,20171207,210221000,3839.0,116314,2772114,4458918440.0,3839.0,60,3838.0,161
rb1805,20171208,20171207,210221500,3839.0,116402,2772078,4462296680.0,3839.0,164,3838.0,212
rb1805,20171208,20171207,210222000,3839.0,116462,2772088,4464599980.0,3839.0,206,3838.0,208
rb1805,20171208,20171207,210222500,3838.0,116936,2772300,4482792240.0,3838.0,237,3837.0,615
rb1805,20171208,20171207,210223000,3838.0,117070,2772320,4487935040.0,3838.0,224,3837.0,603
rb1805,20171208,20171207,210223500,3838.0,118586,2771338,4546105780.0,3837.0,100,3836.0,957
rb1805,20171208,20171207,210224000,3837.0,118776,2771220,4553395960.0,3837.0,233,3836.0,952
rb1805,20171208,20171207,210224500,3837.0,119566,2771800,4583701780.0,3837.0,224,3836.0,628
rb1805,20171208,20171207,210225000,3836.0,120218,2772126,4608715000.0,3837.0,105,3836.0,437
rb1805,20171208,20171207,210225500,3837.0,120280,2772114,4611093760.0,3837.0,214,3836.0,438
rb1805,20171208,20171207,210226000,3836.0,120542,2772104,4621144500.0,3837.0,191,3836.0,431
rb1805,20171208,20171207,210226500,3836.0,120652,2772198,4625364100.0,3837.0,197,3836.0,376
rb1805,20171208,20171207,210227000,3836.0,121592,2772386,4661424000.0,3837.0,141,3836.0,2
rb1805,20171208,20171207,210227500,3836.0,121724,2772456,4666487520.0,3836.0,379,3835.0,70
rb1805,20171208,20171207,210228000,3835.0,121952,2772468,4675232320.0,3836.0,223,3835.0,2
rb1805,20171208,20171207,210228500,3836.0,122128,2772462,4681983620.0,3836.0,146,3835.0,60
rb1805,20171208,20171207,210229000,3836.0,122378,2772474,4691572780.0,3836.0,75,3835.0,28
rb1805,20171208,20171207,210229500,3837.0,122898,2772340,4711522320.0,3837.0,80,3835.0,88
rb1805,20171208,20171207,210230000,3835.0,123128,2772336,4720346120.0,3836.0,8,3835.0,130
rb1805,20171208,20171207,210230500,3836.0,123314,2772406,4727481660.0,3837.0,1,3836.0,85
rb1805,20171208,20171207,210231000,3836.0,123498,2772490,4734540040.0,3837.0,16,3836.0,13
rb1805,20171208,20171207,210231500,3836.0,123528,2772512,4735690860.0,3837.0,121,3836.0,18
rb1805,20171208,20171207,210232000,3835.0,124124,2772490,4758547840.0,3835.0,282,3834.0,141
rb1805,20171208,20171207,210232500,3835.0,124230,2772474,4762612900.0,3835.0,243,3834.0,79
rb1805,20171208,20171207,210233000,3835.0,124250,2772460,4763379860.0,3835.0,286,3834.0,83
rb1805,20171208,20171207,210233500,3835.0,124848,2772332,4786311500.0,3835.0,71,3833.0,143
rb1805,20171208,20171207,210234000,3833.0,124890,2772330,4787922000.0,3834.0,2,3833.0,90
rb1805,20171208,20171207,210234500,3835.0,124992,2772262,4791832820.0,3835.0,163,3834.0,44
rb1805,20171208,20171207,210235000,3834.0,125086,2772232,4795437240.0,3835.0,162,3834.0,1
rb1805,20171208,20171207,210235500,3834.0,125188,2772268,4799347860.0,3834.0,29,3833.0,186
rb1805,20171208,20171207,210236000,3834.0,125286,2772274,4803105040.0,3834.0,25,3833.0,251
rb1805,20171208,20171207,210236500,3835.0,125488,2772308,4810849820.0,3834.0,14,3833.0,246
rb1805,20171208,20171207,210237000,3834.0,125648,2772368,4816985280.0,3835.0,240,3834.0,179
rb1805,20171208,20171207,210237500,3834.0,125836,2772272,4824193320.0,3835.0,186,3834.0,101
rb1805,20171208,20171207,210238000,3835.0,125972,2772230,4829407660.0,3835.0,181,3834.0,46
rb1805,20171208,20171207,210238500,3835.0,126030,2772238,4831631420.0,3835.0,184,3834.0,110
rb1805,20171208,20171207,210239000,3834.0,126290,2772348,4841599840.0,3835.0,184,3834.0,20
rb1805,20171208,20171207,210239500,3835.0,126306,2772356,4842213400.0,3835.0,181,3834.0,44
rb1805,20171208,20171207,210240000,3834.0,126532,2772254,4850878700.0,3835.0,159,3834.0,89
rb1805,20171208,20171207,210240500,3835.0,126708,2772264,4857627700.0,3835.0,104,3834.0,65
rb1805,20171208,20171207,210241000,3835.0,126730,2772266,4858471300.0,3835.0,107,3834.0,82
rb1805,20171208,20171207,210241500,3834.0,126748,2772264,4859161460.0,3835.0,222,3834.0,86
rb1805,20171208,20171207,210242000,3833.0,127680,2771796,4894886740.0,3833.0,41,3832.0,157
rb1805,20171208,20171207,210242500,3834.0,127788,2771744,4899026640.0,3834.0,267,3833.0,116
rb1805,20171208,20171207,210243000,3834.0,127870,2771744,4902170440.0,3834.0,18,3833.0,154
rb1805,20171208,20171207,210243500,3835.0,127930,2771764,4904470900.0,3835.0,296,3834.0,44
rb1805,20171208,20171207,210244000,3834.0,128060,2771782,4909455180.0,3834.0,78,3833.0,132
rb1805,20171208,20171207,210244500,3834.0,128074,2771774,4909991900.0,3834.0,77,3833.0,388
rb1805,20171208,20171207,210245000,3834.0,128164,2771750,4913442240.0,3834.0,47,3833.0,378
rb1805,20171208,20171207,210245500,3834.0,128176,2771746,4913902300.0,3834.0,45,3833.0,377
rb1805,20171208,20171207,210246000,3833.0,128214,2771742,4915359120.0,3834.0,36,3833.0,372
rb1805,20171208,20171207,210246500,3834.0,128280,2771726,4917889180.0,3834.0,96,3833.0,386
rb1805,20171208,20171207,210247000,3834.0,128348,2771724,4920496260.0,3834.0,75,3833.0,405
rb1805,20171208,20171207,210247500,3834.0,128374,2771728,4921492900.0,3834.0,80,3833.0,400
rb1805,20171208,20171207,210248000,3834.0,128698,2772038,4933915000.0,3835.0,444,3834.0,154
rb1805,20171208,20171207,210248500,3835.0,128882,2772136,4940970520.0,3835.0,396,3834.0,112
rb1805,20171208,20171207,210249000,3835.0,128972,2772196,4944421540.0,3835.0,380,3834.0,90
rb1805,20171208,20171207,210249500,3835.0,128996,2772216,4945341720.0,3835.0,381,3834.0,85
rb1805,20171208,20171207,210250000,3834.0,129080,2772206,4948563000.0,3835.0,345,3834.0,80
rb1805,20171208,20171207,210250500,3834.0,129172,2772290,4952090320.0,3835.0,340,3834.0,37
rb1805,20171208,20171207,210251000,3834.0,129208,2772296,4953470600.0,3835.0,339,3834.0,22
rb1805,20171208,20171207,210251500,3835.0,129308,2772260,4957304700.0,3835.0,351,3834.0,28
rb1805,20171208,20171207,210252000,3834.0,129364,2772248,4959451740.0,3834.0,115,3833.0,415
rb1805,20171208,20171207,210252500,3834.0,129400,2772268,4960831960.0,3834.0,110,3833.0,434
rb1805,20171208,20171207,210253000,3834.0,129426,2772290,4961828780.0,3834.0,100,3833.0,423
rb1805,20171208,20171207,210253500,3834.0,129582,2772286,4967809020.0,3834.0,72,3833.0,383
rb1805,20171208,20171207,210254000,3834.0,129658,2772278,4970722460.0,3834.0,133,3833.0,360
rb1805,20171208,20171207,210254500,3833.0,130390,2772282,4998780140.0,3833.0,104,3832.0,169
rb1805,20171208,20171207,210255000,3830.0,131210,2771882,5030196240.0,3833.0,106,3830.0,215
rb1805,20171208,20171207,210255500,3830.0,131368,2771946,5036249240.0,3832.0,179,3830.0,216
rb1805,20171208,20171207,210256000,3831.0,131402,2771952,5037552000.0,3832.0,62,3831.0,6
rb1805,20171208,20171207,210256500,3832.0,131418,2771946,5038165020.0,3832.0,38,3831.0,14
rb1805,20171208,20171207,210257000,3831.0,131568,2771940,5043912320.0,3832.0,56,3831.0,16
rb1805,20171208,20171207,210257500,3832.0,131584,2771950,5044525300.0,3832.0,55,3831.0,70
rb1805,20171208,20171207,210258000,3831.0,131626,2771982,5046134500.0,3832.0,46,3831.0,63
rb1805,20171208,20171207,210258500,3831.0,131772,2771996,5051728040.0,3831.0,4,3830.0,239
rb1805,20171208,20171207,210259000,3831.0,131810,2772002,5053183880.0,3832.0,155,3831.0,28
rb1805,20171208,20171207,210259500,3831.0,131888,2772032,5056172060.0,3831.0,38,3830.0,266
rb1805,20171208,20171207,210300000,3831.0,132112,2771920,5064753500.0,3831.0,37,3830.0,318
rb1805,20171208,20171207,210300500,3832.0,132358,2772038,5074177000.0,3832.0,171,3831.0,10
rb1805,20171208,20171207,210301000,3831.0,132414,2772044,5076322380.0,3832.0,171,3831.0,175
rb1805,20171208,20171207,210301500,3832.0,132488,2772110,5079157380.0,3832.0,173,3831.0,209
rb1805,20171208,20171207,210302000,3831.0,132556,2772130,5081762480.0,3832.0,173,3831.0,274
rb1805,20171208,20171207,210302500,3832.0,132612,2772132,5083907960.0,3832.0,180,3831.0,288
rb1805,20171208,20171207,210303000,3831.0,132732,2772138,5088505280.0,3832.0,177,3831.0,249
rb1805,20171208,20171207,210303500,3831.0,132766,2772134,5089807900.0,3832.0,176,3831.0,237
rb1805,20171208,20171207,210304000,3831.0,133314,2772296,5110801760.0,3831.0,27,3830.0,267
rb1805,20171208,20171207,210304500,3830.0,133458,2772312,5116317860.0,3831.0,22,3830.0,241
rb1805,20171208,20171207,210305000,3833.0,134324,2771928,5149504380.0,3834.0,197,3833.0,50
rb1805,20171208,20171207,210305500,3833.0,134856,2771766,5169890180.0,3833.0,94,3831.0,5
rb1805,20171208,20171207,210306000,3831.0,135116,2771722,5179851740.0,3833.0,177,3831.0,57
rb1805,20171208,20171207,210306500,3831.0,135306,2771686,5187131120.0,3833.0,154,3831.0,85
rb1805,20171208,20171207,210307000,3833.0,135340,2771670,5188433900.0,3833.0,141,3831.0,168
rb1805,20171208,20171207,210307500,3832.0,135360,2771668,5189200300.0,3832.0,1,3831.0,207
rb1805,20171208,20171207,210308000,3832.0,135462,2771722,5193108820.0,3833.0,303,3832.0,265
rb1805,20171208,20171207,210308500,3833.0,135902,2771746,5209969840.0,3833.0,288,3832.0,117
rb1805,20171208,20171207,210309000,3833.0,136038,2771854,5215182180.0,3833.0,293,3832.0,91
rb1805,20171208,20171207,210309500,3833.0,136066,2771878,5216255180.0,3833.0,294,3832.0,86
rb1805,20171208,20171207,210310000,3833.0,136260,2771828,5223689980.0,3833.0,308,3832.0,27
rb1805,20171208,20171207,210310500,3832.0,137280,2772480,5262762140.0,3832.0,54,3831.0,111
rb1805,20171208,20171207,210311000,3832.0,137538,2772472,5272646480.0,3832.0,166,3831.0,1
rb1805,20171208,20171207,210311500,3831.0,137618,2772414,5275711440.0,3832.0,231,3831.0,36
rb1805,20171208,20171207,210312000,3832.0,137704,2772422,5279006240.0,3831.0,60,3830.0,27
rb1805,20171208,20171207,210312500,3831.0,137788,2772506,5282224280.0,3831.0,47,3830.0,70
rb1805,20171208,20171207,210313000,3831.0,137810,2772518,5283067080.0,3831.0,58,3830.0,79
rb1805,20171208,20171207,210313500,3831.0,137840,2772530,5284216360.0,3831.0,52,3830.0,79
rb1805,20171208,20171207,210314000,3831.0,137866,2772508,5285212420.0,3831.0,48,3830.0,90
rb1805,20171208,20171207,210314500,3830.0,137882,2772506,5285825280.0,3831.0,57,3830.0,81
rb1805,20171208,20171207,210315000,3830.0,137920,2772494,5287280960.0,3831.0,46,3830.0,82
rb1805,20171208,20171207,210315500,3830.0,138156,2772678,5296320200.0,3830.0,6,3829.0,165
rb1805,20171208,20171207,210316000,3831.0,138184,2772678,5297392660.0,3831.0,168,3830.0,67
rb1805,20171208,20171207,210316500,3829.0,138330,2772728,5302984440.0,3830.0,80,3829.0,166
rb1805,20171208,20171207,210317000,3830.0,138414,2772756,5306201240.0,3830.0,100,3829.0,151
rb1805,20171208,20171207,210317500,3829.0,138470,2772780,5308345780.0,3830.0,115,3829.0,124
rb1805,20171208,20171207,210318000,3829.0,138510,2772808,5309877440.0,3830.0,192,3829.0,107
rb1805,20171208,20171207,210318500,3830.0,138598,2772836,5313247440.0,3830.0,184,3829.0,111
rb1805,20171208,20171207,210319000,3829.0,138874,2773000,5323817740.0,3830.0,80,3829.0,137
rb1805,20171208,20171207,210319500,3829.0,139044,2773002,5330327960.0,3830.0,39,3829.0,113
rb1805,20171208,20171207,210320000,3830.0,139116,2773058,5333085320.0,3830.0,15,3829.0,108
rb1805,20171208,20171207,210320500,3829.0,139316,2773098,5340744000.0,3830.0,23,3829.0,73
rb1805,20171208,20171207,210321000,3829.0,139394,2773126,5343731080.0,3830.0,63,3829.0,59
rb1805,20171208,20171207,210321500,3830.0,139474,2773154,5346794380.0,3830.0,163,3829.0,46
rb1805,20171208,20171207,210322000,3830.0,139498,2773170,5347713420.0,3830.0,213,3829.0,63
rb1805,20171208,20171207,210322500,3829.0,139542,2773150,5349398420.0,3830.0,214,3829.0,92
rb1805,20171208,20171207,210323000,3830.0,139632,2773108,5352844960.0,3830.0,199,3829.0,158
rb1805,20171208,20171207,210323500,3829.0,140002,2773268,5367012840.0,3830.0,189,3829.0,2
rb1805,20171208,20171207,210324000,3829.0,140054,2773292,5369003920.0,3829.0,50,3828.0,1053
rb1805,20171208,20171207,210324500,3830.0,140186,2773374,5374058320.0,3829.0,21,3828.0,1053
rb1805,20171208,20171207,210325000,3830.0,140602,2773360,5389987620.0,3830.0,141,3829.0,225
rb1805,20171208,20171207,210325500,3829.0,140630,2773376,5391059760.0,3830.0,142,3829.0,223
rb1805,20171208,20171207,210326000,3829.0,140668,2773410,5392514780.0,3830.0,175,3829.0,248
rb1805,20171208,20171207,210326500,3829.0,140742,2773424,5395348280.0,3830.0,184,3829.0,248
rb1805,20171208,20171207,210327000,3830.0,140900,2773488,5401398180.0,3830.0,253,3829.0,182
rb1805,20171208,20171207,210327500,3830.0,140926,2773488,5402393800.0,3830.0,286,3829.0,209
rb1805,20171208,20171207,210328000,3829.0,141008,2773516,5405533920.0,3830.0,276,3829.0,194
rb1805,20171208,20171207,210328500,3830.0,141140,2773522,5410588320.0,3830.0,270,3829.0,142
rb1805,20171208,20171207,210329000,3829.0,141306,2773482,5416944500.0,3830.0,276,3829.0,68
rb1805,20171208,20171207,210329500,3829.0,141452,2773604,5422534880.0,3829.0,34,3828.0,1103
rb1805,20171208,20171207,210330000,3829.0,141472,2773608,5423300660.0,3829.0,28,3828.0,1104
rb1805,20171208,20171207,210330500,3829.0,141652,2773470,5430191300.0,3829.0,43,3828.0,1026
rb1805,20171208,20171207,210331000,3829.0,141772,2773494,5434786060.0,3829.0,44,3828.0,1028
rb1805,20171208,20171207,210331500,3829.0,141900,2773502,5439687160.0,3830.0,333,3829.0,65
rb1805,20171208,20171207,210332000,3830.0,142038,2773534,5444971320.0,3830.0,339,3829.0,21
rb1805,20171208,20171207,210332500,3829.0,142092,2773546,5447039020.0,3830.0,342,3829.0,49
rb1805,20171208,20171207,210333000,3830.0,142204,2773572,5451327560.0,3830.0,352,3829.0,17
rb1805,20171208,20171207,210333500,3829.0,142346,2773574,5456765660.0,3829.0,233,3828.0,1073
rb1805,20171208,20171207,210334000,3829.0,142372,2773576,5457761080.0,3829.0,351,3828.0,1067
rb1805,20171208,20171207,210334500,3829.0,142710,2773598,5470703100.0,3829.0,191,3828.0,1072
rb1805,20171208,20171207,210335000,3828.0,143984,2774194,5519473240.0,3829.0,143,3828.0,506
rb1805,20171208,20171207,210335500,3828.0,144278,2774262,5530727700.0,3829.0,201,3828.0,378
rb1805,20171208,20171207,210336000,3828.0,144674,2773936,5545886660.0,3829.0,223,3828.0,185
rb1805,20171208,20171207,210336500,3828.0,145048,2773682,5560203400.0,3828.0,91,3827.0,239
rb1805,20171208,20171207,210337000,3828.0,145094,2773646,5561964260.0,3828.0,191,3827.0,262
rb1805,20171208,20171207,210337500,3828.0,145114,2773636,5562729800.0,3828.0,195,3827.0,260
rb1805,20171208,20171207,210338000,3828.0,145132,2773634,5563418800.0,3828.0,218,3827.0,269
rb1805,20171208,20171207,210338500,3827.0,145390,2773640,5573294100.0,3828.0,144,3827.0,222
rb1805,20171208,20171207,210339000,3828.0,145524,2773612,5578422580.0,3828.0,136,3827.0,171
rb1805,20171208,20171207,210339500,3827.0,145832,2773620,5590210640.0,3828.0,108,3827.0,61
rb1805,20171208,20171207,210340000,3827.0,146124,2773518,5601386820.0,3827.0,6,3826.0,302
rb1805,20171208,20171207,210340500,3827.0,146164,2773534,5602917560.0,3827.0,19,3826.0,341
rb1805,20171208,20171207,210341000,3826.0,146566,2773588,5618300620.0,3828.0,39,3826.0,231
rb1805,20171208,20171207,210341500,3827.0,146654,2773620,5621667880.0,3827.0,86,3826.0,217
rb1805,20171208,20171207,210342000,3827.0,146788,2773582,5626795240.0,3827.0,73,3826.0,253
rb1805,20171208,20171207,210342500,3827.0,146868,2773556,5629856760.0,3827.0,38,3826.0,260
rb1805,20171208,20171207,210343000,3826.0,147146,2773730,5640493880.0,3827.0,24,3826.0,165
rb1805,20171208,20171207,210343500,3827.0,147290,2773740,5646004160.0,3828.0,209,3827.0,124
rb1805,20171208,20171207,210344000,3826.0,147614,2773898,5658403540.0,3827.0,18,3826.0,445
rb1805,20171208,20171207,210344500,3826.0,147680,2773884,5660929100.0,3827.0,20,3826.0,429
rb1805,20171208,20171207,210345000,3827.0,147860,2773944,5667816360.0,3828.0,207,3826.0,435
rb1805,20171208,20171207,210345500,3827.0,147972,2773906,5672102120.0,3827.0,24,3826.0,417
rb1805,20171208,20171207,210346000,3827.0,148114,2773862,5677536140.0,3828.0,419,3827.0,377
rb1805,20171208,20171207,210346500,3827.0,148326,2773798,5685649800.0,3828.0,535,3827.0,392
rb1805,20171208,20171207,210347000,3828.0,148450,2773740,5690395320.0,3828.0,435,3827.0,524
rb1805,20171208,20171207,210347500,3828.0,148610,2773630,5696518700.0,3828.0,415,3827.0,486
rb1805,20171208,20171207,210348000,3828.0,149510,2773614,5730969960.0,3829.0,335,3828.0,113
rb1805,20171208,20171207,210348500,3828.0,149554,2773612,5732654300.0,3829.0,334,3828.0,146
rb1805,20171208,20171207,210349000,3828.0,149648,2773608,5736252940.0,3829.0,358,3828.0,172
rb1805,20171208,20171207,210349500,3828.0,149918,2773502,5746588720.0,3829.0,349,3828.0,48
rb1805,20171208,20171207,210350000,3827.0,150050,2773526,5751641520.0,3828.0,138,3827.0,338
rb1805,20171208,20171207,210350500,3828.0,150200,2773646,5757383480.0,3828.0,74,3827.0,426
rb1805,20171208,20171207,210351000,3829.0,150490,2773814,5768484800.0,3829.0,332,3828.0,296
rb1805,20171208,20171207,210351500,3828.0,150778,2774088,5779509520.0,3829.0,337,3828.0,167
rb1805,20171208,20171207,210352000,3828.0,150800,2774096,5780351740.0,3829.0,338,3828.0,172
rb1805,20171208,20171207,210352500,3828.0,150980,2774238,5787243200.0,3829.0,286,3828.0,196
rb1805,20171208,20171207,210353000,3829.0,151094,2774338,5791607260.0,3829.0,280,3828.0,153
rb1805,20171208,20171207,210353500,3828.0,151146,2774372,5793597860.0,3829.0,284,3828.0,146
rb1805,20171208,20171207,210354000,3828.0,151232,2774422,5796890180.0,3829.0,274,3828.0,142
rb1805,20171208,20171207,210354500,3829.0,151546,2774700,5808912760.0,3829.0,145,3828.0,141
rb1805,20171208,20171207,210355000,3828.0,151736,2774720,5816186200.0,3829.0,137,3828.0,63
rb1805,20171208,20171207,210355500,3829.0,151818,2774728,5819325680.0,3829.0,121,3828.0,54
rb1805,20171208,20171207,210356000,3828.0,152004,2774704,5826445160.0,3829.0,182,3828.0,11
rb1805,20171208,20171207,210356500,3828.0,152078,2774656,5829277860.0,3828.0,115,3827.0,425
rb1805,20171208,20171207,210357000,3828.0,152118,2774628,5830809020.0,3828.0,111,3827.0,466
rb1805,20171208,20171207,210357500,3827.0,152184,2774610,5833335440.0,3828.0,180,3827.0,479
rb1805,20171208,20171207,210358000,3827.0,152230,2774594,5835096120.0,3828.0,200,3827.0,509
rb1805,20171208,20171207,210358500,3828.0,152462,2774536,5843974940.0,3828.0,202,3827.0,410
rb1805,20171208,20171207,210359000,3828.0,152542,2774584,5847037140.0,3828.0,202,3827.0,435
rb1805,20171208,20171207,210359500,3827.0,152628,2774634,5850328460.0,3828.0,206,3827.0,446
rb1805,20171208,20171207,210400000,3828.0,152734,2774624,5854385920.0,3828.0,208,3827.0,438
rb1805,20171208,20171207,210400500,3828.0,152966,2774578,5863265900.0,3828.0,149,3827.0,394
rb1805,20171208,20171207,210401000,3827.0,153170,2774552,5871073840.0,3828.0,111,3827.0,409
rb1805,20171208,20171207,210401500,3827.0,153232,2774560,5873447000.0,3828.0,94,3827.0,411
rb1805,20171208,20171207,210402000,3827.0,153754,2774744,5893424100.0,3828.0,139,3827.0,174
rb1805,20171208,20171207,210402500,3827.0,154232,2774996,5911717320.0,3827.0,30,3826.0,366
rb1805,20171208,20171207,210403000,3827.0,154442,2775072,5919754240.0,3827.0,6,3826.0,362
rb1805,20171208,20171207,210403500,3827.0,154676,2775032,5928711100.0,3827.0,9,3826.0,358
rb1805,20171208,20171207,210404000,3826.0,154818,2774982,5934145860.0,3827.0,20,3826.0,391
rb1805,20171208,20171207,210404500,3827.0,154934,2775028,5938585220.0,3828.0,75,3827.0,2
rb1805,20171208,20171207,210405000,3827.0,155054,2774994,5943176800.0,3828.0,66,3826.0,358
rb1805,20171208,20171207,210405500,3828.0,155132,2774964,5946161880.0,3828.0,49,3826.0,361
rb1805,20171208,20171207,210406000,3827.0,155176,2774990,5947845400.0,3827.0,2,3826.0,348
rb1805,20171208,20171207,210406500,3827.0,155302,2775016,5952666300.0,3828.0,68,3826.0,312
rb1805,20171208,20171207,210407000,3828.0,155422,2774992,5957259580.0,3827.0,1,3826.0,310
rb1805,20171208,20171207,210407500,3826.0,155566,2775072,5962771000.0,3827.0,19,3826.0,300
rb1805,20171208,20171207,210408000,3827.0,155696,2775166,5967746040.0,3827.0,7,3826.0,293
rb1805,20171208,20171207,210408500,3826.0,155760,2775194,5970194840.0,3827.0,4,3826.0,284
rb1805,20171208,20171207,210409000,3827.0,155988,2775214,5978918880.0,3827.0,4,3826.0,217
rb1805,20171208,20171207,210409500,3826.0,156076,2775282,5982286520.0,3827.0,14,3826.0,219
rb1805,20171208,20171207,210410000,3827.0,156132,2775286,5984429500.0,3828.0,64,3827.0,72
rb1805,20171208,20171207,210410500,3827.0,156592,2774944,6002031740.0,3828.0,51,3827.0,56
rb1805,20171208,20171207,210411000,3827.0,156874,2774960,6012823460.0,3827.0,88,3826.0,99
rb1805,20171208,20171207,210411500,3827.0,157126,2775046,6022466600.0,3827.0,9,3826.0,59
rb1805,20171208,20171207,210412000,3828.0,157332,2775118,6030349420.0,3828.0,90,3826.0,7
rb1805,20171208,20171207,210412500,3827.0,157348,2775128,6030961720.0,3827.0,90,3826.0,18
rb1805,20171208,20171207,210413000,3826.0,157360,2775122,6031420920.0,3827.0,111,3826.0,97
rb1805,20171208,20171207,210413500,3827.0,157418,2775120,6033640340.0,3827.0,106,3826.0,85
rb1805,20171208,20171207,210414000,3827.0,157494,2775060,6036548760.0,3827.0,81,3826.0,85
rb1805,20171208,20171207,210414500,3826.0,157834,2775198,6049556160.0,3826.0,86,3825.0,750
rb1805,20171208,20171207,210415000,3826.0,157932,2775234,6053305480.0,3826.0,52,3825.0,782
rb1805,20171208,20171207,210415500,3826.0,158034,2775286,6057207980.0,3826.0,7,3825.0,783
rb1805,20171208,20171207,210416000,3826.0,158206,2775310,6063788180.0,3826.0,19,3825.0,753
rb1805,20171208,20171207,210416500,3826.0,158366,2775332,6069909080.0,3826.0,17,3825.0,722
rb1805,20171208,20171207,210417000,3826.0,158420,2775322,6071975080.0,3827.0,100,3826.0,31
rb1805,20171208,20171207,210417500,3826.0,158810,2775352,6086896440.0,3827.0,100,3826.0,188
rb1805,20171208,20171207,210418000,3826.0,159348,2775470,6107482500.0,3828.0,159,3826.0,193
rb1805,20171208,20171207,210418500,3828.0,159770,2775530,6123634820.0,3828.0,24,3827.0,45
rb1805,20171208,20171207,210419000,3828.0,159856,2775504,6126926880.0,3829.0,180,3828.0,123
rb1805,20171208,20171207,210419500,3828.0,160020,2775524,6133205500.0,3829.0,122,3828.0,105
rb1805,20171208,20171207,210420000,3828.0,160048,2775512,6134277340.0,3829.0,123,3828.0,82
rb1805,20171208,20171207,210420500,3828.0,160420,2775360,6148516140.0,3829.0,94,3828.0,10
rb1805,20171208,20171207,210421000,3828.0,160626,2775446,6156401580.0,3828.0,14,3827.0,10
rb1805,20171208,20171207,210421500,3827.0,160700,2775462,6159234020.0,3828.0,514,3827.0,11
rb1805,20171208,20171207,210422000,3828.0,160722,2775450,6160075980.0,3828.0,516,3827.0,25
rb1805,20171208,20171207,210422500,3827.0,160824,2775452,6163980520.0,3828.0,578,3826.0,570
rb1805,20171208,20171207,210423000,3827.0,160950,2775470,6168802740.0,3828.0,580,3827.0,50
rb1805,20171208,20171207,210423500,3828.0,161336,2775812,6183577820.0,3828.0,443,3827.0,6
rb1805,20171208,20171207,210424000,3828.0,161374,2775834,6185032440.0,3828.0,432,3827.0,259
rb1805,20171208,20171207,210424500,3828.0,161476,2775906,6188936460.0,3828.0,411,3827.0,239
rb1805,20171208,20171207,210425000,3828.0,161560,2775912,6192151160.0,3828.0,416,3827.0,219
rb1805,20171208,20171207,210425500,3827.0,161806,2775876,6201566400.0,3828.0,448,3827.0,142
rb1805,20171208,20171207,210426000,3828.0,161954,2775978,6207231600.0,3828.0,395,3827.0,161
rb1805,20171208,20171207,210426500,3828.0,162166,2776002,6215344920.0,3828.0,393,3827.0,62
rb1805,20171208,20171207,210427000,3827.0,162326,2776008,6221469680.0,3828.0,315,3827.0,70
rb1805,20171208,20171207,210427500,3828.0,162458,2775962,6226521500.0,3828.0,320,3827.0,123
rb1805,20171208,20171207,210428000,3828.0,162760,2775938,6238081140.0,3828.0,215,3827.0,195
rb1805,20171208,20171207,210428500,3827.0,163034,2775938,6248569720.0,3828.0,97,3827.0,194
rb1805,20171208,20171207,210429000,3828.0,163458,2775894,6264800440.0,3829.0,150,3828.0,108
rb1805,20171208,20171207,210429500,3828.0,163548,2775860,6268245680.0,3829.0,136,3828.0,73
rb1805,20171208,20171207,210430000,3828.0,163744,2775728,6275748760.0,3829.0,134,3828.0,21
rb1805,20171208,20171207,210430500,3827.0,164050,2775740,6287459900.0,3828.0,40,3827.0,332
rb1805,20171208,20171207,210431000,3827.0,164062,2775730,6287919240.0,3828.0,53,3827.0,284
rb1805,20171208,20171207,210431500,3828.0,164188,2775712,6292742080.0,3828.0,41,3827.0,269
rb1805,20171208,20171207,210432000,3828.0,164250,2775716,6295115420.0,3828.0,20,3827.0,269
rb1805,20171208,20171207,210432500,3828.0,164332,2775712,6298254080.0,3828.0,6,3827.0,256
rb1805,20171208,20171207,210433000,3828.0,164364,2775728,6299478980.0,3828.0,9,3827.0,255
rb1805,20171208,20171207,210433500,3827.0,164408,2775762,6301162880.0,3828.0,14,3827.0,235
rb1805,20171208,20171207,210434000,3828.0,164458,2775798,6303076800.0,3828.0,51,3827.0,241
rb1805,20171208,20171207,210434500,3828.0,164528,2775786,6305756100.0,3828.0,36,3827.0,228
rb1805,20171208,20171207,210435000,3828.0,164640,2775696,6310043340.0,3829.0,155,3828.0,70
rb1805,20171208,20171207,210435500,3828.0,164748,2775718,6314177980.0,3829.0,123,3828.0,56
rb1805,20171208,20171207,210436000,3828.0,164804,2775734,6316322100.0,3829.0,100,3828.0,55
rb1805,20171208,20171207,210436500,3828.0,164852,2775762,6318159540.0,3829.0,100,3828.0,39
rb1805,20171208,20171207,210437000,3828.0,164904,2775782,6320150140.0,3829.0,103,3828.0,77
rb1805,20171208,20171207,210437500,3829.0,164930,2775784,6321145680.0,3829.0,91,3828.0,129
rb1805,20171208,20171207,210438000,3829.0,165236,2775998,6332860220.0,3829.0,66,3828.0,78
rb1805,20171208,20171207,210438500,3828.0,165548,2776034,6344803480.0,3829.0,123,3828.0,10
rb1805,20171208,20171207,210439000,3827.0,165580,2776012,6346028420.0,3828.0,60,3827.0,255
rb1805,20171208,20171207,210439500,3828.0,165616,2775986,6347406500.0,3828.0,130,3827.0,295
rb1805,20171208,20171207,210440000,3828.0,165636,2775978,6348172100.0,3828.0,138,3827.0,296
rb1805,20171208,20171207,210440500,3828.0,165640,2775976,6348325220.0,3828.0,191,3827.0,295
rb1805,20171208,20171207,210441000,3827.0,165714,2775980,6351157640.0,3828.0,181,3827.0,279
rb1805,20171208,20171207,210441500,3828.0,165800,2776000,6354449420.0,3828.0,204,3827.0,266
rb1805,20171208,20171207,210442000,3827.0,165964,2776056,6360726360.0,3828.0,172,3827.0,253
rb1805,20171208,20171207,210442500,3828.0,166380,2776258,6376649600.0,3828.0,27,3827.0,252
rb1805,20171208,20171207,210443000,3828.0,166418,2776266,6378103940.0,3828.0,24,3827.0,237
rb1805,20171208,20171207,210443500,3828.0,166452,2776264,6379405240.0,3828.0,188,3827.0,228
rb1805,20171208,20171207,210444000,3827.0,166934,2776396,6397851380.0,3828.0,207,3827.0,1
rb1805,20171208,20171207,210444500,3828.0,168064,2777172,6441099700.0,3827.0,30,3826.0,678
rb1805,20171208,20171207,210445000,3827.0,168072,2777176,6441405860.0,3827.0,42,3826.0,706
rb1805,20171208,20171207,210445500,3827.0,168240,2777340,6447833580.0,3827.0,60,3826.0,614
rb1805,20171208,20171207,210446000,3827.0,168408,2777358,6454262180.0,3827.0,76,3826.0,576
rb1805,20171208,20171207,210446500,3827.0,168438,2777340,6455410260.0,3827.0,110,3826.0,575
rb1805,20171208,20171207,210447000,3826.0,168464,2777342,6456405120.0,3827.0,110,3826.0,567
rb1805,20171208,20171207,210447500,3826.0,169732,2776542,6504919840.0,3826.0,31,3825.0,792
rb1805,20171208,20171207,210448000,3826.0,169772,2776522,6506450080.0,3826.0,57,3825.0,783
rb1805,20171208,20171207,210448500,3825.0,169870,2776526,6510199420.0,3826.0,68,3825.0,776
rb1805,20171208,20171207,210449000,3825.0,170072,2776580,6517926520.0,3826.0,46,3825.0,704
rb1805,20171208,20171207,210449500,3825.0,170184,2776616,6522210760.0,3826.0,61,3825.0,662
rb1805,20171208,20171207,210450000,3825.0,170312,2776646,6527107700.0,3826.0,17,3825.0,644
rb1805,20171208,20171207,210450500,3825.0,170384,2776676,6529861900.0,3826.0,3,3825.0,620
rb1805,20171208,20171207,210451000,3825.0,171250,2776918,6562986980.0,3826.0,35,3825.0,321
rb1805,20171208,20171207,210451500,3825.0,171966,2777076,6590374600.0,3826.0,35,3825.0,44
rb1805,20171208,20171207,210452000,3825.0,172138,2777100,6596953600.0,3825.0,328,3824.0,438
rb1805,20171208,20171207,210452500,3825.0,172710,2777392,6618832440.0,3825.0,122,3824.0,470
rb1805,20171208,20171207,210453000,3825.0,173128,2777460,6634822040.0,3827.0,181,3826.0,13
rb1805,20171208,20171207,210453500,3826.0,173228,2777462,6638648140.0,3827.0,189,3826.0,65
rb1805,20171208,20171207,210454000,3826.0,173300,2777458,6641403160.0,3827.0,156,3826.0,116
rb1805,20171208,20171207,210454500,3826.0,173436,2777464,6646607340.0,3827.0,75,3826.0,98
rb1805,20171208,20171207,210455000,3826.0,173554,2777436,6651122040.0,3827.0,78,3826.0,40
rb1805,20171208,20171207,210455500,3826.0,173606,2777412,6653111580.0,3827.0,79,3826.0,198
rb1805,20171208,20171207,210456000,3826.0,173652,2777398,6654871560.0,3827.0,77,3826.0,177
rb1805,20171208,20171207,210456500,3826.0,173850,2777332,6662447440.0,3827.0,100,3826.0,105
rb1805,20171208,20171207,210457000,3826.0,173966,2777268,6666885820.0,3827.0,104,3826.0,60
rb1805,20171208,20171207,210457500,3826.0,174102,2777344,6672090080.0,3827.0,48,3826.0,40
rb1805,20171208,20171207,210458000,3826.0,174190,2777314,6675456940.0,3826.0,8,3825.0,460
rb1805,20171208,20171207,210458500,3826.0,174278,2777350,6678823600.0,3826.0,178,3825.0,490
rb1805,20171208,20171207,210459000,3826.0,174292,2777364,6679359240.0,3826.0,208,3825.0,488
rb1805,20171208,20171207,210459500,3825.0,174334,2777372,6680966120.0,3826.0,233,3825.0,502
rb1805,20171208,20171207,210500000,3826.0,174584,2777600,6690531100.0,3826.0,140,3825.0,453
rb1805,20171208,20171207,210500500,3825.0,174850,2777780,6700706080.0,3826.0,413,3825.0,356
rb1805,20171208,20171207,210501000,3825.0,175016,2777874,6707056400.0,3826.0,379,3825.0,268
rb1805,20171208,20171207,210501500,3826.0,175160,2777902,6712565320.0,3826.0,357,3825.0,249
rb1805,20171208,20171207,210502000,3825.0,175382,2777876,6721057220.0,3826.0,364,3825.0,181
rb1805,20171208,20171207,210502500,3825.0,175462,2777934,6724117660.0,3826.0,344,3825.0,314
rb1805,20171208,20171207,210503000,3826.0,175694,2778118,6732991920.0,3826.0,333,3825.0,238
rb1805,20171208,20171207,210503500,3826.0,176372,2778570,6758932200.0,3827.0,125,3826.0,95
rb1805,20171208,20171207,210504000,3827.0,176702,2778492,6771561300.0,3828.0,297,3827.0,92
rb1805,20171208,20171207,210504500,3827.0,176772,2778530,6774240220.0,3828.0,290,3827.0,42
rb1805,20171208,20171207,210505000,3827.0,176798,2778546,6775235240.0,3828.0,296,3827.0,53
rb1805,20171208,20171207,210505500,3828.0,177774,2779094,6812596280.0,3829.0,132,3828.0,180
rb1805,20171208,20171207,210506000,3829.0,178148,2779166,6826915620.0,3830.0,745,3829.0,84
rb1805,20171208,20171207,210506500,3829.0,178196,2779168,6828753620.0,3830.0,741,3829.0,161
rb1805,20171208,20171207,210507000,3829.0,178440,2779246,6838098380.0,3830.0,641,3829.0,138
rb1805,20171208,20171207,210507500,3829.0,178554,2779298,6842463640.0,3830.0,636,3829.0,102
rb1805,20171208,20171207,210508000,3829.0,178604,2779262,6844378160.0,3830.0,634,3829.0,38
rb1805,20171208,20171207,210508500,3829.0,178634,2779262,6845527040.0,3830.0,626,3829.0,48
rb1805,20171208,20171207,210509000,3829.0,178732,2779298,6849279580.0,3830.0,621,3829.0,50
rb1805,20171208,20171207,210509500,3829.0,178806,2779306,6852113660.0,3830.0,586,3829.0,57
rb1805,20171208,20171207,210510000,3830.0,178838,2779330,6853339060.0,3830.0,611,3829.0,150
rb1805,20171208,20171207,210510500,3829.0,179060,2779430,6861841480.0,3830.0,522,3829.0,204
rb1805,20171208,20171207,210511000,3830.0,179246,2779462,6868965000.0,3830.0,444,3829.0,358
rb1805,20171208,20171207,210511500,3830.0,180102,2779720,6901749600.0,3831.0,152,3830.0,153
rb1805,20171208,20171207,210512000,3831.0,180290,2779718,6908951340.0,3831.0,80,3830.0,188
rb1805,20171208,20171207,210512500,3831.0,180644,2779946,6922512300.0,3832.0,140,3831.0,91
rb1805,20171208,20171207,210513000,3830.0,180806,2780022,6928718360.0,3832.0,180,3830.0,653
rb1805,20171208,20171207,210513500,3832.0,182378,2781542,6988926800.0,3832.0,211,3830.0,12
rb1805,20171208,20171207,210514000,3832.0,182658,2781688,6999654380.0,3832.0,162,3830.0,90
rb1805,20171208,20171207,210514500,3831.0,182938,2781732,7010383620.0,3831.0,9,3830.0,108
rb1805,20171208,20171207,210515000,3831.0,182984,2781742,7012146000.0,3832.0,31,3831.0,361
rb1805,20171208,20171207,210515500,3832.0,183188,2781692,7019963300.0,3833.0,224,3832.0,367
rb1805,20171208,20171207,210516000,3833.0,183360,2781762,7026556000.0,3833.0,109,3832.0,321
rb1805,20171208,20171207,210516500,3833.0,183648,2781854,7037595280.0,3834.0,180,3833.0,223
rb1805,20171208,20171207,210517000,3833.0,184076,2781850,7054003680.0,3834.0,29,3833.0,151
rb1805,20171208,20171207,210517500,3835.0,184586,2781942,7073555680.0,3835.0,546,3833.0,82
rb1805,20171208,20171207,210518000,3833.0,185034,2782174,7090729580.0,3833.0,2,3832.0,317
rb1805,20171208,20171207,210518500,3833.0,185210,2782142,7097475560.0,3833.0,103,3832.0,312
rb1805,20171208,20171207,210519000,3833.0,185622,2782202,7113267080.0,3833.0,23,3832.0,268
rb1805,20171208,20171207,210519500,3833.0,185686,2782184,7115720180.0,3833.0,7,3832.0,312
rb1805,20171208,20171207,210520000,3833.0,185762,2782208,7118633040.0,3833.0,56,3832.0,398
rb1805,20171208,20171207,210520500,3832.0,185794,2782216,7119859480.0,3833.0,51,3832.0,368
rb1805,20171208,20171207,210521000,3833.0,185910,2782232,7124305680.0,3833.0,36,3832.0,365
rb1805,20171208,20171207,210521500,3833.0,186080,2782154,7130821540.0,3834.0,113,3833.0,30
rb1805,20171208,20171207,210522000,3832.0,186490,2781990,7146535160.0,3833.0,30,3832.0,241
rb1805,20171208,20171207,210522500,3833.0,187062,2781822,7168457900.0,3834.0,172,3833.0,6
rb1805,20171208,20171207,210523000,3833.0,187224,2781728,7174667280.0,3833.0,546,3832.0,135
rb1805,20171208,20171207,210523500,3832.0,187516,2781986,7185856700.0,3832.0,113,3831.0,256
rb1805,20171208,20171207,210524000,3832.0,187562,2781968,7187619220.0,3832.0,123,3831.0,247
rb1805,20171208,20171207,210524500,3832.0,187954,2781780,7202639260.0,3832.0,16,3831.0,178
rb1805,20171208,20171207,210525000,3832.0,187964,2781786,7203022460.0,3832.0,35,3831.0,181
rb1805,20171208,20171207,210525500,3832.0,188008,2781820,7204708520.0,3832.0,136,3831.0,185
rb1805,20171208,20171207,210526000,3832.0,188056,2781838,7206547660.0,3832.0,174,3831.0,223
rb1805,20171208,20171207,210526500,3831.0,188264,2781834,7214516780.0,3832.0,145,3831.0,152
rb1805,20171208,20171207,210527000,3832.0,188308,2781800,7216202800.0,3832.0,127,3831.0,261
rb1805,20171208,20171207,210527500,3831.0,188344,2781808,7217582220.0,3832.0,116,3831.0,258
rb1805,20171208,20171207,210528000,3831.0,188558,2781784,7225781120.0,3832.0,88,3831.0,229
rb1805,20171208,20171207,210528500,3832.0,188742,2781662,7232831980.0,3833.0,675,3832.0,36
rb1805,20171208,20171207,210529000,3831.0,188844,2781612,7236740520.0,3832.0,3,3831.0,225
rb1805,20171208,20171207,210529500,3831.0,188918,2781672,7239575640.0,3832.0,37,3831.0,225
rb1805,20171208,20171207,210530000,3831.0,188952,2781680,7240878380.0,3832.0,39,3831.0,219
rb1805,20171208,20171207,210530500,3831.0,188990,2781658,7242334480.0,3832.0,33,3831.0,217
rb1805,20171208,20171207,210531000,3831.0,189042,2781676,7244327040.0,3832.0,17,3831.0,214
rb1805,20171208,20171207,210531500,3831.0,189222,2781682,7251223060.0,3832.0,74,3831.0,140
rb1805,20171208,20171207,210532000,3832.0,189584,2781804,7265093680.0,3833.0,731,3832.0,95
rb1805,20171208,20171207,210532500,3832.0,189652,2781858,7267699440.0,3833.0,745,3832.0,95
rb1805,20171208,20171207,210533000,3832.0,189726,2781918,7270535120.0,3833.0,755,3832.0,81
rb1805,20171208,20171207,210533500,3832.0,189742,2781932,7271148240.0,3833.0,759,3832.0,254
rb1805,20171208,20171207,210534000,3832.0,189892,2781962,7276896880.0,3833.0,732,3832.0,268
rb1805,20171208,20171207,210534500,3832.0,190018,2782062,7281726420.0,3833.0,673,3832.0,270
rb1805,20171208,20171207,210535000,3833.0,190170,2782118,7287552500.0,3833.0,593,3832.0,281
rb1805,20171208,20171207,210535500,3833.0,191212,2782970,7327492160.0,3833.0,84,3832.0,274
rb1805,20171208,20171207,210536000,3833.0,191410,2783004,7335081520.0,3834.0,278,3833.0,946
rb1805,20171208,20171207,210536500,3833.0,191956,2783292,7356014980.0,3835.0,896,3833.0,906
rb1805,20171208,20171207,210537000,3833.0,192174,2783280,7364370920.0,3834.0,4,3833.0,819
rb1805,20171208,20171207,210537500,3833.0,192244,2783316,7367054500.0,3835.0,657,3834.0,18
rb1805,20171208,20171207,210538000,3835.0,192312,2783312,7369661760.0,3835.0,661,3834.0,47
rb1805,20171208,20171207,210538500,3835.0,192362,2783304,7371578900.0,3835.0,649,3834.0,59
rb1805,20171208,20171207,210539000,3834.0,192642,2783224,7382316160.0,3835.0,535,3834.0,95
rb1805,20171208,20171207,210539500,3834.0,192716,2783220,7385153400.0,3835.0,533,3834.0,68
rb1805,20171208,20171207,210540000,3835.0,192748,2783204,7386380460.0,3835.0,545,3834.0,175
rb1805,20171208,20171207,210540500,3834.0,192832,2783160,7389601380.0,3835.0,555,3834.0,152
rb1805,20171208,20171207,210541000,3834.0,193166,2783258,7402408840.0,3835.0,460,3834.0,85
rb1805,20171208,20171207,210541500,3834.0,193262,2783252,7406090100.0,3835.0,451,3834.0,68
rb1805,20171208,20171207,210542000,3835.0,193666,2783376,7421581400.0,3834.0,6,3833.0,611
rb1805,20171208,20171207,210542500,3834.0,193696,2783382,7422731560.0,3834.0,11,3833.0,606
rb1805,20171208,20171207,210543000,3834.0,194128,2783396,7439290400.0,3834.0,207,3833.0,387
rb1805,20171208,20171207,210543500,3833.0,194966,2783008,7471410940.0,3833.0,49,3832.0,332
rb1805,20171208,20171207,210544000,3833.0,195082,2783064,7475856420.0,3833.0,193,3832.0,82
rb1805,20171208,20171207,210544500,3832.0,195276,2783036,7483290500.0,3832.0,661,3831.0,110
rb1805,20171208,20171207,210545000,3832.0,195630,2783054,7496853020.0,3832.0,590,3830.0,278
rb1805,20171208,20171207,210545500,3831.0,195640,2783050,7497236100.0,3831.0,5,3830.0,305
rb1805,20171208,20171207,210546000,3831.0,195730,2783044,7500684660.0,3832.0,624,3831.0,4
rb1805,20171208,20171207,210546500,3831.0,195934,2783098,7508501700.0,3832.0,535,3831.0,37
rb1805,20171208,20171207,210547000,3831.0,195966,2783112,7509727820.0,3832.0,478,3831.0,107
rb1805,20171208,20171207,210547500,3832.0,196076,2783186,7513942920.0,3832.0,436,3831.0,109
rb1805,20171208,20171207,210548000,3831.0,196470,2783358,7529038680.0,3831.0,395,3830.0,399
rb1805,20171208,20171207,210548500,3831.0,196580,2783426,7533252740.0,3831.0,344,3830.0,424
rb1805,20171208,20171207,210549000,3830.0,197298,2783584,7560759180.0,3832.0,295,3831.0,1
rb1805,20171208,20171207,210549500,3831.0,197458,2783666,7566889420.0,3831.0,8,3830.0,367
rb1805,20171208,20171207,210550000,3831.0,197526,2783666,7569494680.0,3832.0,252,3831.0,171
rb1805,20171208,20171207,210550500,3832.0,198092,2784128,7591183800.0,3833.0,88,3832.0,94
rb1805,20171208,20171207,210551000,3833.0,198238,2784226,7596779980.0,3833.0,24,3832.0,103
rb1805,20171208,20171207,210551500,3832.0,198350,2784176,7601072860.0,3834.0,379,3832.0,95
rb1805,20171208,20171207,210552000,3832.0,198360,2784174,7601456140.0,3834.0,483,3832.0,98
rb1805,20171208,20171207,210552500,3832.0,198366,2784174,7601686080.0,3833.0,23,3832.0,137
rb1805,20171208,20171207,210553000,3833.0,198380,2784170,7602222660.0,3834.0,512,3833.0,2
rb1805,20171208,20171207,210553500,3832.0,198404,2784164,7603142440.0,3833.0,89,3832.0,127
rb1805,20171208,20171207,210554000,3832.0,198428,2784158,7604062260.0,3833.0,63,3832.0,142
rb1805,20171208,20171207,210554500,3833.0,198514,2784182,7607358380.0,3833.0,41,3832.0,132
rb1805,20171208,20171207,210555000,3833.0,198544,2784188,7608508180.0,3833.0,48,3832.0,127
rb1805,20171208,20171207,210555500,3833.0,198588,2784192,7610194320.0,3833.0,55,3832.0,108
rb1805,20171208,20171207,210556000,3833.0,198610,2784206,7611037520.0,3833.0,66,3832.0,106
rb1805,20171208,20171207,210556500,3833.0,198638,2784208,7612110700.0,3833.0,116,3832.0,139
rb1805,20171208,20171207,210557000,3833.0,198688,2784218,7614027020.0,3833.0,108,3832.0,132
rb1805,20171208,20171207,210557500,3833.0,198788,2784284,7617859800.0,3833.0,70,3832.0,124
rb1805,20171208,20171207,210558000,3833.0,198940,2784288,7623685960.0,3834.0,485,3833.0,44
rb1805,20171208,20171207,210558500,3833.0,199382,2784306,7640627840.0,3834.0,487,3833.0,1
rb1805,20171208,20171207,210559000,3832.0,199454,2784308,7643387160.0,3833.0,70,3832.0,104
rb1805,20171208,20171207,210559500,3833.0,199618,2784304,7649673280.0,3833.0,488,3832.0,138
rb1805,20171208,20171207,210600000,3832.0,199832,2784438,7657875600.0,3833.0,415,3832.0,119
rb1805,20171208,20171207,210600500,3833.0,200088,2784556,7667687980.0,3833.0,321,3832.0,163
rb1805,20171208,20171207,210601000,3832.0,200404,2784840,7679800000.0,3833.0,179,3832.0,186
rb1805,20171208,20171207,210601500,3833.0,200824,2785170,7695898560.0,3833.0,23,3832.0,212
rb1805,20171208,20171207,210602000,3833.0,201046,2784996,7704408700.0,3833.0,2,3832.0,145
rb1805,20171208,20171207,210602500,3833.0,201056,2784994,7704791980.0,3834.0,510,3833.0,17
rb1805,20171208,20171207,210603000,3833.0,201166,2784982,7709008240.0,3833.0,51,3832.0,173
rb1805,20171208,20171207,210603500,3833.0,201278,2784892,7713300960.0,3833.0,11,3832.0,171
rb1805,20171208,20171207,210604000,3833.0,201436,2784886,7719358000.0,3834.0,525,3833.0,2
rb1805,20171208,20171207,210604500,3833.0,201448,2784884,7719817960.0,3834.0,476,3833.0,13
rb1805,20171208,20171207,210605000,3833.0,201498,2784904,7721734540.0,3833.0,1,3832.0,176
rb1805,20171208,20171207,210605500,3833.0,201804,2784834,7733463120.0,3833.0,71,3832.0,158
rb1805,20171208,20171207,210606000,3833.0,202068,2784748,7743582440.0,3834.0,460,3833.0,226
rb1805,20171208,20171207,210606500,3833.0,202140,2784794,7746342240.0,3834.0,459,3833.0,192
rb1805,20171208,20171207,210607000,3833.0,202212,2784786,7749102120.0,3834.0,438,3833.0,169
rb1805,20171208,20171207,210607500,3834.0,202312,2784696,7752935180.0,3834.0,435,3833.0,148
rb1805,20171208,20171207,210608000,3833.0,202360,2784686,7754775060.0,3834.0,436,3833.0,214
rb1805,20171208,20171207,210608500,3833.0,202474,2784692,7759144720.0,3834.0,436,3833.0,275
rb1805,20171208,20171207,210609000,3833.0,203122,2784968,7783988220.0,3834.0,153,3833.0,235
rb1805,20171208,20171207,210609500,3834.0,203496,2785004,7798327420.0,3835.0,668,3834.0,103
rb1805,20171208,20171207,210610000,3835.0,203724,2785050,7807071060.0,3835.0,562,3834.0,213
rb1805,20171208,20171207,210610500,3835.0,204658,2785072,7842889760.0,3835.0,106,3834.0,424
rb1805,20171208,20171207,210611000,3835.0,204900,2785166,7852170580.0,3836.0,485,3835.0,482
rb1805,20171208,20171207,210611500,3835.0,205776,2785170,7885770500.0,3836.0,220,3835.0,321
rb1805,20171208,20171207,210612000,3836.0,206034,2785222,7895667280.0,3836.0,96,3835.0,337
rb1805,20171208,20171207,210612500,3836.0,206390,2785276,7909323560.0,3837.0,109,3836.0,70
rb1805,20171208,20171207,210613000,3836.0,206424,2785248,7910628020.0,3837.0,96,3836.0,136
rb1805,20171208,20171207,210613500,3837.0,206480,2785244,7912776220.0,3837.0,93,3836.0,114
rb1805,20171208,20171207,210614000,3837.0,206810,2785206,7925437700.0,3838.0,573,3837.0,8
rb1805,20171208,20171207,210614500,3836.0,207116,2785290,7937176180.0,3837.0,312,3836.0,10
rb1805,20171208,20171207,210615000,3836.0,207180,2785296,7939631080.0,3836.0,274,3835.0,369
rb1805,20171208,20171207,210615500,3836.0,207250,2785278,7942316260.0,3836.0,294,3835.0,361
rb1805,20171208,20171207,210616000,3835.0,207326,2785244,7945231420.0,3836.0,273,3835.0,352
rb1805,20171208,20171207,210616500,3836.0,207540,2785076,7953440440.0,3836.0,212,3835.0,351
rb1805,20171208,20171207,210617000,3836.0,207764,2785176,7962031360.0,3836.0,186,3835.0,295
rb1805,20171208,20171207,210617500,3836.0,208104,2785332,7975070860.0,3836.0,184,3835.0,150
rb1805,20171208,20171207,210618000,3835.0,208462,2785428,7988800200.0,3835.0,621,3834.0,128
rb1805,20171208,20171207,210618500,3834.0,208810,2785306,8002142460.0,3834.0,49,3833.0,249
rb1805,20171208,20171207,210619000,3834.0,208924,2785242,8006513180.0,3834.0,15,3833.0,248
rb1805,20171208,20171207,210619500,3834.0,209186,2785192,8016558880.0,3834.0,30,3833.0,248
rb1805,20171208,20171207,210620000,3834.0,209204,2785190,8017249000.0,3834.0,21,3833.0,248
rb1805,20171208,20171207,210620500,3834.0,209292,2785186,8020622880.0,3834.0,91,3833.0,247
rb1805,20171208,20171207,210621000,3834.0,209460,2785250,8027063200.0,3834.0,68,3833.0,197
rb1805,20171208,20171207,210621500,3834.0,209520,2785250,8029363600.0,3834.0,83,3833.0,188
rb1805,20171208,20171207,210622000,3833.0,209756,2785110,8038410580.0,3834.0,102,3833.0,147
rb1805,20171208,20171207,210622500,3834.0,209794,2785092,8039867340.0,3834.0,102,3833.0,140
rb1805,20171208,20171207,210623000,3834.0,209844,2785086,8041784320.0,3834.0,80,3833.0,151
rb1805,20171208,20171207,210623500,3834.0,209864,2785086,8042551000.0,3834.0,76,3833.0,146
rb1805,20171208,20171207,210624000,3834.0,209980,2785058,8046998320.0,3834.0,97,3833.0,265
rb1805,20171208,20171207,210624500,3833.0,210036,2785034,8049145320.0,3834.0,102,3833.0,264
rb1805,20171208,20171207,210625000,3833.0,210146,2785070,8053362620.0,3834.0,61,3833.0,274
rb1805,20171208,20171207,210625500,3834.0,210338,2785086,8060723240.0,3835.0,996,3834.0,58
rb1805,20171208,20171207,210626000,3833.0,211242,2784730,8095375140.0,3833.0,66,3832.0,230
rb1805,20171208,20171207,210626500,3834.0,211516,2784684,8105878100.0,3834.0,290,3832.0,258
rb1805,20171208,20171207,210627000,3834.0,211520,2784684,8106031460.0,3833.0,34,3832.0,260
rb1805,20171208,20171207,210627500,3833.0,211680,2784604,8112164740.0,3834.0,329,3833.0,258
rb1805,20171208,20171207,210628000,3833.0,211706,2784600,8113161360.0,3834.0,323,3833.0,264
rb1805,20171208,20171207,210628500,3833.0,211744,2784588,8114618040.0,3834.0,357,3833.0,268
rb1805,20171208,20171207,210629000,3833.0,211790,2784566,8116381560.0,3834.0,335,3833.0,254
rb1805,20171208,20171207,210629500,3834.0,211806,2784552,8116994980.0,3834.0,329,3833.0,258
rb1805,20171208,20171207,210630000,3834.0,212020,2784380,8125199540.0,3834.0,233,3833.0,248
rb1805,20171208,20171207,210630500,3833.0,212320,2784286,8136701320.0,3834.0,65,3833.0,266
rb1805,20171208,20171207,210631000,3834.0,212460,2784282,8142068940.0,3835.0,1163,3834.0,122
rb1805,20171208,20171207,210631500,3835.0,212492,2784286,8143296060.0,3835.0,1152,3834.0,123
rb1805,20171208,20171207,210632000,3834.0,212520,2784312,8144369580.0,3835.0,1153,3834.0,124
rb1805,20171208,20171207,210632500,3834.0,212542,2784324,8145213060.0,3835.0,1153,3834.0,131
rb1805,20171208,20171207,210633000,3835.0,212958,2784344,8161166440.0,3835.0,388,3834.0,160
rb1805,20171208,20171207,210633500,3834.0,213156,2784462,8168758000.0,3835.0,395,3834.0,89
rb1805,20171208,20171207,210634000,3833.0,213662,2784724,8188154580.0,3833.0,51,3832.0,288
rb1805,20171208,20171207,210634500,3833.0,213760,2784766,8191910900.0,3833.0,3,3832.0,290
rb1805,20171208,20171207,210635000,3834.0,213828,2784796,8194517920.0,3834.0,26,3833.0,169
rb1805,20171208,20171207,210635500,3834.0,213892,2784808,8196971420.0,3834.0,25,3833.0,156
rb1805,20171208,20171207,210636000,3833.0,213906,2784810,8197508120.0,3834.0,179,3833.0,165
rb1805,20171208,20171207,210636500,3833.0,214210,2784740,8209160440.0,3833.0,39,3832.0,297
rb1805,20171208,20171207,210637000,3833.0,214276,2784746,8211690000.0,3833.0,170,3832.0,288
rb1805,20171208,20171207,210637500,3833.0,214388,2784738,8215982700.0,3833.0,132,3832.0,350
rb1805,20171208,20171207,210638000,3833.0,214476,2784790,8219355040.0,3833.0,129,3832.0,284
rb1805,20171208,20171207,210638500,3833.0,214556,2784758,8222421020.0,3833.0,185,3832.0,273
rb1805,20171208,20171207,210639000,3833.0,214568,2784758,8222880920.0,3833.0,203,3832.0,273
rb1805,20171208,20171207,210639500,3832.0,214694,2784832,8227709280.0,3833.0,201,3832.0,212
rb1805,20171208,20171207,210640000,3833.0,214960,2784778,8237902740.0,3833.0,194,3832.0,96
rb1805,20171208,20171207,210640500,3832.0,215246,2784802,8248862260.0,3832.0,254,3831.0,116
rb1805,20171208,20171207,210641000,3830.0,216558,2784202,8299116100.0,3830.0,8,3829.0,108
rb1805,20171208,20171207,210641500,3831.0,216588,2784198,8300265140.0,3831.0,264,3830.0,12
rb1805,20171208,20171207,210642000,3831.0,216920,2784058,8312980080.0,3831.0,3,3830.0,90
rb1805,20171208,20171207,210642500,3832.0,216990,2784050,8315662400.0,3832.0,2,3831.0,37
rb1805,20171208,20171207,210643000,3831.0,217080,2784004,8319110500.0,3833.0,103,3831.0,98
rb1805,20171208,20171207,210643500,3831.0,217082,2784004,8319187120.0,3833.0,102,3831.0,129
rb1805,20171208,20171207,210644000,3831.0,217098,2784008,8319800120.0,3833.0,61,3831.0,136
rb1805,20171208,20171207,210644500,3832.0,217106,2784006,8320106640.0,3833.0,84,3832.0,6
rb1805,20171208,20171207,210645000,3832.0,217158,2783968,8322099280.0,3833.0,123,3832.0,8
rb1805,20171208,20171207,210645500,3832.0,217190,2783970,8323325520.0,3833.0,128,3832.0,33
rb1805,20171208,20171207,210646000,3832.0,217258,2784024,8325931400.0,3833.0,111,3832.0,23
rb1805,20171208,20171207,210646500,3832.0,217456,2784112,8333518800.0,3832.0,117,3831.0,115
rb1805,20171208,20171207,210647000,3832.0,217736,2784184,8344247980.0,3832.0,3,3831.0,91
rb1805,20171208,20171207,210647500,3832.0,217828,2784136,8347772880.0,3832.0,7,3831.0,68
rb1805,20171208,20171207,210648000,3832.0,218086,2784258,8357657180.0,3833.0,137,3832.0,39
rb1805,20171208,20171207,210648500,3831.0,218210,2784354,8362408440.0,3832.0,86,3831.0,4
rb1805,20171208,20171207,210649000,3831.0,218248,2784384,8363864340.0,3832.0,111,3831.0,71
rb1805,20171208,20171207,210649500,3831.0,218248,2784384,8363864340.0,3832.0,122,3831.0,81
rb1805,20171208,20171207,210650000,3832.0,218252,2784388,8364017620.0,3832.0,121,3831.0,77
rb1805,20171208,20171207,210650500,3831.0,218442,2784528,8371298020.0,3832.0,48,3831.0,73
rb1805,20171208,20171207,210651000,3832.0,218464,2784546,8372140960.0,3832.0,44,3831.0,115
rb1805,20171208,20171207,210651500,3832.0,218586,2784538,8376816000.0,3833.0,146,3832.0,86
rb1805,20171208,20171207,210652000,3832.0,218644,2784584,8379038580.0,3833.0,126,3832.0,65
rb1805,20171208,20171207,210652500,3831.0,219022,2784776,8393522260.0,3833.0,96,3831.0,183
rb1805,20171208,20171207,210653000,3832.0,219064,2784790,8395131300.0,3832.0,1,3831.0,194
rb1805,20171208,20171207,210653500,3832.0,219084,2784792,8395897700.0,3833.0,96,3832.0,3
rb1805,20171208,20171207,210654000,3832.0,219112,2784794,8396970680.0,3832.0,10,3831.0,204
rb1805,20171208,20171207,210654500,3832.0,219140,2784802,8398043580.0,3833.0,154,3831.0,191
rb1805,20171208,20171207,210655000,3831.0,219186,2784800,8399806020.0,3833.0,156,3831.0,210
rb1805,20171208,20171207,210655500,3832.0,219236,2784800,8401721620.0,3833.0,157,3831.0,198
rb1805,20171208,20171207,210656000,3832.0,219238,2784800,8401798260.0,3832.0,6,3831.0,201
rb1805,20171208,20171207,210656500,3832.0,219262,2784796,8402717940.0,3832.0,21,3831.0,280
rb1805,20171208,20171207,210657000,3832.0,219408,2784912,8408312660.0,3833.0,203,3832.0,139
rb1805,20171208,20171207,210657500,3832.0,219468,2784962,8410611860.0,3833.0,213,3832.0,114
rb1805,20171208,20171207,210658000,3833.0,219598,2784998,8415593760.0,3833.0,194,3832.0,64
rb1805,20171208,20171207,210658500,3832.0,219734,2785132,8420805300.0,3832.0,141,3831.0,296
rb1805,20171208,20171207,210659000,3832.0,219738,2785132,8420958560.0,3832.0,140,3831.0,299
rb1805,20171208,20171207,210659500,3831.0,219946,2785136,8428927120.0,3832.0,140,3831.0,240
rb1805,20171208,20171207,210700000,3831.0,219972,2785158,8429923220.0,3832.0,169,3831.0,244
rb1805,20171208,20171207,210700500,3831.0,219974,2785160,8429999840.0,3832.0,172,3831.0,244
rb1805,20171208,20171207,210701000,3831.0,220064,2785210,8433447940.0,3832.0,199,3831.0,198
rb1805,20171208,20171207,210701500,3832.0,220224,2785174,8439577680.0,3832.0,195,3831.0,126
rb1805,20171208,20171207,210702000,3831.0,220486,2785144,8449614840.0,3831.0,418,3830.0,296
rb1805,20171208,20171207,210702500,3830.0,220744,2785254,8459496440.0,3831.0,416,3830.0,187
rb1805,20171208,20171207,210703000,3829.0,221142,2785552,8474739820.0,3830.0,160,3829.0,82
rb1805,20171208,20171207,210703500,3830.0,221232,2785596,8478186040.0,3830.0,159,3829.0,34
rb1805,20171208,20171207,210704000,3828.0,221338,2785604,8482244760.0,3829.0,17,3828.0,266
rb1805,20171208,20171207,210704500,3830.0,221460,2785578,8486916160.0,3830.0,187,3829.0,37
rb1805,20171208,20171207,210705000,3830.0,221496,2785594,8488294800.0,3830.0,176,3829.0,50
rb1805,20171208,20171207,210705500,3829.0,221562,2785620,8490822140.0,3830.0,214,3829.0,27
rb1805,20171208,20171207,210706000,3829.0,221658,2785682,8494498040.0,3829.0,41,3828.0,468
rb1805,20171208,20171207,210706500,3829.0,221744,2785708,8497790760.0,3829.0,55,3828.0,558
rb1805,20171208,20171207,210707000,3829.0,221758,2785722,8498326820.0,3829.0,221,3828.0,567
rb1805,20171208,20171207,210707500,3829.0,221802,2785684,8500011580.0,3829.0,208,3828.0,571
rb1805,20171208,20171207,210708000,3829.0,221820,2785684,8500700720.0,3829.0,217,3828.0,570
rb1805,20171208,20171207,210708500,3828.0,221986,2785610,8507055300.0,3829.0,215,3828.0,492
rb1805,20171208,20171207,210709000,3828.0,222024,2785608,8508510140.0,3829.0,235,3828.0,494
rb1805,20171208,20171207,210709500,3829.0,222062,2785616,8509965060.0,3829.0,234,3828.0,493
rb1805,20171208,20171207,210710000,3829.0,222150,2785620,8513334360.0,3829.0,208,3828.0,572
rb1805,20171208,20171207,210710500,3829.0,222624,2785684,8531483980.0,3830.0,184,3829.0,94
rb1805,20171208,20171207,210711000,3828.0,223300,2785904,8557371900.0,3829.0,77,3828.0,570
rb1805,20171208,20171207,210711500,3829.0,223478,2785906,8564187680.0,3830.0,12,3829.0,555
rb1805,20171208,20171207,210712000,3831.0,223560,2785944,8567328340.0,3831.0,443,3830.0,64
rb1805,20171208,20171207,210712500,3830.0,223636,2786012,8570239160.0,3831.0,292,3830.0,64
rb1805,20171208,20171207,210713000,3830.0,223674,2786012,8571694560.0,3831.0,292,3830.0,82
rb1805,20171208,20171207,210713500,3830.0,223706,2786012,8572920160.0,3831.0,291,3830.0,65
rb1805,20171208,20171207,210714000,3830.0,223706,2786012,8572920160.0,3831.0,292,3830.0,70
rb1805,20171208,20171207,210714500,3831.0,223770,2785960,8575371940.0,3831.0,264,3830.0,73
rb1805,20171208,20171207,210715000,3830.0,223848,2785964,8578359340.0,3831.0,264,3830.0,42
rb1805,20171208,20171207,210715500,3831.0,223868,2785974,8579125380.0,3831.0,264,3830.0,36
rb1805,20171208,20171207,210716000,3830.0,223886,2785992,8579814780.0,3831.0,264,3830.0,27
rb1805,20171208,20171207,210716500,3830.0,224010,2786048,8584564580.0,3830.0,50,3829.0,774
rb1805,20171208,20171207,210717000,3830.0,224124,2786078,8588930780.0,3830.0,5,3829.0,739
rb1805,20171208,20171207,210717500,3830.0,224144,2786084,8589696840.0,3831.0,256,3830.0,25
rb1805,20171208,20171207,210718000,3830.0,224156,2786084,8590156520.0,3831.0,257,3830.0,23
rb1805,20171208,20171207,210718500,3830.0,224200,2786092,8591841720.0,3831.0,278,3830.0,71
rb1805,20171208,20171207,210719000,3830.0,224396,2786074,8599348600.0,3831.0,270,3830.0,103
rb1805,20171208,20171207,210719500,3830.0,224430,2786094,8600650820.0,3831.0,279,3830.0,88
rb1805,20171208,20171207,210720000,3830.0,224562,2786112,8605707520.0,3831.0,224,3830.0,90
rb1805,20171208,20171207,210720500,3831.0,224608,2786146,8607469520.0,3831.0,219,3830.0,95
rb1805,20171208,20171207,210721000,3830.0,224692,2786182,8610686760.0,3831.0,218,3830.0,51
rb1805,20171208,20171207,210721500,3831.0,224852,2786302,8616815040.0,3831.0,204,3830.0,11
rb1805,20171208,20171207,210722000,3830.0,224892,2786314,8618347200.0,3831.0,196,3829.0,655
rb1805,20171208,20171207,210722500,3830.0,225042,2786322,8624092380.0,3830.0,16,3829.0,653
rb1805,20171208,20171207,210723000,3830.0,225044,2786322,8624168980.0,3830.0,41,3829.0,654
rb1805,20171208,20171207,210723500,3830.0,225072,2786322,8625241380.0,3830.0,542,3829.0,654
rb1805,20171208,20171207,210724000,3830.0,225094,2786316,8626083820.0,3830.0,544,3829.0,546
rb1805,20171208,20171207,210724500,3830.0,225106,2786314,8626543400.0,3830.0,543,3829.0,538
rb1805,20171208,20171207,210725000,3829.0,225248,2786412,8631980660.0,3830.0,539,3829.0,472
rb1805,20171208,20171207,210725500,3830.0,225528,2786262,8642702220.0,3830.0,527,3829.0,350
rb1805,20171208,20171207,210726000,3829.0,225608,2786242,8645765760.0,3830.0,513,3829.0,341
rb1805,20171208,20171207,210726500,3829.0,225618,2786240,8646148700.0,3830.0,517,3829.0,322
rb1805,20171208,20171207,210727000,3830.0,225632,2786252,8646684860.0,3830.0,512,3829.0,351
rb1805,20171208,20171207,210727500,3829.0,225698,2786254,8649212400.0,3830.0,493,3829.0,339
rb1805,20171208,20171207,210728000,3830.0,225876,2786182,8656028200.0,3830.0,484,3829.0,159
rb1805,20171208,20171207,210728500,3829.0,225922,2786204,8657789580.0,3830.0,483,3829.0,142
rb1805,20171208,20171207,210729000,3829.0,225928,2786208,8658019340.0,3830.0,484,3829.0,141
rb1805,20171208,20171207,210729500,3829.0,225932,2786208,8658172520.0,3830.0,485,3829.0,140
rb1805,20171208,20171207,210730000,3830.0,225976,2786210,8659857720.0,3830.0,466,3829.0,274
rb1805,20171208,20171207,210730500,3829.0,225998,2786222,8660700160.0,3830.0,463,3829.0,318
rb1805,20171208,20171207,210731000,3829.0,226018,2786240,8661465960.0,3830.0,464,3829.0,308
rb1805,20171208,20171207,210731500,3830.0,226034,2786248,8662078700.0,3830.0,461,3829.0,345
rb1805,20171208,20171207,210732000,3830.0,226104,2786306,8664759020.0,3830.0,461,3829.0,312
rb1805,20171208,20171207,210732500,3829.0,226348,2786282,8674101820.0,3830.0,459,3829.0,193
rb1805,20171208,20171207,210733000,3830.0,226408,2786288,8676399280.0,3830.0,463,3829.0,266
rb1805,20171208,20171207,210733500,3830.0,226492,2786322,8679616380.0,3830.0,437,3829.0,270
rb1805,20171208,20171207,210734000,3829.0,226558,2786376,8682144060.0,3830.0,410,3829.0,266
rb1805,20171208,20171207,210734500,3830.0,226672,2786370,8686510040.0,3830.0,364,3829.0,257
rb1805,20171208,20171207,210735000,3830.0,227272,2786790,8709489900.0,3830.0,74,3829.0,251
rb1805,20171208,20171207,210735500,3830.0,227560,2787062,8720520300.0,3831.0,207,3830.0,173
rb1805,20171208,20171207,210736000,3830.0,227598,2787074,8721975720.0,3831.0,206,3830.0,324
rb1805,20171208,20171207,210736500,3831.0,227698,2787174,8725805920.0,3831.0,206,3830.0,306
rb1805,20171208,20171207,210737000,3830.0,227736,2787186,8727261520.0,3831.0,196,3830.0,312
rb1805,20171208,20171207,210737500,3830.0,227752,2787196,8727874340.0,3831.0,205,3830.0,315
rb1805,20171208,20171207,210738000,3830.0,227812,2787224,8730172620.0,3831.0,191,3830.0,300
rb1805,20171208,20171207,210738500,3830.0,227836,2787242,8731091860.0,3831.0,194,3830.0,293
rb1805,20171208,20171207,210739000,3830.0,228036,2787288,8738751860.0,3831.0,194,3830.0,204
rb1805,20171208,20171207,210739500,3830.0,228056,2787306,8739517860.0,3831.0,194,3830.0,196
rb1805,20171208,20171207,210740000,3830.0,228544,2787538,8758208560.0,3830.0,114,3829.0,550
rb1805,20171208,20171207,210740500,3830.0,228546,2787540,8758285160.0,3830.0,116,3829.0,553
rb1805,20171208,20171207,210741000,3830.0,228568,2787538,8759127720.0,3830.0,109,3829.0,600
rb1805,20171208,20171207,210741500,3830.0,228576,2787540,8759434100.0,3830.0,108,3829.0,599
rb1805,20171208,20171207,210742000,3830.0,228668,2787602,8762957700.0,3830.0,63,3829.0,600
rb1805,20171208,20171207,210742500,3830.0,228838,2787770,8769468720.0,3831.0,174,3830.0,12
rb1805,20171208,20171207,210743000,3830.0,228870,2787768,8770694340.0,3830.0,62,3829.0,604
rb1805,20171208,20171207,210743500,3830.0,229004,2787770,8775826480.0,3830.0,38,3829.0,600
rb1805,20171208,20171207,210744000,3829.0,229048,2787754,8777511640.0,3830.0,145,3829.0,600
rb1805,20171208,20171207,210744500,3830.0,229062,2787756,8778047760.0,3830.0,189,3829.0,616
rb1805,20171208,20171207,210745000,3830.0,229084,2787748,8778890360.0,3830.0,228,3829.0,624
rb1805,20171208,20171207,210745500,3829.0,229260,2787750,8785629500.0,3830.0,225,3829.0,541
rb1805,20171208,20171207,210746000,3830.0,229280,2787750,8786395480.0,3830.0,219,3829.0,560
rb1805,20171208,20171207,210746500,3829.0,229494,2787840,8794591160.0,3830.0,152,3829.0,545
rb1805,20171208,20171207,210747000,3830.0,229506,2787840,8795050740.0,3830.0,176,3829.0,555
rb1805,20171208,20171207,210747500,3829.0,229546,2787866,8796582440.0,3830.0,183,3829.0,542
rb1805,20171208,20171207,210748000,3830.0,229558,2787874,8797041960.0,3830.0,179,3829.0,538
rb1805,20171208,20171207,210748500,3829.0,229622,2787878,8799492980.0,3830.0,202,3829.0,611
rb1805,20171208,20171207,210749000,3830.0,229660,2787872,8800948340.0,3830.0,188,3829.0,613
rb1805,20171208,20171207,210749500,3830.0,229692,2787844,8802173920.0,3830.0,175,3829.0,612
rb1805,20171208,20171207,210750000,3829.0,230104,2787634,8817949460.0,3830.0,159,3829.0,411
rb1805,20171208,20171207,210750500,3830.0,230128,2787620,8818868660.0,3830.0,269,3829.0,411
rb1805,20171208,20171207,210751000,3830.0,230316,2787564,8826068420.0,3830.0,208,3829.0,381
rb1805,20171208,20171207,210751500,3830.0,230356,2787568,8827600120.0,3830.0,168,3829.0,369
rb1805,20171208,20171207,210752000,3830.0,230484,2787450,8832501300.0,3830.0,165,3829.0,308
rb1805,20171208,20171207,210752500,3829.0,230490,2787454,8832731080.0,3830.0,166,3829.0,309
rb1805,20171208,20171207,210753000,3830.0,230612,2787472,8837403260.0,3830.0,25,3829.0,288
rb1805,20171208,20171207,210753500,3830.0,230670,2787524,8839624660.0,3831.0,175,3830.0,33
rb1805,20171208,20171207,210754000,3830.0,230682,2787526,8840084260.0,3831.0,178,3830.0,142
rb1805,20171208,20171207,210754500,3829.0,231054,2787384,8854331800.0,3830.0,320,3829.0,342
rb1805,20171208,20171207,210755000,3830.0,231170,2787384,8858774600.0,3830.0,262,3829.0,350
rb1805,20171208,20171207,210755500,3829.0,231340,2787330,8865284380.0,3830.0,288,3829.0,301
rb1805,20171208,20171207,210756000,3830.0,231384,2787324,8866969540.0,3830.0,772,3829.0,305
rb1805,20171208,20171207,210756500,3829.0,231474,2787268,8870415640.0,3830.0,777,3829.0,260
rb1805,20171208,20171207,210757000,3830.0,231914,2787342,8887265680.0,3830.0,662,3829.0,165
rb1805,20171208,20171207,210757500,3829.0,232264,2787280,8900667200.0,3829.0,108,3828.0,744
rb1805,20171208,20171207,210758000,3829.0,232342,2787240,8903653800.0,3829.0,235,3828.0,743
rb1805,20171208,20171207,210758500,3829.0,232356,2787250,8904189740.0,3829.0,241,3828.0,737
rb1805,20171208,20171207,210759000,3829.0,232356,2787250,8904189740.0,3829.0,310,3828.0,733
rb1805,20171208,20171207,210759500,3828.0,232594,2787222,8913300540.0,3829.0,366,3828.0,623
rb1805,20171208,20171207,210800000,3829.0,232902,2787100,8925090840.0,3829.0,366,3828.0,490
rb1805,20171208,20171207,210800500,3828.0,233062,2787066,8931215880.0,3829.0,355,3828.0,424
rb1805,20171208,20171207,210801000,3828.0,233300,2787080,8940327000.0,3829.0,341,3828.0,350
rb1805,20171208,20171207,210801500,3828.0,233562,2787302,8950356420.0,3829.0,338,3828.0,224
rb1805,20171208,20171207,210802000,3828.0,234030,2787176,8968271460.0,3828.0,77,3827.0,211
rb1805,20171208,20171207,210802500,3827.0,234098,2787184,8970874400.0,3828.0,60,3827.0,208
rb1805,20171208,20171207,210803000,3828.0,234158,2787176,8973170860.0,3828.0,77,3827.0,193
rb1805,20171208,20171207,210803500,3828.0,234184,2787196,8974166100.0,3828.0,109,3827.0,191
rb1805,20171208,20171207,210804000,3827.0,234194,2787196,8974548860.0,3828.0,155,3827.0,192
rb1805,20171208,20171207,210804500,3827.0,234248,2787184,8976615480.0,3828.0,156,3827.0,193
rb1805,20171208,20171207,210805000,3827.0,234424,2787156,8983352060.0,3828.0,103,3827.0,159
rb1805,20171208,20171207,210805500,3828.0,234500,2787198,8986261240.0,3828.0,70,3827.0,156
rb1805,20171208,20171207,210806000,3827.0,234532,2787190,8987486000.0,3828.0,54,3827.0,147
rb1805,20171208,20171207,210806500,3828.0,234682,2787312,8993227760.0,3829.0,195,3828.0,4
rb1805,20171208,20171207,210807000,3827.0,234814,2787388,8998280420.0,3828.0,7,3827.0,130
rb1805,20171208,20171207,210807500,3827.0,234826,2787386,8998739720.0,3828.0,10,3827.0,188
rb1805,20171208,20171207,210808000,3827.0,235168,2787304,9011828460.0,3829.0,160,3827.0,57
rb1805,20171208,20171207,210808500,3828.0,235190,2787312,9012670460.0,3828.0,81,3827.0,54
rb1805,20171208,20171207,210809000,3828.0,235238,2787342,9014507460.0,3828.0,94,3827.0,31
rb1805,20171208,20171207,210809500,3827.0,235276,2787346,9015962000.0,3828.0,138,3827.0,27
rb1805,20171208,20171207,210810000,3827.0,235456,2787508,9022851760.0,3828.0,80,3827.0,18
rb1805,20171208,20171207,210810500,3826.0,235540,2787488,9026066680.0,3827.0,36,3826.0,330
rb1805,20171208,20171207,210811000,3827.0,235724,2787460,9033108340.0,3828.0,56,3827.0,8
rb1805,20171208,20171207,210811500,3828.0,235758,2787446,9034409820.0,3828.0,55,3827.0,217
rb1805,20171208,20171207,210812000,3828.0,235878,2787476,9039003380.0,3829.0,197,3828.0,377
rb1805,20171208,20171207,210812500,3828.0,236138,2787734,9048956180.0,3829.0,182,3828.0,257
rb1805,20171208,20171207,210813000,3828.0,236168,2787758,9050104580.0,3829.0,183,3828.0,249
rb1805,20171208,20171207,210813500,3828.0,236286,2787876,9054621620.0,3829.0,183,3828.0,191
rb1805,20171208,20171207,210814000,3828.0,236308,2787896,9055463880.0,3829.0,179,3828.0,192
rb1805,20171208,20171207,210814500,3828.0,236360,2787942,9057454460.0,3829.0,178,3828.0,167
rb1805,20171208,20171207,210815000,3828.0,236490,2787980,9062430880.0,3829.0,179,3828.0,103
rb1805,20171208,20171207,210815500,3828.0,236600,2788028,9066641940.0,3829.0,169,3828.0,73
rb1805,20171208,20171207,210816000,3828.0,236656,2788046,9068785660.0,3829.0,179,3828.0,46
rb1805,20171208,20171207,210816500,3828.0,236754,2788024,9072537100.0,3828.0,270,3827.0,387
rb1805,20171208,20171207,210817000,3828.0,236776,2788028,9073379140.0,3828.0,281,3827.0,381
rb1805,20171208,20171207,210817500,3828.0,236890,2788030,9077743020.0,3828.0,225,3827.0,403
rb1805,20171208,20171207,210818000,3828.0,236894,2788028,9077896120.0,3828.0,227,3827.0,403
rb1805,20171208,20171207,210818500,3828.0,236912,2788026,9078585020.0,3828.0,240,3827.0,398
rb1805,20171208,20171207,210819000,3827.0,236976,2788022,9081034900.0,3828.0,213,3827.0,407
rb1805,20171208,20171207,210819500,3828.0,237046,2787978,9083714000.0,3828.0,188,3827.0,384
rb1805,20171208,20171207,210820000,3828.0,237332,2787992,9094662060.0,3829.0,219,3828.0,375
rb1805,20171208,20171207,210820500,3828.0,237542,2787798,9102700920.0,3829.0,209,3828.0,292
rb1805,20171208,20171207,210821000,3827.0,238130,2787218,9125209520.0,3828.0,215,3827.0,373
rb1805,20171208,20171207,210821500,3828.0,238162,2787212,9126434440.0,3828.0,202,3827.0,375
rb1805,20171208,20171207,210822000,3828.0,238168,2787210,9126664100.0,3828.0,203,3827.0,375
rb1805,20171208,20171207,210822500,3828.0,238186,2787200,9127353080.0,3828.0,208,3827.0,377
rb1805,20171208,20171207,210823000,3828.0,238286,2787104,9131181060.0,3828.0,159,3827.0,386
rb1805,20171208,20171207,210823500,3828.0,238296,2787102,9131563840.0,3828.0,167,3827.0,387
rb1805,20171208,20171207,210824000,3828.0,238318,2787090,9132406000.0,3828.0,157,3827.0,387
rb1805,20171208,20171207,210824500,3827.0,238374,2787062,9134549400.0,3828.0,134,3827.0,382
rb1805,20171208,20171207,210825000,3828.0,238430,2787060,9136692640.0,3828.0,153,3827.0,363
rb1805,20171208,20171207,210825500,3828.0,238478,2787052,9138529820.0,3828.0,152,3827.0,350
rb1805,20171208,20171207,210826000,3827.0,238494,2787042,9139142140.0,3828.0,201,3827.0,355
rb1805,20171208,20171207,210826500,3828.0,238636,2786990,9144576740.0,3828.0,240,3827.0,301
rb1805,20171208,20171207,210827000,3827.0,238974,2786882,9157512680.0,3828.0,214,3827.0,194
rb1805,20171208,20171207,210827500,3827.0,239384,2786886,9173203360.0,3827.0,91,3826.0,521
rb1805,20171208,20171207,210828000,3827.0,239384,2786886,9173203360.0,3827.0,116,3826.0,521
rb1805,20171208,20171207,210828500,3827.0,239406,2786878,9174045200.0,3827.0,160,3826.0,518
rb1805,20171208,20171207,210829000,3827.0,239692,2786690,9184990280.0,3827.0,55,3826.0,511
rb1805,20171208,20171207,210829500,3827.0,239794,2786644,9188893820.0,3827.0,37,3826.0,511
rb1805,20171208,20171207,210830000,3827.0,239894,2786688,9192720840.0,3828.0,282,3827.0,9
rb1805,20171208,20171207,210830500,3826.0,240098,2786566,9200526300.0,3827.0,160,3826.0,431
rb1805,20171208,20171207,210831000,3827.0,240112,2786558,9201062040.0,3827.0,159,3826.0,435
rb1805,20171208,20171207,210831500,3827.0,240124,2786556,9201521220.0,3827.0,191,3826.0,517
rb1805,20171208,20171207,210832000,3826.0,240196,2786512,9204276400.0,3827.0,196,3826.0,504
rb1805,20171208,20171207,210832500,3826.0,240218,2786502,9205118300.0,3827.0,217,3826.0,510
rb1805,20171208,20171207,210833000,3827.0,240282,2786472,9207567480.0,3827.0,190,3826.0,509
rb1805,20171208,20171207,210833500,3827.0,240346,2786472,9210016320.0,3827.0,182,3826.0,494
rb1805,20171208,20171207,210834000,3826.0,240360,2786472,9210552040.0,3827.0,178,3826.0,494
rb1805,20171208,20171207,210834500,3826.0,240552,2786438,9217898020.0,3827.0,175,3826.0,409
rb1805,20171208,20171207,210835000,3827.0,240588,2786456,9219275520.0,3827.0,168,3826.0,398
rb1805,20171208,20171207,210835500,3826.0,240642,2786486,9221341720.0,3827.0,161,3826.0,410
rb1805,20171208,20171207,210836000,3827.0,240920,2786634,9231980480.0,3827.0,37,3826.0,406
rb1805,20171208,20171207,210836500,3827.0,241194,2786592,9242468160.0,3828.0,118,3827.0,175
rb1805,20171208,20171207,210837000,3827.0,241250,2786580,9244611280.0,3828.0,112,3827.0,148
rb1805,20171208,20171207,210837500,3827.0,241512,2786606,9254638220.0,3828.0,102,3827.0,71
rb1805,20171208,20171207,210838000,3827.0,241674,2786638,9260837940.0,3827.0,26,3826.0,331
rb1805,20171208,20171207,210838500,3827.0,241914,2786670,9270021140.0,3827.0,15,3826.0,258
rb1805,20171208,20171207,210839000,3827.0,241926,2786678,9270480380.0,3827.0,96,3826.0,268
rb1805,20171208,20171207,210839500,3827.0,241980,2786716,9272546740.0,3827.0,102,3826.0,276
rb1805,20171208,20171207,210840000,3827.0,241988,2786718,9272852880.0,3827.0,105,3826.0,276
rb1805,20171208,20171207,210840500,3827.0,242252,2786782,9282954560.0,3827.0,109,3826.0,206
rb1805,20171208,20171207,210841000,3827.0,242340,2786844,9286322060.0,3827.0,102,3826.0,198
rb1805,20171208,20171207,210841500,3826.0,242360,2786864,9287087420.0,3827.0,206,3826.0,238
rb1805,20171208,20171207,210842000,3827.0,242410,2786882,9289000780.0,3827.0,189,3826.0,232
rb1805,20171208,20171207,210842500,3827.0,242428,2786892,9289689580.0,3827.0,183,3826.0,240
rb1805,20171208,20171207,210843000,3826.0,242478,2786892,9291603040.0,3827.0,136,3826.0,240
rb1805,20171208,20171207,210843500,3826.0,242648,2787022,9298108860.0,3827.0,65,3826.0,246
rb1805,20171208,20171207,210844000,3827.0,242946,2786896,9309513320.0,3828.0,122,3827.0,48
rb1805,20171208,20171207,210844500,3828.0,243002,2786918,9311656900.0,3828.0,600,3827.0,166
rb1805,20171208,20171207,210845000,3827.0,243026,2786908,9312575380.0,3828.0,600,3827.0,155
rb1805,20171208,20171207,210845500,3827.0,243066,2786924,9314106260.0,3828.0,596,3827.0,141
rb1805,20171208,20171207,210846000,3827.0,243158,2786966,9317627920.0,3828.0,555,3827.0,149
rb1805,20171208,20171207,210846500,3828.0,243224,2787024,9320154300.0,3828.0,527,3827.0,156
rb1805,20171208,20171207,210847000,3827.0,243244,2787032,9320919700.0,3828.0,579,3827.0,147
rb1805,20171208,20171207,210847500,3828.0,243304,2787046,9323216400.0,3828.0,555,3827.0,68
rb1805,20171208,20171207,210848000,3827.0,243462,2787146,9329263060.0,3827.0,48,3826.0,259
rb1805,20171208,20171207,210848500,3827.0,243522,2787194,9331559180.0,3827.0,29,3826.0,364
rb1805,20171208,20171207,210849000,3827.0,243578,2787228,9333702300.0,3827.0,106,3826.0,371
rb1805,20171208,20171207,210849500,3827.0,243578,2787228,9333702300.0,3827.0,121,3826.0,370
rb1805,20171208,20171207,210850000,3827.0,243608,2787250,9334850240.0,3827.0,118,3826.0,361
rb1805,20171208,20171207,210850500,3827.0,243614,2787250,9335079820.0,3827.0,284,3826.0,367
rb1805,20171208,20171207,210851000,3827.0,243630,2787250,9335692140.0,3827.0,276,3826.0,368
rb1805,20171208,20171207,210851500,3827.0,243694,2787266,9338141380.0,3827.0,427,3826.0,376
rb1805,20171208,20171207,210852000,3827.0,243758,2787256,9340590240.0,3827.0,418,3826.0,357
rb1805,20171208,20171207,210852500,3826.0,243850,2787296,9344110520.0,3827.0,401,3826.0,330
rb1805,20171208,20171207,210853000,3827.0,243860,2787298,9344493200.0,3827.0,400,3826.0,351
rb1805,20171208,20171207,210853500,3826.0,243994,2787332,9349620060.0,3827.0,401,3826.0,299
rb1805,20171208,20171207,210854000,3827.0,244172,2787310,9356431820.0,3827.0,327,3826.0,286
rb1805,20171208,20171207,210854500,3827.0,244324,2787294,9362248780.0,3827.0,256,3826.0,284
rb1805,20171208,20171207,210855000,3827.0,244706,2787160,9376865500.0,3827.0,188,3826.0,167
rb1805,20171208,20171207,210855500,3827.0,244868,2787134,9383064840.0,3827.0,199,3826.0,149
rb1805,20171208,20171207,210856000,3826.0,245264,2787194,9398216740.0,3826.0,18,3825.0,879
rb1805,20171208,20171207,210856500,3826.0,245758,2787036,9417115120.0,3826.0,1,3825.0,747
rb1805,20171208,20171207,210857000,3826.0,245926,2786988,9423542660.0,3827.0,167,3826.0,8
rb1805,20171208,20171207,210857500,3826.0,246032,2786920,9427598200.0,3826.0,121,3825.0,771
rb1805,20171208,20171207,210858000,3825.0,246066,2786946,9428898940.0,3826.0,118,3825.0,777
rb1805,20171208,20171207,210858500,3826.0,246154,2786964,9432265420.0,3826.0,102,3825.0,759
rb1805,20171208,20171207,210859000,3825.0,246230,2786942,9435172920.0,3826.0,83,3825.0,736
rb1805,20171208,20171207,210859500,3826.0,246352,2786970,9439840500.0,3826.0,25,3825.0,731
rb1805,20171208,20171207,210900000,3826.0,246426,2787004,9442671700.0,3826.0,2,3825.0,729
rb1805,20171208,20171207,210900500,3826.0,246446,2786998,9443436920.0,3827.0,193,3826.0,34
rb1805,20171208,20171207,210901000,3826.0,246742,2786914,9454760780.0,3826.0,208,3825.0,680
rb1805,20171208,20171207,210901500,3825.0,246992,2786734,9464325640.0,3826.0,190,3825.0,683
rb1805,20171208,20171207,210902000,3826.0,247404,2786562,9480088720.0,3827.0,137,3826.0,42
rb1805,20171208,20171207,210902500,3826.0,247444,2786596,9481619140.0,3827.0,156,3826.0,212
rb1805,20171208,20171207,210903000,3826.0,247780,2786768,9494477320.0,3828.0,592,3826.0,221
rb1805,20171208,20171207,210903500,3826.0,247796,2786762,9495089480.0,3828.0,592,3826.0,228
rb1805,20171208,20171207,210904000,3826.0,248034,2786802,9504195500.0,3828.0,591,3827.0,1
rb1805,20171208,20171207,210904500,3827.0,248122,2786736,9507562740.0,3828.0,591,3827.0,6
rb1805,20171208,20171207,210905000,3827.0,248134,2786732,9508022040.0,3828.0,599,3827.0,125
rb1805,20171208,20171207,210905500,3827.0,248174,2786768,9509552840.0,3828.0,600,3827.0,120
rb1805,20171208,20171207,210906000,3827.0,248202,2786782,9510624420.0,3828.0,599,3827.0,114
rb1805,20171208,20171207,210906500,3827.0,248228,2786794,9511619500.0,3828.0,596,3827.0,144
rb1805,20171208,20171207,210907000,3828.0,248318,2786840,9515064020.0,3828.0,585,3827.0,172
rb1805,20171208,20171207,210907500,3828.0,248576,2786614,9524940080.0,3828.0,465,3827.0,163
