instrument,tradingday,calendarday,time,lastp,volume,openinterest,turnover,ask1,asksz1,bid1,bidsz1
rb1805,20170921,20170920,183245500,3628.0,0,390278,0.0,0.0,0,0.0,0
rb1805,20170921,20170920,205900500,3633.0,100,390266,3633000.0,3633.0,6,3632.0,15
rb1805,20170921,20170920,210000500,3637.0,276,390354,10030360.0,3637.0,9,3634.0,22
rb1805,20170921,20170920,210001000,3639.0,500,390308,18174760.0,3639.0,3,3637.0,8
rb1805,20170921,20170920,210001500,3638.0,718,390288,26105900.0,3638.0,19,3636.0,14
rb1805,20170921,20170920,210002000,3639.0,890,390332,32364460.0,3639.0,1,3638.0,109
rb1805,20170921,20170920,210002500,3639.0,978,390378,35566920.0,3641.0,18,3639.0,8
rb1805,20170921,20170920,210003000,3638.0,1082,390392,39350700.0,3639.0,15,3638.0,78
rb1805,20170921,20170920,210003500,3638.0,1156,390418,42042880.0,3639.0,24,3638.0,39
rb1805,20170921,20170920,210004000,3639.0,1264,390446,45972020.0,3636.0,1,3635.0,6
rb1805,20170921,20170920,210004500,3635.0,1314,390460,47789680.0,3635.0,2,3634.0,17
rb1805,20170921,20170920,210005000,3636.0,1344,390486,48880400.0,3637.0,2,3636.0,1
rb1805,20170921,20170920,210005500,3637.0,1390,390484,50553020.0,3636.0,2,3635.0,10
rb1805,20170921,20170920,210006000,3635.0,1432,390504,52080460.0,3636.0,3,3635.0,15
rb1805,20170921,20170920,210006500,3636.0,1446,390512,52589420.0,3636.0,4,3635.0,14
rb1805,20170921,20170920,210007000,3635.0,1478,390526,53752940.0,3638.0,29,3635.0,9
rb1805,20170921,20170920,210007500,3636.0,1514,390550,55061980.0,3637.0,3,3636.0,2
rb1805,20170921,20170920,210008000,3637.0,1526,390554,55498340.0,3636.0,5,3635.0,34
rb1805,20170921,20170920,210008500,3636.0,1628,390538,59206220.0,3635.0,6,3634.0,10
rb1805,20170921,20170920,210009000,3635.0,1642,390536,59715120.0,3635.0,7,3634.0,7
rb1805,20170921,20170920,210009500,3634.0,1674,390550,60878360.0,3636.0,18,3634.0,16
rb1805,20170921,20170920,210010000,3635.0,1716,390546,62405340.0,3636.0,17,3635.0,2
rb1805,20170921,20170920,210010500,3636.0,1742,390554,63350560.0,3636.0,12,3634.0,31
rb1805,20170921,20170920,210011000,3635.0,1752,390556,63714140.0,3636.0,13,3635.0,3
rb1805,20170921,20170920,210011500,3636.0,1790,390528,65095820.0,3637.0,10,3636.0,80
rb1805,20170921,20170920,210012000,3636.0,1830,390516,66550280.0,3637.0,4,3636.0,65
rb1805,20170921,20170920,210012500,3637.0,1836,390516,66768460.0,3637.0,13,3636.0,71
rb1805,20170921,20170920,210013000,3636.0,2024,390500,73604620.0,3638.0,28,3637.0,1
rb1805,20170921,20170920,210013500,3636.0,2042,390502,74259240.0,3638.0,28,3635.0,7
rb1805,20170921,20170920,210014000,3636.0,2050,390496,74550120.0,3637.0,18,3636.0,8
rb1805,20170921,20170920,210014500,3636.0,2068,390496,75204600.0,3636.0,8,3635.0,15
rb1805,20170921,20170920,210015000,3636.0,2068,390496,75204600.0,3636.0,1,3635.0,21
rb1805,20170921,20170920,210015500,3635.0,2074,390498,75422720.0,3637.0,25,3635.0,22
rb1805,20170921,20170920,210016000,3636.0,2088,390502,75931800.0,3637.0,25,3636.0,1
rb1805,20170921,20170920,210016500,3636.0,2104,390496,76513560.0,3637.0,27,3635.0,32
rb1805,20170921,20170920,210017000,3635.0,2106,390496,76586260.0,3637.0,28,3636.0,2
rb1805,20170921,20170920,210017500,3635.0,2116,390496,76949840.0,3636.0,1,3635.0,32
rb1805,20170921,20170920,210018000,3636.0,2222,390560,80804040.0,3637.0,29,3636.0,10
rb1805,20170921,20170920,210018500,3636.0,2244,390578,81603980.0,3637.0,29,3636.0,4
rb1805,20170921,20170920,210019000,3636.0,2260,390578,82185760.0,3636.0,74,3635.0,39
rb1805,20170921,20170920,210019500,3636.0,2362,390530,85894480.0,3636.0,25,3635.0,34
rb1805,20170921,20170920,210020000,3636.0,2414,390526,87785200.0,3637.0,37,3636.0,2
rb1805,20170921,20170920,210020500,3636.0,2450,390530,89094200.0,3637.0,33,3635.0,29
rb1805,20170921,20170920,210021000,3635.0,2464,390524,89603100.0,3636.0,16,3635.0,21
rb1805,20170921,20170920,210021500,3635.0,2464,390524,89603100.0,3636.0,27,3635.0,22
rb1805,20170921,20170920,210022000,3635.0,2480,390516,90184700.0,3636.0,30,3635.0,18
rb1805,20170921,20170920,210022500,3635.0,2520,390536,91638700.0,3635.0,18,3634.0,24
rb1805,20170921,20170920,210023000,3635.0,2542,390538,92438300.0,3635.0,25,3634.0,19
rb1805,20170921,20170920,210023500,3634.0,2608,390512,94836740.0,3635.0,26,3633.0,41
rb1805,20170921,20170920,210024000,3635.0,2622,390526,95345640.0,3635.0,20,3633.0,112
rb1805,20170921,20170920,210024500,3635.0,2622,390526,95345640.0,3634.0,1,3633.0,78
rb1805,20170921,20170920,210025000,3635.0,2622,390526,95345640.0,3634.0,1,3633.0,79
rb1805,20170921,20170920,210025500,3635.0,2632,390524,95709080.0,3634.0,6,3633.0,78
rb1805,20170921,20170920,210026000,3635.0,2638,390526,95927140.0,3635.0,20,3634.0,2
rb1805,20170921,20170920,210026500,3635.0,2650,390524,96363220.0,3635.0,29,3633.0,66
rb1805,20170921,20170920,210027000,3633.0,2672,390540,97162480.0,3634.0,25,3633.0,62
rb1805,20170921,20170920,210027500,3634.0,2680,390542,97453140.0,3634.0,24,3633.0,61
rb1805,20170921,20170920,210028000,3634.0,2680,390542,97453140.0,3634.0,18,3633.0,56
rb1805,20170921,20170920,210028500,3634.0,2760,390568,100359660.0,3634.0,18,3633.0,24
rb1805,20170921,20170920,210029000,3633.0,2832,390582,102975420.0,3633.0,66,3632.0,33
rb1805,20170921,20170920,210029500,3632.0,2922,390582,106244540.0,3633.0,56,3632.0,4
rb1805,20170921,20170920,210030000,3632.0,3000,390602,109077900.0,3633.0,24,3632.0,38
rb1805,20170921,20170920,210030500,3632.0,3000,390602,109077900.0,3632.0,1,3631.0,21
rb1805,20170921,20170920,210031000,3633.0,3006,390606,109295860.0,3633.0,5,3632.0,12
rb1805,20170921,20170920,210031500,3632.0,3012,390602,109513780.0,3633.0,5,3632.0,21
rb1805,20170921,20170920,210032000,3632.0,3034,390618,110312980.0,3634.0,17,3633.0,3
rb1805,20170921,20170920,210032500,3632.0,3036,390620,110385620.0,3634.0,24,3633.0,9
rb1805,20170921,20170920,210033000,3632.0,3094,390630,112492400.0,3633.0,2,3632.0,18
rb1805,20170921,20170920,210033500,3632.0,3098,390632,112637680.0,3633.0,4,3632.0,16
rb1805,20170921,20170920,210034000,3633.0,3108,390632,113000920.0,3633.0,8,3632.0,13
rb1805,20170921,20170920,210034500,3633.0,3112,390632,113146240.0,3633.0,6,3632.0,18
rb1805,20170921,20170920,210035000,3633.0,3114,390632,113218900.0,3633.0,3,3632.0,24
rb1805,20170921,20170920,210035500,3632.0,3116,390632,113291540.0,3633.0,9,3632.0,17
rb1805,20170921,20170920,210036000,3633.0,3130,390636,113800160.0,3633.0,6,3632.0,17
rb1805,20170921,20170920,210036500,3632.0,3134,390638,113945440.0,3633.0,10,3632.0,17
rb1805,20170921,20170920,210037000,3633.0,3138,390640,114090760.0,3633.0,31,3632.0,19
rb1805,20170921,20170920,210037500,3632.0,3146,390648,114381360.0,3633.0,31,3632.0,17
rb1805,20170921,20170920,210038000,3632.0,3158,390658,114817260.0,3633.0,28,3632.0,10
rb1805,20170921,20170920,210038500,3632.0,3166,390662,115107860.0,3633.0,32,3632.0,10
rb1805,20170921,20170920,210039000,3633.0,3234,390640,117578260.0,3634.0,33,3633.0,179
rb1805,20170921,20170920,210039500,3634.0,3264,390644,118668360.0,3634.0,21,3633.0,177
rb1805,20170921,20170920,210040000,3633.0,3266,390642,118741020.0,3634.0,17,3633.0,176
rb1805,20170921,20170920,210040500,3633.0,3268,390642,118813680.0,3634.0,17,3633.0,178
rb1805,20170921,20170920,210041000,3634.0,3276,390648,119104400.0,3634.0,17,3633.0,181
rb1805,20170921,20170920,210041500,3634.0,3312,390626,120412640.0,3635.0,53,3634.0,1
rb1805,20170921,20170920,210042000,3634.0,3312,390626,120412640.0,3635.0,53,3634.0,7
rb1805,20170921,20170920,210042500,3633.0,3478,390696,126446340.0,3636.0,37,3634.0,6
rb1805,20170921,20170920,210043000,3634.0,3480,390698,126519020.0,3636.0,41,3634.0,10
rb1805,20170921,20170920,210043500,3636.0,3492,390696,126955340.0,3636.0,31,3634.0,17
rb1805,20170921,20170920,210044000,3636.0,3492,390696,126955340.0,3636.0,31,3635.0,4
rb1805,20170921,20170920,210044500,3635.0,3494,390698,127028040.0,3636.0,22,3635.0,3
rb1805,20170921,20170920,210045000,3636.0,3500,390696,127246200.0,3636.0,29,3635.0,6
rb1805,20170921,20170920,210045500,3636.0,3524,390688,128118720.0,3636.0,23,3634.0,24
rb1805,20170921,20170920,210046000,3634.0,3526,390688,128191400.0,3636.0,23,3634.0,23
rb1805,20170921,20170920,210046500,3635.0,3530,390690,128336820.0,3636.0,22,3635.0,1
rb1805,20170921,20170920,210047000,3636.0,3572,390676,129863920.0,3635.0,1,3634.0,31
rb1805,20170921,20170920,210047500,3635.0,3580,390676,130154700.0,3635.0,3,3634.0,32
rb1805,20170921,20170920,210048000,3635.0,3586,390678,130372800.0,3636.0,27,3635.0,6
rb1805,20170921,20170920,210048500,3636.0,3588,390678,130445520.0,3636.0,24,3635.0,18
rb1805,20170921,20170920,210049000,3636.0,3590,390676,130518240.0,3636.0,23,3635.0,19
rb1805,20170921,20170920,210049500,3636.0,3590,390676,130518240.0,3636.0,23,3635.0,21
rb1805,20170921,20170920,210050000,3635.0,3650,390668,132699240.0,3636.0,29,3635.0,10
rb1805,20170921,20170920,210050500,3635.0,3666,390674,133280880.0,3636.0,27,3635.0,4
rb1805,20170921,20170920,210051000,3636.0,3678,390674,133717200.0,3636.0,29,3635.0,5
rb1805,20170921,20170920,210051500,3635.0,3686,390682,134008000.0,3636.0,29,3635.0,3
rb1805,20170921,20170920,210052000,3635.0,3688,390684,134080700.0,3636.0,21,3635.0,10
rb1805,20170921,20170920,210052500,3635.0,3708,390686,134807700.0,3635.0,2,3634.0,30
rb1805,20170921,20170920,210053000,3634.0,3732,390694,135680120.0,3635.0,1,3634.0,27
rb1805,20170921,20170920,210053500,3635.0,3734,390696,135752820.0,3636.0,27,3635.0,5
rb1805,20170921,20170920,210054000,3635.0,3746,390708,136189020.0,3636.0,28,3634.0,26
rb1805,20170921,20170920,210054500,3636.0,3748,390708,136261740.0,3636.0,57,3635.0,2
rb1805,20170921,20170920,210055000,3636.0,3748,390708,136261740.0,3636.0,60,3635.0,3
rb1805,20170921,20170920,210055500,3635.0,3754,390704,136479840.0,3635.0,2,3634.0,27
rb1805,20170921,20170920,210056000,3635.0,3756,390702,136552540.0,3635.0,7,3634.0,27
rb1805,20170921,20170920,210056500,3635.0,3758,390702,136625240.0,3635.0,10,3634.0,44
rb1805,20170921,20170920,210057000,3635.0,3794,390730,137934040.0,3636.0,56,3635.0,74
rb1805,20170921,20170920,210057500,3635.0,3796,390730,138006740.0,3636.0,57,3635.0,73
rb1805,20170921,20170920,210058000,3635.0,3806,390732,138370240.0,3636.0,59,3635.0,68
rb1805,20170921,20170920,210058500,3635.0,3818,390738,138806460.0,3636.0,59,3635.0,70
rb1805,20170921,20170920,210059000,3635.0,3818,390738,138806460.0,3636.0,60,3635.0,75
rb1805,20170921,20170920,210059500,3635.0,3832,390742,139315380.0,3636.0,60,3635.0,71
rb1805,20170921,20170920,210100000,3636.0,3840,390748,139606240.0,3636.0,58,3635.0,71
rb1805,20170921,20170920,210100500,3636.0,3840,390748,139606240.0,3636.0,58,3635.0,73
rb1805,20170921,20170920,210101000,3636.0,3840,390748,139606240.0,3636.0,58,3635.0,73
rb1805,20170921,20170920,210101500,3636.0,3840,390748,139606240.0,3636.0,59,3635.0,73
rb1805,20170921,20170920,210102000,3635.0,3846,390750,139824380.0,3636.0,58,3635.0,77
rb1805,20170921,20170920,210102500,3636.0,3852,390756,140042540.0,3636.0,57,3635.0,79
rb1805,20170921,20170920,210103000,3636.0,3852,390756,140042540.0,3636.0,57,3635.0,79
rb1805,20170921,20170920,210103500,3636.0,3890,390774,141424040.0,3636.0,48,3635.0,72
rb1805,20170921,20170920,210104000,3636.0,3890,390774,141424040.0,3636.0,72,3635.0,74
rb1805,20170921,20170920,210104500,3635.0,3894,390774,141569440.0,3636.0,74,3635.0,72
rb1805,20170921,20170920,210105000,3636.0,3904,390784,141933000.0,3636.0,81,3635.0,38
rb1805,20170921,20170920,210105500,3635.0,3980,390822,144695600.0,3635.0,11,3634.0,46
rb1805,20170921,20170920,210106000,3635.0,4002,390822,145495300.0,3636.0,84,3634.0,46
rb1805,20170921,20170920,210106500,3635.0,4002,390822,145495300.0,3635.0,5,3634.0,46
rb1805,20170921,20170920,210107000,3635.0,4014,390832,145931500.0,3635.0,105,3634.0,23
rb1805,20170921,20170920,210107500,3635.0,4032,390814,146585800.0,3635.0,99,3634.0,23
rb1805,20170921,20170920,210108000,3635.0,4032,390814,146585800.0,3635.0,99,3634.0,26
rb1805,20170921,20170920,210108500,3635.0,4038,390814,146803860.0,3635.0,101,3634.0,26
rb1805,20170921,20170920,210109000,3634.0,4046,390814,147094620.0,3635.0,100,3634.0,26
rb1805,20170921,20170920,210109500,3634.0,4070,390828,147966780.0,3635.0,100,3634.0,15
rb1805,20170921,20170920,210110000,3635.0,4078,390824,148257580.0,3635.0,97,3634.0,17
rb1805,20170921,20170920,210110500,3634.0,4084,390822,148475660.0,3635.0,95,3634.0,16
rb1805,20170921,20170920,210111000,3634.0,4096,390824,148911760.0,3635.0,95,3634.0,11
rb1805,20170921,20170920,210111500,3634.0,4100,390826,149057120.0,3635.0,95,3634.0,10
rb1805,20170921,20170920,210112000,3634.0,4100,390826,149057120.0,3635.0,95,3634.0,10
rb1805,20170921,20170920,210112500,3634.0,4102,390826,149129800.0,3635.0,96,3634.0,9
rb1805,20170921,20170920,210113000,3634.0,4118,390822,149711240.0,3635.0,97,3634.0,1
rb1805,20170921,20170920,210113500,3634.0,4124,390822,149929280.0,3634.0,14,3633.0,194
rb1805,20170921,20170920,210114000,3634.0,4126,390820,150001960.0,3634.0,24,3633.0,196
rb1805,20170921,20170920,210114500,3634.0,4126,390820,150001960.0,3634.0,24,3633.0,196
rb1805,20170921,20170920,210115000,3633.0,4128,390820,150074620.0,3634.0,27,3633.0,195
rb1805,20170921,20170920,210115500,3634.0,4182,390828,152036980.0,3635.0,106,3634.0,49
rb1805,20170921,20170920,210116000,3634.0,4184,390828,152109660.0,3635.0,106,3634.0,48
rb1805,20170921,20170920,210116500,3634.0,4184,390828,152109660.0,3635.0,106,3634.0,53
rb1805,20170921,20170920,210117000,3634.0,4196,390824,152545820.0,3635.0,105,3634.0,51
rb1805,20170921,20170920,210117500,3634.0,4210,390828,153054580.0,3635.0,105,3634.0,46
rb1805,20170921,20170920,210118000,3634.0,4210,390828,153054580.0,3635.0,105,3634.0,46
rb1805,20170921,20170920,210118500,3634.0,4220,390826,153418040.0,3635.0,101,3634.0,44
rb1805,20170921,20170920,210119000,3635.0,4228,390826,153708840.0,3635.0,97,3634.0,144
rb1805,20170921,20170920,210119500,3634.0,4400,390798,159960980.0,3635.0,14,3634.0,145
rb1805,20170921,20170920,210120000,3635.0,4436,390812,161269580.0,3636.0,100,3635.0,37
rb1805,20170921,20170920,210120500,3635.0,4436,390812,161269580.0,3636.0,99,3635.0,61
rb1805,20170921,20170920,210121000,3635.0,4436,390812,161269580.0,3636.0,98,3635.0,64
rb1805,20170921,20170920,210121500,3635.0,4438,390814,161342280.0,3636.0,97,3635.0,73
rb1805,20170921,20170920,210122000,3635.0,4438,390814,161342280.0,3636.0,102,3635.0,73
rb1805,20170921,20170920,210122500,3635.0,4458,390818,162069280.0,3636.0,102,3635.0,64
rb1805,20170921,20170920,210123000,3635.0,4458,390818,162069280.0,3636.0,103,3635.0,73
rb1805,20170921,20170920,210123500,3635.0,4458,390818,162069280.0,3636.0,105,3635.0,73
rb1805,20170921,20170920,210124000,3636.0,4504,390826,163741820.0,3636.0,84,3635.0,66
rb1805,20170921,20170920,210124500,3635.0,4538,390820,164977720.0,3636.0,84,3635.0,47
rb1805,20170921,20170920,210125000,3635.0,4548,390820,165341220.0,3636.0,85,3635.0,46
rb1805,20170921,20170920,210125500,3636.0,4564,390824,165922860.0,3636.0,83,3635.0,40
rb1805,20170921,20170920,210126000,3636.0,4570,390824,166140980.0,3636.0,84,3635.0,33
rb1805,20170921,20170920,210126500,3636.0,4576,390830,166359120.0,3636.0,82,3635.0,32
rb1805,20170921,20170920,210127000,3636.0,4576,390830,166359120.0,3636.0,83,3635.0,36
rb1805,20170921,20170920,210127500,3636.0,4576,390830,166359120.0,3636.0,84,3635.0,27
rb1805,20170921,20170920,210128000,3635.0,4594,390842,167013560.0,3636.0,82,3635.0,31
rb1805,20170921,20170920,210128500,3636.0,4602,390838,167304440.0,3636.0,79,3635.0,41
rb1805,20170921,20170920,210129000,3636.0,4620,390840,167958920.0,3636.0,70,3635.0,42
rb1805,20170921,20170920,210129500,3636.0,4634,390834,168467960.0,3636.0,65,3635.0,42
rb1805,20170921,20170920,210130000,3636.0,4764,390750,173194760.0,3637.0,61,3636.0,13
rb1805,20170921,20170920,210130500,3636.0,4764,390750,173194760.0,3637.0,61,3636.0,47
rb1805,20170921,20170920,210131000,3636.0,4784,390770,173921960.0,3637.0,61,3636.0,42
rb1805,20170921,20170920,210131500,3637.0,4786,390770,173994700.0,3637.0,62,3636.0,42
rb1805,20170921,20170920,210132000,3637.0,4796,390768,174358400.0,3637.0,56,3636.0,42
rb1805,20170921,20170920,210132500,3636.0,4904,390822,178286340.0,3637.0,5,3636.0,41
rb1805,20170921,20170920,210133000,3637.0,4920,390820,178868260.0,3638.0,135,3637.0,24
rb1805,20170921,20170920,210133500,3638.0,4960,390820,180323120.0,3638.0,112,3637.0,25
rb1805,20170921,20170920,210134000,3638.0,4998,390826,181705460.0,3638.0,98,3637.0,25
rb1805,20170921,20170920,210134500,3638.0,5002,390828,181850980.0,3638.0,101,3637.0,24
rb1805,20170921,20170920,210135000,3637.0,5016,390834,182360240.0,3638.0,97,3637.0,22
rb1805,20170921,20170920,210135500,3638.0,5036,390836,183087760.0,3638.0,93,3637.0,67
rb1805,20170921,20170920,210136000,3638.0,5038,390838,183160520.0,3638.0,91,3637.0,65
rb1805,20170921,20170920,210136500,3638.0,5038,390838,183160520.0,3638.0,98,3637.0,65
rb1805,20170921,20170920,210137000,3638.0,5070,390858,184324660.0,3638.0,87,3637.0,65
rb1805,20170921,20170920,210137500,3638.0,5078,390866,184615700.0,3638.0,85,3637.0,65
rb1805,20170921,20170920,210138000,3638.0,5114,390892,185925380.0,3638.0,67,3637.0,106
rb1805,20170921,20170920,210138500,3638.0,5154,390910,187380460.0,3638.0,51,3637.0,61
rb1805,20170921,20170920,210139000,3638.0,5216,390898,189635880.0,3638.0,33,3637.0,54
rb1805,20170921,20170920,210139500,3637.0,5244,390878,190654280.0,3638.0,33,3637.0,25
rb1805,20170921,20170920,210140000,3637.0,5318,390912,193346340.0,3638.0,2,3637.0,22
rb1805,20170921,20170920,210140500,3638.0,5324,390910,193564600.0,3638.0,1,3637.0,24
rb1805,20170921,20170920,210141000,3637.0,5326,390910,193637340.0,3638.0,12,3637.0,23
rb1805,20170921,20170920,210141500,3637.0,5472,391008,198947520.0,3637.0,15,3636.0,71
rb1805,20170921,20170920,210142000,3638.0,5530,391044,201057240.0,3639.0,79,3638.0,10
rb1805,20170921,20170920,210142500,3637.0,5554,391064,201930320.0,3638.0,44,3637.0,8
rb1805,20170921,20170920,210143000,3637.0,5572,391074,202584980.0,3638.0,37,3636.0,53
rb1805,20170921,20170920,210143500,3638.0,5576,391074,202730500.0,3638.0,24,3637.0,15
rb1805,20170921,20170920,210144000,3638.0,5576,391074,202730500.0,3638.0,24,3637.0,18
rb1805,20170921,20170920,210144500,3637.0,5618,391116,204258040.0,3637.0,31,3636.0,57
rb1805,20170921,20170920,210145000,3637.0,5642,391138,205130920.0,3637.0,22,3636.0,73
rb1805,20170921,20170920,210145500,3637.0,5662,391156,205858320.0,3637.0,14,3636.0,59
rb1805,20170921,20170920,210146000,3637.0,5676,391170,206367500.0,3637.0,11,3636.0,50
rb1805,20170921,20170920,210146500,3637.0,5708,391152,207531340.0,3638.0,29,3637.0,3
rb1805,20170921,20170920,210147000,3637.0,5708,391152,207531340.0,3638.0,37,3637.0,4
rb1805,20170921,20170920,210147500,3637.0,5718,391148,207895040.0,3638.0,37,3636.0,56
rb1805,20170921,20170920,210148000,3637.0,5726,391154,208186020.0,3638.0,39,3636.0,70
rb1805,20170921,20170920,210148500,3636.0,5730,391154,208331460.0,3637.0,9,3636.0,68
rb1805,20170921,20170920,210149000,3637.0,5744,391152,208840640.0,3637.0,2,3636.0,81
rb1805,20170921,20170920,210149500,3637.0,5746,391150,208913380.0,3637.0,1,3636.0,74
rb1805,20170921,20170920,210150000,3637.0,5748,391150,208986120.0,3637.0,11,3636.0,78
rb1805,20170921,20170920,210150500,3637.0,5752,391150,209131580.0,3637.0,17,3636.0,68
rb1805,20170921,20170920,210151000,3637.0,5956,391112,216549660.0,3638.0,52,3637.0,10
rb1805,20170921,20170920,210151500,3637.0,5980,391112,217422540.0,3637.0,81,3636.0,1
rb1805,20170921,20170920,210152000,3637.0,5994,391106,217931600.0,3636.0,2,3635.0,42
rb1805,20170921,20170920,210152500,3636.0,6016,391100,218731520.0,3637.0,49,3636.0,1
rb1805,20170921,20170920,210153000,3636.0,6018,391100,218804240.0,3636.0,4,3635.0,32
rb1805,20170921,20170920,210153500,3636.0,6024,391098,219022400.0,3636.0,1,3635.0,32
rb1805,20170921,20170920,210154000,3637.0,6032,391096,219313340.0,3637.0,52,3636.0,13
rb1805,20170921,20170920,210154500,3637.0,6032,391096,219313340.0,3637.0,52,3636.0,32
rb1805,20170921,20170920,210155000,3636.0,6064,391070,220476880.0,3637.0,52,3636.0,22
rb1805,20170921,20170920,210155500,3636.0,6068,391070,220622340.0,3637.0,42,3636.0,24
rb1805,20170921,20170920,210156000,3636.0,6130,391076,222877260.0,3638.0,57,3636.0,40
rb1805,20170921,20170920,210156500,3636.0,6134,391076,223022720.0,3638.0,57,3636.0,43
rb1805,20170921,20170920,210157000,3637.0,6136,391076,223095460.0,3638.0,57,3637.0,1
rb1805,20170921,20170920,210157500,3637.0,6224,391036,226296020.0,3638.0,66,3637.0,157
rb1805,20170921,20170920,210158000,3637.0,6248,391014,227168900.0,3638.0,66,3637.0,145
rb1805,20170921,20170920,210158500,3637.0,6270,391012,227969140.0,3638.0,61,3637.0,139
rb1805,20170921,20170920,210159000,3638.0,6272,391012,228041900.0,3638.0,61,3637.0,139
rb1805,20170921,20170920,210159500,3637.0,6276,391010,228187380.0,3638.0,56,3637.0,138
rb1805,20170921,20170920,210200000,3637.0,6282,391010,228405600.0,3638.0,55,3637.0,135
rb1805,20170921,20170920,210200500,3638.0,6344,390952,230660620.0,3638.0,52,3637.0,108
rb1805,20170921,20170920,210201000,3638.0,6354,390952,231024420.0,3638.0,49,3637.0,108
rb1805,20170921,20170920,210201500,3638.0,6354,390952,231024420.0,3638.0,50,3637.0,108
rb1805,20170921,20170920,210202000,3638.0,6576,390940,239098620.0,3638.0,48,3636.0,38
rb1805,20170921,20170920,210202500,3637.0,6610,390972,240335200.0,3637.0,6,3636.0,38
rb1805,20170921,20170920,210203000,3637.0,6692,391008,243316740.0,3637.0,68,3635.0,49
rb1805,20170921,20170920,210203500,3637.0,6694,391006,243389480.0,3636.0,8,3635.0,49
rb1805,20170921,20170920,210204000,3637.0,6730,391000,244698540.0,3637.0,80,3636.0,9
rb1805,20170921,20170920,210204500,3636.0,6776,390974,246371000.0,3636.0,35,3635.0,44
rb1805,20170921,20170920,210205000,3636.0,6788,390974,246807240.0,3636.0,33,3635.0,41
rb1805,20170921,20170920,210205500,3636.0,6818,390968,247897780.0,3636.0,40,3635.0,28
rb1805,20170921,20170920,210206000,3635.0,6874,390996,249933380.0,3635.0,13,3634.0,28
rb1805,20170921,20170920,210206500,3634.0,6876,390996,250006060.0,3635.0,1,3634.0,32
rb1805,20170921,20170920,210207000,3634.0,6898,390978,250805540.0,3635.0,14,3634.0,16
rb1805,20170921,20170920,210207500,3634.0,6922,390958,251677800.0,3635.0,18,3634.0,10
rb1805,20170921,20170920,210208000,3635.0,6930,390958,251968560.0,3635.0,20,3634.0,8
rb1805,20170921,20170920,210208500,3634.0,6944,390962,252477320.0,3635.0,23,3634.0,1
rb1805,20170921,20170920,210209000,3633.0,6950,390962,252695360.0,3635.0,22,3633.0,201
rb1805,20170921,20170920,210209500,3634.0,6952,390962,252768040.0,3635.0,21,3633.0,200
rb1805,20170921,20170920,210210000,3634.0,6952,390962,252768040.0,3635.0,18,3634.0,1
rb1805,20170921,20170920,210210500,3635.0,6976,390970,253640440.0,3635.0,6,3634.0,18
rb1805,20170921,20170920,210211000,3635.0,6996,390966,254367440.0,3636.0,43,3635.0,16
rb1805,20170921,20170920,210211500,3635.0,7016,390960,255094500.0,3636.0,32,3635.0,12
rb1805,20170921,20170920,210212000,3635.0,7018,390958,255167200.0,3635.0,2,3634.0,72
rb1805,20170921,20170920,210212500,3635.0,7022,390960,255312600.0,3635.0,11,3634.0,24
rb1805,20170921,20170920,210213000,3634.0,7084,391012,257565680.0,3634.0,13,3633.0,204
rb1805,20170921,20170920,210213500,3634.0,7096,391020,258001760.0,3634.0,8,3633.0,199
rb1805,20170921,20170920,210214000,3634.0,7102,391014,258219800.0,3634.0,15,3633.0,200
rb1805,20170921,20170920,210214500,3633.0,7104,391014,258292460.0,3634.0,15,3633.0,199
rb1805,20170921,20170920,210215000,3634.0,7134,390990,259382440.0,3634.0,26,3633.0,188
rb1805,20170921,20170920,210215500,3634.0,7140,390986,259600440.0,3634.0,28,3633.0,186
rb1805,20170921,20170920,210216000,3634.0,7146,390988,259818440.0,3634.0,28,3633.0,187
rb1805,20170921,20170920,210216500,3634.0,7172,390988,260763140.0,3634.0,22,3633.0,181
rb1805,20170921,20170920,210217000,3633.0,7180,390984,261053780.0,3634.0,34,3633.0,177
rb1805,20170921,20170920,210217500,3634.0,7182,390986,261126460.0,3634.0,33,3633.0,177
rb1805,20170921,20170920,210218000,3633.0,7244,390972,263379220.0,3634.0,1,3633.0,160
rb1805,20170921,20170920,210218500,3634.0,7246,390970,263451900.0,3635.0,69,3634.0,104
rb1805,20170921,20170920,210219000,3635.0,7296,390950,265269400.0,3636.0,34,3635.0,102
rb1805,20170921,20170920,210219500,3635.0,7390,390916,268686300.0,3636.0,34,3635.0,55
rb1805,20170921,20170920,210220000,3634.0,7512,390920,273120880.0,3635.0,57,3634.0,206
rb1805,20170921,20170920,210220500,3635.0,7644,390990,277919080.0,3636.0,83,3635.0,17
rb1805,20170921,20170920,210221000,3635.0,7676,390988,279082380.0,3635.0,4,3634.0,205
rb1805,20170921,20170920,210221500,3636.0,7696,390974,279809340.0,3636.0,74,3634.0,197
rb1805,20170921,20170920,210222000,3634.0,7704,390978,280100060.0,3635.0,5,3634.0,193
rb1805,20170921,20170920,210222500,3634.0,7704,390978,280100060.0,3635.0,10,3634.0,194
rb1805,20170921,20170920,210223000,3634.0,7734,390982,281190300.0,3635.0,10,3634.0,181
rb1805,20170921,20170920,210223500,3635.0,7822,390984,284388240.0,3635.0,14,3634.0,138
rb1805,20170921,20170920,210224000,3634.0,7974,391018,289912120.0,3635.0,67,3634.0,72
rb1805,20170921,20170920,210224500,3634.0,8118,390884,295145080.0,3634.0,24,3633.0,174
rb1805,20170921,20170920,210225000,3634.0,8118,390884,295145080.0,3634.0,9,3633.0,177
rb1805,20170921,20170920,210225500,3634.0,8118,390884,295145080.0,3634.0,9,3633.0,179
rb1805,20170921,20170920,210226000,3635.0,8138,390868,295871900.0,3635.0,93,3634.0,42
rb1805,20170921,20170920,210226500,3634.0,8142,390870,296017280.0,3635.0,91,3634.0,41
rb1805,20170921,20170920,210227000,3634.0,8144,390870,296089960.0,3635.0,92,3634.0,40
rb1805,20170921,20170920,210227500,3635.0,8146,390870,296162660.0,3635.0,94,3634.0,41
rb1805,20170921,20170920,210228000,3634.0,8156,390868,296526060.0,3635.0,112,3634.0,51
rb1805,20170921,20170920,210228500,3634.0,8162,390870,296744120.0,3635.0,66,3634.0,51
rb1805,20170921,20170920,210229000,3634.0,8162,390870,296744120.0,3635.0,68,3634.0,74
rb1805,20170921,20170920,210229500,3634.0,8164,390870,296816800.0,3635.0,76,3634.0,65
rb1805,20170921,20170920,210230000,3634.0,8164,390870,296816800.0,3635.0,78,3634.0,65
rb1805,20170921,20170920,210230500,3634.0,8186,390860,297616280.0,3635.0,78,3634.0,54
rb1805,20170921,20170920,210231000,3634.0,8278,390850,300959580.0,3634.0,28,3633.0,198
rb1805,20170921,20170920,210231500,3634.0,8336,390906,303067300.0,3635.0,97,3634.0,1
rb1805,20170921,20170920,210232000,3634.0,8338,390908,303139980.0,3634.0,2,3633.0,193
rb1805,20170921,20170920,210232500,3634.0,8340,390908,303212660.0,3634.0,20,3633.0,193
rb1805,20170921,20170920,210233000,3634.0,8340,390908,303212660.0,3634.0,21,3633.0,194
rb1805,20170921,20170920,210233500,3634.0,8344,390908,303358020.0,3634.0,23,3633.0,195
rb1805,20170921,20170920,210234000,3634.0,8344,390908,303358020.0,3634.0,24,3633.0,220
rb1805,20170921,20170920,210234500,3633.0,8348,390908,303503360.0,3634.0,30,3633.0,219
rb1805,20170921,20170920,210235000,3634.0,8378,390904,304593500.0,3634.0,19,3633.0,225
rb1805,20170921,20170920,210235500,3634.0,8378,390904,304593500.0,3634.0,22,3633.0,225
rb1805,20170921,20170920,210236000,3633.0,8430,390884,306482980.0,3634.0,6,3633.0,217
rb1805,20170921,20170920,210236500,3634.0,8432,390886,306555660.0,3634.0,15,3633.0,217
rb1805,20170921,20170920,210237000,3634.0,8432,390886,306555660.0,3634.0,70,3633.0,215
rb1805,20170921,20170920,210237500,3633.0,8442,390886,306918960.0,3634.0,100,3633.0,210
rb1805,20170921,20170920,210238000,3634.0,8444,390886,306991640.0,3634.0,106,3633.0,210
rb1805,20170921,20170920,210238500,3633.0,8472,390886,308009080.0,3634.0,96,3633.0,207
rb1805,20170921,20170920,210239000,3633.0,8498,390884,308953860.0,3634.0,54,3633.0,205
rb1805,20170921,20170920,210239500,3633.0,8498,390884,308953860.0,3634.0,50,3633.0,205
rb1805,20170921,20170920,210240000,3634.0,8500,390884,309026540.0,3634.0,50,3633.0,205
rb1805,20170921,20170920,210240500,3634.0,8502,390882,309099220.0,3634.0,50,3633.0,205
rb1805,20170921,20170920,210241000,3634.0,8502,390882,309099220.0,3634.0,20,3633.0,208
rb1805,20170921,20170920,210241500,3634.0,8566,390924,311424980.0,3635.0,35,3633.0,210
rb1805,20170921,20170920,210242000,3633.0,8568,390924,311497640.0,3634.0,1,3633.0,213
rb1805,20170921,20170920,210242500,3634.0,8590,390904,312297120.0,3635.0,36,3634.0,6
rb1805,20170921,20170920,210243000,3634.0,8606,390904,312878560.0,3634.0,2,3633.0,213
rb1805,20170921,20170920,210243500,3634.0,8612,390904,313096600.0,3635.0,38,3634.0,5
rb1805,20170921,20170920,210244000,3634.0,8612,390904,313096600.0,3635.0,33,3634.0,1
rb1805,20170921,20170920,210244500,3634.0,8616,390902,313241960.0,3634.0,30,3633.0,212
rb1805,20170921,20170920,210245000,3633.0,8624,390894,313532620.0,3634.0,48,3633.0,209
rb1805,20170921,20170920,210245500,3633.0,8624,390894,313532620.0,3634.0,48,3633.0,207
rb1805,20170921,20170920,210246000,3633.0,8624,390894,313532620.0,3634.0,50,3633.0,207
rb1805,20170921,20170920,210246500,3633.0,8624,390894,313532620.0,3634.0,50,3633.0,208
rb1805,20170921,20170920,210247000,3634.0,8628,390894,313677960.0,3634.0,59,3633.0,209
rb1805,20170921,20170920,210247500,3634.0,8632,390892,313823320.0,3634.0,57,3633.0,209
rb1805,20170921,20170920,210248000,3634.0,8634,390894,313896000.0,3634.0,66,3633.0,209
rb1805,20170921,20170920,210248500,3634.0,8636,390896,313968680.0,3634.0,66,3633.0,209
rb1805,20170921,20170920,210249000,3634.0,8636,390896,313968680.0,3634.0,67,3633.0,209
rb1805,20170921,20170920,210249500,3634.0,8638,390898,314041360.0,3634.0,57,3633.0,209
rb1805,20170921,20170920,210250000,3634.0,8640,390898,314114040.0,3634.0,57,3633.0,211
rb1805,20170921,20170920,210250500,3634.0,8640,390898,314114040.0,3634.0,62,3633.0,211
rb1805,20170921,20170920,210251000,3634.0,8644,390902,314259400.0,3634.0,114,3633.0,212
rb1805,20170921,20170920,210251500,3634.0,8658,390894,314768060.0,3634.0,112,3633.0,207
rb1805,20170921,20170920,210252000,3634.0,8658,390894,314768060.0,3634.0,102,3633.0,207
rb1805,20170921,20170920,210252500,3634.0,8660,390894,314840740.0,3634.0,102,3633.0,207
rb1805,20170921,20170920,210253000,3634.0,8660,390894,314840740.0,3634.0,117,3633.0,207
rb1805,20170921,20170920,210253500,3634.0,8664,390894,314986080.0,3634.0,101,3633.0,206
rb1805,20170921,20170920,210254000,3634.0,8666,390896,315058760.0,3634.0,100,3633.0,206
rb1805,20170921,20170920,210254500,3634.0,8666,390896,315058760.0,3634.0,100,3633.0,211
rb1805,20170921,20170920,210255000,3634.0,8668,390896,315131440.0,3634.0,110,3633.0,216
rb1805,20170921,20170920,210255500,3633.0,8672,390898,315276780.0,3634.0,121,3633.0,215
rb1805,20170921,20170920,210256000,3633.0,8672,390898,315276780.0,3634.0,108,3633.0,215
rb1805,20170921,20170920,210256500,3633.0,8694,390880,316076060.0,3634.0,122,3633.0,203
rb1805,20170921,20170920,210257000,3634.0,8696,390882,316148740.0,3634.0,135,3633.0,203
rb1805,20170921,20170920,210257500,3634.0,8696,390882,316148740.0,3634.0,110,3633.0,206
rb1805,20170921,20170920,210258000,3633.0,8718,390860,316948000.0,3634.0,110,3633.0,196
rb1805,20170921,20170920,210258500,3633.0,8720,390860,317020660.0,3634.0,110,3633.0,196
rb1805,20170921,20170920,210259000,3634.0,8750,390880,318110780.0,3634.0,100,3633.0,191
rb1805,20170921,20170920,210259500,3634.0,8750,390880,318110780.0,3634.0,100,3633.0,191
rb1805,20170921,20170920,210300000,3634.0,8772,390862,318910060.0,3634.0,99,3633.0,181
rb1805,20170921,20170920,210300500,3633.0,8812,390862,320363260.0,3634.0,99,3633.0,161
rb1805,20170921,20170920,210301000,3634.0,8814,390862,320435940.0,3634.0,98,3633.0,161
rb1805,20170921,20170920,210301500,3634.0,8818,390864,320581280.0,3634.0,97,3633.0,160
rb1805,20170921,20170920,210302000,3633.0,8858,390824,322034480.0,3634.0,97,3633.0,140
rb1805,20170921,20170920,210302500,3633.0,8864,390820,322252460.0,3634.0,99,3633.0,177
rb1805,20170921,20170920,210303000,3633.0,8864,390820,322252460.0,3634.0,99,3633.0,187
rb1805,20170921,20170920,210303500,3633.0,8872,390820,322543100.0,3634.0,99,3633.0,182
rb1805,20170921,20170920,210304000,3633.0,8882,390828,322906400.0,3634.0,99,3633.0,175
rb1805,20170921,20170920,210304500,3633.0,8882,390828,322906400.0,3634.0,99,3633.0,175
rb1805,20170921,20170920,210305000,3633.0,8902,390820,323633000.0,3634.0,99,3633.0,165
rb1805,20170921,20170920,210305500,3633.0,8906,390818,323778320.0,3634.0,98,3633.0,163
rb1805,20170921,20170920,210306000,3633.0,8906,390818,323778320.0,3634.0,98,3633.0,165
rb1805,20170921,20170920,210306500,3633.0,8930,390804,324650280.0,3634.0,97,3633.0,162
rb1805,20170921,20170920,210307000,3634.0,9124,390666,331700240.0,3634.0,1,3633.0,162
rb1805,20170921,20170920,210307500,3635.0,9134,390660,332063720.0,3635.0,45,3634.0,71
rb1805,20170921,20170920,210308000,3635.0,9134,390660,332063720.0,3635.0,47,3634.0,63
rb1805,20170921,20170920,210308500,3634.0,9156,390662,332863220.0,3635.0,46,3634.0,59
rb1805,20170921,20170920,210309000,3634.0,9260,390708,336642580.0,3635.0,43,3634.0,7
rb1805,20170921,20170920,210309500,3634.0,9290,390680,337732780.0,3634.0,36,3633.0,165
rb1805,20170921,20170920,210310000,3633.0,9310,390668,338459520.0,3634.0,29,3633.0,157
rb1805,20170921,20170920,210310500,3634.0,9368,390668,340567240.0,3635.0,49,3634.0,34
rb1805,20170921,20170920,210311000,3634.0,9370,390668,340639920.0,3635.0,49,3634.0,35
rb1805,20170921,20170920,210311500,3635.0,9374,390672,340785300.0,3635.0,43,3634.0,46
rb1805,20170921,20170920,210312000,3634.0,9380,390676,341003380.0,3635.0,40,3634.0,45
rb1805,20170921,20170920,210312500,3635.0,9462,390656,343984080.0,3636.0,35,3635.0,1
rb1805,20170921,20170920,210313000,3636.0,9470,390658,344274960.0,3636.0,34,3635.0,22
rb1805,20170921,20170920,210313500,3635.0,9518,390670,346020220.0,3636.0,11,3635.0,21
rb1805,20170921,20170920,210314000,3637.0,9550,390648,347183840.0,3637.0,19,3636.0,40
rb1805,20170921,20170920,210314500,3636.0,9558,390644,347474740.0,3637.0,17,3636.0,33
rb1805,20170921,20170920,210315000,3636.0,9558,390644,347474740.0,3637.0,17,3636.0,33
rb1805,20170921,20170920,210315500,3636.0,9558,390644,347474740.0,3637.0,18,3636.0,33
rb1805,20170921,20170920,210316000,3636.0,9558,390644,347474740.0,3637.0,24,3636.0,33
rb1805,20170921,20170920,210316500,3636.0,9560,390644,347547460.0,3637.0,26,3636.0,32
rb1805,20170921,20170920,210317000,3636.0,9572,390632,347983800.0,3637.0,25,3636.0,27
rb1805,20170921,20170920,210317500,3637.0,9576,390630,348129260.0,3637.0,41,3636.0,21
rb1805,20170921,20170920,210318000,3636.0,9618,390652,349656380.0,3636.0,15,3635.0,72
rb1805,20170921,20170920,210318500,3635.0,9620,390652,349729080.0,3636.0,1,3635.0,71
rb1805,20170921,20170920,210319000,3636.0,9624,390656,349874500.0,3636.0,2,3635.0,70
rb1805,20170921,20170920,210319500,3636.0,9628,390654,350019940.0,3637.0,43,3636.0,11
rb1805,20170921,20170920,210320000,3637.0,9650,390664,350820060.0,3637.0,33,3636.0,17
rb1805,20170921,20170920,210320500,3637.0,9656,390664,351038280.0,3637.0,23,3636.0,26
rb1805,20170921,20170920,210321000,3637.0,9656,390664,351038280.0,3637.0,23,3636.0,26
rb1805,20170921,20170920,210321500,3636.0,9686,390682,352129080.0,3637.0,23,3636.0,11
rb1805,20170921,20170920,210322000,3636.0,9686,390682,352129080.0,3637.0,22,3636.0,20
rb1805,20170921,20170920,210322500,3636.0,9696,390684,352492760.0,3637.0,18,3636.0,33
rb1805,20170921,20170920,210323000,3637.0,9712,390684,353074660.0,3637.0,16,3636.0,33
rb1805,20170921,20170920,210323500,3637.0,9718,390682,353292840.0,3637.0,15,3636.0,36
rb1805,20170921,20170920,210324000,3637.0,9720,390680,353365580.0,3637.0,15,3636.0,36
rb1805,20170921,20170920,210324500,3637.0,9720,390680,353365580.0,3637.0,15,3636.0,36
rb1805,20170921,20170920,210325000,3637.0,9728,390678,353656540.0,3637.0,12,3636.0,57
rb1805,20170921,20170920,210325500,3636.0,9740,390690,354092860.0,3637.0,17,3636.0,28
rb1805,20170921,20170920,210326000,3636.0,9764,390704,354965720.0,3637.0,10,3636.0,27
rb1805,20170921,20170920,210326500,3637.0,9774,390698,355329420.0,3637.0,13,3636.0,42
rb1805,20170921,20170920,210327000,3637.0,9774,390698,355329420.0,3637.0,12,3636.0,17
rb1805,20170921,20170920,210327500,3638.0,9844,390706,357875360.0,3638.0,86,3637.0,39
rb1805,20170921,20170920,210328000,3637.0,9858,390708,358384580.0,3638.0,81,3637.0,34
rb1805,20170921,20170920,210328500,3637.0,9860,390708,358457320.0,3638.0,81,3637.0,34
rb1805,20170921,20170920,210329000,3638.0,9862,390710,358530080.0,3638.0,80,3637.0,36
rb1805,20170921,20170920,210329500,3638.0,9862,390710,358530080.0,3638.0,80,3637.0,41
rb1805,20170921,20170920,210330000,3637.0,9864,390708,358602820.0,3638.0,80,3637.0,43
rb1805,20170921,20170920,210330500,3638.0,9866,390708,358675580.0,3638.0,78,3637.0,44
rb1805,20170921,20170920,210331000,3638.0,9904,390708,360058000.0,3638.0,60,3637.0,46
rb1805,20170921,20170920,210331500,3637.0,9906,390706,360130740.0,3638.0,61,3637.0,45
rb1805,20170921,20170920,210332000,3638.0,9948,390710,361658600.0,3638.0,45,3637.0,40
rb1805,20170921,20170920,210332500,3638.0,10002,390734,363623120.0,3638.0,18,3637.0,66
rb1805,20170921,20170920,210333000,3638.0,10038,390742,364932800.0,3639.0,78,3638.0,14
rb1805,20170921,20170920,210333500,3638.0,10060,390732,365733360.0,3639.0,70,3638.0,53
rb1805,20170921,20170920,210334000,3639.0,10062,390730,365806140.0,3639.0,69,3638.0,59
rb1805,20170921,20170920,210334500,3639.0,10104,390726,367334520.0,3639.0,49,3638.0,62
rb1805,20170921,20170920,210335000,3639.0,10124,390742,368062260.0,3639.0,44,3638.0,69
rb1805,20170921,20170920,210335500,3639.0,10146,390740,368862820.0,3639.0,34,3638.0,90
rb1805,20170921,20170920,210336000,3639.0,10158,390742,369299460.0,3639.0,30,3638.0,71
rb1805,20170921,20170920,210336500,3638.0,10182,390750,370172780.0,3639.0,20,3638.0,69
rb1805,20170921,20170920,210337000,3639.0,10236,390768,372137840.0,3640.0,130,3639.0,5
rb1805,20170921,20170920,210337500,3639.0,10406,390772,378323320.0,3639.0,49,3638.0,44
rb1805,20170921,20170920,210338000,3639.0,10408,390772,378396100.0,3639.0,23,3638.0,28
rb1805,20170921,20170920,210338500,3639.0,10438,390768,379487740.0,3639.0,2,3638.0,29
rb1805,20170921,20170920,210339000,3639.0,10444,390762,379706080.0,3640.0,147,3639.0,2
rb1805,20170921,20170920,210339500,3640.0,10462,390766,380361280.0,3640.0,150,3639.0,5
rb1805,20170921,20170920,210340000,3639.0,10526,390754,382690460.0,3640.0,142,3639.0,2
rb1805,20170921,20170920,210340500,3639.0,10564,390764,384073280.0,3639.0,1,3638.0,32
rb1805,20170921,20170920,210341000,3639.0,10582,390768,384728400.0,3640.0,141,3639.0,4
rb1805,20170921,20170920,210341500,3640.0,10584,390770,384801200.0,3640.0,140,3639.0,5
rb1805,20170921,20170920,210342000,3639.0,10588,390770,384946780.0,3640.0,141,3639.0,4
rb1805,20170921,20170920,210342500,3639.0,10602,390780,385456260.0,3640.0,144,3639.0,4
rb1805,20170921,20170920,210343000,3639.0,10620,390764,386111280.0,3639.0,1,3638.0,33
rb1805,20170921,20170920,210343500,3640.0,10826,390716,393609660.0,3640.0,33,3639.0,34
rb1805,20170921,20170920,210344000,3639.0,10830,390714,393755220.0,3640.0,32,3639.0,30
rb1805,20170921,20170920,210344500,3639.0,10836,390716,393973600.0,3640.0,32,3639.0,30
rb1805,20170921,20170920,210345000,3639.0,10920,390704,397030320.0,3639.0,73,3638.0,48
rb1805,20170921,20170920,210345500,3639.0,10922,390704,397103100.0,3639.0,44,3638.0,48
rb1805,20170921,20170920,210346000,3639.0,10930,390704,397394220.0,3639.0,41,3638.0,31
rb1805,20170921,20170920,210346500,3639.0,10940,390704,397758120.0,3639.0,38,3638.0,31
rb1805,20170921,20170920,210347000,3639.0,10946,390700,397976460.0,3639.0,24,3638.0,40
rb1805,20170921,20170920,210347500,3639.0,10946,390700,397976460.0,3639.0,26,3638.0,40
rb1805,20170921,20170920,210348000,3639.0,10956,390700,398340360.0,3639.0,21,3638.0,50
rb1805,20170921,20170920,210348500,3639.0,10986,390698,399432020.0,3639.0,11,3638.0,48
rb1805,20170921,20170920,210349000,3639.0,11052,390690,401833760.0,3640.0,50,3639.0,19
rb1805,20170921,20170920,210349500,3639.0,11056,390690,401979320.0,3640.0,53,3639.0,51
rb1805,20170921,20170920,210350000,3639.0,11058,390690,402052100.0,3640.0,53,3639.0,51
rb1805,20170921,20170920,210350500,3639.0,11064,390688,402270440.0,3640.0,63,3639.0,49
rb1805,20170921,20170920,210351000,3639.0,11070,390688,402488780.0,3640.0,64,3639.0,46
rb1805,20170921,20170920,210351500,3640.0,11082,390692,402925580.0,3640.0,60,3639.0,46
rb1805,20170921,20170920,210352000,3639.0,11104,390682,403726280.0,3640.0,55,3639.0,42
rb1805,20170921,20170920,210352500,3640.0,11110,390682,403944680.0,3640.0,52,3639.0,44
rb1805,20170921,20170920,210353000,3639.0,11134,390662,404818040.0,3640.0,62,3639.0,33
rb1805,20170921,20170920,210353500,3640.0,11144,390662,405182000.0,3640.0,58,3639.0,31
rb1805,20170921,20170920,210354000,3639.0,11208,390714,407510960.0,3639.0,20,3638.0,71
rb1805,20170921,20170920,210354500,3639.0,11214,390718,407729300.0,3639.0,17,3638.0,57
rb1805,20170921,20170920,210355000,3638.0,11222,390724,408020400.0,3639.0,15,3638.0,61
rb1805,20170921,20170920,210355500,3639.0,11226,390728,408165960.0,3639.0,23,3638.0,51
rb1805,20170921,20170920,210356000,3639.0,11280,390718,410131020.0,3640.0,70,3639.0,26
rb1805,20170921,20170920,210356500,3640.0,11310,390692,411222740.0,3640.0,71,3639.0,12
rb1805,20170921,20170920,210357000,3639.0,11312,390692,411295520.0,3640.0,72,3639.0,11
rb1805,20170921,20170920,210357500,3640.0,11334,390708,412096300.0,3640.0,61,3639.0,17
rb1805,20170921,20170920,210358000,3639.0,11372,390718,413479220.0,3640.0,57,3639.0,3
rb1805,20170921,20170920,210358500,3640.0,11390,390718,414134400.0,3640.0,44,3639.0,6
rb1805,20170921,20170920,210359000,3639.0,11408,390720,414789400.0,3640.0,56,3639.0,1
rb1805,20170921,20170920,210359500,3639.0,11412,390722,414934960.0,3639.0,1,3638.0,46
rb1805,20170921,20170920,210400000,3639.0,11434,390734,415735580.0,3639.0,4,3638.0,51
rb1805,20170921,20170920,210400500,3639.0,11436,390734,415808360.0,3639.0,10,3638.0,52
rb1805,20170921,20170920,210401000,3639.0,11440,390738,415953920.0,3639.0,15,3638.0,48
rb1805,20170921,20170920,210401500,3639.0,11444,390738,416099480.0,3639.0,23,3638.0,48
rb1805,20170921,20170920,210402000,3639.0,11448,390734,416245040.0,3639.0,24,3638.0,54
rb1805,20170921,20170920,210402500,3639.0,11454,390736,416463360.0,3639.0,22,3638.0,53
rb1805,20170921,20170920,210403000,3639.0,11494,390716,417918960.0,3639.0,22,3638.0,50
rb1805,20170921,20170920,210403500,3639.0,11494,390716,417918960.0,3639.0,22,3638.0,50
rb1805,20170921,20170920,210404000,3638.0,11496,390718,417991720.0,3639.0,24,3638.0,44
rb1805,20170921,20170920,210404500,3639.0,11514,390734,418646720.0,3639.0,17,3638.0,56
rb1805,20170921,20170920,210405000,3639.0,11516,390734,418719500.0,3639.0,18,3638.0,56
rb1805,20170921,20170920,210405500,3639.0,11516,390734,418719500.0,3639.0,18,3638.0,56
rb1805,20170921,20170920,210406000,3639.0,11516,390734,418719500.0,3639.0,19,3638.0,62
rb1805,20170921,20170920,210406500,3639.0,11554,390726,420102320.0,3640.0,63,3639.0,4
rb1805,20170921,20170920,210407000,3639.0,11556,390728,420175100.0,3640.0,58,3639.0,3
rb1805,20170921,20170920,210407500,3640.0,11564,390728,420466300.0,3640.0,54,3639.0,3
rb1805,20170921,20170920,210408000,3639.0,11572,390730,420757420.0,3640.0,54,3639.0,4
rb1805,20170921,20170920,210408500,3639.0,11584,390732,421194100.0,3639.0,15,3638.0,88
rb1805,20170921,20170920,210409000,3638.0,11604,390718,421921880.0,3639.0,9,3638.0,87
rb1805,20170921,20170920,210409500,3639.0,11628,390722,422795240.0,3640.0,60,3638.0,83
rb1805,20170921,20170920,210410000,3640.0,11632,390724,422940840.0,3639.0,6,3638.0,83
rb1805,20170921,20170920,210410500,3639.0,11638,390722,423159200.0,3639.0,4,3638.0,83
rb1805,20170921,20170920,210411000,3639.0,11646,390716,423450320.0,3639.0,1,3638.0,88
rb1805,20170921,20170920,210411500,3639.0,11664,390704,424105340.0,3640.0,76,3638.0,85
rb1805,20170921,20170920,210412000,3639.0,11682,390720,424760360.0,3640.0,76,3639.0,42
rb1805,20170921,20170920,210412500,3639.0,11682,390720,424760360.0,3640.0,71,3639.0,42
rb1805,20170921,20170920,210413000,3639.0,11682,390720,424760360.0,3640.0,73,3639.0,47
rb1805,20170921,20170920,210413500,3640.0,11686,390722,424905960.0,3640.0,73,3639.0,47
rb1805,20170921,20170920,210414000,3639.0,11688,390724,424978740.0,3640.0,73,3639.0,53
rb1805,20170921,20170920,210414500,3639.0,11688,390724,424978740.0,3640.0,74,3639.0,53
rb1805,20170921,20170920,210415000,3639.0,11688,390724,424978740.0,3640.0,74,3639.0,55
rb1805,20170921,20170920,210415500,3639.0,11698,390728,425342640.0,3640.0,74,3639.0,50
rb1805,20170921,20170920,210416000,3639.0,11702,390732,425488200.0,3640.0,74,3639.0,49
rb1805,20170921,20170920,210416500,3639.0,11702,390732,425488200.0,3640.0,75,3639.0,50
rb1805,20170921,20170920,210417000,3640.0,11720,390734,426143380.0,3640.0,70,3639.0,59
rb1805,20170921,20170920,210417500,3640.0,11742,390744,426943980.0,3640.0,69,3639.0,50
rb1805,20170921,20170920,210418000,3640.0,11754,390752,427380720.0,3640.0,67,3639.0,48
rb1805,20170921,20170920,210418500,3640.0,11756,390754,427453520.0,3640.0,67,3639.0,48
rb1805,20170921,20170920,210419000,3639.0,11758,390756,427526300.0,3640.0,67,3639.0,48
rb1805,20170921,20170920,210419500,3639.0,11762,390756,427671860.0,3640.0,68,3639.0,47
rb1805,20170921,20170920,210420000,3639.0,11762,390756,427671860.0,3640.0,70,3639.0,47
rb1805,20170921,20170920,210420500,3639.0,11762,390756,427671860.0,3640.0,71,3639.0,49
rb1805,20170921,20170920,210421000,3640.0,11766,390760,427817440.0,3640.0,70,3639.0,53
rb1805,20170921,20170920,210421500,3639.0,11780,390774,428327000.0,3640.0,66,3639.0,51
rb1805,20170921,20170920,210422000,3640.0,11782,390776,428399800.0,3640.0,65,3639.0,51
rb1805,20170921,20170920,210422500,3641.0,11918,390828,433350240.0,3641.0,56,3640.0,49
rb1805,20170921,20170920,210423000,3640.0,11982,390804,435680360.0,3641.0,31,3640.0,48
rb1805,20170921,20170920,210423500,3641.0,12100,390766,439976740.0,3642.0,139,3641.0,28
rb1805,20170921,20170920,210424000,3642.0,12110,390758,440340880.0,3642.0,78,3641.0,26
rb1805,20170921,20170920,210424500,3642.0,12282,390676,446604960.0,3643.0,51,3642.0,59
rb1805,20170921,20170920,210425000,3642.0,12286,390672,446750660.0,3643.0,53,3642.0,64
rb1805,20170921,20170920,210425500,3643.0,12294,390672,447042080.0,3643.0,50,3642.0,63
rb1805,20170921,20170920,210426000,3643.0,12372,390644,449883540.0,3643.0,18,3642.0,64
rb1805,20170921,20170920,210426500,3644.0,12410,390646,451267980.0,3644.0,150,3643.0,34
rb1805,20170921,20170920,210427000,3644.0,12434,390628,452142460.0,3644.0,145,3643.0,32
rb1805,20170921,20170920,210427500,3644.0,12464,390610,453235480.0,3644.0,138,3643.0,27
rb1805,20170921,20170920,210428000,3644.0,12484,390604,453964160.0,3644.0,135,3643.0,24
rb1805,20170921,20170920,210428500,3643.0,12492,390606,454255660.0,3644.0,132,3643.0,27
rb1805,20170921,20170920,210429000,3643.0,12500,390612,454547120.0,3644.0,133,3643.0,24
rb1805,20170921,20170920,210429500,3643.0,12550,390606,456368620.0,3643.0,4,3642.0,86
rb1805,20170921,20170920,210430000,3643.0,12568,390614,457024400.0,3644.0,139,3643.0,3
rb1805,20170921,20170920,210430500,3644.0,12584,390616,457607440.0,3644.0,133,3643.0,7
rb1805,20170921,20170920,210431000,3644.0,12594,390624,457971760.0,3644.0,130,3643.0,14
rb1805,20170921,20170920,210431500,3643.0,12606,390632,458408920.0,3644.0,131,3643.0,5
rb1805,20170921,20170920,210432000,3643.0,12658,390672,460303720.0,3644.0,111,3643.0,8
rb1805,20170921,20170920,210432500,3643.0,12664,390674,460522340.0,3644.0,107,3643.0,20
rb1805,20170921,20170920,210433000,3643.0,12694,390672,461615300.0,3644.0,104,3643.0,10
rb1805,20170921,20170920,210433500,3643.0,12770,390664,464384640.0,3644.0,71,3643.0,8
rb1805,20170921,20170920,210434000,3643.0,12784,390664,464894660.0,3644.0,73,3643.0,4
rb1805,20170921,20170920,210434500,3644.0,12790,390664,465113260.0,3644.0,73,3643.0,9
rb1805,20170921,20170920,210435000,3644.0,12812,390648,465914880.0,3644.0,67,3643.0,13
rb1805,20170921,20170920,210435500,3643.0,12872,390646,468101220.0,3644.0,50,3643.0,14
rb1805,20170921,20170920,210436000,3644.0,12904,390640,469267220.0,3644.0,43,3643.0,10
rb1805,20170921,20170920,210436500,3643.0,12936,390638,470433240.0,3644.0,32,3643.0,16
rb1805,20170921,20170920,210437000,3644.0,13004,390658,472911160.0,3645.0,111,3644.0,40
rb1805,20170921,20170920,210437500,3644.0,13016,390668,473348460.0,3645.0,114,3644.0,39
rb1805,20170921,20170920,210438000,3644.0,13028,390680,473785740.0,3645.0,114,3644.0,39
rb1805,20170921,20170920,210438500,3644.0,13034,390686,474004380.0,3645.0,117,3644.0,41
rb1805,20170921,20170920,210439000,3644.0,13168,390768,478888580.0,3645.0,55,3644.0,22
rb1805,20170921,20170920,210439500,3645.0,13298,390780,483627080.0,3646.0,183,3645.0,12
rb1805,20170921,20170920,210440000,3645.0,13772,390864,500909940.0,3646.0,9,3645.0,63
rb1805,20170921,20170920,210440500,3647.0,13856,390896,503973240.0,3647.0,43,3646.0,59
rb1805,20170921,20170920,210441000,3647.0,14084,390874,512286700.0,3647.0,26,3645.0,77
rb1805,20170921,20170920,210441500,3647.0,14174,390872,515569040.0,3648.0,202,3647.0,3
rb1805,20170921,20170920,210442000,3646.0,14222,390884,517318880.0,3647.0,53,3645.0,71
rb1805,20170921,20170920,210442500,3645.0,14260,390886,518704280.0,3647.0,28,3645.0,49
rb1805,20170921,20170920,210443000,3647.0,14302,390900,520235680.0,3647.0,37,3646.0,1
rb1805,20170921,20170920,210443500,3646.0,14316,390900,520746120.0,3646.0,12,3645.0,42
rb1805,20170921,20170920,210444000,3646.0,14430,390958,524903400.0,3647.0,17,3646.0,33
rb1805,20170921,20170920,210444500,3647.0,14476,390932,526580900.0,3647.0,7,3646.0,15
rb1805,20170921,20170920,210445000,3647.0,14502,390946,527528880.0,3647.0,30,3646.0,7
rb1805,20170921,20170920,210445500,3646.0,14540,390924,528914240.0,3646.0,88,3645.0,24
rb1805,20170921,20170920,210446000,3645.0,14598,390914,531028340.0,3645.0,53,3644.0,20
rb1805,20170921,20170920,210446500,3645.0,14702,390898,534819140.0,3646.0,69,3645.0,5
rb1805,20170921,20170920,210447000,3644.0,14716,390884,535329400.0,3645.0,18,3644.0,21
rb1805,20170921,20170920,210447500,3645.0,14722,390884,535548100.0,3645.0,21,3644.0,22
rb1805,20170921,20170920,210448000,3644.0,14780,390854,537661680.0,3645.0,18,3644.0,2
rb1805,20170921,20170920,210448500,3644.0,14784,390850,537807440.0,3644.0,21,3643.0,62
rb1805,20170921,20170920,210449000,3644.0,14810,390852,538754780.0,3644.0,5,3643.0,57
rb1805,20170921,20170920,210449500,3644.0,14810,390852,538754780.0,3644.0,21,3643.0,19
rb1805,20170921,20170920,210450000,3644.0,14850,390860,540212200.0,3644.0,8,3643.0,10
rb1805,20170921,20170920,210450500,3645.0,14894,390842,541815660.0,3645.0,50,3643.0,10
rb1805,20170921,20170920,210451000,3643.0,14924,390854,542908800.0,3645.0,50,3643.0,7
rb1805,20170921,20170920,210451500,3645.0,14950,390860,543856380.0,3645.0,43,3644.0,71
rb1805,20170921,20170920,210452000,3645.0,14962,390850,544293680.0,3645.0,42,3644.0,66
rb1805,20170921,20170920,210452500,3644.0,14968,390850,544512320.0,3645.0,7,3644.0,65
rb1805,20170921,20170920,210453000,3644.0,14988,390844,545241180.0,3645.0,11,3644.0,58
rb1805,20170921,20170920,210453500,3644.0,14992,390840,545386940.0,3645.0,17,3644.0,56
rb1805,20170921,20170920,210454000,3645.0,15000,390832,545678480.0,3645.0,22,3644.0,53
rb1805,20170921,20170920,210454500,3644.0,15006,390832,545897120.0,3645.0,24,3644.0,50
rb1805,20170921,20170920,210455000,3644.0,15052,390840,547573580.0,3645.0,13,3644.0,38
rb1805,20170921,20170920,210455500,3644.0,15072,390824,548302420.0,3645.0,15,3644.0,31
rb1805,20170921,20170920,210456000,3645.0,15074,390824,548375320.0,3645.0,27,3644.0,35
rb1805,20170921,20170920,210456500,3645.0,15080,390824,548594020.0,3645.0,24,3644.0,47
rb1805,20170921,20170920,210457000,3644.0,15084,390822,548739780.0,3645.0,35,3644.0,45
rb1805,20170921,20170920,210457500,3645.0,15170,390836,551874480.0,3646.0,129,3645.0,1
rb1805,20170921,20170920,210458000,3645.0,15172,390838,551947380.0,3646.0,124,3645.0,5
rb1805,20170921,20170920,210458500,3645.0,15178,390834,552166080.0,3646.0,124,3645.0,4
rb1805,20170921,20170920,210459000,3645.0,15200,390838,552968120.0,3645.0,1,3644.0,45
rb1805,20170921,20170920,210459500,3644.0,15224,390828,553842900.0,3645.0,250,3644.0,44
rb1805,20170921,20170920,210500000,3645.0,15250,390806,554790480.0,3645.0,246,3644.0,39
rb1805,20170921,20170920,210500500,3645.0,15280,390802,555883720.0,3645.0,259,3644.0,27
rb1805,20170921,20170920,210501000,3645.0,15288,390800,556175320.0,3645.0,255,3644.0,25
rb1805,20170921,20170920,210501500,3644.0,15294,390804,556393960.0,3645.0,255,3644.0,22
rb1805,20170921,20170920,210502000,3645.0,15346,390754,558289360.0,3645.0,229,3644.0,22
rb1805,20170921,20170920,210502500,3644.0,15382,390748,559601320.0,3645.0,224,3644.0,20
rb1805,20170921,20170920,210503000,3644.0,15502,390748,563975100.0,3645.0,187,3644.0,12
rb1805,20170921,20170920,210503500,3644.0,15604,390746,567692980.0,3645.0,137,3644.0,13
rb1805,20170921,20170920,210504000,3645.0,15632,390746,568713540.0,3645.0,125,3644.0,9
rb1805,20170921,20170920,210504500,3645.0,15676,390716,570317280.0,3645.0,110,3644.0,3
rb1805,20170921,20170920,210505000,3644.0,15698,390710,571118940.0,3644.0,2,3643.0,30
rb1805,20170921,20170920,210505500,3644.0,15740,390686,572649240.0,3645.0,113,3644.0,1
rb1805,20170921,20170920,210506000,3644.0,15766,390712,573596680.0,3644.0,5,3643.0,21
rb1805,20170921,20170920,210506500,3644.0,15782,390710,574179720.0,3644.0,13,3643.0,25
rb1805,20170921,20170920,210507000,3643.0,15836,390758,576146940.0,3643.0,5,3642.0,77
rb1805,20170921,20170920,210507500,3643.0,15864,390754,577166780.0,3643.0,34,3642.0,84
rb1805,20170921,20170920,210508000,3643.0,15874,390760,577531060.0,3643.0,38,3642.0,83
rb1805,20170921,20170920,210508500,3643.0,15880,390762,577749640.0,3643.0,35,3642.0,83
rb1805,20170921,20170920,210509000,3643.0,15890,390770,578113940.0,3643.0,22,3642.0,84
rb1805,20170921,20170920,210509500,3642.0,15898,390766,578405320.0,3643.0,14,3642.0,80
rb1805,20170921,20170920,210510000,3643.0,15934,390746,579716800.0,3644.0,49,3643.0,43
rb1805,20170921,20170920,210510500,3643.0,15948,390754,580226820.0,3644.0,48,3643.0,38
rb1805,20170921,20170920,210511000,3643.0,16006,390784,582339760.0,3644.0,50,3643.0,26
rb1805,20170921,20170920,210511500,3642.0,16080,390808,585035360.0,3643.0,31,3642.0,79
rb1805,20170921,20170920,210512000,3643.0,16086,390806,585253900.0,3643.0,33,3642.0,78
rb1805,20170921,20170920,210512500,3643.0,16110,390826,586128220.0,3643.0,21,3642.0,82
rb1805,20170921,20170920,210513000,3643.0,16110,390826,586128220.0,3643.0,21,3642.0,82
rb1805,20170921,20170920,210513500,3642.0,16112,390826,586201060.0,3643.0,21,3642.0,81
rb1805,20170921,20170920,210514000,3643.0,16152,390862,587658260.0,3643.0,1,3642.0,82
rb1805,20170921,20170920,210514500,3642.0,16164,390860,588095300.0,3643.0,1,3642.0,76
rb1805,20170921,20170920,210515000,3643.0,16168,390858,588241000.0,3644.0,72,3642.0,75
rb1805,20170921,20170920,210515500,3642.0,16178,390854,588605240.0,3643.0,18,3642.0,78
rb1805,20170921,20170920,210516000,3642.0,16202,390844,589479400.0,3643.0,16,3642.0,70
rb1805,20170921,20170920,210516500,3643.0,16210,390840,589770820.0,3643.0,18,3642.0,69
rb1805,20170921,20170920,210517000,3642.0,16254,390814,591373340.0,3643.0,17,3642.0,49
rb1805,20170921,20170920,210517500,3642.0,16260,390814,591591900.0,3643.0,16,3642.0,48
rb1805,20170921,20170920,210518000,3642.0,16274,390816,592101840.0,3643.0,16,3642.0,54
rb1805,20170921,20170920,210518500,3643.0,16296,390814,592903140.0,3643.0,20,3642.0,47
rb1805,20170921,20170920,210519000,3642.0,16310,390826,593413020.0,3643.0,21,3642.0,40
rb1805,20170921,20170920,210519500,3643.0,16316,390826,593631600.0,3643.0,53,3642.0,40
rb1805,20170921,20170920,210520000,3643.0,16322,390832,593850140.0,3643.0,51,3642.0,39
rb1805,20170921,20170920,210520500,3642.0,16326,390834,593995840.0,3643.0,50,3642.0,38
rb1805,20170921,20170920,210521000,3642.0,16330,390838,594141520.0,3643.0,50,3642.0,36
rb1805,20170921,20170920,210521500,3642.0,16338,390834,594432900.0,3643.0,49,3642.0,33
rb1805,20170921,20170920,210522000,3642.0,16370,390848,595598340.0,3643.0,49,3642.0,18
rb1805,20170921,20170920,210522500,3642.0,16372,390848,595671180.0,3643.0,49,3642.0,22
rb1805,20170921,20170920,210523000,3642.0,16372,390848,595671180.0,3643.0,49,3642.0,22
rb1805,20170921,20170920,210523500,3642.0,16372,390848,595671180.0,3643.0,50,3642.0,23
rb1805,20170921,20170920,210524000,3643.0,16382,390854,596035460.0,3643.0,46,3642.0,22
rb1805,20170921,20170920,210524500,3642.0,16396,390868,596545340.0,3643.0,46,3642.0,15
rb1805,20170921,20170920,210525000,3642.0,16396,390868,596545340.0,3643.0,46,3642.0,29
rb1805,20170921,20170920,210525500,3642.0,16398,390870,596618180.0,3643.0,46,3642.0,28
rb1805,20170921,20170920,210526000,3643.0,16422,390870,597492500.0,3643.0,34,3642.0,30
rb1805,20170921,20170920,210526500,3642.0,16462,390870,598949300.0,3643.0,44,3642.0,15
rb1805,20170921,20170920,210527000,3642.0,16464,390870,599022140.0,3643.0,45,3642.0,15
rb1805,20170921,20170920,210527500,3642.0,16542,390932,601863620.0,3643.0,10,3642.0,27
rb1805,20170921,20170920,210528000,3643.0,16562,390916,602592220.0,3644.0,73,3643.0,16
rb1805,20170921,20170920,210528500,3643.0,16562,390916,602592220.0,3644.0,65,3643.0,35
rb1805,20170921,20170920,210529000,3643.0,16564,390916,602665080.0,3644.0,69,3643.0,34
rb1805,20170921,20170920,210529500,3643.0,16568,390914,602810800.0,3644.0,69,3643.0,47
rb1805,20170921,20170920,210530000,3643.0,16570,390914,602883660.0,3644.0,70,3643.0,47
rb1805,20170921,20170920,210530500,3644.0,16712,390940,608058140.0,3645.0,134,3644.0,37
rb1805,20170921,20170920,210531000,3644.0,16726,390948,608568300.0,3645.0,138,3644.0,22
rb1805,20170921,20170920,210531500,3644.0,16742,390958,609151360.0,3645.0,137,3644.0,18
rb1805,20170921,20170920,210532000,3644.0,16744,390958,609224240.0,3645.0,136,3644.0,17
rb1805,20170921,20170920,210532500,3644.0,16760,390972,609807280.0,3645.0,136,3644.0,21
rb1805,20170921,20170920,210533000,3645.0,16768,390968,610098840.0,3645.0,134,3644.0,18
rb1805,20170921,20170920,210533500,3644.0,16774,390970,610317480.0,3645.0,150,3644.0,16
rb1805,20170921,20170920,210534000,3644.0,16778,390970,610463240.0,3645.0,155,3644.0,13
rb1805,20170921,20170920,210534500,3645.0,16800,390990,611264940.0,3645.0,154,3644.0,3
rb1805,20170921,20170920,210535000,3643.0,16808,390986,611556440.0,3644.0,1,3643.0,39
rb1805,20170921,20170920,210535500,3645.0,16814,390982,611775100.0,3644.0,5,3643.0,36
rb1805,20170921,20170920,210536000,3645.0,16826,390982,612212500.0,3645.0,152,3644.0,4
rb1805,20170921,20170920,210536500,3644.0,16840,390976,612722660.0,3644.0,9,3643.0,36
rb1805,20170921,20170920,210537000,3644.0,16844,390976,612868420.0,3644.0,3,3643.0,33
rb1805,20170921,20170920,210537500,3644.0,16860,390984,613451440.0,3645.0,157,3644.0,8
rb1805,20170921,20170920,210538000,3644.0,16876,390984,614034480.0,3645.0,159,3643.0,37
rb1805,20170921,20170920,210538500,3644.0,16876,390984,614034480.0,3644.0,2,3643.0,42
rb1805,20170921,20170920,210539000,3644.0,16876,390984,614034480.0,3644.0,2,3643.0,46
rb1805,20170921,20170920,210539500,3644.0,16878,390986,614107360.0,3644.0,1,3643.0,46
rb1805,20170921,20170920,210540000,3644.0,16878,390986,614107360.0,3644.0,1,3643.0,46
rb1805,20170921,20170920,210540500,3643.0,16884,390982,614325940.0,3644.0,3,3643.0,43
rb1805,20170921,20170920,210541000,3643.0,16972,390938,617531800.0,3643.0,27,3642.0,35
rb1805,20170921,20170920,210541500,3643.0,17068,390910,621029380.0,3644.0,88,3643.0,44
rb1805,20170921,20170920,210542000,3644.0,17086,390922,621685300.0,3644.0,79,3643.0,46
rb1805,20170921,20170920,210542500,3643.0,17094,390926,621976780.0,3644.0,78,3643.0,42
rb1805,20170921,20170920,210543000,3644.0,17096,390928,622049660.0,3644.0,77,3643.0,42
rb1805,20170921,20170920,210543500,3644.0,17128,390928,623215700.0,3644.0,64,3643.0,40
rb1805,20170921,20170920,210544000,3644.0,17240,390942,627296980.0,3644.0,9,3643.0,40
rb1805,20170921,20170920,210544500,3645.0,17292,390928,629192040.0,3645.0,88,3644.0,19
rb1805,20170921,20170920,210545000,3644.0,17302,390920,629556520.0,3645.0,85,3643.0,61
rb1805,20170921,20170920,210545500,3644.0,17304,390920,629629400.0,3645.0,97,3643.0,67
rb1805,20170921,20170920,210546000,3644.0,17318,390922,630139680.0,3645.0,87,3644.0,16
rb1805,20170921,20170920,210546500,3645.0,17492,390980,636481980.0,3646.0,118,3645.0,15
rb1805,20170921,20170920,210547000,3645.0,17492,390980,636481980.0,3646.0,120,3645.0,1
rb1805,20170921,20170920,210547500,3645.0,17494,390982,636554880.0,3646.0,120,3645.0,7
rb1805,20170921,20170920,210548000,3644.0,17540,390954,638231260.0,3645.0,3,3644.0,49
rb1805,20170921,20170920,210548500,3645.0,17548,390960,638522860.0,3646.0,121,3645.0,20
rb1805,20170921,20170920,210549000,3646.0,17652,391046,642314700.0,3646.0,69,3645.0,23
rb1805,20170921,20170920,210549500,3645.0,17670,391044,642970820.0,3646.0,69,3645.0,42
rb1805,20170921,20170920,210550000,3645.0,17736,391018,645376560.0,3646.0,69,3645.0,11
rb1805,20170921,20170920,210550500,3646.0,17776,391032,646834960.0,3646.0,49,3645.0,17
rb1805,20170921,20170920,210551000,3646.0,17906,391126,651575020.0,3646.0,9,3645.0,24
rb1805,20170921,20170920,210551500,3647.0,18158,391180,660766300.0,3647.0,4,3646.0,32
rb1805,20170921,20170920,210552000,3646.0,18178,391186,661495580.0,3647.0,8,3646.0,15
rb1805,20170921,20170920,210552500,3647.0,18282,391176,665288340.0,3648.0,197,3646.0,50
rb1805,20170921,20170920,210553000,3646.0,18308,391178,666236300.0,3647.0,22,3646.0,39
rb1805,20170921,20170920,210553500,3646.0,18406,391258,669810280.0,3648.0,195,3646.0,42
rb1805,20170921,20170920,210554000,3648.0,18414,391262,670102040.0,3648.0,193,3646.0,58
rb1805,20170921,20170920,210554500,3648.0,18504,391254,673384880.0,3647.0,30,3646.0,7
rb1805,20170921,20170920,210555000,3647.0,18554,391274,675208160.0,3647.0,25,3646.0,1
rb1805,20170921,20170920,210555500,3647.0,18716,391248,681113040.0,3647.0,15,3643.0,89
rb1805,20170921,20170920,210556000,3647.0,18722,391246,681331860.0,3646.0,5,3645.0,3
rb1805,20170921,20170920,210556500,3647.0,18754,391242,682498800.0,3647.0,67,3646.0,27
rb1805,20170921,20170920,210557000,3646.0,18814,391222,684686400.0,3646.0,91,3645.0,15
rb1805,20170921,20170920,210557500,3646.0,18830,391208,685269740.0,3646.0,60,3645.0,14
rb1805,20170921,20170920,210558000,3645.0,18844,391208,685780100.0,3646.0,74,3645.0,13
rb1805,20170921,20170920,210558500,3646.0,18856,391210,686217600.0,3646.0,112,3645.0,12
rb1805,20170921,20170920,210559000,3646.0,18868,391212,686655120.0,3646.0,106,3645.0,13
rb1805,20170921,20170920,210559500,3646.0,18888,391222,687384280.0,3646.0,102,3645.0,11
rb1805,20170921,20170920,210600000,3645.0,18890,391224,687457180.0,3646.0,104,3645.0,10
rb1805,20170921,20170920,210600500,3646.0,18950,391254,689644740.0,3646.0,76,3645.0,38
rb1805,20170921,20170920,210601000,3645.0,19000,391230,691467260.0,3646.0,76,3645.0,16
rb1805,20170921,20170920,210601500,3645.0,19046,391228,693144220.0,3646.0,59,3645.0,36
rb1805,20170921,20170920,210602000,3645.0,19108,391170,695404120.0,3645.0,37,3644.0,21
rb1805,20170921,20170920,210602500,3645.0,19168,391134,697591080.0,3645.0,11,3644.0,21
rb1805,20170921,20170920,210603000,3645.0,19204,391138,698903320.0,3646.0,59,3645.0,26
rb1805,20170921,20170920,210603500,3646.0,19230,391126,699851280.0,3646.0,47,3645.0,11
rb1805,20170921,20170920,210604000,3644.0,19258,391142,700871880.0,3646.0,44,3644.0,40
rb1805,20170921,20170920,210604500,3646.0,19280,391162,701674000.0,3646.0,33,3645.0,22
rb1805,20170921,20170920,210605000,3645.0,19344,391136,704007400.0,3646.0,3,3645.0,22
rb1805,20170921,20170920,210605500,3645.0,19398,391142,705975760.0,3647.0,265,3646.0,11
rb1805,20170921,20170920,210606000,3645.0,19458,391172,708163000.0,3646.0,72,3644.0,17
rb1805,20170921,20170920,210606500,3646.0,19492,391166,709402580.0,3645.0,86,3644.0,18
rb1805,20170921,20170920,210607000,3645.0,19556,391156,711735360.0,3645.0,60,3644.0,63
rb1805,20170921,20170920,210607500,3645.0,19566,391152,712099860.0,3645.0,55,3644.0,55
rb1805,20170921,20170920,210608000,3645.0,19594,391130,713120460.0,3645.0,41,3644.0,45
rb1805,20170921,20170920,210608500,3645.0,19634,391100,714578460.0,3645.0,25,3644.0,56
rb1805,20170921,20170920,210609000,3645.0,19638,391100,714724260.0,3645.0,23,3644.0,60
rb1805,20170921,20170920,210609500,3645.0,19696,391088,716838360.0,3646.0,28,3645.0,3
rb1805,20170921,20170920,210610000,3644.0,19704,391086,717129940.0,3645.0,8,3644.0,82
rb1805,20170921,20170920,210610500,3645.0,19710,391092,717348640.0,3645.0,5,3644.0,74
rb1805,20170921,20170920,210611000,3644.0,19732,391106,718150380.0,3645.0,2,3644.0,63
rb1805,20170921,20170920,210611500,3646.0,19746,391116,718660740.0,3646.0,336,3645.0,16
rb1805,20170921,20170920,210612000,3645.0,19790,391094,720264540.0,3646.0,341,3645.0,27
rb1805,20170921,20170920,210612500,3645.0,19820,391070,721358040.0,3646.0,347,3645.0,12
rb1805,20170921,20170920,210613000,3645.0,19936,391096,725586340.0,3645.0,1,3644.0,109
rb1805,20170921,20170920,210613500,3645.0,19944,391102,725877880.0,3645.0,36,3644.0,63
rb1805,20170921,20170920,210614000,3645.0,19950,391102,726096580.0,3645.0,26,3644.0,78
rb1805,20170921,20170920,210614500,3645.0,20068,391076,730397680.0,3646.0,362,3645.0,32
rb1805,20170921,20170920,210615000,3645.0,20094,391080,731345500.0,3646.0,351,3645.0,19
rb1805,20170921,20170920,210615500,3645.0,20126,391048,732511900.0,3646.0,337,3644.0,74
rb1805,20170921,20170920,210616000,3644.0,20130,391050,732657680.0,3645.0,40,3644.0,74
rb1805,20170921,20170920,210616500,3644.0,20134,391054,732803440.0,3645.0,41,3644.0,69
rb1805,20170921,20170920,210617000,3644.0,20134,391054,732803440.0,3645.0,41,3644.0,84
rb1805,20170921,20170920,210617500,3644.0,20136,391054,732876320.0,3645.0,43,3644.0,82
rb1805,20170921,20170920,210618000,3644.0,20140,391050,733022100.0,3645.0,52,3644.0,72
rb1805,20170921,20170920,210618500,3645.0,20162,391038,733824000.0,3645.0,44,3644.0,73
rb1805,20170921,20170920,210619000,3645.0,20260,391010,737396140.0,3646.0,343,3645.0,35
rb1805,20170921,20170920,210619500,3645.0,20274,391004,737906540.0,3646.0,338,3645.0,10
rb1805,20170921,20170920,210620000,3645.0,20296,391004,738708440.0,3646.0,340,3645.0,71
rb1805,20170921,20170920,210620500,3645.0,20362,390942,741114140.0,3646.0,341,3645.0,66
rb1805,20170921,20170920,210621000,3645.0,20500,390814,746144240.0,3646.0,344,3644.0,45
rb1805,20170921,20170920,210621500,3644.0,20602,390788,749861320.0,3644.0,56,3643.0,133
rb1805,20170921,20170920,210622000,3644.0,20734,390788,754671400.0,3645.0,23,3644.0,5
rb1805,20170921,20170920,210622500,3645.0,20744,390780,755035900.0,3645.0,25,3644.0,15
rb1805,20170921,20170920,210623000,3644.0,20762,390766,755691940.0,3645.0,31,3644.0,13
rb1805,20170921,20170920,210623500,3644.0,20768,390764,755910580.0,3645.0,33,3644.0,13
rb1805,20170921,20170920,210624000,3644.0,20770,390764,755983460.0,3645.0,37,3644.0,16
rb1805,20170921,20170920,210624500,3644.0,20770,390764,755983460.0,3645.0,49,3644.0,17
rb1805,20170921,20170920,210625000,3644.0,20774,390760,756129220.0,3645.0,54,3644.0,17
rb1805,20170921,20170920,210625500,3645.0,20778,390756,756275020.0,3645.0,52,3644.0,24
rb1805,20170921,20170920,210626000,3644.0,20780,390756,756347900.0,3645.0,52,3644.0,23
rb1805,20170921,20170920,210626500,3644.0,20782,390754,756420780.0,3645.0,62,3644.0,27
rb1805,20170921,20170920,210627000,3644.0,20782,390754,756420780.0,3645.0,73,3644.0,28
rb1805,20170921,20170920,210627500,3644.0,20800,390756,757076720.0,3645.0,69,3644.0,31
rb1805,20170921,20170920,210628000,3644.0,20804,390754,757222500.0,3645.0,68,3644.0,32
rb1805,20170921,20170920,210628500,3644.0,20806,390752,757295380.0,3645.0,69,3644.0,31
rb1805,20170921,20170920,210629000,3644.0,20832,390740,758243000.0,3645.0,60,3644.0,29
rb1805,20170921,20170920,210629500,3645.0,20834,390740,758315900.0,3645.0,58,3644.0,34
rb1805,20170921,20170920,210630000,3644.0,20846,390742,758753280.0,3645.0,53,3644.0,31
rb1805,20170921,20170920,210630500,3644.0,20846,390742,758753280.0,3645.0,53,3644.0,32
rb1805,20170921,20170920,210631000,3644.0,20850,390742,758899040.0,3645.0,53,3644.0,30
rb1805,20170921,20170920,210631500,3644.0,20856,390738,759117680.0,3645.0,63,3644.0,27
rb1805,20170921,20170920,210632000,3645.0,20858,390736,759190580.0,3645.0,62,3644.0,27
rb1805,20170921,20170920,210632500,3645.0,20868,390736,759555080.0,3645.0,57,3644.0,26
rb1805,20170921,20170920,210633000,3644.0,20876,390740,759846600.0,3645.0,58,3644.0,19
rb1805,20170921,20170920,210633500,3644.0,20876,390740,759846600.0,3645.0,58,3644.0,19
rb1805,20170921,20170920,210634000,3645.0,20882,390742,760065280.0,3645.0,55,3644.0,18
rb1805,20170921,20170920,210634500,3644.0,20938,390760,762106120.0,3644.0,32,3643.0,134
rb1805,20170921,20170920,210635000,3645.0,21032,390806,765531560.0,3645.0,49,3644.0,98
rb1805,20170921,20170920,210635500,3645.0,21080,390814,767281160.0,3645.0,25,3644.0,111
rb1805,20170921,20170920,210636000,3645.0,21100,390818,768010160.0,3645.0,16,3644.0,114
rb1805,20170921,20170920,210636500,3645.0,21124,390820,768884880.0,3645.0,12,3644.0,108
rb1805,20170921,20170920,210637000,3644.0,21146,390820,769686580.0,3645.0,11,3644.0,99
rb1805,20170921,20170920,210637500,3645.0,21158,390822,770123960.0,3645.0,6,3644.0,98
rb1805,20170921,20170920,210638000,3645.0,21162,390822,770269760.0,3645.0,4,3644.0,102
rb1805,20170921,20170920,210638500,3645.0,21162,390822,770269760.0,3645.0,4,3644.0,102
rb1805,20170921,20170920,210639000,3645.0,21170,390820,770561360.0,3646.0,366,3645.0,17
rb1805,20170921,20170920,210639500,3646.0,21174,390822,770707200.0,3646.0,365,3645.0,40
rb1805,20170921,20170920,210640000,3646.0,21296,390852,775154360.0,3646.0,390,3644.0,77
rb1805,20170921,20170920,210640500,3645.0,21312,390862,775737560.0,3646.0,390,3645.0,22
rb1805,20170921,20170920,210641000,3644.0,21360,390864,777487140.0,3645.0,1,3644.0,76
rb1805,20170921,20170920,210641500,3644.0,21370,390870,777851580.0,3646.0,391,3644.0,77
rb1805,20170921,20170920,210642000,3644.0,21372,390872,777924460.0,3646.0,384,3644.0,79
rb1805,20170921,20170920,210642500,3644.0,21378,390878,778143100.0,3645.0,1,3644.0,79
rb1805,20170921,20170920,210643000,3646.0,21384,390882,778361820.0,3646.0,383,3645.0,40
rb1805,20170921,20170920,210643500,3646.0,21390,390884,778580580.0,3646.0,380,3645.0,4
rb1805,20170921,20170920,210644000,3645.0,21398,390884,778872180.0,3646.0,380,3644.0,75
rb1805,20170921,20170920,210644500,3645.0,21400,390884,778945080.0,3646.0,380,3645.0,7
rb1805,20170921,20170920,210645000,3645.0,21400,390884,778945080.0,3646.0,380,3645.0,13
rb1805,20170921,20170920,210645500,3645.0,21406,390884,779163800.0,3646.0,380,3645.0,11
rb1805,20170921,20170920,210646000,3646.0,21422,390876,779747040.0,3645.0,1,3644.0,72
rb1805,20170921,20170920,210646500,3645.0,21434,390882,780184520.0,3646.0,375,3645.0,2
rb1805,20170921,20170920,210647000,3645.0,21442,390880,780476120.0,3645.0,13,3644.0,73
rb1805,20170921,20170920,210647500,3645.0,21468,390878,781423800.0,3646.0,376,3645.0,19
rb1805,20170921,20170920,210648000,3645.0,21476,390886,781715460.0,3646.0,374,3645.0,18
rb1805,20170921,20170920,210648500,3645.0,21480,390888,781861280.0,3646.0,374,3645.0,22
rb1805,20170921,20170920,210649000,3645.0,21484,390888,782007080.0,3646.0,374,3645.0,20
rb1805,20170921,20170920,210649500,3645.0,21496,390900,782444520.0,3646.0,371,3645.0,17
rb1805,20170921,20170920,210650000,3646.0,21504,390904,782736180.0,3646.0,368,3645.0,37
rb1805,20170921,20170920,210650500,3646.0,21528,390924,783611040.0,3646.0,365,3645.0,31
rb1805,20170921,20170920,210651000,3645.0,21558,390932,784704540.0,3646.0,364,3645.0,16
rb1805,20170921,20170920,210651500,3645.0,21584,390944,785652320.0,3646.0,360,3645.0,13
rb1805,20170921,20170920,210652000,3645.0,21616,390944,786818720.0,3646.0,359,3644.0,61
rb1805,20170921,20170920,210652500,3646.0,21620,390946,786964540.0,3645.0,1,3644.0,61
rb1805,20170921,20170920,210653000,3646.0,21626,390952,787183280.0,3646.0,355,3645.0,9
rb1805,20170921,20170920,210653500,3645.0,21654,390964,788203940.0,3646.0,353,3644.0,47
rb1805,20170921,20170920,210654000,3646.0,21656,390966,788276860.0,3646.0,351,3644.0,47
rb1805,20170921,20170920,210654500,3646.0,21672,390982,788860160.0,3646.0,345,3644.0,47
rb1805,20170921,20170920,210655000,3645.0,21674,390982,788933060.0,3645.0,4,3644.0,47
rb1805,20170921,20170920,210655500,3646.0,21684,390992,789297580.0,3646.0,343,3645.0,83
rb1805,20170921,20170920,210656000,3646.0,21842,391056,795058240.0,3646.0,266,3645.0,62
rb1805,20170921,20170920,210656500,3646.0,21878,391090,796370780.0,3646.0,249,3645.0,60
rb1805,20170921,20170920,210657000,3645.0,22356,391280,813798420.0,3646.0,22,3645.0,54
rb1805,20170921,20170920,210657500,3646.0,22568,391386,821530340.0,3648.0,162,3646.0,92
rb1805,20170921,20170920,210658000,3648.0,22606,391412,822916220.0,3648.0,163,3646.0,100
rb1805,20170921,20170920,210658500,3648.0,22724,391404,827220780.0,3648.0,120,3647.0,3
rb1805,20170921,20170920,210659000,3648.0,22978,391388,836486600.0,3649.0,175,3648.0,31
rb1805,20170921,20170920,210659500,3649.0,23024,391360,838165020.0,3649.0,156,3648.0,53
rb1805,20170921,20170920,210700000,3648.0,23190,391310,844222020.0,3649.0,92,3648.0,37
rb1805,20170921,20170920,210700500,3649.0,23338,391254,849622480.0,3649.0,22,3648.0,57
rb1805,20170921,20170920,210701000,3649.0,23368,391248,850717160.0,3649.0,17,3648.0,34
rb1805,20170921,20170920,210701500,3649.0,23372,391248,850863120.0,3649.0,19,3648.0,34
rb1805,20170921,20170920,210702000,3649.0,23542,391298,857067260.0,3650.0,296,3649.0,2
rb1805,20170921,20170920,210702500,3649.0,23650,391278,861008320.0,3650.0,288,3649.0,15
rb1805,20170921,20170920,210703000,3650.0,23780,391256,865752800.0,3650.0,250,3648.0,23
rb1805,20170921,20170920,210703500,3650.0,24344,391372,886335580.0,3650.0,62,3649.0,2
rb1805,20170921,20170920,210704000,3650.0,24432,391376,889547420.0,3650.0,26,3648.0,2
rb1805,20170921,20170920,210704500,3650.0,24502,391406,892102520.0,3651.0,149,3650.0,6
rb1805,20170921,20170920,210705000,3652.0,24858,391398,905099580.0,3652.0,134,3651.0,1
rb1805,20170921,20170920,210705500,3652.0,25342,391342,922770460.0,3652.0,116,3651.0,1
rb1805,20170921,20170920,210706000,3651.0,25584,391260,931608200.0,3653.0,70,3652.0,1
rb1805,20170921,20170920,210706500,3652.0,25640,391254,933653220.0,3652.0,2,3651.0,24
rb1805,20170921,20170920,210707000,3653.0,25842,391228,941030880.0,3653.0,36,3652.0,207
rb1805,20170921,20170920,210707500,3654.0,26074,391096,949506540.0,3654.0,78,3653.0,162
rb1805,20170921,20170920,210708000,3652.0,26452,390858,963315240.0,3654.0,63,3653.0,1
rb1805,20170921,20170920,210708500,3653.0,26598,390900,968648680.0,3654.0,56,3653.0,1
rb1805,20170921,20170920,210709000,3652.0,26620,390908,969452240.0,3653.0,3,3652.0,184
rb1805,20170921,20170920,210709500,3652.0,26656,390910,970767340.0,3653.0,5,3652.0,182
rb1805,20170921,20170920,210710000,3653.0,26720,390908,973105140.0,3653.0,28,3652.0,178
rb1805,20170921,20170920,210710500,3652.0,26830,390874,977122920.0,3653.0,9,3652.0,154
rb1805,20170921,20170920,210711000,3652.0,26842,390870,977561180.0,3653.0,14,3652.0,156
rb1805,20170921,20170920,210711500,3652.0,26886,390854,979168100.0,3653.0,14,3652.0,144
rb1805,20170921,20170920,210712000,3653.0,26954,390872,981652160.0,3654.0,66,3653.0,34
rb1805,20170921,20170920,210712500,3653.0,26972,390884,982309700.0,3654.0,76,3653.0,27
rb1805,20170921,20170920,210713000,3653.0,26988,390898,982894180.0,3654.0,78,3653.0,62
rb1805,20170921,20170920,210713500,3653.0,27000,390900,983332580.0,3654.0,84,3653.0,64
rb1805,20170921,20170920,210714000,3653.0,27014,390904,983844060.0,3654.0,78,3653.0,64
rb1805,20170921,20170920,210714500,3653.0,27116,390930,987570160.0,3654.0,82,3653.0,16
rb1805,20170921,20170920,210715000,3653.0,27166,390918,989396640.0,3653.0,63,3652.0,145
rb1805,20170921,20170920,210715500,3653.0,27180,390916,989908060.0,3653.0,84,3652.0,144
rb1805,20170921,20170920,210716000,3652.0,27194,390914,990419360.0,3653.0,89,3652.0,138
rb1805,20170921,20170920,210716500,3652.0,27232,390892,991807400.0,3653.0,87,3652.0,133
rb1805,20170921,20170920,210717000,3652.0,27490,390716,1001230720.0,3653.0,30,3652.0,62
rb1805,20170921,20170920,210717500,3652.0,27494,390716,1001376800.0,3653.0,37,3652.0,58
rb1805,20170921,20170920,210718000,3653.0,27510,390712,1001961220.0,3653.0,38,3652.0,55
rb1805,20170921,20170920,210718500,3652.0,27656,390766,1007293420.0,3652.0,5,3651.0,45
rb1805,20170921,20170920,210719000,3653.0,27686,390754,1008389060.0,3653.0,41,3651.0,11
rb1805,20170921,20170920,210719500,3652.0,27688,390754,1008462100.0,3652.0,1,3651.0,34
rb1805,20170921,20170920,210720000,3652.0,27726,390740,1009849940.0,3653.0,49,3652.0,1
rb1805,20170921,20170920,210720500,3651.0,27734,390740,1010142060.0,3652.0,7,3651.0,17
rb1805,20170921,20170920,210721000,3652.0,27746,390738,1010580260.0,3652.0,50,3651.0,19
rb1805,20170921,20170920,210721500,3651.0,27890,390754,1015836740.0,3651.0,10,3650.0,15
rb1805,20170921,20170920,210722000,3651.0,27968,390756,1018684120.0,3651.0,57,3649.0,57
rb1805,20170921,20170920,210722500,3651.0,27974,390756,1018903180.0,3651.0,72,3650.0,1
rb1805,20170921,20170920,210723000,3650.0,27994,390758,1019633160.0,3650.0,8,3649.0,56
rb1805,20170921,20170920,210723500,3650.0,28026,390752,1020801280.0,3651.0,60,3650.0,23
rb1805,20170921,20170920,210724000,3650.0,28130,390692,1024597340.0,3651.0,29,3650.0,8
rb1805,20170921,20170920,210724500,3650.0,28312,390628,1031239780.0,3650.0,14,3649.0,30
rb1805,20170921,20170920,210725000,3650.0,28346,390604,1032480820.0,3651.0,8,3650.0,39
rb1805,20170921,20170920,210725500,3650.0,28352,390604,1032699840.0,3651.0,7,3650.0,36
rb1805,20170921,20170920,210726000,3651.0,28354,390602,1032772860.0,3651.0,32,3650.0,45
rb1805,20170921,20170920,210726500,3650.0,28358,390604,1032918860.0,3651.0,34,3650.0,48
rb1805,20170921,20170920,210727000,3651.0,28366,390604,1033210880.0,3651.0,64,3650.0,49
rb1805,20170921,20170920,210727500,3650.0,28374,390606,1033502880.0,3651.0,67,3650.0,35
rb1805,20170921,20170920,210728000,3650.0,28378,390608,1033648880.0,3651.0,69,3650.0,25
rb1805,20170921,20170920,210728500,3650.0,28412,390604,1034890180.0,3651.0,54,3650.0,29
rb1805,20170921,20170920,210729000,3650.0,28466,390616,1036861180.0,3650.0,80,3649.0,61
rb1805,20170921,20170920,210729500,3650.0,28500,390594,1038101880.0,3650.0,104,3649.0,58
rb1805,20170921,20170920,210730000,3650.0,28560,390578,1040291320.0,3650.0,80,3649.0,54
rb1805,20170921,20170920,210730500,3649.0,28600,390552,1041750960.0,3650.0,78,3649.0,36
rb1805,20170921,20170920,210731000,3650.0,28612,390546,1042188900.0,3650.0,76,3649.0,36
rb1805,20170921,20170920,210731500,3650.0,28614,390546,1042261900.0,3650.0,81,3649.0,50
rb1805,20170921,20170920,210732000,3649.0,28618,390546,1042407880.0,3650.0,82,3649.0,52
rb1805,20170921,20170920,210732500,3649.0,28782,390506,1048393500.0,3650.0,19,3649.0,47
rb1805,20170921,20170920,210733000,3649.0,28988,390608,1055912200.0,3651.0,90,3650.0,9
rb1805,20170921,20170920,210733500,3650.0,28994,390614,1056131220.0,3651.0,90,3650.0,17
rb1805,20170921,20170920,210734000,3650.0,28998,390614,1056277220.0,3651.0,95,3650.0,53
rb1805,20170921,20170920,210734500,3650.0,29024,390600,1057226220.0,3651.0,68,3650.0,46
rb1805,20170921,20170920,210735000,3650.0,29132,390676,1061168220.0,3650.0,32,3649.0,38
rb1805,20170921,20170920,210735500,3649.0,29136,390676,1061314180.0,3650.0,34,3649.0,44
rb1805,20170921,20170920,210736000,3650.0,29152,390690,1061898160.0,3650.0,29,3649.0,39
rb1805,20170921,20170920,210736500,3649.0,29164,390700,1062336140.0,3650.0,24,3649.0,31
rb1805,20170921,20170920,210737000,3650.0,29310,390658,1067664440.0,3651.0,87,3650.0,12
rb1805,20170921,20170920,210737500,3651.0,29364,390632,1069635400.0,3649.0,3,3648.0,75
rb1805,20170921,20170920,210738000,3650.0,29374,390628,1070000340.0,3651.0,89,3650.0,100
rb1805,20170921,20170920,210738500,3650.0,29386,390626,1070438400.0,3651.0,83,3650.0,102
rb1805,20170921,20170920,210739000,3651.0,29426,390662,1071898800.0,3651.0,64,3650.0,102
rb1805,20170921,20170920,210739500,3650.0,29472,390692,1073578240.0,3651.0,43,3650.0,102
rb1805,20170921,20170920,210740000,3650.0,29536,390628,1075914280.0,3651.0,41,3650.0,72
rb1805,20170921,20170920,210740500,3651.0,29552,390620,1076498360.0,3651.0,32,3650.0,68
rb1805,20170921,20170920,210741000,3650.0,29562,390616,1076863380.0,3651.0,32,3650.0,64
rb1805,20170921,20170920,210741500,3650.0,29572,390616,1077228380.0,3651.0,35,3650.0,59
rb1805,20170921,20170920,210742000,3651.0,29688,390594,1081463440.0,3652.0,48,3651.0,27
rb1805,20170921,20170920,210742500,3651.0,29756,390594,1083946020.0,3651.0,56,3650.0,55
rb1805,20170921,20170920,210743000,3650.0,29790,390592,1085187020.0,3651.0,55,3650.0,38
rb1805,20170921,20170920,210743500,3651.0,29844,390634,1087158440.0,3651.0,10,3650.0,42
rb1805,20170921,20170920,210744000,3650.0,29862,390630,1087815600.0,3651.0,30,3650.0,72
rb1805,20170921,20170920,210744500,3650.0,29938,390590,1090589600.0,3651.0,39,3650.0,24
rb1805,20170921,20170920,210745000,3650.0,30004,390586,1092998600.0,3650.0,101,3649.0,23
rb1805,20170921,20170920,210745500,3649.0,30052,390590,1094750120.0,3650.0,97,3648.0,80
rb1805,20170921,20170920,210746000,3649.0,30222,390694,1100955100.0,3650.0,13,3649.0,4
rb1805,20170921,20170920,210746500,3650.0,30232,390690,1101320100.0,3650.0,28,3649.0,5
rb1805,20170921,20170920,210747000,3650.0,30238,390690,1101539080.0,3650.0,26,3649.0,26
rb1805,20170921,20170920,210747500,3650.0,30294,390642,1103583080.0,3651.0,44,3650.0,29
rb1805,20170921,20170920,210748000,3650.0,30298,390646,1103729080.0,3651.0,39,3650.0,29
rb1805,20170921,20170920,210748500,3650.0,30342,390648,1105335340.0,3651.0,26,3650.0,33
rb1805,20170921,20170920,210749000,3650.0,30342,390648,1105335340.0,3651.0,26,3650.0,33
rb1805,20170921,20170920,210749500,3650.0,30348,390648,1105554340.0,3651.0,27,3650.0,30
rb1805,20170921,20170920,210750000,3650.0,30350,390650,1105627340.0,3651.0,27,3650.0,17
rb1805,20170921,20170920,210750500,3650.0,30362,390650,1106065340.0,3651.0,32,3650.0,11
rb1805,20170921,20170920,210751000,3650.0,30382,390660,1106795340.0,3651.0,32,3650.0,2
rb1805,20170921,20170920,210751500,3650.0,30410,390682,1107817540.0,3651.0,19,3650.0,48
rb1805,20170921,20170920,210752000,3650.0,30420,390672,1108182540.0,3651.0,22,3650.0,43
rb1805,20170921,20170920,210752500,3650.0,30438,390668,1108839660.0,3651.0,17,3650.0,42
rb1805,20170921,20170920,210753000,3650.0,30492,390650,1110810800.0,3651.0,10,3650.0,23
rb1805,20170921,20170920,210753500,3650.0,30524,390650,1111978800.0,3651.0,16,3650.0,7
rb1805,20170921,20170920,210754000,3651.0,30528,390648,1112124820.0,3651.0,15,3650.0,27
rb1805,20170921,20170920,210754500,3650.0,30532,390644,1112270840.0,3651.0,19,3650.0,26
rb1805,20170921,20170920,210755000,3650.0,30546,390640,1112781840.0,3651.0,26,3650.0,19
rb1805,20170921,20170920,210755500,3650.0,30572,390620,1113730840.0,3651.0,29,3650.0,7
rb1805,20170921,20170920,210756000,3650.0,30586,390608,1114241840.0,3650.0,49,3649.0,23
rb1805,20170921,20170920,210756500,3650.0,30586,390608,1114241840.0,3650.0,51,3649.0,27
rb1805,20170921,20170920,210757000,3650.0,30590,390610,1114387840.0,3650.0,49,3649.0,27
rb1805,20170921,20170920,210757500,3650.0,30592,390612,1114460840.0,3650.0,48,3649.0,30
rb1805,20170921,20170920,210758000,3649.0,30594,390614,1114533820.0,3650.0,48,3649.0,29
rb1805,20170921,20170920,210758500,3650.0,30620,390640,1115482820.0,3650.0,55,3649.0,29
rb1805,20170921,20170920,210759000,3650.0,30636,390656,1116066820.0,3650.0,48,3649.0,29
rb1805,20170921,20170920,210759500,3650.0,30658,390674,1116869780.0,3650.0,39,3649.0,27
rb1805,20170921,20170920,210800000,3650.0,30658,390674,1116869780.0,3650.0,60,3649.0,27
rb1805,20170921,20170920,210800500,3650.0,30672,390676,1117380700.0,3650.0,59,3649.0,24
rb1805,20170921,20170920,210801000,3650.0,30676,390678,1117526700.0,3650.0,61,3649.0,28
rb1805,20170921,20170920,210801500,3650.0,30728,390688,1119424600.0,3650.0,41,3649.0,23
rb1805,20170921,20170920,210802000,3650.0,30752,390712,1120300600.0,3650.0,30,3649.0,23
rb1805,20170921,20170920,210802500,3650.0,30752,390712,1120300600.0,3650.0,30,3649.0,35
rb1805,20170921,20170920,210803000,3650.0,30762,390710,1120665560.0,3650.0,29,3649.0,34
rb1805,20170921,20170920,210803500,3650.0,30762,390710,1120665560.0,3650.0,29,3649.0,34
rb1805,20170921,20170920,210804000,3650.0,30764,390712,1120738560.0,3650.0,38,3649.0,22
rb1805,20170921,20170920,210804500,3649.0,30768,390716,1120884520.0,3650.0,39,3649.0,20
rb1805,20170921,20170920,210805000,3649.0,30786,390728,1121541400.0,3650.0,36,3649.0,15
rb1805,20170921,20170920,210805500,3650.0,30848,390714,1123804360.0,3650.0,7,3649.0,14
rb1805,20170921,20170920,210806000,3650.0,30858,390718,1124169320.0,3650.0,9,3649.0,12
rb1805,20170921,20170920,210806500,3649.0,30870,390720,1124607220.0,3650.0,23,3649.0,8
rb1805,20170921,20170920,210807000,3649.0,30890,390730,1125337020.0,3650.0,28,3648.0,79
rb1805,20170921,20170920,210807500,3650.0,30898,390734,1125628960.0,3650.0,57,3649.0,6
rb1805,20170921,20170920,210808000,3649.0,30910,390734,1126066840.0,3649.0,8,3648.0,79
rb1805,20170921,20170920,210808500,3649.0,30910,390734,1126066840.0,3649.0,8,3648.0,79
rb1805,20170921,20170920,210809000,3649.0,30914,390738,1126212800.0,3649.0,7,3648.0,79
rb1805,20170921,20170920,210809500,3648.0,30922,390744,1126504700.0,3649.0,5,3648.0,78
rb1805,20170921,20170920,210810000,3649.0,30926,390742,1126650660.0,3649.0,4,3648.0,82
rb1805,20170921,20170920,210810500,3648.0,30928,390742,1126723620.0,3649.0,5,3648.0,42
rb1805,20170921,20170920,210811000,3649.0,30952,390756,1127599320.0,3649.0,11,3648.0,39
rb1805,20170921,20170920,210811500,3648.0,30962,390758,1127964120.0,3649.0,27,3648.0,35
rb1805,20170921,20170920,210812000,3648.0,30964,390758,1128037080.0,3649.0,28,3648.0,39
rb1805,20170921,20170920,210812500,3649.0,31022,390730,1130153500.0,3650.0,66,3649.0,73
rb1805,20170921,20170920,210813000,3649.0,31054,390712,1131321180.0,3650.0,66,3649.0,57
rb1805,20170921,20170920,210813500,3649.0,31064,390708,1131686080.0,3650.0,66,3649.0,52
rb1805,20170921,20170920,210814000,3649.0,31122,390694,1133802500.0,3650.0,66,3649.0,23
rb1805,20170921,20170920,210814500,3649.0,31124,390694,1133875480.0,3650.0,67,3649.0,22
rb1805,20170921,20170920,210815000,3649.0,31136,390688,1134313400.0,3650.0,33,3649.0,20
rb1805,20170921,20170920,210815500,3649.0,31140,390684,1134459360.0,3650.0,34,3649.0,19
rb1805,20170921,20170920,210816000,3650.0,31150,390682,1134824320.0,3650.0,31,3649.0,16
rb1805,20170921,20170920,210816500,3649.0,31184,390654,1136065000.0,3649.0,36,3648.0,37
rb1805,20170921,20170920,210817000,3649.0,31248,390634,1138400060.0,3649.0,25,3648.0,28
rb1805,20170921,20170920,210817500,3649.0,31252,390632,1138546020.0,3649.0,27,3648.0,28
rb1805,20170921,20170920,210818000,3649.0,31252,390632,1138546020.0,3649.0,27,3648.0,28
rb1805,20170921,20170920,210818500,3648.0,31254,390632,1138618980.0,3649.0,22,3648.0,27
rb1805,20170921,20170920,210819000,3648.0,31264,390628,1138983780.0,3649.0,22,3648.0,29
rb1805,20170921,20170920,210819500,3648.0,31266,390628,1139056740.0,3649.0,30,3648.0,29
rb1805,20170921,20170920,210820000,3648.0,31266,390628,1139056740.0,3649.0,35,3648.0,27
rb1805,20170921,20170920,210820500,3648.0,31266,390628,1139056740.0,3649.0,38,3648.0,27
rb1805,20170921,20170920,210821000,3648.0,31266,390628,1139056740.0,3649.0,40,3648.0,29
rb1805,20170921,20170920,210821500,3649.0,31268,390628,1139129720.0,3649.0,40,3648.0,24
rb1805,20170921,20170920,210822000,3648.0,31330,390668,1141391480.0,3648.0,16,3647.0,137
rb1805,20170921,20170920,210822500,3649.0,31382,390686,1143288560.0,3649.0,37,3648.0,7
rb1805,20170921,20170920,210823000,3648.0,31390,390688,1143580420.0,3649.0,39,3648.0,44
rb1805,20170921,20170920,210823500,3648.0,31400,390690,1143945220.0,3649.0,40,3648.0,42
rb1805,20170921,20170920,210824000,3648.0,31428,390688,1144966700.0,3649.0,38,3648.0,42
rb1805,20170921,20170920,210824500,3648.0,31432,390688,1145112620.0,3649.0,49,3648.0,40
rb1805,20170921,20170920,210825000,3648.0,31434,390690,1145185580.0,3649.0,49,3648.0,49
rb1805,20170921,20170920,210825500,3648.0,31446,390692,1145623400.0,3649.0,43,3648.0,47
rb1805,20170921,20170920,210826000,3648.0,31454,390692,1145915240.0,3649.0,49,3648.0,38
rb1805,20170921,20170920,210826500,3648.0,31466,390698,1146353100.0,3649.0,44,3648.0,37
rb1805,20170921,20170920,210827000,3648.0,31466,390698,1146353100.0,3649.0,94,3648.0,37
rb1805,20170921,20170920,210827500,3648.0,31470,390700,1146499040.0,3649.0,93,3648.0,36
rb1805,20170921,20170920,210828000,3648.0,31488,390710,1147155740.0,3649.0,90,3648.0,30
rb1805,20170921,20170920,210828500,3648.0,31488,390710,1147155740.0,3649.0,90,3648.0,30
rb1805,20170921,20170920,210829000,3648.0,31492,390708,1147301660.0,3649.0,92,3648.0,29
rb1805,20170921,20170920,210829500,3648.0,31532,390680,1148760860.0,3649.0,95,3648.0,9
rb1805,20170921,20170920,210830000,3647.0,31560,390684,1149782200.0,3648.0,37,3647.0,139
rb1805,20170921,20170920,210830500,3648.0,31572,390684,1150219940.0,3648.0,17,3647.0,114
rb1805,20170921,20170920,210831000,3648.0,31576,390684,1150365860.0,3648.0,27,3647.0,114
rb1805,20170921,20170920,210831500,3648.0,31580,390684,1150511780.0,3648.0,21,3647.0,109
rb1805,20170921,20170920,210832000,3648.0,31582,390682,1150584740.0,3648.0,20,3647.0,109
rb1805,20170921,20170920,210832500,3648.0,31582,390682,1150584740.0,3648.0,21,3647.0,114
rb1805,20170921,20170920,210833000,3648.0,31628,390662,1152262820.0,3649.0,119,3648.0,17
rb1805,20170921,20170920,210833500,3647.0,31666,390668,1153648980.0,3648.0,1,3647.0,124
rb1805,20170921,20170920,210834000,3649.0,31678,390668,1154086760.0,3649.0,141,3647.0,124
rb1805,20170921,20170920,210834500,3648.0,31680,390670,1154159720.0,3649.0,141,3648.0,1
rb1805,20170921,20170920,210835000,3648.0,31684,390668,1154305640.0,3648.0,3,3647.0,130
rb1805,20170921,20170920,210835500,3648.0,31692,390664,1154597480.0,3649.0,136,3648.0,1
rb1805,20170921,20170920,210836000,3648.0,31694,390664,1154670440.0,3648.0,1,3647.0,149
rb1805,20170921,20170920,210836500,3647.0,31696,390666,1154743380.0,3648.0,10,3647.0,148
rb1805,20170921,20170920,210837000,3648.0,31698,390666,1154816340.0,3648.0,9,3647.0,143
rb1805,20170921,20170920,210837500,3648.0,31718,390676,1155545940.0,3649.0,136,3647.0,143
rb1805,20170921,20170920,210838000,3648.0,31718,390676,1155545940.0,3648.0,18,3647.0,128
rb1805,20170921,20170920,210838500,3648.0,31720,390678,1155618900.0,3648.0,19,3647.0,127
rb1805,20170921,20170920,210839000,3647.0,31724,390678,1155764780.0,3648.0,25,3647.0,125
rb1805,20170921,20170920,210839500,3648.0,31784,390658,1157953560.0,3649.0,143,3648.0,2
rb1805,20170921,20170920,210840000,3648.0,31788,390658,1158099480.0,3648.0,21,3647.0,121
rb1805,20170921,20170920,210840500,3648.0,31788,390658,1158099480.0,3648.0,7,3647.0,121
rb1805,20170921,20170920,210841000,3647.0,31790,390658,1158172420.0,3648.0,7,3647.0,120
rb1805,20170921,20170920,210841500,3648.0,31796,390656,1158391300.0,3648.0,8,3647.0,121
rb1805,20170921,20170920,210842000,3648.0,31798,390656,1158464260.0,3648.0,19,3647.0,122
rb1805,20170921,20170920,210842500,3648.0,31804,390656,1158683140.0,3648.0,17,3647.0,122
rb1805,20170921,20170920,210843000,3647.0,31848,390656,1160287820.0,3648.0,14,3647.0,99
rb1805,20170921,20170920,210843500,3647.0,31848,390656,1160287820.0,3648.0,39,3647.0,100
rb1805,20170921,20170920,210844000,3647.0,31850,390658,1160360760.0,3648.0,32,3647.0,101
rb1805,20170921,20170920,210844500,3647.0,31858,390662,1160652520.0,3648.0,35,3647.0,96
rb1805,20170921,20170920,210845000,3647.0,31872,390672,1161163100.0,3648.0,36,3647.0,98
rb1805,20170921,20170920,210845500,3647.0,31882,390672,1161527800.0,3648.0,37,3647.0,84
rb1805,20170921,20170920,210846000,3647.0,31896,390672,1162038400.0,3648.0,37,3647.0,78
rb1805,20170921,20170920,210846500,3648.0,31900,390674,1162184320.0,3648.0,37,3647.0,94
rb1805,20170921,20170920,210847000,3647.0,31912,390676,1162621960.0,3648.0,37,3647.0,87
rb1805,20170921,20170920,210847500,3647.0,31920,390678,1162913740.0,3648.0,36,3647.0,94
rb1805,20170921,20170920,210848000,3647.0,31956,390712,1164226660.0,3648.0,36,3647.0,73
rb1805,20170921,20170920,210848500,3647.0,31978,390696,1165029020.0,3648.0,22,3647.0,64
rb1805,20170921,20170920,210849000,3647.0,31994,390704,1165612640.0,3648.0,22,3647.0,64
rb1805,20170921,20170920,210849500,3648.0,32040,390718,1167290720.0,3649.0,145,3648.0,1
rb1805,20170921,20170920,210850000,3648.0,32046,390718,1167509620.0,3649.0,138,3648.0,15
rb1805,20170921,20170920,210850500,3648.0,32080,390698,1168750000.0,3649.0,135,3648.0,21
rb1805,20170921,20170920,210851000,3648.0,32100,390678,1169479600.0,3649.0,135,3648.0,31
rb1805,20170921,20170920,210851500,3648.0,32100,390678,1169479600.0,3649.0,135,3648.0,45
rb1805,20170921,20170920,210852000,3648.0,32104,390682,1169625520.0,3649.0,135,3648.0,50
rb1805,20170921,20170920,210852500,3648.0,32116,390676,1170063280.0,3649.0,135,3648.0,50
rb1805,20170921,20170920,210853000,3648.0,32116,390676,1170063280.0,3649.0,136,3648.0,48
rb1805,20170921,20170920,210853500,3648.0,32128,390682,1170501040.0,3649.0,133,3648.0,42
rb1805,20170921,20170920,210854000,3648.0,32134,390688,1170719920.0,3649.0,137,3648.0,42
rb1805,20170921,20170920,210854500,3648.0,32138,390690,1170865840.0,3649.0,141,3648.0,53
rb1805,20170921,20170920,210855000,3648.0,32142,390690,1171011760.0,3649.0,141,3648.0,48
rb1805,20170921,20170920,210855500,3648.0,32146,390694,1171157680.0,3649.0,141,3648.0,46
rb1805,20170921,20170920,210856000,3648.0,32180,390676,1172398000.0,3649.0,144,3648.0,32
rb1805,20170921,20170920,210856500,3648.0,32180,390676,1172398000.0,3649.0,144,3648.0,47
rb1805,20170921,20170920,210857000,3648.0,32180,390676,1172398000.0,3649.0,144,3648.0,32
rb1805,20170921,20170920,210857500,3648.0,32184,390676,1172543920.0,3649.0,144,3648.0,40
rb1805,20170921,20170920,210858000,3649.0,32200,390674,1173127720.0,3649.0,134,3648.0,43
rb1805,20170921,20170920,210858500,3648.0,32220,390672,1173857320.0,3649.0,134,3648.0,43
rb1805,20170921,20170920,210859000,3648.0,32244,390696,1174732840.0,3649.0,134,3648.0,31
rb1805,20170921,20170920,210859500,3648.0,32308,390682,1177067560.0,3648.0,9,3647.0,78
rb1805,20170921,20170920,210900000,3648.0,32314,390680,1177286440.0,3648.0,7,3647.0,78
rb1805,20170921,20170920,210900500,3648.0,32332,390672,1177943100.0,3649.0,133,3648.0,47
rb1805,20170921,20170920,210901000,3648.0,32334,390670,1178016060.0,3649.0,133,3648.0,47
rb1805,20170921,20170920,210901500,3649.0,32354,390656,1178745680.0,3649.0,132,3648.0,54
rb1805,20170921,20170920,210902000,3649.0,32360,390660,1178964600.0,3649.0,131,3648.0,56
rb1805,20170921,20170920,210902500,3649.0,32394,390658,1180205000.0,3649.0,128,3648.0,43
rb1805,20170921,20170920,210903000,3648.0,32402,390658,1180496840.0,3649.0,128,3648.0,40
rb1805,20170921,20170920,210903500,3649.0,32414,390656,1180934620.0,3649.0,127,3648.0,35
rb1805,20170921,20170920,210904000,3649.0,32414,390656,1180934620.0,3649.0,127,3648.0,35
rb1805,20170921,20170920,210904500,3648.0,32416,390654,1181007580.0,3649.0,130,3648.0,34
rb1805,20170921,20170920,210905000,3649.0,32556,390668,1186115780.0,3649.0,84,3648.0,14
rb1805,20170921,20170920,210905500,3650.0,32726,390696,1192319100.0,3650.0,55,3649.0,1
rb1805,20170921,20170920,210906000,3648.0,32758,390718,1193487040.0,3650.0,41,3649.0,5
rb1805,20170921,20170920,210906500,3648.0,32762,390722,1193632960.0,3650.0,41,3649.0,13
rb1805,20170921,20170920,210907000,3650.0,32768,390718,1193851960.0,3650.0,38,3649.0,13
rb1805,20170921,20170920,210907500,3649.0,32770,390718,1193924940.0,3650.0,39,3649.0,12
rb1805,20170921,20170920,210908000,3649.0,32770,390718,1193924940.0,3650.0,39,3649.0,13
rb1805,20170921,20170920,210908500,3649.0,32804,390718,1195165740.0,3650.0,32,3649.0,4
rb1805,20170921,20170920,210909000,3650.0,32808,390720,1195311740.0,3650.0,30,3649.0,4
rb1805,20170921,20170920,210909500,3650.0,32810,390720,1195384740.0,3650.0,35,3649.0,19
rb1805,20170921,20170920,210910000,3650.0,32822,390730,1195822740.0,3650.0,29,3649.0,5
rb1805,20170921,20170920,210910500,3650.0,32824,390730,1195895740.0,3650.0,28,3649.0,10
rb1805,20170921,20170920,210911000,3650.0,32824,390730,1195895740.0,3650.0,30,3649.0,11
rb1805,20170921,20170920,210911500,3650.0,32834,390738,1196260740.0,3650.0,26,3649.0,16
rb1805,20170921,20170920,210912000,3650.0,32834,390738,1196260740.0,3650.0,26,3649.0,17
rb1805,20170921,20170920,210912500,3650.0,32838,390736,1196406740.0,3650.0,25,3649.0,23
rb1805,20170921,20170920,210913000,3650.0,32840,390736,1196479740.0,3650.0,24,3649.0,24
rb1805,20170921,20170920,210913500,3650.0,32840,390736,1196479740.0,3650.0,25,3649.0,24
rb1805,20170921,20170920,210914000,3650.0,32840,390736,1196479740.0,3650.0,25,3649.0,24
rb1805,20170921,20170920,210914500,3650.0,32840,390736,1196479740.0,3650.0,25,3649.0,24
rb1805,20170921,20170920,210915000,3650.0,32842,390734,1196552740.0,3650.0,23,3649.0,24
rb1805,20170921,20170920,210915500,3649.0,32844,390734,1196625720.0,3650.0,40,3649.0,24
rb1805,20170921,20170920,210916000,3649.0,32844,390734,1196625720.0,3650.0,41,3649.0,24
rb1805,20170921,20170920,210916500,3649.0,32846,390736,1196698700.0,3650.0,45,3649.0,23
rb1805,20170921,20170920,210917000,3648.0,32894,390780,1198450200.0,3649.0,87,3648.0,32
rb1805,20170921,20170920,210917500,3648.0,32958,390762,1200784920.0,3648.0,4,3647.0,82
rb1805,20170921,20170920,210918000,3648.0,32968,390758,1201149640.0,3648.0,14,3647.0,96
rb1805,20170921,20170920,210918500,3647.0,32976,390750,1201441400.0,3648.0,17,3647.0,72
rb1805,20170921,20170920,210919000,3648.0,32978,390752,1201514360.0,3648.0,42,3647.0,72
rb1805,20170921,20170920,210919500,3648.0,32984,390758,1201733240.0,3648.0,42,3647.0,73
rb1805,20170921,20170920,210920000,3648.0,32984,390758,1201733240.0,3648.0,42,3647.0,73
rb1805,20170921,20170920,210920500,3647.0,32996,390762,1202170880.0,3648.0,44,3647.0,66
rb1805,20170921,20170920,210921000,3647.0,33014,390748,1202827340.0,3648.0,44,3647.0,77
rb1805,20170921,20170920,210921500,3648.0,33026,390744,1203265080.0,3648.0,44,3647.0,75
rb1805,20170921,20170920,210922000,3648.0,33034,390742,1203556900.0,3648.0,41,3647.0,54
rb1805,20170921,20170920,210922500,3647.0,33038,390742,1203702780.0,3648.0,44,3647.0,52
rb1805,20170921,20170920,210923000,3647.0,33048,390746,1204067480.0,3648.0,44,3647.0,47
rb1805,20170921,20170920,210923500,3647.0,33054,390750,1204286340.0,3648.0,43,3647.0,46
rb1805,20170921,20170920,210924000,3647.0,33064,390752,1204651040.0,3648.0,45,3647.0,41
rb1805,20170921,20170920,210924500,3647.0,33070,390758,1204869860.0,3648.0,45,3647.0,43
rb1805,20170921,20170920,210925000,3647.0,33144,390746,1207568640.0,3648.0,45,3647.0,6
rb1805,20170921,20170920,210925500,3647.0,33156,390756,1208006280.0,3647.0,29,3646.0,85
rb1805,20170921,20170920,210926000,3646.0,33162,390756,1208225080.0,3647.0,14,3646.0,107
rb1805,20170921,20170920,210926500,3646.0,33200,390730,1209610580.0,3647.0,31,3646.0,89
rb1805,20170921,20170920,210927000,3647.0,33206,390732,1209829380.0,3647.0,29,3646.0,89
rb1805,20170921,20170920,210927500,3646.0,33212,390734,1210048140.0,3647.0,27,3646.0,86
rb1805,20170921,20170920,210928000,3646.0,33212,390734,1210048140.0,3647.0,27,3646.0,91
rb1805,20170921,20170920,210928500,3646.0,33218,390740,1210266900.0,3647.0,23,3646.0,88
rb1805,20170921,20170920,210929000,3647.0,33222,390742,1210412760.0,3647.0,23,3646.0,89
rb1805,20170921,20170920,210929500,3647.0,33222,390742,1210412760.0,3647.0,23,3646.0,89
rb1805,20170921,20170920,210930000,3646.0,33278,390754,1212454520.0,3647.0,28,3646.0,62
rb1805,20170921,20170920,210930500,3646.0,33278,390754,1212454520.0,3647.0,55,3646.0,62
rb1805,20170921,20170920,210931000,3647.0,33294,390762,1213037940.0,3647.0,52,3646.0,57
rb1805,20170921,20170920,210931500,3646.0,33302,390762,1213329620.0,3647.0,52,3646.0,48
rb1805,20170921,20170920,210932000,3646.0,33342,390768,1214788220.0,3647.0,43,3646.0,39
rb1805,20170921,20170920,210932500,3647.0,33360,390770,1215444680.0,3647.0,34,3646.0,52
rb1805,20170921,20170920,210933000,3647.0,33378,390774,1216101020.0,3647.0,31,3646.0,46
rb1805,20170921,20170920,210933500,3646.0,33476,390838,1219674120.0,3647.0,31,3646.0,1
