instrument,tradingday,calendarday,time,lastp,volume,openinterest,turnover,ask1,asksz1,bid1,bidsz1
rb1805,20170920,20170919,183216500,3620.0,0,386120,0.0,0.0,0,0.0,0
rb1805,20170920,20170919,205900500,3618.0,430,385972,15557400.0,3619.0,1,3618.0,28
rb1805,20170920,20170919,210000500,3619.0,656,385932,23736580.0,3620.0,74,3619.0,166
rb1805,20170920,20170919,210001000,3619.0,1248,386084,45160460.0,3619.0,49,3617.0,1
rb1805,20170920,20170919,210001500,3617.0,1564,386232,56598560.0,3617.0,17,3616.0,1
rb1805,20170920,20170919,210002000,3617.0,1644,386220,59492040.0,3618.0,83,3617.0,1
rb1805,20170920,20170919,210002500,3617.0,1768,386204,63976200.0,3617.0,49,3615.0,97
rb1805,20170920,20170919,210003000,3615.0,1836,386202,66435140.0,3617.0,21,3615.0,87
rb1805,20170920,20170919,210003500,3618.0,1968,386196,71209260.0,3618.0,73,3617.0,1
rb1805,20170920,20170919,210004000,3619.0,2168,386220,78445280.0,3619.0,39,3618.0,2
rb1805,20170920,20170919,210004500,3619.0,2272,386232,82207800.0,3619.0,63,3618.0,5
rb1805,20170920,20170919,210005000,3618.0,2356,386260,85247300.0,3619.0,21,3618.0,2
rb1805,20170920,20170919,210005500,3617.0,2410,386274,87200980.0,3618.0,40,3617.0,4
rb1805,20170920,20170919,210006000,3618.0,2506,386334,90673620.0,3617.0,1,3615.0,118
rb1805,20170920,20170919,210006500,3617.0,2552,386358,92337380.0,3618.0,38,3616.0,8
rb1805,20170920,20170919,210007000,3616.0,2632,386406,95230340.0,3616.0,73,3615.0,113
rb1805,20170920,20170919,210007500,3616.0,2892,386428,104629900.0,3616.0,45,3615.0,9
rb1805,20170920,20170919,210008000,3615.0,2994,386448,108317940.0,3615.0,8,3614.0,75
rb1805,20170920,20170919,210008500,3616.0,3114,386400,112657060.0,3618.0,38,3616.0,17
rb1805,20170920,20170919,210009000,3618.0,3148,386398,113886540.0,3618.0,31,3617.0,17
rb1805,20170920,20170919,210009500,3617.0,3228,386406,116780740.0,3619.0,38,3617.0,14
rb1805,20170920,20170919,210010000,3619.0,3258,386420,117866240.0,3619.0,21,3617.0,19
rb1805,20170920,20170919,210010500,3619.0,3296,386406,119241120.0,3619.0,23,3617.0,15
rb1805,20170920,20170919,210011000,3617.0,3324,386404,120254080.0,3619.0,30,3617.0,9
rb1805,20170920,20170919,210011500,3619.0,3338,386418,120760660.0,3619.0,23,3618.0,1
rb1805,20170920,20170919,210012000,3618.0,3352,386418,121267300.0,3619.0,28,3617.0,19
rb1805,20170920,20170919,210012500,3619.0,3358,386420,121484400.0,3619.0,26,3618.0,14
rb1805,20170920,20170919,210013000,3619.0,3372,386422,121991040.0,3619.0,19,3618.0,13
rb1805,20170920,20170919,210013500,3618.0,3408,386436,123293480.0,3618.0,38,3617.0,87
rb1805,20170920,20170919,210014000,3618.0,3488,386478,126187260.0,3618.0,33,3617.0,58
rb1805,20170920,20170919,210014500,3619.0,3576,386428,129371220.0,3619.0,22,3618.0,34
rb1805,20170920,20170919,210015000,3619.0,3606,386426,130456800.0,3620.0,7,3619.0,2
rb1805,20170920,20170919,210015500,3619.0,3628,386416,131253000.0,3620.0,23,3618.0,37
rb1805,20170920,20170919,210016000,3619.0,3662,386432,132483620.0,3620.0,18,3619.0,1
rb1805,20170920,20170919,210016500,3620.0,3702,386462,133931260.0,3619.0,10,3618.0,41
rb1805,20170920,20170919,210017000,3618.0,3748,386476,135595800.0,3619.0,4,3618.0,37
rb1805,20170920,20170919,210017500,3620.0,3784,386494,136898920.0,3621.0,1,3620.0,5
rb1805,20170920,20170919,210018000,3619.0,3804,386490,137622820.0,3619.0,21,3618.0,45
rb1805,20170920,20170919,210018500,3619.0,3852,386500,139359940.0,3619.0,14,3618.0,35
rb1805,20170920,20170919,210019000,3618.0,3886,386506,140590180.0,3619.0,19,3618.0,29
rb1805,20170920,20170919,210019500,3619.0,3922,386518,141893000.0,3619.0,13,3618.0,24
rb1805,20170920,20170919,210020000,3619.0,3986,386526,144208880.0,3620.0,5,3619.0,88
rb1805,20170920,20170919,210020500,3619.0,4202,386532,152025920.0,3620.0,10,3619.0,102
rb1805,20170920,20170919,210021000,3618.0,4448,386686,160928220.0,3618.0,12,3617.0,63
rb1805,20170920,20170919,210021500,3617.0,4494,386704,162592140.0,3618.0,15,3617.0,45
rb1805,20170920,20170919,210022000,3617.0,4602,386762,166498500.0,3617.0,22,3616.0,21
rb1805,20170920,20170919,210022500,3617.0,4652,386768,168306900.0,3617.0,16,3616.0,28
rb1805,20170920,20170919,210023000,3616.0,4754,386768,171995560.0,3616.0,4,3615.0,179
rb1805,20170920,20170919,210023500,3616.0,4774,386764,172718800.0,3617.0,7,3616.0,35
rb1805,20170920,20170919,210024000,3616.0,4870,386802,176190300.0,3616.0,72,3615.0,179
rb1805,20170920,20170919,210024500,3616.0,5000,386894,180891100.0,3616.0,7,3615.0,179
rb1805,20170920,20170919,210025000,3616.0,5040,386908,182337540.0,3617.0,6,3616.0,81
rb1805,20170920,20170919,210025500,3617.0,5054,386908,182844040.0,3618.0,8,3617.0,13
rb1805,20170920,20170919,210026000,3617.0,5054,386908,182844040.0,3618.0,4,3617.0,24
rb1805,20170920,20170919,210026500,3617.0,5068,386900,183350420.0,3618.0,21,3617.0,43
rb1805,20170920,20170919,210027000,3618.0,5104,386868,184652900.0,3619.0,6,3618.0,42
rb1805,20170920,20170919,210027500,3617.0,5178,386816,187330140.0,3618.0,1,3617.0,34
rb1805,20170920,20170919,210028000,3617.0,5188,386810,187691880.0,3618.0,9,3617.0,40
rb1805,20170920,20170919,210028500,3618.0,5204,386806,188270760.0,3619.0,6,3618.0,43
rb1805,20170920,20170919,210029000,3620.0,5218,386806,188777440.0,3620.0,42,3619.0,11
rb1805,20170920,20170919,210029500,3618.0,5248,386814,189863100.0,3619.0,7,3618.0,79
rb1805,20170920,20170919,210030000,3618.0,5366,386910,194132680.0,3620.0,49,3618.0,38
rb1805,20170920,20170919,210030500,3619.0,5368,386908,194205060.0,3619.0,26,3618.0,42
rb1805,20170920,20170919,210031000,3618.0,5372,386910,194349800.0,3619.0,46,3618.0,48
rb1805,20170920,20170919,210031500,3618.0,5486,386946,198474260.0,3618.0,52,3617.0,45
rb1805,20170920,20170919,210032000,3618.0,5530,386944,200065860.0,3618.0,87,3617.0,89
rb1805,20170920,20170919,210032500,3618.0,5542,386936,200500000.0,3618.0,41,3617.0,88
rb1805,20170920,20170919,210033000,3618.0,5568,386926,201440580.0,3618.0,22,3617.0,83
rb1805,20170920,20170919,210033500,3618.0,5578,386928,201802360.0,3618.0,26,3617.0,83
rb1805,20170920,20170919,210034000,3618.0,5610,386918,202960080.0,3618.0,13,3617.0,84
rb1805,20170920,20170919,210034500,3618.0,5690,386932,205854480.0,3619.0,47,3618.0,59
rb1805,20170920,20170919,210035000,3619.0,5714,386928,206723020.0,3619.0,37,3618.0,47
rb1805,20170920,20170919,210035500,3618.0,5720,386924,206940100.0,3619.0,37,3618.0,45
rb1805,20170920,20170919,210036000,3618.0,5864,386972,212149720.0,3618.0,26,3617.0,71
rb1805,20170920,20170919,210036500,3618.0,5960,386894,215622960.0,3619.0,58,3618.0,257
rb1805,20170920,20170919,210037000,3618.0,6192,386808,224016740.0,3619.0,71,3618.0,148
rb1805,20170920,20170919,210037500,3619.0,6234,386808,225536320.0,3619.0,57,3618.0,124
rb1805,20170920,20170919,210038000,3618.0,6436,386714,232844700.0,3619.0,61,3618.0,25
rb1805,20170920,20170919,210038500,3619.0,6510,386664,235522040.0,3619.0,60,3617.0,70
rb1805,20170920,20170919,210039000,3619.0,6530,386660,236245720.0,3619.0,75,3618.0,94
rb1805,20170920,20170919,210039500,3618.0,6726,386674,243336980.0,3618.0,9,3617.0,69
rb1805,20170920,20170919,210040000,3617.0,7448,386784,269442740.0,3618.0,50,3614.0,79
rb1805,20170920,20170919,210040500,3615.0,7584,386774,274359500.0,3617.0,76,3615.0,10
rb1805,20170920,20170919,210041000,3616.0,7678,386720,277758480.0,3616.0,16,3615.0,38
rb1805,20170920,20170919,210041500,3616.0,7764,386752,280867400.0,3616.0,9,3615.0,5
rb1805,20170920,20170919,210042000,3616.0,7766,386754,280939720.0,3616.0,11,3615.0,5
rb1805,20170920,20170919,210042500,3615.0,7778,386748,281373560.0,3616.0,42,3615.0,1
rb1805,20170920,20170919,210043000,3614.0,7786,386754,281662720.0,3615.0,28,3614.0,105
rb1805,20170920,20170919,210043500,3614.0,7814,386768,282674740.0,3615.0,24,3614.0,96
rb1805,20170920,20170919,210044000,3615.0,7890,386788,285421520.0,3615.0,17,3614.0,65
rb1805,20170920,20170919,210044500,3615.0,8028,386918,290408920.0,3615.0,32,3613.0,47
rb1805,20170920,20170919,210045000,3615.0,8036,386922,290698080.0,3615.0,8,3614.0,16
rb1805,20170920,20170919,210045500,3615.0,8068,386910,291854880.0,3615.0,2,3614.0,26
rb1805,20170920,20170919,210046000,3615.0,8132,386966,294168480.0,3616.0,12,3615.0,16
rb1805,20170920,20170919,210046500,3616.0,8158,386952,295108640.0,3617.0,12,3616.0,40
rb1805,20170920,20170919,210047000,3616.0,8200,386972,296627360.0,3617.0,24,3616.0,17
rb1805,20170920,20170919,210047500,3615.0,8234,386996,297856780.0,3617.0,13,3615.0,54
rb1805,20170920,20170919,210048000,3617.0,8240,386992,298073720.0,3617.0,14,3616.0,7
rb1805,20170920,20170919,210048500,3616.0,8320,386986,300965980.0,3616.0,54,3615.0,20
rb1805,20170920,20170919,210049000,3615.0,8340,387004,301689000.0,3616.0,61,3615.0,11
rb1805,20170920,20170919,210049500,3616.0,8344,387004,301833640.0,3616.0,31,3615.0,33
rb1805,20170920,20170919,210050000,3616.0,8376,387030,302990480.0,3616.0,12,3615.0,31
rb1805,20170920,20170919,210050500,3616.0,8448,387072,305593400.0,3616.0,11,3615.0,2
rb1805,20170920,20170919,210051000,3615.0,8450,387072,305665700.0,3616.0,11,3615.0,9
rb1805,20170920,20170919,210051500,3616.0,8472,387064,306461220.0,3617.0,15,3616.0,48
rb1805,20170920,20170919,210052000,3616.0,8484,387060,306895240.0,3617.0,10,3616.0,51
rb1805,20170920,20170919,210052500,3616.0,8492,387060,307184540.0,3617.0,10,3616.0,50
rb1805,20170920,20170919,210053000,3617.0,8516,387062,308052420.0,3617.0,8,3616.0,42
rb1805,20170920,20170919,210053500,3616.0,8538,387054,308848140.0,3618.0,34,3616.0,41
rb1805,20170920,20170919,210054000,3616.0,8540,387052,308920460.0,3618.0,41,3616.0,40
rb1805,20170920,20170919,210054500,3616.0,8562,387052,309715980.0,3618.0,41,3616.0,30
rb1805,20170920,20170919,210055000,3618.0,8564,387052,309788340.0,3618.0,51,3616.0,37
rb1805,20170920,20170919,210055500,3618.0,8568,387052,309933020.0,3618.0,44,3616.0,56
rb1805,20170920,20170919,210056000,3616.0,8572,387052,310077660.0,3618.0,47,3617.0,1
rb1805,20170920,20170919,210056500,3617.0,8578,387050,310294680.0,3617.0,40,3616.0,62
rb1805,20170920,20170919,210057000,3617.0,8662,387124,313333020.0,3618.0,43,3617.0,5
rb1805,20170920,20170919,210057500,3617.0,8668,387130,313550040.0,3618.0,38,3617.0,1
rb1805,20170920,20170919,210058000,3617.0,8680,387126,313984060.0,3618.0,47,3616.0,62
rb1805,20170920,20170919,210058500,3617.0,8684,387130,314128740.0,3618.0,47,3617.0,5
rb1805,20170920,20170919,210059000,3617.0,8690,387134,314345780.0,3618.0,47,3617.0,5
rb1805,20170920,20170919,210059500,3617.0,8702,387146,314779840.0,3618.0,45,3616.0,57
rb1805,20170920,20170919,210100000,3617.0,8704,387146,314852180.0,3618.0,36,3617.0,16
rb1805,20170920,20170919,210100500,3618.0,8720,387156,315430960.0,3618.0,30,3617.0,18
rb1805,20170920,20170919,210101000,3617.0,8722,387158,315503300.0,3618.0,38,3617.0,13
rb1805,20170920,20170919,210101500,3618.0,8812,387174,318758720.0,3618.0,44,3617.0,89
rb1805,20170920,20170919,210102000,3618.0,8812,387174,318758720.0,3618.0,31,3617.0,90
rb1805,20170920,20170919,210102500,3618.0,8844,387196,319916180.0,3618.0,30,3617.0,76
rb1805,20170920,20170919,210103000,3618.0,8858,387198,320422700.0,3618.0,21,3617.0,77
rb1805,20170920,20170919,210103500,3617.0,8884,387196,321363140.0,3618.0,24,3617.0,66
rb1805,20170920,20170919,210104000,3618.0,8944,387214,323533940.0,3619.0,92,3618.0,23
rb1805,20170920,20170919,210104500,3618.0,9020,387246,326283740.0,3618.0,1,3617.0,66
rb1805,20170920,20170919,210105000,3619.0,9026,387246,326500860.0,3619.0,84,3618.0,32
rb1805,20170920,20170919,210105500,3618.0,9028,387248,326573220.0,3619.0,84,3618.0,36
rb1805,20170920,20170919,210106000,3619.0,9116,387284,329757940.0,3619.0,39,3618.0,37
rb1805,20170920,20170919,210106500,3619.0,9198,387318,332725520.0,3620.0,49,3619.0,24
rb1805,20170920,20170919,210107000,3619.0,9208,387326,333087420.0,3620.0,50,3619.0,23
rb1805,20170920,20170919,210107500,3620.0,9292,387384,336128220.0,3620.0,8,3619.0,66
rb1805,20170920,20170919,210108000,3619.0,9410,387438,340400120.0,3622.0,34,3620.0,9
rb1805,20170920,20170919,210108500,3622.0,9494,387404,343442140.0,3623.0,28,3620.0,13
rb1805,20170920,20170919,210109000,3624.0,9608,387338,347572780.0,3625.0,61,3623.0,1
rb1805,20170920,20170919,210109500,3623.0,9712,387320,351340640.0,3623.0,32,3622.0,10
rb1805,20170920,20170919,210110000,3622.0,9760,387358,353079160.0,3622.0,10,3620.0,61
rb1805,20170920,20170919,210110500,3620.0,9788,387364,354092860.0,3622.0,22,3620.0,51
rb1805,20170920,20170919,210111000,3620.0,9838,387346,355903340.0,3622.0,25,3620.0,39
rb1805,20170920,20170919,210111500,3622.0,9856,387348,356555300.0,3622.0,16,3620.0,39
rb1805,20170920,20170919,210112000,3620.0,9858,387348,356627700.0,3622.0,17,3620.0,40
rb1805,20170920,20170919,210112500,3620.0,9910,387354,358510100.0,3622.0,20,3620.0,16
rb1805,20170920,20170919,210113000,3622.0,9922,387350,358944740.0,3622.0,18,3620.0,20
rb1805,20170920,20170919,210113500,3622.0,9934,387338,359379380.0,3622.0,17,3620.0,30
rb1805,20170920,20170919,210114000,3622.0,9948,387334,359886420.0,3622.0,11,3620.0,29
rb1805,20170920,20170919,210114500,3623.0,9960,387334,360321080.0,3623.0,19,3621.0,45
rb1805,20170920,20170919,210115000,3622.0,9962,387334,360393520.0,3622.0,9,3621.0,55
rb1805,20170920,20170919,210115500,3621.0,9988,387316,361335180.0,3623.0,18,3622.0,8
rb1805,20170920,20170919,210116000,3622.0,10030,387310,362856500.0,3622.0,57,3621.0,53
rb1805,20170920,20170919,210116500,3622.0,10036,387310,363073800.0,3622.0,61,3621.0,12
rb1805,20170920,20170919,210117000,3623.0,10168,387256,367854880.0,3623.0,30,3621.0,17
rb1805,20170920,20170919,210117500,3622.0,10174,387262,368072200.0,3623.0,30,3622.0,8
rb1805,20170920,20170919,210118000,3623.0,10262,387202,371260500.0,3624.0,141,3623.0,10
rb1805,20170920,20170919,210118500,3624.0,10342,387182,374159700.0,3624.0,95,3623.0,30
rb1805,20170920,20170919,210119000,3623.0,10580,387384,382784400.0,3624.0,7,3623.0,21
rb1805,20170920,20170919,210119500,3624.0,10604,387374,383654060.0,3625.0,99,3624.0,4
rb1805,20170920,20170919,210120000,3624.0,10628,387364,384523760.0,3624.0,18,3623.0,28
rb1805,20170920,20170919,210120500,3624.0,10676,387358,386263240.0,3624.0,14,3623.0,29
rb1805,20170920,20170919,210121000,3624.0,10762,387328,389379460.0,3624.0,32,3623.0,9
rb1805,20170920,20170919,210121500,3623.0,10788,387304,390321520.0,3623.0,37,3622.0,63
rb1805,20170920,20170919,210122000,3623.0,10876,387276,393509200.0,3623.0,33,3622.0,17
rb1805,20170920,20170919,210122500,3623.0,10894,387276,394161340.0,3623.0,36,3622.0,27
rb1805,20170920,20170919,210123000,3622.0,10952,387278,396262340.0,3623.0,31,3622.0,12
rb1805,20170920,20170919,210123500,3623.0,10976,387280,397131860.0,3623.0,29,3622.0,12
rb1805,20170920,20170919,210124000,3623.0,11004,387258,398146280.0,3623.0,9,3622.0,13
rb1805,20170920,20170919,210124500,3623.0,11122,387174,402422380.0,3625.0,111,3623.0,108
rb1805,20170920,20170919,210125000,3623.0,11134,387186,402857140.0,3624.0,1,3623.0,84
rb1805,20170920,20170919,210125500,3625.0,11192,387172,404959280.0,3625.0,97,3623.0,70
rb1805,20170920,20170919,210126000,3624.0,11260,387152,407424240.0,3625.0,69,3623.0,69
rb1805,20170920,20170919,210126500,3623.0,11264,387154,407569180.0,3624.0,5,3623.0,72
rb1805,20170920,20170919,210127000,3624.0,11284,387160,408294000.0,3625.0,86,3624.0,11
rb1805,20170920,20170919,210127500,3624.0,11326,387186,409815960.0,3624.0,23,3623.0,58
rb1805,20170920,20170919,210128000,3624.0,11330,387190,409960920.0,3624.0,7,3623.0,21
rb1805,20170920,20170919,210128500,3623.0,11338,387192,410250800.0,3624.0,15,3623.0,19
rb1805,20170920,20170919,210129000,3624.0,11364,387208,411192980.0,3624.0,47,3623.0,16
rb1805,20170920,20170919,210129500,3623.0,11458,387262,414598600.0,3624.0,56,3622.0,87
rb1805,20170920,20170919,210130000,3624.0,11462,387264,414743560.0,3624.0,55,3622.0,87
rb1805,20170920,20170919,210130500,3623.0,11468,387266,414960960.0,3624.0,56,3622.0,87
rb1805,20170920,20170919,210131000,3624.0,11516,387240,416700440.0,3624.0,35,3622.0,87
rb1805,20170920,20170919,210131500,3624.0,11518,387240,416772920.0,3624.0,42,3623.0,18
rb1805,20170920,20170919,210132000,3623.0,11522,387236,416917840.0,3624.0,54,3623.0,49
rb1805,20170920,20170919,210132500,3624.0,11542,387234,417642620.0,3624.0,38,3623.0,53
rb1805,20170920,20170919,210133000,3623.0,11548,387234,417860040.0,3624.0,42,3623.0,52
rb1805,20170920,20170919,210133500,3624.0,11556,387234,418149960.0,3624.0,45,3623.0,57
rb1805,20170920,20170919,210134000,3623.0,11572,387228,418729700.0,3624.0,44,3623.0,49
rb1805,20170920,20170919,210134500,3623.0,11608,387234,420033980.0,3624.0,44,3623.0,31
rb1805,20170920,20170919,210135000,3624.0,11630,387234,420831080.0,3624.0,43,3623.0,22
rb1805,20170920,20170919,210135500,3623.0,11676,387250,422497660.0,3623.0,40,3622.0,73
rb1805,20170920,20170919,210136000,3623.0,11686,387258,422859960.0,3623.0,42,3622.0,52
rb1805,20170920,20170919,210136500,3623.0,11694,387266,423149800.0,3623.0,42,3622.0,82
rb1805,20170920,20170919,210137000,3623.0,11698,387268,423294720.0,3623.0,60,3622.0,52
rb1805,20170920,20170919,210137500,3623.0,11698,387268,423294720.0,3623.0,57,3622.0,62
rb1805,20170920,20170919,210138000,3623.0,11750,387300,425178680.0,3623.0,19,3622.0,62
rb1805,20170920,20170919,210138500,3623.0,11800,387296,426990200.0,3624.0,48,3623.0,17
rb1805,20170920,20170919,210139000,3623.0,11810,387294,427352500.0,3624.0,42,3623.0,21
rb1805,20170920,20170919,210139500,3624.0,11822,387288,427787280.0,3624.0,41,3623.0,17
rb1805,20170920,20170919,210140000,3624.0,11842,387298,428511940.0,3624.0,38,3623.0,16
rb1805,20170920,20170919,210140500,3624.0,11922,387276,431410500.0,3624.0,32,3623.0,31
rb1805,20170920,20170919,210141000,3624.0,11924,387274,431482980.0,3624.0,32,3623.0,48
rb1805,20170920,20170919,210141500,3624.0,11932,387276,431772900.0,3624.0,29,3623.0,45
rb1805,20170920,20170919,210142000,3623.0,11942,387272,432135280.0,3624.0,25,3623.0,40
rb1805,20170920,20170919,210142500,3624.0,11956,387284,432642600.0,3624.0,20,3623.0,38
rb1805,20170920,20170919,210143000,3624.0,11960,387286,432787560.0,3624.0,18,3623.0,37
rb1805,20170920,20170919,210143500,3624.0,11962,387288,432860040.0,3624.0,23,3623.0,60
rb1805,20170920,20170919,210144000,3623.0,12082,387368,437208260.0,3625.0,141,3623.0,31
rb1805,20170920,20170919,210144500,3623.0,12112,387374,438295180.0,3624.0,15,3623.0,20
rb1805,20170920,20170919,210145000,3623.0,12316,387336,445686100.0,3623.0,11,3622.0,65
rb1805,20170920,20170919,210145500,3623.0,12330,387336,446193320.0,3623.0,60,3622.0,65
rb1805,20170920,20170919,210146000,3623.0,12446,387232,450396000.0,3623.0,2,3622.0,65
rb1805,20170920,20170919,210146500,3623.0,12458,387230,450830760.0,3623.0,8,3622.0,65
rb1805,20170920,20170919,210147000,3623.0,12474,387218,451410440.0,3624.0,61,3623.0,16
rb1805,20170920,20170919,210147500,3624.0,12480,387218,451627840.0,3624.0,18,3623.0,20
rb1805,20170920,20170919,210148000,3623.0,12500,387202,452352440.0,3624.0,33,3623.0,7
rb1805,20170920,20170919,210148500,3623.0,12510,387204,452714740.0,3624.0,33,3623.0,3
rb1805,20170920,20170919,210149000,3624.0,12606,387148,456193780.0,3625.0,143,3624.0,3
rb1805,20170920,20170919,210149500,3624.0,12612,387150,456411220.0,3624.0,19,3623.0,9
rb1805,20170920,20170919,210150000,3624.0,12612,387150,456411220.0,3624.0,44,3623.0,15
rb1805,20170920,20170919,210150500,3623.0,12614,387152,456483680.0,3624.0,65,3623.0,10
rb1805,20170920,20170919,210151000,3624.0,12624,387150,456846080.0,3624.0,60,3623.0,10
rb1805,20170920,20170919,210151500,3624.0,12632,387146,457136000.0,3624.0,67,3623.0,16
rb1805,20170920,20170919,210152000,3624.0,12632,387146,457136000.0,3624.0,72,3623.0,16
rb1805,20170920,20170919,210152500,3623.0,12634,387146,457208460.0,3624.0,76,3623.0,15
rb1805,20170920,20170919,210153000,3624.0,12636,387146,457280940.0,3624.0,77,3623.0,16
rb1805,20170920,20170919,210153500,3624.0,12640,387146,457425900.0,3624.0,72,3623.0,17
rb1805,20170920,20170919,210154000,3623.0,12666,387140,458368000.0,3624.0,69,3623.0,10
rb1805,20170920,20170919,210154500,3624.0,12690,387136,459237560.0,3624.0,68,3622.0,75
rb1805,20170920,20170919,210155000,3624.0,12690,387136,459237560.0,3624.0,68,3623.0,1
rb1805,20170920,20170919,210155500,3623.0,12694,387134,459382480.0,3623.0,5,3622.0,76
rb1805,20170920,20170919,210156000,3623.0,12694,387134,459382480.0,3623.0,18,3622.0,74
rb1805,20170920,20170919,210156500,3622.0,12734,387148,460831660.0,3623.0,19,3622.0,75
rb1805,20170920,20170919,210157000,3623.0,12748,387154,461338760.0,3623.0,32,3622.0,70
rb1805,20170920,20170919,210157500,3622.0,12904,387180,466989080.0,3622.0,35,3621.0,41
rb1805,20170920,20170919,210158000,3622.0,12906,387182,467061520.0,3622.0,35,3621.0,33
rb1805,20170920,20170919,210158500,3622.0,12920,387190,467568480.0,3622.0,40,3621.0,27
rb1805,20170920,20170919,210159000,3622.0,12946,387202,468510080.0,3622.0,39,3621.0,21
rb1805,20170920,20170919,210159500,3622.0,12946,387202,468510080.0,3622.0,39,3621.0,22
rb1805,20170920,20170919,210200000,3622.0,12946,387202,468510080.0,3622.0,35,3621.0,27
rb1805,20170920,20170919,210200500,3621.0,12960,387206,469017100.0,3622.0,29,3621.0,33
rb1805,20170920,20170919,210201000,3621.0,12970,387202,469379200.0,3622.0,29,3621.0,32
rb1805,20170920,20170919,210201500,3622.0,12972,387204,469451640.0,3622.0,28,3621.0,33
rb1805,20170920,20170919,210202000,3622.0,12972,387204,469451640.0,3622.0,28,3621.0,27
rb1805,20170920,20170919,210202500,3621.0,12988,387208,470031040.0,3622.0,30,3621.0,20
rb1805,20170920,20170919,210203000,3621.0,13010,387194,470827660.0,3622.0,31,3621.0,16
rb1805,20170920,20170919,210203500,3621.0,13010,387194,470827660.0,3622.0,34,3621.0,10
rb1805,20170920,20170919,210204000,3621.0,13032,387212,471624280.0,3622.0,34,3620.0,93
rb1805,20170920,20170919,210204500,3621.0,13032,387212,471624280.0,3622.0,34,3621.0,2
rb1805,20170920,20170919,210205000,3621.0,13032,387212,471624280.0,3622.0,34,3621.0,2
rb1805,20170920,20170919,210205500,3621.0,13036,387212,471769120.0,3622.0,39,3620.0,97
rb1805,20170920,20170919,210206000,3620.0,13040,387214,471913920.0,3621.0,4,3620.0,92
rb1805,20170920,20170919,210206500,3620.0,13046,387210,472131160.0,3621.0,16,3620.0,93
rb1805,20170920,20170919,210207000,3620.0,13122,387230,474882380.0,3621.0,19,3620.0,58
rb1805,20170920,20170919,210207500,3621.0,13124,387232,474954800.0,3621.0,24,3620.0,58
rb1805,20170920,20170919,210208000,3620.0,13132,387240,475244400.0,3621.0,25,3620.0,53
rb1805,20170920,20170919,210208500,3621.0,13190,387280,477344540.0,3622.0,40,3621.0,73
rb1805,20170920,20170919,210209000,3622.0,13226,387296,478648120.0,3622.0,39,3621.0,56
rb1805,20170920,20170919,210209500,3621.0,13230,387296,478792960.0,3622.0,43,3621.0,54
rb1805,20170920,20170919,210210000,3621.0,13344,387304,482920900.0,3621.0,46,3620.0,48
rb1805,20170920,20170919,210210500,3620.0,13442,387284,486468500.0,3620.0,37,3619.0,26
rb1805,20170920,20170919,210211000,3620.0,13472,387310,487554220.0,3620.0,54,3619.0,11
rb1805,20170920,20170919,210211500,3620.0,13498,387332,488495200.0,3620.0,67,3618.0,85
rb1805,20170920,20170919,210212000,3618.0,13526,387326,489508760.0,3619.0,31,3618.0,77
rb1805,20170920,20170919,210212500,3619.0,13550,387342,490377140.0,3619.0,46,3618.0,65
rb1805,20170920,20170919,210213000,3619.0,13626,387368,493127440.0,3619.0,9,3618.0,63
rb1805,20170920,20170919,210213500,3618.0,13658,387372,494285460.0,3619.0,3,3618.0,62
rb1805,20170920,20170919,210214000,3619.0,13678,387372,495009220.0,3619.0,35,3618.0,63
rb1805,20170920,20170919,210214500,3619.0,13678,387372,495009220.0,3619.0,35,3618.0,63
rb1805,20170920,20170919,210215000,3619.0,13728,387388,496818340.0,3619.0,29,3618.0,44
rb1805,20170920,20170919,210215500,3619.0,13732,387392,496963100.0,3619.0,27,3618.0,46
rb1805,20170920,20170919,210216000,3618.0,13866,387492,501811620.0,3618.0,6,3617.0,86
rb1805,20170920,20170919,210216500,3618.0,13880,387490,502318140.0,3619.0,8,3618.0,8
rb1805,20170920,20170919,210217000,3618.0,13898,387494,502969380.0,3618.0,3,3617.0,87
rb1805,20170920,20170919,210217500,3619.0,13944,387522,504633980.0,3620.0,24,3619.0,14
rb1805,20170920,20170919,210218000,3619.0,13946,387524,504706360.0,3620.0,24,3619.0,24
rb1805,20170920,20170919,210218500,3619.0,13948,387526,504778740.0,3620.0,30,3619.0,23
rb1805,20170920,20170919,210219000,3619.0,13956,387534,505068260.0,3620.0,26,3619.0,31
rb1805,20170920,20170919,210219500,3619.0,13982,387544,506009220.0,3620.0,17,3619.0,24
rb1805,20170920,20170919,210220000,3619.0,13988,387546,506226360.0,3620.0,18,3619.0,20
rb1805,20170920,20170919,210220500,3619.0,13990,387548,506298740.0,3620.0,18,3619.0,28
rb1805,20170920,20170919,210221000,3619.0,13992,387548,506371120.0,3620.0,18,3619.0,19
rb1805,20170920,20170919,210221500,3619.0,14010,387532,507022540.0,3620.0,18,3619.0,15
rb1805,20170920,20170919,210222000,3620.0,14072,387566,509266540.0,3620.0,7,3619.0,5
rb1805,20170920,20170919,210222500,3619.0,14094,387572,510062720.0,3620.0,15,3619.0,2
rb1805,20170920,20170919,210223000,3620.0,14098,387572,510207500.0,3620.0,17,3619.0,2
rb1805,20170920,20170919,210223500,3620.0,14098,387572,510207500.0,3620.0,24,3619.0,9
rb1805,20170920,20170919,210224000,3620.0,14100,387574,510279900.0,3620.0,23,3619.0,9
rb1805,20170920,20170919,210224500,3620.0,14128,387588,511293440.0,3620.0,10,3619.0,12
rb1805,20170920,20170919,210225000,3620.0,14140,387590,511727740.0,3620.0,8,3619.0,7
rb1805,20170920,20170919,210225500,3620.0,14140,387590,511727740.0,3620.0,13,3619.0,2
rb1805,20170920,20170919,210226000,3620.0,14150,387590,512089700.0,3620.0,14,3619.0,2
rb1805,20170920,20170919,210226500,3619.0,14170,387590,512813500.0,3619.0,5,3618.0,50
rb1805,20170920,20170919,210227000,3619.0,14172,387592,512885880.0,3619.0,6,3618.0,51
rb1805,20170920,20170919,210227500,3619.0,14176,387596,513030640.0,3619.0,5,3618.0,51
rb1805,20170920,20170919,210228000,3619.0,14178,387598,513103020.0,3619.0,5,3618.0,52
rb1805,20170920,20170919,210228500,3619.0,14204,387614,514043860.0,3619.0,1,3618.0,47
rb1805,20170920,20170919,210229000,3619.0,14222,387624,514695120.0,3620.0,61,3618.0,41
rb1805,20170920,20170919,210229500,3619.0,14224,387624,514767500.0,3620.0,61,3619.0,1
rb1805,20170920,20170919,210230000,3619.0,14226,387626,514839880.0,3619.0,5,3618.0,50
rb1805,20170920,20170919,210230500,3619.0,14232,387626,515057020.0,3620.0,61,3619.0,9
rb1805,20170920,20170919,210231000,3619.0,14234,387628,515129400.0,3620.0,61,3619.0,12
rb1805,20170920,20170919,210231500,3620.0,14236,387628,515201800.0,3620.0,70,3619.0,6
rb1805,20170920,20170919,210232000,3620.0,14236,387628,515201800.0,3620.0,70,3619.0,8
rb1805,20170920,20170919,210232500,3619.0,14244,387636,515491380.0,3620.0,67,3619.0,38
rb1805,20170920,20170919,210233000,3619.0,14248,387640,515636140.0,3620.0,69,3619.0,37
rb1805,20170920,20170919,210233500,3619.0,14250,387642,515708520.0,3620.0,62,3619.0,45
rb1805,20170920,20170919,210234000,3620.0,14332,387676,518676920.0,3621.0,50,3620.0,41
rb1805,20170920,20170919,210234500,3620.0,14338,387682,518894120.0,3621.0,50,3620.0,38
rb1805,20170920,20170919,210235000,3620.0,14442,387764,522658680.0,3621.0,50,3620.0,1
rb1805,20170920,20170919,210235500,3620.0,14448,387766,522875880.0,3621.0,50,3620.0,1
rb1805,20170920,20170919,210236000,3620.0,14450,387768,522948280.0,3620.0,5,3619.0,36
rb1805,20170920,20170919,210236500,3620.0,14464,387764,523455080.0,3621.0,54,3620.0,14
rb1805,20170920,20170919,210237000,3620.0,14464,387764,523455080.0,3621.0,51,3620.0,21
rb1805,20170920,20170919,210237500,3620.0,14464,387764,523455080.0,3621.0,55,3620.0,25
rb1805,20170920,20170919,210238000,3621.0,14494,387762,524541380.0,3622.0,27,3621.0,34
rb1805,20170920,20170919,210238500,3622.0,14518,387762,525410620.0,3622.0,12,3621.0,33
rb1805,20170920,20170919,210239000,3622.0,14542,387754,526279900.0,3623.0,60,3622.0,22
rb1805,20170920,20170919,210239500,3622.0,14558,387768,526859420.0,3623.0,60,3622.0,24
rb1805,20170920,20170919,210240000,3622.0,14562,387770,527004300.0,3623.0,60,3622.0,22
rb1805,20170920,20170919,210240500,3622.0,14606,387738,528597980.0,3622.0,23,3621.0,39
rb1805,20170920,20170919,210241000,3621.0,14608,387738,528670400.0,3622.0,23,3621.0,34
rb1805,20170920,20170919,210241500,3622.0,14660,387718,530553820.0,3622.0,2,3621.0,121
rb1805,20170920,20170919,210242000,3622.0,14662,387720,530626260.0,3623.0,62,3622.0,99
rb1805,20170920,20170919,210242500,3622.0,14694,387752,531785300.0,3623.0,66,3622.0,83
rb1805,20170920,20170919,210243000,3622.0,14862,387790,537870280.0,3622.0,11,3621.0,123
rb1805,20170920,20170919,210243500,3621.0,14934,387834,540477400.0,3622.0,141,3621.0,72
rb1805,20170920,20170919,210244000,3621.0,15084,387980,545908880.0,3621.0,53,3620.0,14
rb1805,20170920,20170919,210244500,3619.0,15124,387994,547356680.0,3620.0,28,3619.0,37
rb1805,20170920,20170919,210245000,3620.0,15128,387998,547501480.0,3620.0,26,3619.0,37
rb1805,20170920,20170919,210245500,3620.0,15128,387998,547501480.0,3620.0,27,3619.0,37
rb1805,20170920,20170919,210246000,3620.0,15132,388002,547646280.0,3620.0,25,3619.0,37
rb1805,20170920,20170919,210246500,3620.0,15134,388004,547718680.0,3620.0,27,3619.0,37
rb1805,20170920,20170919,210247000,3620.0,15146,388006,548153080.0,3620.0,21,3619.0,38
rb1805,20170920,20170919,210247500,3619.0,15204,388036,550252100.0,3620.0,6,3619.0,9
rb1805,20170920,20170919,210248000,3620.0,15220,388040,550831300.0,3620.0,44,3619.0,9
rb1805,20170920,20170919,210248500,3620.0,15246,388032,551772500.0,3620.0,14,3619.0,19
rb1805,20170920,20170919,210249000,3620.0,15284,388032,553148100.0,3621.0,59,3620.0,1
rb1805,20170920,20170919,210249500,3620.0,15286,388034,553220500.0,3620.0,1,3619.0,21
rb1805,20170920,20170919,210250000,3620.0,15286,388034,553220500.0,3620.0,4,3619.0,12
rb1805,20170920,20170919,210250500,3620.0,15290,388036,553365300.0,3620.0,3,3619.0,12
rb1805,20170920,20170919,210251000,3620.0,15290,388036,553365300.0,3620.0,3,3619.0,12
rb1805,20170920,20170919,210251500,3620.0,15294,388040,553510100.0,3620.0,1,3619.0,14
rb1805,20170920,20170919,210252000,3620.0,15296,388040,553582500.0,3621.0,60,3619.0,14
rb1805,20170920,20170919,210252500,3619.0,15298,388038,553654880.0,3621.0,60,3620.0,1
rb1805,20170920,20170919,210253000,3620.0,15322,388038,554523580.0,3621.0,60,3620.0,3
rb1805,20170920,20170919,210253500,3620.0,15328,388044,554740780.0,3620.0,13,3619.0,23
rb1805,20170920,20170919,210254000,3619.0,15340,388050,555175060.0,3620.0,15,3619.0,17
rb1805,20170920,20170919,210254500,3619.0,15364,388074,556043660.0,3620.0,21,3619.0,14
rb1805,20170920,20170919,210255000,3620.0,15376,388078,556478040.0,3620.0,16,3619.0,13
rb1805,20170920,20170919,210255500,3620.0,15376,388078,556478040.0,3620.0,16,3619.0,14
rb1805,20170920,20170919,210256000,3619.0,15384,388084,556767560.0,3620.0,14,3619.0,10
rb1805,20170920,20170919,210256500,3619.0,15418,388102,557998020.0,3620.0,14,3619.0,4
rb1805,20170920,20170919,210257000,3619.0,15436,388118,558649440.0,3619.0,3,3618.0,73
rb1805,20170920,20170919,210257500,3620.0,15460,388136,559518160.0,3619.0,1,3618.0,68
rb1805,20170920,20170919,210258000,3618.0,15474,388150,560024800.0,3619.0,5,3618.0,71
rb1805,20170920,20170919,210258500,3619.0,15492,388152,560676160.0,3620.0,61,3618.0,72
rb1805,20170920,20170919,210259000,3620.0,15668,388304,567047240.0,3621.0,65,3620.0,15
rb1805,20170920,20170919,210259500,3620.0,15710,388324,568567440.0,3620.0,59,3618.0,71
rb1805,20170920,20170919,210300000,3618.0,15712,388326,568639800.0,3620.0,85,3618.0,65
rb1805,20170920,20170919,210300500,3618.0,15712,388326,568639800.0,3620.0,86,3618.0,76
rb1805,20170920,20170919,210301000,3618.0,15752,388364,570087000.0,3620.0,80,3618.0,57
rb1805,20170920,20170919,210301500,3618.0,15760,388370,570376440.0,3620.0,80,3618.0,56
rb1805,20170920,20170919,210302000,3618.0,15784,388354,571244780.0,3619.0,2,3618.0,45
rb1805,20170920,20170919,210302500,3618.0,15798,388356,571751380.0,3619.0,5,3618.0,43
rb1805,20170920,20170919,210303000,3618.0,15834,388378,573054000.0,3619.0,2,3618.0,31
rb1805,20170920,20170919,210303500,3618.0,15840,388374,573271120.0,3620.0,93,3619.0,3
rb1805,20170920,20170919,210304000,3618.0,15854,388368,573777760.0,3619.0,13,3618.0,40
rb1805,20170920,20170919,210304500,3618.0,15856,388368,573850120.0,3619.0,15,3618.0,41
rb1805,20170920,20170919,210305000,3619.0,15862,388368,574067260.0,3619.0,76,3618.0,41
rb1805,20170920,20170919,210305500,3619.0,15862,388368,574067260.0,3619.0,77,3618.0,33
rb1805,20170920,20170919,210306000,3619.0,15880,388378,574718680.0,3619.0,68,3618.0,41
rb1805,20170920,20170919,210306500,3619.0,15882,388380,574791060.0,3619.0,67,3618.0,41
rb1805,20170920,20170919,210307000,3619.0,15892,388384,575152960.0,3619.0,62,3618.0,48
rb1805,20170920,20170919,210307500,3618.0,15906,388392,575659500.0,3619.0,61,3618.0,37
rb1805,20170920,20170919,210308000,3619.0,15962,388378,577685940.0,3619.0,44,3618.0,28
rb1805,20170920,20170919,210308500,3618.0,15986,388376,578554340.0,3619.0,40,3618.0,20
rb1805,20170920,20170919,210309000,3619.0,15988,388376,578626720.0,3619.0,39,3618.0,20
rb1805,20170920,20170919,210309500,3618.0,15992,388374,578771440.0,3619.0,39,3618.0,18
rb1805,20170920,20170919,210310000,3618.0,16000,388380,579060880.0,3619.0,41,3618.0,17
rb1805,20170920,20170919,210310500,3619.0,16004,388376,579205640.0,3619.0,39,3618.0,23
rb1805,20170920,20170919,210311000,3619.0,16010,388374,579422760.0,3619.0,37,3618.0,27
rb1805,20170920,20170919,210311500,3619.0,16012,388372,579495140.0,3619.0,36,3618.0,28
rb1805,20170920,20170919,210312000,3619.0,16058,388330,581159860.0,3619.0,14,3618.0,35
rb1805,20170920,20170919,210312500,3618.0,16080,388328,581956020.0,3619.0,13,3618.0,32
rb1805,20170920,20170919,210313000,3619.0,16184,388410,585718780.0,3619.0,11,3617.0,158
rb1805,20170920,20170919,210313500,3619.0,16198,388416,586225420.0,3619.0,5,3617.0,161
rb1805,20170920,20170919,210314000,3619.0,16198,388416,586225420.0,3619.0,9,3618.0,2
rb1805,20170920,20170919,210314500,3618.0,16202,388416,586370140.0,3618.0,2,3617.0,157
rb1805,20170920,20170919,210315000,3618.0,16204,388416,586442500.0,3618.0,4,3617.0,157
rb1805,20170920,20170919,210315500,3618.0,16210,388420,586659580.0,3618.0,7,3617.0,158
rb1805,20170920,20170919,210316000,3618.0,16210,388420,586659580.0,3618.0,11,3617.0,168
rb1805,20170920,20170919,210316500,3618.0,16210,388420,586659580.0,3618.0,17,3617.0,188
rb1805,20170920,20170919,210317000,3617.0,16222,388420,587093640.0,3618.0,16,3617.0,178
rb1805,20170920,20170919,210317500,3617.0,16254,388440,588251200.0,3618.0,27,3617.0,168
rb1805,20170920,20170919,210318000,3618.0,16332,388478,591072480.0,3618.0,33,3617.0,130
rb1805,20170920,20170919,210318500,3618.0,16332,388478,591072480.0,3618.0,35,3617.0,133
rb1805,20170920,20170919,210319000,3617.0,16338,388482,591289540.0,3618.0,35,3617.0,132
rb1805,20170920,20170919,210319500,3618.0,16364,388504,592230220.0,3618.0,22,3617.0,132
rb1805,20170920,20170919,210320000,3617.0,16370,388504,592447280.0,3618.0,27,3617.0,131
rb1805,20170920,20170919,210320500,3617.0,16624,388420,601634660.0,3618.0,13,3617.0,17
rb1805,20170920,20170919,210321000,3617.0,16628,388420,601779340.0,3618.0,23,3617.0,15
rb1805,20170920,20170919,210321500,3617.0,16632,388424,601924020.0,3618.0,24,3617.0,14
rb1805,20170920,20170919,210322000,3617.0,16692,388442,604094280.0,3617.0,7,3616.0,82
rb1805,20170920,20170919,210322500,3617.0,16710,388456,604745340.0,3618.0,26,3617.0,40
rb1805,20170920,20170919,210323000,3617.0,16802,388512,608073600.0,3618.0,3,3617.0,18
rb1805,20170920,20170919,210323500,3617.0,16820,388500,608724720.0,3618.0,1,3617.0,12
rb1805,20170920,20170919,210324000,3618.0,16822,388500,608797080.0,3618.0,20,3617.0,17
rb1805,20170920,20170919,210324500,3618.0,16822,388500,608797080.0,3618.0,21,3617.0,29
rb1805,20170920,20170919,210325000,3617.0,16834,388500,609231120.0,3618.0,21,3617.0,23
rb1805,20170920,20170919,210325500,3617.0,16842,388502,609520480.0,3618.0,21,3617.0,19
rb1805,20170920,20170919,210326000,3617.0,16848,388500,609737520.0,3618.0,21,3617.0,19
rb1805,20170920,20170919,210326500,3617.0,16886,388510,611112180.0,3618.0,12,3617.0,10
rb1805,20170920,20170919,210327000,3617.0,16908,388494,611907920.0,3617.0,16,3616.0,87
rb1805,20170920,20170919,210327500,3617.0,16970,388454,614150180.0,3617.0,12,3616.0,69
rb1805,20170920,20170919,210328000,3616.0,16996,388470,615090380.0,3617.0,12,3616.0,58
rb1805,20170920,20170919,210328500,3616.0,17042,388462,616753780.0,3617.0,25,3616.0,38
rb1805,20170920,20170919,210329000,3617.0,17076,388470,617983240.0,3617.0,28,3616.0,22
rb1805,20170920,20170919,210329500,3616.0,17124,388450,619718920.0,3616.0,8,3615.0,147
rb1805,20170920,20170919,210330000,3615.0,17140,388438,620297460.0,3616.0,16,3615.0,143
rb1805,20170920,20170919,210330500,3616.0,17178,388442,621671440.0,3616.0,2,3615.0,139
rb1805,20170920,20170919,210331000,3616.0,17222,388428,623262480.0,3616.0,3,3615.0,139
rb1805,20170920,20170919,210331500,3616.0,17264,388422,624780840.0,3616.0,2,3615.0,120
rb1805,20170920,20170919,210332000,3615.0,17272,388418,625070080.0,3617.0,36,3615.0,118
rb1805,20170920,20170919,210332500,3617.0,17286,388418,625576220.0,3617.0,50,3615.0,113
rb1805,20170920,20170919,210333000,3617.0,17290,388420,625720880.0,3617.0,49,3616.0,1
rb1805,20170920,20170919,210333500,3615.0,17302,388420,626154740.0,3616.0,18,3615.0,112
rb1805,20170920,20170919,210334000,3616.0,17334,388418,627311580.0,3616.0,57,3615.0,99
rb1805,20170920,20170919,210334500,3615.0,17346,388414,627745400.0,3616.0,63,3615.0,99
rb1805,20170920,20170919,210335000,3615.0,17504,388500,633458140.0,3616.0,12,3615.0,76
rb1805,20170920,20170919,210335500,3616.0,17588,388550,636495580.0,3617.0,25,3616.0,53
rb1805,20170920,20170919,210336000,3616.0,17690,388562,640184420.0,3618.0,6,3616.0,31
rb1805,20170920,20170919,210336500,3616.0,17712,388562,640979940.0,3618.0,6,3616.0,23
rb1805,20170920,20170919,210337000,3616.0,17752,388568,642426340.0,3618.0,6,3616.0,4
rb1805,20170920,20170919,210337500,3616.0,17768,388558,643004900.0,3616.0,2,3615.0,88
rb1805,20170920,20170919,210338000,3616.0,17794,388580,643944980.0,3616.0,13,3615.0,81
rb1805,20170920,20170919,210338500,3616.0,17804,388590,644306560.0,3616.0,6,3615.0,81
rb1805,20170920,20170919,210339000,3616.0,17832,388588,645319000.0,3617.0,22,3616.0,5
rb1805,20170920,20170919,210339500,3616.0,17860,388590,646331500.0,3617.0,21,3616.0,11
rb1805,20170920,20170919,210340000,3616.0,17872,388582,646765420.0,3617.0,21,3616.0,9
rb1805,20170920,20170919,210340500,3616.0,17872,388582,646765420.0,3617.0,21,3616.0,33
rb1805,20170920,20170919,210341000,3616.0,17880,388590,647054700.0,3617.0,21,3616.0,33
rb1805,20170920,20170919,210341500,3616.0,17906,388604,647994860.0,3617.0,23,3616.0,23
rb1805,20170920,20170919,210342000,3616.0,17906,388604,647994860.0,3617.0,23,3616.0,34
rb1805,20170920,20170919,210342500,3616.0,17912,388610,648211840.0,3617.0,25,3616.0,36
rb1805,20170920,20170919,210343000,3617.0,17968,388612,650237320.0,3617.0,5,3616.0,34
rb1805,20170920,20170919,210343500,3617.0,17972,388608,650382000.0,3617.0,3,3616.0,41
rb1805,20170920,20170919,210344000,3616.0,18032,388634,652551600.0,3617.0,29,3616.0,8
rb1805,20170920,20170919,210344500,3614.0,18238,388552,659998360.0,3617.0,4,3614.0,48
rb1805,20170920,20170919,210345000,3615.0,18480,388568,668748140.0,3617.0,37,3616.0,2
rb1805,20170920,20170919,210345500,3616.0,18490,388572,669109740.0,3616.0,1,3615.0,14
rb1805,20170920,20170919,210346000,3616.0,18494,388570,669254380.0,3617.0,29,3616.0,2
rb1805,20170920,20170919,210346500,3615.0,18512,388572,669905180.0,3617.0,7,3615.0,21
rb1805,20170920,20170919,210347000,3615.0,18518,388570,670122120.0,3616.0,7,3615.0,20
rb1805,20170920,20170919,210347500,3615.0,18518,388570,670122120.0,3616.0,8,3615.0,16
rb1805,20170920,20170919,210348000,3616.0,18520,388570,670194440.0,3616.0,7,3615.0,12
rb1805,20170920,20170919,210348500,3616.0,18524,388574,670339080.0,3616.0,7,3615.0,18
rb1805,20170920,20170919,210349000,3615.0,18540,388570,670917620.0,3617.0,15,3615.0,58
rb1805,20170920,20170919,210349500,3615.0,18588,388552,672652820.0,3617.0,18,3615.0,53
rb1805,20170920,20170919,210350000,3616.0,18598,388552,673014420.0,3617.0,19,3616.0,4
rb1805,20170920,20170919,210350500,3616.0,18602,388552,673159060.0,3617.0,19,3616.0,7
rb1805,20170920,20170919,210351000,3616.0,18606,388552,673303720.0,3617.0,18,3616.0,12
rb1805,20170920,20170919,210351500,3616.0,18634,388566,674316200.0,3617.0,23,3616.0,1
rb1805,20170920,20170919,210352000,3617.0,18636,388566,674388540.0,3617.0,24,3616.0,3
rb1805,20170920,20170919,210352500,3617.0,18636,388566,674388540.0,3617.0,24,3616.0,6
rb1805,20170920,20170919,210353000,3617.0,18636,388566,674388540.0,3617.0,24,3616.0,16
rb1805,20170920,20170919,210353500,3617.0,18688,388556,676269380.0,3618.0,12,3617.0,4
rb1805,20170920,20170919,210354000,3616.0,18736,388600,678005360.0,3618.0,10,3617.0,5
rb1805,20170920,20170919,210354500,3617.0,18740,388604,678150040.0,3618.0,10,3617.0,12
rb1805,20170920,20170919,210355000,3617.0,18740,388604,678150040.0,3618.0,10,3617.0,15
rb1805,20170920,20170919,210355500,3617.0,18750,388604,678511740.0,3618.0,10,3617.0,7
rb1805,20170920,20170919,210356000,3617.0,18756,388604,678728760.0,3618.0,10,3617.0,13
rb1805,20170920,20170919,210356500,3618.0,18758,388606,678801120.0,3618.0,10,3617.0,13
rb1805,20170920,20170919,210357000,3618.0,18758,388606,678801120.0,3618.0,13,3617.0,19
rb1805,20170920,20170919,210357500,3617.0,18760,388606,678873460.0,3618.0,16,3617.0,14
rb1805,20170920,20170919,210358000,3618.0,18770,388616,679235260.0,3618.0,8,3617.0,16
rb1805,20170920,20170919,210358500,3617.0,18772,388616,679307600.0,3618.0,8,3617.0,19
rb1805,20170920,20170919,210359000,3618.0,18792,388620,680031180.0,3618.0,31,3617.0,18
rb1805,20170920,20170919,210359500,3618.0,18794,388620,680103540.0,3618.0,33,3617.0,14
rb1805,20170920,20170919,210400000,3617.0,18844,388600,681912040.0,3617.0,1,3616.0,74
rb1805,20170920,20170919,210400500,3617.0,18854,388598,682273740.0,3617.0,7,3616.0,74
rb1805,20170920,20170919,210401000,3617.0,18854,388598,682273740.0,3617.0,14,3616.0,24
rb1805,20170920,20170919,210401500,3616.0,18948,388596,685672780.0,3616.0,18,3615.0,70
rb1805,20170920,20170919,210402000,3616.0,18982,388602,686902220.0,3616.0,9,3615.0,70
rb1805,20170920,20170919,210402500,3616.0,18992,388612,687263820.0,3616.0,4,3615.0,70
rb1805,20170920,20170919,210403000,3616.0,18998,388616,687480780.0,3616.0,2,3615.0,71
rb1805,20170920,20170919,210403500,3616.0,19006,388624,687770060.0,3616.0,2,3615.0,71
rb1805,20170920,20170919,210404000,3615.0,19016,388632,688131600.0,3617.0,57,3616.0,3
rb1805,20170920,20170919,210404500,3616.0,19022,388636,688348560.0,3617.0,57,3616.0,10
rb1805,20170920,20170919,210405000,3616.0,19026,388638,688493220.0,3617.0,57,3616.0,10
rb1805,20170920,20170919,210405500,3616.0,19046,388658,689216420.0,3617.0,59,3616.0,3
rb1805,20170920,20170919,210406000,3616.0,19054,388660,689505700.0,3616.0,37,3615.0,80
rb1805,20170920,20170919,210406500,3615.0,19218,388692,695434300.0,3615.0,23,3614.0,81
rb1805,20170920,20170919,210407000,3615.0,19232,388694,695940400.0,3615.0,19,3614.0,81
rb1805,20170920,20170919,210407500,3614.0,19236,388694,696084980.0,3615.0,24,3614.0,56
rb1805,20170920,20170919,210408000,3615.0,19250,388688,696590960.0,3615.0,28,3614.0,57
rb1805,20170920,20170919,210408500,3614.0,19266,388696,697169320.0,3615.0,21,3614.0,55
rb1805,20170920,20170919,210409000,3615.0,19314,388682,698904520.0,3616.0,52,3615.0,3
rb1805,20170920,20170919,210409500,3615.0,19376,388682,701145760.0,3615.0,6,3614.0,53
rb1805,20170920,20170919,210410000,3616.0,19390,388694,701651880.0,3616.0,42,3615.0,3
rb1805,20170920,20170919,210410500,3616.0,19460,388640,704181940.0,3616.0,38,3615.0,1
rb1805,20170920,20170919,210411000,3614.0,19464,388640,704326520.0,3615.0,4,3614.0,48
rb1805,20170920,20170919,210411500,3614.0,19492,388646,705338440.0,3615.0,5,3614.0,44
rb1805,20170920,20170919,210412000,3615.0,19514,388650,706133580.0,3615.0,8,3614.0,38
rb1805,20170920,20170919,210412500,3616.0,19526,388656,706567440.0,3616.0,45,3615.0,2
rb1805,20170920,20170919,210413000,3615.0,19530,388660,706712040.0,3615.0,199,3614.0,39
rb1805,20170920,20170919,210413500,3615.0,19534,388662,706856640.0,3615.0,197,3614.0,39
rb1805,20170920,20170919,210414000,3615.0,19534,388662,706856640.0,3615.0,200,3614.0,39
rb1805,20170920,20170919,210414500,3615.0,19660,388574,711411540.0,3615.0,139,3614.0,46
rb1805,20170920,20170919,210415000,3614.0,19704,388572,713001960.0,3615.0,126,3614.0,37
rb1805,20170920,20170919,210415500,3614.0,19710,388578,713218800.0,3615.0,127,3614.0,34
rb1805,20170920,20170919,210416000,3615.0,19734,388580,714086380.0,3615.0,5,3614.0,44
rb1805,20170920,20170919,210416500,3615.0,19760,388574,715026280.0,3616.0,60,3615.0,11
rb1805,20170920,20170919,210417000,3614.0,19812,388576,716905840.0,3616.0,65,3614.0,51
rb1805,20170920,20170919,210417500,3615.0,19818,388576,717122740.0,3615.0,2,3614.0,51
rb1805,20170920,20170919,210418000,3614.0,19834,388584,717701000.0,3615.0,7,3614.0,60
rb1805,20170920,20170919,210418500,3614.0,19962,388618,722326920.0,3614.0,22,3613.0,172
rb1805,20170920,20170919,210419000,3614.0,19990,388616,723338620.0,3614.0,33,3613.0,158
rb1805,20170920,20170919,210419500,3614.0,20026,388636,724639460.0,3614.0,25,3613.0,148
rb1805,20170920,20170919,210420000,3614.0,20056,388638,725723380.0,3614.0,26,3613.0,134
rb1805,20170920,20170919,210420500,3613.0,20064,388638,726012420.0,3614.0,25,3613.0,131
rb1805,20170920,20170919,210421000,3613.0,20250,388656,732733220.0,3614.0,10,3613.0,70
rb1805,20170920,20170919,210421500,3613.0,20278,388674,733744900.0,3614.0,17,3613.0,58
rb1805,20170920,20170919,210422000,3613.0,20296,388684,734395260.0,3614.0,26,3613.0,50
rb1805,20170920,20170919,210422500,3614.0,20322,388702,735334700.0,3614.0,24,3613.0,40
rb1805,20170920,20170919,210423000,3613.0,20412,388776,738586420.0,3613.0,365,3612.0,120
rb1805,20170920,20170919,210423500,3612.0,20476,388798,740898100.0,3613.0,368,3612.0,85
rb1805,20170920,20170919,210424000,3612.0,20662,388708,747616560.0,3612.0,136,3611.0,62
rb1805,20170920,20170919,210424500,3611.0,20700,388710,748989080.0,3612.0,130,3611.0,60
rb1805,20170920,20170919,210425000,3611.0,20756,388698,751011400.0,3612.0,123,3611.0,62
rb1805,20170920,20170919,210425500,3611.0,21044,388588,761413640.0,3612.0,23,3611.0,46
rb1805,20170920,20170919,210426000,3612.0,21128,388598,764447760.0,3613.0,478,3612.0,4
rb1805,20170920,20170919,210426500,3613.0,21158,388606,765531540.0,3613.0,469,3612.0,3
rb1805,20170920,20170919,210427000,3612.0,21182,388624,766398300.0,3613.0,479,3611.0,68
rb1805,20170920,20170919,210427500,3613.0,21226,388666,767987940.0,3613.0,462,3611.0,81
rb1805,20170920,20170919,210428000,3612.0,21228,388666,768060180.0,3613.0,462,3612.0,2
rb1805,20170920,20170919,210428500,3611.0,21258,388678,769143780.0,3613.0,460,3611.0,90
rb1805,20170920,20170919,210429000,3612.0,21272,388676,769649460.0,3612.0,3,3611.0,99
rb1805,20170920,20170919,210429500,3612.0,21636,389036,782800680.0,3613.0,282,3612.0,94
rb1805,20170920,20170919,210430000,3612.0,22246,389302,804838620.0,3613.0,62,3612.0,6
rb1805,20170920,20170919,210430500,3612.0,22354,389392,808740620.0,3613.0,10,3612.0,80
rb1805,20170920,20170919,210431000,3613.0,22408,389438,810691900.0,3614.0,5,3613.0,50
rb1805,20170920,20170919,210431500,3614.0,22422,389438,811197860.0,3615.0,115,3614.0,4
rb1805,20170920,20170919,210432000,3614.0,22448,389422,812137500.0,3614.0,78,3613.0,28
rb1805,20170920,20170919,210432500,3612.0,22538,389402,815389120.0,3613.0,22,3612.0,109
rb1805,20170920,20170919,210433000,3613.0,22638,389344,819002120.0,3614.0,12,3613.0,39
rb1805,20170920,20170919,210433500,3615.0,22676,389326,820375440.0,3615.0,126,3614.0,12
rb1805,20170920,20170919,210434000,3613.0,22742,389358,822760280.0,3615.0,126,3614.0,1
rb1805,20170920,20170919,210434500,3612.0,22800,389378,824855920.0,3614.0,5,3613.0,40
rb1805,20170920,20170919,210435000,3614.0,22814,389370,825361880.0,3615.0,127,3614.0,6
rb1805,20170920,20170919,210435500,3614.0,22832,389364,826012320.0,3614.0,9,3613.0,57
rb1805,20170920,20170919,210436000,3614.0,22834,389364,826084600.0,3614.0,4,3613.0,62
rb1805,20170920,20170919,210436500,3614.0,22888,389368,828035820.0,3614.0,2,3613.0,45
rb1805,20170920,20170919,210437000,3614.0,22904,389372,828614060.0,3615.0,148,3614.0,2
rb1805,20170920,20170919,210437500,3613.0,22938,389380,829842740.0,3615.0,145,3613.0,38
rb1805,20170920,20170919,210438000,3613.0,22980,389392,831360220.0,3614.0,1,3613.0,71
rb1805,20170920,20170919,210438500,3613.0,23004,389398,832227380.0,3615.0,147,3614.0,10
rb1805,20170920,20170919,210439000,3615.0,23046,389382,833745080.0,3615.0,152,3614.0,3
rb1805,20170920,20170919,210439500,3615.0,23054,389384,834034220.0,3614.0,3,3613.0,58
rb1805,20170920,20170919,210440000,3614.0,23062,389392,834323340.0,3615.0,151,3614.0,4
rb1805,20170920,20170919,210440500,3614.0,23086,389414,835190700.0,3614.0,4,3613.0,59
rb1805,20170920,20170919,210441000,3614.0,23090,389418,835335260.0,3614.0,14,3613.0,60
rb1805,20170920,20170919,210441500,3614.0,23102,389428,835768880.0,3614.0,8,3613.0,57
rb1805,20170920,20170919,210442000,3614.0,23126,389434,836636060.0,3614.0,5,3613.0,149
rb1805,20170920,20170919,210442500,3614.0,23128,389434,836708340.0,3614.0,13,3613.0,149
rb1805,20170920,20170919,210443000,3614.0,23130,389434,836780620.0,3614.0,12,3613.0,161
rb1805,20170920,20170919,210443500,3614.0,23130,389434,836780620.0,3614.0,16,3613.0,161
rb1805,20170920,20170919,210444000,3613.0,23156,389454,837720040.0,3614.0,24,3613.0,151
rb1805,20170920,20170919,210444500,3614.0,23168,389458,838153700.0,3614.0,19,3613.0,150
rb1805,20170920,20170919,210445000,3613.0,23192,389458,839020860.0,3614.0,18,3613.0,141
rb1805,20170920,20170919,210445500,3613.0,23218,389474,839960300.0,3614.0,16,3613.0,134
rb1805,20170920,20170919,210446000,3613.0,23224,389478,840177100.0,3614.0,15,3613.0,132
rb1805,20170920,20170919,210446500,3614.0,23232,389482,840466180.0,3614.0,19,3613.0,129
rb1805,20170920,20170919,210447000,3613.0,23250,389494,841116560.0,3614.0,17,3613.0,123
rb1805,20170920,20170919,210447500,3614.0,23252,389494,841188840.0,3614.0,122,3613.0,129
rb1805,20170920,20170919,210448000,3614.0,23274,389506,841983900.0,3614.0,112,3613.0,128
rb1805,20170920,20170919,210448500,3614.0,23276,389504,842056180.0,3614.0,112,3613.0,130
rb1805,20170920,20170919,210449000,3614.0,23278,389506,842128460.0,3614.0,111,3613.0,130
rb1805,20170920,20170919,210449500,3614.0,23294,389518,842706640.0,3614.0,106,3613.0,129
rb1805,20170920,20170919,210450000,3613.0,23552,389490,852028180.0,3614.0,110,3612.0,44
rb1805,20170920,20170919,210450500,3612.0,23576,389494,852895100.0,3613.0,1,3612.0,32
rb1805,20170920,20170919,210451000,3613.0,23586,389498,853256400.0,3614.0,101,3613.0,16
rb1805,20170920,20170919,210451500,3613.0,23590,389500,853400940.0,3614.0,103,3613.0,16
rb1805,20170920,20170919,210452000,3613.0,23644,389524,855352060.0,3614.0,97,3613.0,1
rb1805,20170920,20170919,210452500,3614.0,23672,389544,856363960.0,3614.0,92,3613.0,17
rb1805,20170920,20170919,210453000,3613.0,23676,389548,856508500.0,3614.0,91,3613.0,40
rb1805,20170920,20170919,210453500,3613.0,23694,389552,857158840.0,3614.0,91,3613.0,32
rb1805,20170920,20170919,210454000,3614.0,23988,389750,867783080.0,3615.0,164,3614.0,83
rb1805,20170920,20170919,210454500,3613.0,24170,389908,874360400.0,3613.0,5,3612.0,37
rb1805,20170920,20170919,210455000,3613.0,24244,389920,877034040.0,3614.0,54,3613.0,13
rb1805,20170920,20170919,210455500,3613.0,24264,389920,877756640.0,3614.0,19,3613.0,10
rb1805,20170920,20170919,210456000,3613.0,24284,389932,878479240.0,3614.0,19,3613.0,1
rb1805,20170920,20170919,210456500,3613.0,24298,389942,878985000.0,3613.0,2,3612.0,37
rb1805,20170920,20170919,210457000,3613.0,24302,389944,879129520.0,3614.0,25,3613.0,1
rb1805,20170920,20170919,210457500,3612.0,24318,389942,879707500.0,3614.0,25,3612.0,34
rb1805,20170920,20170919,210458000,3613.0,24324,389942,879924260.0,3613.0,2,3612.0,36
rb1805,20170920,20170919,210458500,3614.0,24362,389910,881297540.0,3615.0,182,3614.0,33
rb1805,20170920,20170919,210459000,3613.0,24430,389906,883755040.0,3614.0,46,3613.0,16
rb1805,20170920,20170919,210459500,3613.0,24436,389910,883971860.0,3614.0,50,3613.0,11
rb1805,20170920,20170919,210500000,3613.0,24436,389910,883971860.0,3614.0,58,3613.0,22
rb1805,20170920,20170919,210500500,3613.0,24464,389934,884983520.0,3614.0,24,3613.0,9
rb1805,20170920,20170919,210501000,3613.0,24482,389950,885633880.0,3614.0,25,3613.0,9
rb1805,20170920,20170919,210501500,3614.0,24514,389944,886789980.0,3614.0,34,3612.0,39
rb1805,20170920,20170919,210502000,3613.0,24516,389944,886862240.0,3613.0,24,3612.0,36
rb1805,20170920,20170919,210502500,3612.0,24536,389948,887584800.0,3613.0,24,3612.0,32
rb1805,20170920,20170919,210503000,3613.0,24548,389958,888018360.0,3613.0,54,3612.0,33
rb1805,20170920,20170919,210503500,3612.0,24552,389958,888162860.0,3613.0,28,3612.0,32
rb1805,20170920,20170919,210504000,3613.0,24620,389988,890619060.0,3613.0,35,3611.0,88
rb1805,20170920,20170919,210504500,3611.0,24624,389990,890763540.0,3613.0,34,3611.0,85
rb1805,20170920,20170919,210505000,3613.0,24636,390000,891197100.0,3613.0,28,3612.0,52
rb1805,20170920,20170919,210505500,3612.0,24742,390102,895025820.0,3612.0,114,3611.0,78
rb1805,20170920,20170919,210506000,3612.0,24894,390212,900514760.0,3612.0,86,3611.0,24
rb1805,20170920,20170919,210506500,3611.0,24940,390218,902175880.0,3612.0,86,3611.0,22
rb1805,20170920,20170919,210507000,3610.0,24996,390220,904197940.0,3611.0,31,3610.0,178
rb1805,20170920,20170919,210507500,3611.0,25272,390102,914162480.0,3611.0,8,3610.0,82
rb1805,20170920,20170919,210508000,3611.0,25296,390102,915028920.0,3611.0,143,3610.0,72
rb1805,20170920,20170919,210508500,3610.0,25420,390206,919505320.0,3611.0,118,3610.0,10
rb1805,20170920,20170919,210509000,3610.0,25440,390216,920227320.0,3610.0,21,3609.0,441
rb1805,20170920,20170919,210509500,3610.0,25524,390228,923259720.0,3611.0,122,3610.0,4
rb1805,20170920,20170919,210510000,3610.0,25540,390218,923837320.0,3610.0,20,3609.0,441
rb1805,20170920,20170919,210510500,3610.0,25542,390218,923909520.0,3610.0,31,3609.0,439
rb1805,20170920,20170919,210511000,3609.0,25662,390236,928241260.0,3611.0,122,3609.0,436
rb1805,20170920,20170919,210511500,3611.0,25964,390026,939141620.0,3611.0,96,3610.0,10
rb1805,20170920,20170919,210512000,3610.0,25968,390028,939286020.0,3611.0,96,3610.0,8
rb1805,20170920,20170919,210512500,3611.0,25976,390036,939574840.0,3611.0,95,3610.0,19
rb1805,20170920,20170919,210513000,3610.0,25984,390040,939863640.0,3611.0,98,3610.0,18
rb1805,20170920,20170919,210513500,3610.0,26024,390058,941307640.0,3611.0,147,3610.0,3
rb1805,20170920,20170919,210514000,3610.0,26172,390140,946651240.0,3610.0,18,3609.0,319
rb1805,20170920,20170919,210514500,3611.0,26218,390160,948311860.0,3611.0,106,3610.0,2
rb1805,20170920,20170919,210515000,3610.0,26258,390166,949755740.0,3610.0,18,3609.0,318
rb1805,20170920,20170919,210515500,3610.0,26280,390184,950549900.0,3610.0,24,3609.0,318
rb1805,20170920,20170919,210516000,3610.0,26286,390190,950766500.0,3610.0,26,3609.0,315
rb1805,20170920,20170919,210516500,3609.0,26390,390226,954520280.0,3610.0,31,3609.0,284
rb1805,20170920,20170919,210517000,3609.0,26418,390214,955530880.0,3610.0,41,3609.0,277
rb1805,20170920,20170919,210517500,3610.0,26440,390198,956324900.0,3610.0,40,3609.0,270
rb1805,20170920,20170919,210518000,3610.0,26470,390180,957407760.0,3610.0,32,3609.0,270
rb1805,20170920,20170919,210518500,3609.0,26512,390148,958923660.0,3610.0,26,3609.0,256
rb1805,20170920,20170919,210519000,3610.0,26538,390148,959862100.0,3610.0,22,3609.0,250
rb1805,20170920,20170919,210519500,3610.0,26566,390154,960872840.0,3610.0,71,3609.0,247
rb1805,20170920,20170919,210520000,3610.0,26692,390200,965421020.0,3610.0,30,3609.0,229
rb1805,20170920,20170919,210520500,3610.0,26718,390206,966359500.0,3610.0,24,3609.0,223
rb1805,20170920,20170919,210521000,3609.0,26750,390202,967514640.0,3610.0,13,3609.0,221
rb1805,20170920,20170919,210521500,3610.0,26780,390232,968597640.0,3611.0,88,3610.0,25
rb1805,20170920,20170919,210522000,3610.0,26788,390236,968886440.0,3611.0,88,3610.0,50
rb1805,20170920,20170919,210522500,3610.0,26952,390254,974808460.0,3611.0,7,3610.0,76
rb1805,20170920,20170919,210523000,3612.0,27000,390286,976542040.0,3613.0,36,3611.0,47
rb1805,20170920,20170919,210523500,3612.0,27010,390292,976903320.0,3613.0,25,3612.0,3
rb1805,20170920,20170919,210524000,3612.0,27026,390288,977481240.0,3613.0,25,3612.0,39
rb1805,20170920,20170919,210524500,3613.0,27048,390288,978275920.0,3613.0,24,3612.0,53
rb1805,20170920,20170919,210525000,3612.0,27052,390288,978420400.0,3613.0,24,3612.0,54
rb1805,20170920,20170919,210525500,3612.0,27076,390300,979287420.0,3613.0,18,3612.0,52
rb1805,20170920,20170919,210526000,3613.0,27086,390294,979648640.0,3613.0,26,3612.0,48
rb1805,20170920,20170919,210526500,3612.0,27102,390294,980226560.0,3613.0,26,3612.0,40
rb1805,20170920,20170919,210527000,3613.0,27110,390292,980515560.0,3613.0,25,3612.0,38
rb1805,20170920,20170919,210527500,3612.0,27120,390292,980876780.0,3613.0,26,3612.0,35
rb1805,20170920,20170919,210528000,3613.0,27176,390298,982899560.0,3613.0,25,3612.0,10
rb1805,20170920,20170919,210528500,3612.0,27222,390310,984561140.0,3612.0,8,3611.0,45
rb1805,20170920,20170919,210529000,3613.0,27284,390336,986800640.0,3613.0,4,3611.0,37
rb1805,20170920,20170919,210529500,3612.0,27300,390342,987378640.0,3612.0,47,3611.0,42
rb1805,20170920,20170919,210530000,3612.0,27356,390346,989401360.0,3612.0,19,3611.0,46
rb1805,20170920,20170919,210530500,3612.0,27360,390350,989545840.0,3612.0,20,3611.0,35
rb1805,20170920,20170919,210531000,3612.0,27364,390350,989690320.0,3612.0,15,3611.0,35
rb1805,20170920,20170919,210531500,3612.0,27364,390350,989690320.0,3612.0,22,3611.0,36
rb1805,20170920,20170919,210532000,3611.0,27488,390340,994168640.0,3611.0,40,3610.0,97
rb1805,20170920,20170919,210532500,3611.0,27572,390270,997201880.0,3613.0,10,3612.0,19
rb1805,20170920,20170919,210533000,3611.0,27572,390270,997201880.0,3613.0,17,3612.0,21
rb1805,20170920,20170919,210533500,3613.0,27574,390270,997274140.0,3613.0,22,3612.0,22
rb1805,20170920,20170919,210534000,3613.0,27598,390292,998141040.0,3613.0,22,3612.0,13
rb1805,20170920,20170919,210534500,3613.0,27636,390286,999513940.0,3613.0,27,3612.0,11
rb1805,20170920,20170919,210535000,3613.0,27656,390288,1000236540.0,3613.0,18,3612.0,11
rb1805,20170920,20170919,210535500,3613.0,27666,390296,1000597840.0,3613.0,14,3612.0,11
rb1805,20170920,20170919,210536000,3613.0,27672,390300,1000814620.0,3613.0,18,3612.0,11
rb1805,20170920,20170919,210536500,3612.0,27730,390290,1002909580.0,3612.0,27,3611.0,20
rb1805,20170920,20170919,210537000,3611.0,27732,390292,1002981800.0,3612.0,15,3611.0,20
rb1805,20170920,20170919,210537500,3612.0,27738,390294,1003198540.0,3613.0,29,3612.0,1
rb1805,20170920,20170919,210538000,3613.0,27764,390318,1004137700.0,3613.0,24,3612.0,5
rb1805,20170920,20170919,210538500,3613.0,27766,390318,1004209960.0,3613.0,22,3612.0,5
rb1805,20170920,20170919,210539000,3613.0,27800,390326,1005438160.0,3613.0,25,3612.0,4
rb1805,20170920,20170919,210539500,3612.0,27814,390336,1005943840.0,3612.0,31,3611.0,29
rb1805,20170920,20170919,210540000,3612.0,27818,390340,1006088300.0,3612.0,31,3611.0,31
rb1805,20170920,20170919,210540500,3612.0,27818,390340,1006088300.0,3612.0,41,3611.0,32
rb1805,20170920,20170919,210541000,3612.0,27820,390342,1006160540.0,3612.0,58,3611.0,38
rb1805,20170920,20170919,210541500,3611.0,27822,390344,1006232760.0,3612.0,58,3611.0,39
rb1805,20170920,20170919,210542000,3612.0,27824,390344,1006305000.0,3612.0,57,3611.0,47
rb1805,20170920,20170919,210542500,3611.0,27876,390332,1008182840.0,3612.0,51,3611.0,30
rb1805,20170920,20170919,210543000,3611.0,27944,390386,1010638320.0,3612.0,56,3610.0,215
rb1805,20170920,20170919,210543500,3612.0,27948,390390,1010782800.0,3612.0,54,3611.0,16
rb1805,20170920,20170919,210544000,3611.0,27988,390396,1012227360.0,3612.0,45,3611.0,4
rb1805,20170920,20170919,210544500,3612.0,27990,390394,1012299600.0,3612.0,44,3611.0,12
rb1805,20170920,20170919,210545000,3611.0,27996,390392,1012516280.0,3612.0,43,3611.0,14
rb1805,20170920,20170919,210545500,3612.0,27998,390392,1012588520.0,3612.0,37,3611.0,24
rb1805,20170920,20170919,210546000,3611.0,28006,390388,1012877460.0,3612.0,34,3611.0,28
rb1805,20170920,20170919,210546500,3612.0,28012,390384,1013094180.0,3612.0,32,3611.0,27
rb1805,20170920,20170919,210547000,3612.0,28016,390380,1013238660.0,3612.0,40,3611.0,38
rb1805,20170920,20170919,210547500,3612.0,28024,390374,1013527620.0,3612.0,36,3611.0,43
rb1805,20170920,20170919,210548000,3611.0,28042,390366,1014177700.0,3612.0,32,3611.0,42
rb1805,20170920,20170919,210548500,3612.0,28050,390358,1014466660.0,3612.0,28,3611.0,42
rb1805,20170920,20170919,210549000,3612.0,28050,390358,1014466660.0,3612.0,29,3611.0,38
rb1805,20170920,20170919,210549500,3611.0,28108,390364,1016561520.0,3612.0,5,3611.0,30
rb1805,20170920,20170919,210550000,3612.0,28118,390370,1016922720.0,3613.0,35,3611.0,32
rb1805,20170920,20170919,210550500,3613.0,28120,390370,1016994980.0,3613.0,39,3612.0,5
rb1805,20170920,20170919,210551000,3612.0,28140,390366,1017717380.0,3612.0,5,3611.0,31
rb1805,20170920,20170919,210551500,3612.0,28152,390376,1018150800.0,3612.0,27,3611.0,33
rb1805,20170920,20170919,210552000,3612.0,28156,390378,1018295260.0,3612.0,33,3611.0,33
rb1805,20170920,20170919,210552500,3612.0,28160,390382,1018439740.0,3612.0,31,3611.0,34
rb1805,20170920,20170919,210553000,3612.0,28162,390384,1018511980.0,3612.0,24,3611.0,36
rb1805,20170920,20170919,210553500,3612.0,28218,390384,1020534720.0,3613.0,43,3612.0,48
rb1805,20170920,20170919,210554000,3612.0,28220,390382,1020606960.0,3613.0,33,3612.0,47
rb1805,20170920,20170919,210554500,3612.0,28220,390382,1020606960.0,3613.0,32,3612.0,49
rb1805,20170920,20170919,210555000,3612.0,28220,390382,1020606960.0,3613.0,32,3612.0,55
rb1805,20170920,20170919,210555500,3612.0,28228,390380,1020895920.0,3613.0,27,3612.0,61
rb1805,20170920,20170919,210556000,3612.0,28240,390374,1021329440.0,3613.0,24,3612.0,59
rb1805,20170920,20170919,210556500,3613.0,28290,390400,1023135940.0,3614.0,46,3613.0,38
rb1805,20170920,20170919,210557000,3613.0,28294,390400,1023280460.0,3614.0,44,3613.0,25
rb1805,20170920,20170919,210557500,3613.0,28308,390414,1023786280.0,3614.0,44,3613.0,26
rb1805,20170920,20170919,210558000,3612.0,28362,390420,1025737280.0,3613.0,17,3612.0,51
rb1805,20170920,20170919,210558500,3612.0,28438,390452,1028482440.0,3613.0,16,3612.0,15
rb1805,20170920,20170919,210559000,3614.0,28478,390452,1029927720.0,3614.0,41,3613.0,5
rb1805,20170920,20170919,210559500,3612.0,28532,390484,1031878640.0,3614.0,39,3613.0,2
rb1805,20170920,20170919,210600000,3613.0,28542,390486,1032239940.0,3613.0,21,3612.0,11
rb1805,20170920,20170919,210600500,3612.0,28550,390494,1032528920.0,3613.0,25,3612.0,8
rb1805,20170920,20170919,210601000,3613.0,28560,390502,1032890140.0,3613.0,24,3612.0,5
rb1805,20170920,20170919,210601500,3613.0,28570,390510,1033251440.0,3613.0,22,3612.0,7
rb1805,20170920,20170919,210602000,3613.0,28574,390510,1033395940.0,3613.0,21,3612.0,6
rb1805,20170920,20170919,210602500,3613.0,28574,390510,1033395940.0,3613.0,21,3612.0,12
rb1805,20170920,20170919,210603000,3613.0,28616,390542,1034913400.0,3614.0,47,3613.0,34
rb1805,20170920,20170919,210603500,3613.0,28620,390546,1035057920.0,3614.0,42,3613.0,46
rb1805,20170920,20170919,210604000,3613.0,28624,390550,1035202440.0,3614.0,45,3613.0,48
rb1805,20170920,20170919,210604500,3613.0,28630,390556,1035419220.0,3614.0,45,3613.0,56
rb1805,20170920,20170919,210605000,3614.0,28638,390556,1035708320.0,3614.0,42,3613.0,56
rb1805,20170920,20170919,210605500,3613.0,28640,390558,1035780580.0,3614.0,43,3613.0,57
rb1805,20170920,20170919,210606000,3613.0,28652,390560,1036214160.0,3614.0,43,3613.0,53
rb1805,20170920,20170919,210606500,3613.0,28740,390534,1039394460.0,3614.0,1,3613.0,59
rb1805,20170920,20170919,210607000,3614.0,28742,390536,1039466740.0,3614.0,9,3613.0,57
rb1805,20170920,20170919,210607500,3614.0,28756,390540,1039972700.0,3614.0,4,3613.0,59
rb1805,20170920,20170919,210608000,3614.0,28760,390540,1040117260.0,3614.0,2,3613.0,59
rb1805,20170920,20170919,210608500,3614.0,28808,390572,1041851640.0,3615.0,78,3613.0,43
rb1805,20170920,20170919,210609000,3615.0,28834,390590,1042791380.0,3615.0,72,3614.0,10
rb1805,20170920,20170919,210609500,3615.0,28886,390584,1044670860.0,3615.0,62,3614.0,1
rb1805,20170920,20170919,210610000,3615.0,28898,390592,1045104620.0,3615.0,60,3614.0,5
rb1805,20170920,20170919,210610500,3615.0,28906,390600,1045393800.0,3615.0,58,3614.0,5
rb1805,20170920,20170919,210611000,3615.0,28926,390610,1046116660.0,3615.0,55,3614.0,4
rb1805,20170920,20170919,210611500,3614.0,28976,390576,1047923660.0,3614.0,14,3613.0,49
rb1805,20170920,20170919,210612000,3614.0,28990,390576,1048429620.0,3614.0,7,3613.0,51
rb1805,20170920,20170919,210612500,3614.0,28992,390574,1048501900.0,3614.0,7,3613.0,52
rb1805,20170920,20170919,210613000,3614.0,29000,390574,1048791020.0,3614.0,23,3613.0,52
rb1805,20170920,20170919,210613500,3614.0,29024,390574,1049658380.0,3614.0,23,3613.0,46
rb1805,20170920,20170919,210614000,3614.0,29060,390582,1050959260.0,3614.0,18,3613.0,37
rb1805,20170920,20170919,210614500,3614.0,29126,390582,1053343940.0,3614.0,15,3613.0,9
rb1805,20170920,20170919,210615000,3612.0,29160,390606,1054572340.0,3613.0,45,3612.0,21
rb1805,20170920,20170919,210615500,3613.0,29172,390602,1055005900.0,3613.0,22,3612.0,22
rb1805,20170920,20170919,210616000,3613.0,29196,390580,1055873020.0,3613.0,19,3612.0,22
rb1805,20170920,20170919,210616500,3613.0,29202,390586,1056089780.0,3613.0,17,3612.0,25
rb1805,20170920,20170919,210617000,3613.0,29208,390586,1056306520.0,3613.0,9,3612.0,23
rb1805,20170920,20170919,210617500,3613.0,29208,390586,1056306520.0,3613.0,7,3612.0,24
rb1805,20170920,20170919,210618000,3613.0,29212,390590,1056451020.0,3613.0,2,3612.0,28
rb1805,20170920,20170919,210618500,3613.0,29212,390590,1056451020.0,3613.0,23,3612.0,29
rb1805,20170920,20170919,210619000,3612.0,29216,390594,1056595520.0,3613.0,22,3612.0,51
rb1805,20170920,20170919,210619500,3613.0,29280,390604,1058907860.0,3613.0,9,3612.0,54
rb1805,20170920,20170919,210620000,3613.0,29298,390604,1059558200.0,3614.0,41,3613.0,2
rb1805,20170920,20170919,210620500,3612.0,29304,390602,1059774960.0,3613.0,29,3612.0,52
rb1805,20170920,20170919,210621000,3612.0,29306,390604,1059847200.0,3613.0,20,3612.0,58
rb1805,20170920,20170919,210621500,3613.0,29310,390602,1059991720.0,3613.0,6,3612.0,60
rb1805,20170920,20170919,210622000,3613.0,29322,390610,1060425240.0,3614.0,41,3613.0,2
rb1805,20170920,20170919,210622500,3613.0,29330,390612,1060714280.0,3614.0,33,3612.0,60
rb1805,20170920,20170919,210623000,3613.0,29336,390610,1060931100.0,3613.0,2,3612.0,64
rb1805,20170920,20170919,210623500,3613.0,29344,390618,1061220100.0,3614.0,40,3612.0,64
rb1805,20170920,20170919,210624000,3613.0,29348,390618,1061364640.0,3614.0,35,3613.0,9
rb1805,20170920,20170919,210624500,3612.0,29370,390622,1062159500.0,3614.0,34,3612.0,63
rb1805,20170920,20170919,210625000,3613.0,29372,390620,1062231760.0,3614.0,27,3613.0,15
rb1805,20170920,20170919,210625500,3613.0,29372,390620,1062231760.0,3614.0,24,3613.0,15
rb1805,20170920,20170919,210626000,3613.0,29378,390620,1062448540.0,3614.0,37,3613.0,12
rb1805,20170920,20170919,210626500,3614.0,29382,390620,1062593100.0,3614.0,31,3613.0,24
rb1805,20170920,20170919,210627000,3614.0,29442,390638,1064761500.0,3614.0,2,3613.0,25
rb1805,20170920,20170919,210627500,3613.0,29444,390638,1064833760.0,3614.0,3,3613.0,24
rb1805,20170920,20170919,210628000,3613.0,29444,390638,1064833760.0,3614.0,6,3613.0,27
rb1805,20170920,20170919,210628500,3613.0,29448,390636,1064978280.0,3614.0,6,3613.0,26
rb1805,20170920,20170919,210629000,3613.0,29490,390618,1066496000.0,3615.0,67,3614.0,1
rb1805,20170920,20170919,210629500,3614.0,29492,390620,1066568280.0,3615.0,75,3613.0,22
rb1805,20170920,20170919,210630000,3613.0,29506,390630,1067074140.0,3614.0,1,3613.0,17
rb1805,20170920,20170919,210630500,3614.0,29510,390628,1067218700.0,3614.0,1,3613.0,20
rb1805,20170920,20170919,210631000,3614.0,29512,390628,1067290980.0,3615.0,75,3614.0,10
rb1805,20170920,20170919,210631500,3614.0,29514,390626,1067363260.0,3615.0,85,3614.0,11
rb1805,20170920,20170919,210632000,3614.0,29546,390632,1068519660.0,3614.0,19,3613.0,24
rb1805,20170920,20170919,210632500,3614.0,29564,390620,1069170180.0,3614.0,3,3613.0,26
rb1805,20170920,20170919,210633000,3614.0,29570,390620,1069387020.0,3615.0,95,3613.0,27
rb1805,20170920,20170919,210633500,3614.0,29572,390622,1069459300.0,3615.0,95,3613.0,27
rb1805,20170920,20170919,210634000,3614.0,29574,390624,1069531580.0,3614.0,16,3613.0,16
rb1805,20170920,20170919,210634500,3614.0,29576,390626,1069603860.0,3614.0,24,3613.0,15
rb1805,20170920,20170919,210635000,3614.0,29820,390788,1078420360.0,3615.0,103,3614.0,92
rb1805,20170920,20170919,210635500,3614.0,30010,390912,1085286960.0,3614.0,24,3612.0,81
rb1805,20170920,20170919,210636000,3612.0,30014,390916,1085431440.0,3613.0,1,3612.0,78
rb1805,20170920,20170919,210636500,3613.0,30028,390922,1085937260.0,3613.0,4,3612.0,73
rb1805,20170920,20170919,210637000,3612.0,30038,390924,1086298540.0,3613.0,8,3612.0,74
rb1805,20170920,20170919,210637500,3613.0,30050,390924,1086732100.0,3613.0,5,3612.0,75
rb1805,20170920,20170919,210638000,3613.0,30060,390920,1087093400.0,3614.0,20,3613.0,4
rb1805,20170920,20170919,210638500,3614.0,30062,390922,1087165680.0,3614.0,53,3613.0,5
rb1805,20170920,20170919,210639000,3614.0,30066,390922,1087310220.0,3614.0,48,3613.0,4
rb1805,20170920,20170919,210639500,3614.0,30084,390934,1087960740.0,3614.0,36,3613.0,12
rb1805,20170920,20170919,210640000,3613.0,30100,390918,1088538820.0,3614.0,36,3613.0,5
rb1805,20170920,20170919,210640500,3613.0,30100,390918,1088538820.0,3614.0,26,3613.0,6
rb1805,20170920,20170919,210641000,3613.0,30100,390918,1088538820.0,3614.0,28,3613.0,6
rb1805,20170920,20170919,210641500,3613.0,30102,390918,1088611080.0,3614.0,36,3613.0,5
rb1805,20170920,20170919,210642000,3613.0,30112,390916,1088972380.0,3614.0,36,3612.0,78
rb1805,20170920,20170919,210642500,3613.0,30112,390916,1088972380.0,3614.0,38,3613.0,16
rb1805,20170920,20170919,210643000,3613.0,30112,390916,1088972380.0,3614.0,35,3613.0,16
rb1805,20170920,20170919,210643500,3614.0,30116,390918,1089116940.0,3614.0,33,3613.0,16
rb1805,20170920,20170919,210644000,3614.0,30116,390918,1089116940.0,3614.0,34,3613.0,16
rb1805,20170920,20170919,210644500,3614.0,30118,390920,1089189220.0,3614.0,33,3613.0,16
rb1805,20170920,20170919,210645000,3613.0,30124,390920,1089406000.0,3614.0,33,3613.0,17
rb1805,20170920,20170919,210645500,3613.0,30158,390928,1090634420.0,3613.0,87,3612.0,179
rb1805,20170920,20170919,210646000,3613.0,30206,390928,1092368660.0,3613.0,63,3612.0,179
rb1805,20170920,20170919,210646500,3613.0,30322,391002,1096559740.0,3613.0,5,3612.0,178
rb1805,20170920,20170919,210647000,3613.0,30332,391008,1096921040.0,3614.0,32,3613.0,1
rb1805,20170920,20170919,210647500,3614.0,30340,391008,1097210080.0,3614.0,30,3612.0,178
rb1805,20170920,20170919,210648000,3614.0,30340,391008,1097210080.0,3614.0,35,3613.0,7
rb1805,20170920,20170919,210648500,3613.0,30346,391008,1097426880.0,3614.0,35,3613.0,5
rb1805,20170920,20170919,210649000,3614.0,30356,391010,1097788280.0,3614.0,32,3613.0,7
rb1805,20170920,20170919,210649500,3614.0,30356,391010,1097788280.0,3614.0,32,3613.0,9
rb1805,20170920,20170919,210650000,3614.0,30356,391010,1097788280.0,3614.0,32,3613.0,10
rb1805,20170920,20170919,210650500,3613.0,30376,390998,1098510880.0,3614.0,32,3613.0,50
rb1805,20170920,20170919,210651000,3613.0,30376,390998,1098510880.0,3614.0,33,3613.0,53
rb1805,20170920,20170919,210651500,3614.0,30396,391018,1099233680.0,3614.0,23,3613.0,59
rb1805,20170920,20170919,210652000,3614.0,30396,391018,1099233680.0,3614.0,24,3613.0,59
rb1805,20170920,20170919,210652500,3613.0,30420,391040,1100100840.0,3614.0,22,3613.0,51
rb1805,20170920,20170919,210653000,3613.0,30420,391040,1100100840.0,3614.0,25,3613.0,51
rb1805,20170920,20170919,210653500,3614.0,30422,391042,1100173120.0,3614.0,24,3613.0,55
rb1805,20170920,20170919,210654000,3614.0,30424,391044,1100245400.0,3614.0,26,3613.0,57
rb1805,20170920,20170919,210654500,3614.0,30432,391052,1100534520.0,3614.0,19,3613.0,57
rb1805,20170920,20170919,210655000,3614.0,30456,391062,1101401880.0,3614.0,8,3613.0,58
rb1805,20170920,20170919,210655500,3614.0,30456,391062,1101401880.0,3614.0,6,3613.0,58
rb1805,20170920,20170919,210656000,3613.0,30458,391064,1101474140.0,3614.0,6,3613.0,59
rb1805,20170920,20170919,210656500,3613.0,30458,391064,1101474140.0,3614.0,6,3613.0,59
rb1805,20170920,20170919,210657000,3614.0,30480,391086,1102269020.0,3614.0,5,3613.0,49
rb1805,20170920,20170919,210657500,3614.0,30488,391090,1102558140.0,3614.0,4,3613.0,50
rb1805,20170920,20170919,210658000,3614.0,30514,391114,1103497780.0,3614.0,7,3613.0,48
rb1805,20170920,20170919,210658500,3614.0,30514,391114,1103497780.0,3614.0,38,3613.0,48
rb1805,20170920,20170919,210659000,3614.0,30560,391150,1105159800.0,3614.0,37,3613.0,28
rb1805,20170920,20170919,210659500,3614.0,30560,391150,1105159800.0,3614.0,39,3613.0,28
rb1805,20170920,20170919,210700000,3614.0,30560,391150,1105159800.0,3614.0,39,3613.0,30
rb1805,20170920,20170919,210700500,3614.0,30574,391156,1105665760.0,3614.0,32,3613.0,32
rb1805,20170920,20170919,210701000,3614.0,30582,391164,1105954880.0,3614.0,28,3613.0,32
rb1805,20170920,20170919,210701500,3614.0,30582,391164,1105954880.0,3614.0,4,3613.0,32
rb1805,20170920,20170919,210702000,3614.0,30592,391164,1106316280.0,3615.0,99,3613.0,37
rb1805,20170920,20170919,210702500,3614.0,30592,391164,1106316280.0,3615.0,100,3613.0,37
rb1805,20170920,20170919,210703000,3613.0,30606,391164,1106822100.0,3614.0,2,3613.0,30
rb1805,20170920,20170919,210703500,3613.0,30608,391166,1106894360.0,3614.0,4,3613.0,25
rb1805,20170920,20170919,210704000,3613.0,30608,391166,1106894360.0,3614.0,4,3613.0,26
rb1805,20170920,20170919,210704500,3613.0,30608,391166,1106894360.0,3614.0,7,3613.0,28
rb1805,20170920,20170919,210705000,3613.0,30610,391164,1106966620.0,3614.0,6,3613.0,31
rb1805,20170920,20170919,210705500,3614.0,30612,391164,1107038900.0,3614.0,5,3613.0,31
rb1805,20170920,20170919,210706000,3614.0,30614,391164,1107111180.0,3614.0,9,3613.0,33
rb1805,20170920,20170919,210706500,3614.0,30620,391160,1107328020.0,3614.0,17,3613.0,34
rb1805,20170920,20170919,210707000,3614.0,30620,391160,1107328020.0,3614.0,17,3613.0,41
rb1805,20170920,20170919,210707500,3614.0,30656,391130,1108629060.0,3615.0,100,3613.0,41
rb1805,20170920,20170919,210708000,3613.0,30658,391130,1108701320.0,3614.0,3,3613.0,41
rb1805,20170920,20170919,210708500,3614.0,30664,391130,1108918160.0,3615.0,100,3614.0,7
rb1805,20170920,20170919,210709000,3614.0,30666,391132,1108990440.0,3615.0,96,3614.0,17
rb1805,20170920,20170919,210709500,3614.0,30668,391134,1109062720.0,3615.0,96,3614.0,23
rb1805,20170920,20170919,210710000,3614.0,30828,391162,1114846600.0,3615.0,22,3614.0,22
rb1805,20170920,20170919,210710500,3615.0,30872,391198,1116437200.0,3616.0,72,3615.0,133
rb1805,20170920,20170919,210711000,3616.0,30982,391254,1120414680.0,3616.0,23,3615.0,84
rb1805,20170920,20170919,210711500,3616.0,31034,391266,1122295020.0,3617.0,85,3616.0,12
rb1805,20170920,20170919,210712000,3616.0,31058,391256,1123162860.0,3617.0,85,3616.0,7
rb1805,20170920,20170919,210712500,3617.0,31066,391258,1123452180.0,3617.0,83,3616.0,2
rb1805,20170920,20170919,210713000,3617.0,31112,391266,1125115980.0,3617.0,64,3616.0,7
rb1805,20170920,20170919,210713500,3617.0,31122,391256,1125477680.0,3617.0,61,3616.0,11
rb1805,20170920,20170919,210714000,3617.0,31138,391252,1126056380.0,3617.0,53,3616.0,20
rb1805,20170920,20170919,210714500,3617.0,31158,391246,1126779680.0,3617.0,48,3616.0,15
rb1805,20170920,20170919,210715000,3617.0,31188,391260,1127864540.0,3617.0,46,3616.0,6
rb1805,20170920,20170919,210715500,3616.0,31216,391274,1128877040.0,3616.0,37,3615.0,66
rb1805,20170920,20170919,210716000,3616.0,31276,391274,1131046640.0,3616.0,7,3615.0,66
rb1805,20170920,20170919,210716500,3616.0,31290,391288,1131552880.0,3617.0,48,3616.0,7
rb1805,20170920,20170919,210717000,3616.0,31294,391292,1131697520.0,3617.0,58,3616.0,5
rb1805,20170920,20170919,210717500,3616.0,31294,391292,1131697520.0,3617.0,48,3616.0,7
rb1805,20170920,20170919,210718000,3617.0,31296,391294,1131769860.0,3617.0,47,3616.0,9
rb1805,20170920,20170919,210718500,3617.0,31296,391294,1131769860.0,3617.0,48,3616.0,9
rb1805,20170920,20170919,210719000,3617.0,31298,391296,1131842200.0,3617.0,47,3616.0,13
rb1805,20170920,20170919,210719500,3617.0,31300,391296,1131914540.0,3617.0,46,3616.0,19
rb1805,20170920,20170919,210720000,3617.0,31310,391300,1132276200.0,3617.0,52,3616.0,21
rb1805,20170920,20170919,210720500,3617.0,31320,391304,1132637860.0,3617.0,49,3616.0,20
rb1805,20170920,20170919,210721000,3617.0,31396,391260,1135386620.0,3617.0,21,3616.0,17
rb1805,20170920,20170919,210721500,3617.0,31400,391256,1135531300.0,3617.0,19,3616.0,27
rb1805,20170920,20170919,210722000,3616.0,31402,391256,1135603620.0,3617.0,20,3616.0,27
rb1805,20170920,20170919,210722500,3617.0,31406,391256,1135748280.0,3617.0,21,3616.0,21
rb1805,20170920,20170919,210723000,3617.0,31420,391248,1136254660.0,3617.0,14,3616.0,21
rb1805,20170920,20170919,210723500,3617.0,31426,391248,1136471680.0,3617.0,13,3616.0,22
rb1805,20170920,20170919,210724000,3617.0,31440,391250,1136978060.0,3617.0,11,3616.0,22
rb1805,20170920,20170919,210724500,3617.0,31442,391250,1137050400.0,3617.0,10,3616.0,23
rb1805,20170920,20170919,210725000,3617.0,31478,391272,1138352520.0,3618.0,148,3617.0,29
rb1805,20170920,20170919,210725500,3617.0,31546,391262,1140812060.0,3617.0,54,3616.0,19
rb1805,20170920,20170919,210726000,3617.0,31550,391258,1140956720.0,3617.0,45,3616.0,18
rb1805,20170920,20170919,210726500,3617.0,31564,391256,1141463080.0,3617.0,40,3616.0,19
rb1805,20170920,20170919,210727000,3617.0,31568,391252,1141607760.0,3617.0,40,3616.0,21
rb1805,20170920,20170919,210727500,3617.0,31570,391250,1141680100.0,3617.0,39,3616.0,33
rb1805,20170920,20170919,210728000,3617.0,31650,391290,1144573700.0,3618.0,159,3617.0,63
rb1805,20170920,20170919,210728500,3617.0,31658,391288,1144863100.0,3618.0,158,3617.0,69
rb1805,20170920,20170919,210729000,3617.0,31680,391296,1145658880.0,3618.0,150,3617.0,61
rb1805,20170920,20170919,210729500,3618.0,31696,391310,1146237720.0,3618.0,144,3617.0,60
rb1805,20170920,20170919,210730000,3617.0,31744,391322,1147974320.0,3618.0,131,3617.0,60
rb1805,20170920,20170919,210730500,3617.0,31756,391330,1148408420.0,3618.0,128,3617.0,60
rb1805,20170920,20170919,210731000,3618.0,31780,391336,1149276680.0,3618.0,119,3617.0,58
rb1805,20170920,20170919,210731500,3618.0,31784,391336,1149421400.0,3618.0,121,3617.0,60
rb1805,20170920,20170919,210732000,3618.0,31802,391342,1150072580.0,3618.0,118,3617.0,56
rb1805,20170920,20170919,210732500,3617.0,31814,391350,1150506620.0,3618.0,118,3617.0,51
rb1805,20170920,20170919,210733000,3618.0,31824,391344,1150868400.0,3618.0,117,3617.0,50
rb1805,20170920,20170919,210733500,3618.0,31824,391344,1150868400.0,3618.0,116,3617.0,51
rb1805,20170920,20170919,210734000,3618.0,31826,391346,1150940760.0,3618.0,115,3617.0,57
rb1805,20170920,20170919,210734500,3618.0,31846,391352,1151664280.0,3618.0,110,3617.0,73
rb1805,20170920,20170919,210735000,3618.0,31850,391356,1151809000.0,3618.0,108,3617.0,73
rb1805,20170920,20170919,210735500,3617.0,31896,391400,1153473160.0,3618.0,92,3617.0,67
rb1805,20170920,20170919,210736000,3617.0,31918,391400,1154268900.0,3618.0,92,3617.0,106
rb1805,20170920,20170919,210736500,3618.0,32008,391400,1157525100.0,3618.0,47,3617.0,106
rb1805,20170920,20170919,210737000,3618.0,32042,391418,1158755220.0,3618.0,30,3617.0,106
rb1805,20170920,20170919,210737500,3619.0,32108,391462,1161143140.0,3619.0,54,3618.0,125
rb1805,20170920,20170919,210738000,3620.0,32238,391450,1165847900.0,3620.0,65,3619.0,13
rb1805,20170920,20170919,210738500,3620.0,32304,391466,1168236940.0,3620.0,50,3619.0,4
rb1805,20170920,20170919,210739000,3620.0,32330,391468,1169178060.0,3620.0,42,3619.0,9
rb1805,20170920,20170919,210739500,3620.0,32414,391470,1172218880.0,3621.0,131,3620.0,86
rb1805,20170920,20170919,210740000,3621.0,32440,391470,1173160300.0,3621.0,130,3620.0,85
rb1805,20170920,20170919,210740500,3620.0,32450,391468,1173522360.0,3621.0,129,3620.0,88
rb1805,20170920,20170919,210741000,3621.0,32476,391486,1174463780.0,3621.0,108,3620.0,92
rb1805,20170920,20170919,210741500,3620.0,32492,391482,1175043040.0,3621.0,105,3620.0,92
rb1805,20170920,20170919,210742000,3621.0,32520,391492,1176056820.0,3621.0,96,3620.0,87
rb1805,20170920,20170919,210742500,3621.0,32568,391504,1177794880.0,3621.0,73,3620.0,93
rb1805,20170920,20170919,210743000,3621.0,32614,391478,1179460500.0,3621.0,55,3620.0,91
rb1805,20170920,20170919,210743500,3621.0,32632,391466,1180112160.0,3621.0,76,3620.0,87
rb1805,20170920,20170919,210744000,3621.0,32674,391446,1181632720.0,3621.0,92,3620.0,74
rb1805,20170920,20170919,210744500,3621.0,32692,391442,1182284480.0,3621.0,87,3620.0,73
rb1805,20170920,20170919,210745000,3621.0,32802,391392,1186267540.0,3621.0,41,3620.0,26
rb1805,20170920,20170919,210745500,3621.0,32814,391400,1186702020.0,3621.0,38,3620.0,26
rb1805,20170920,20170919,210746000,3620.0,32820,391404,1186919260.0,3621.0,37,3620.0,25
rb1805,20170920,20170919,210746500,3621.0,33078,391288,1196259740.0,3622.0,95,3621.0,203
rb1805,20170920,20170919,210747000,3622.0,33096,391274,1196911540.0,3622.0,126,3621.0,196
rb1805,20170920,20170919,210747500,3621.0,33158,391220,1199156620.0,3622.0,117,3621.0,168
rb1805,20170920,20170919,210748000,3622.0,33240,391190,1202125960.0,3622.0,118,3621.0,133
rb1805,20170920,20170919,210748500,3621.0,33510,391056,1211902680.0,3622.0,91,3621.0,12
rb1805,20170920,20170919,210749000,3621.0,33572,391086,1214147660.0,3621.0,89,3619.0,34
rb1805,20170920,20170919,210749500,3621.0,33596,391092,1215016700.0,3621.0,74,3619.0,25
rb1805,20170920,20170919,210750000,3621.0,33616,391098,1215740900.0,3621.0,103,3619.0,25
rb1805,20170920,20170919,210750500,3620.0,33622,391098,1215958100.0,3620.0,1,3619.0,24
rb1805,20170920,20170919,210751000,3621.0,33626,391096,1216102920.0,3621.0,110,3620.0,21
rb1805,20170920,20170919,210751500,3620.0,33712,391100,1219216960.0,3621.0,68,3620.0,21
rb1805,20170920,20170919,210752000,3621.0,33794,391124,1222185760.0,3621.0,38,3619.0,36
rb1805,20170920,20170919,210752500,3621.0,33794,391124,1222185760.0,3620.0,1,3619.0,31
rb1805,20170920,20170919,210753000,3620.0,33798,391122,1222330560.0,3620.0,3,3619.0,31
rb1805,20170920,20170919,210753500,3620.0,33800,391122,1222402960.0,3620.0,3,3619.0,33
rb1805,20170920,20170919,210754000,3621.0,33812,391128,1222837400.0,3621.0,88,3619.0,36
rb1805,20170920,20170919,210754500,3619.0,33824,391136,1223271880.0,3621.0,83,3619.0,33
rb1805,20170920,20170919,210755000,3620.0,33826,391136,1223344280.0,3621.0,85,3619.0,104
rb1805,20170920,20170919,210755500,3621.0,33844,391142,1223995940.0,3621.0,86,3620.0,4
rb1805,20170920,20170919,210756000,3621.0,33874,391126,1225082080.0,3621.0,80,3620.0,7
rb1805,20170920,20170919,210756500,3619.0,33912,391104,1226457460.0,3620.0,7,3619.0,98
rb1805,20170920,20170919,210757000,3619.0,33928,391104,1227036560.0,3620.0,11,3619.0,93
rb1805,20170920,20170919,210757500,3620.0,33958,391098,1228122560.0,3620.0,2,3619.0,93
rb1805,20170920,20170919,210758000,3620.0,33960,391098,1228194960.0,3620.0,2,3619.0,93
rb1805,20170920,20170919,210758500,3619.0,34152,391276,1235143440.0,3620.0,19,3618.0,80
rb1805,20170920,20170919,210759000,3620.0,34178,391294,1236084640.0,3620.0,38,3618.0,80
rb1805,20170920,20170919,210759500,3620.0,34224,391318,1237749840.0,3620.0,58,3619.0,1
rb1805,20170920,20170919,210800000,3619.0,34228,391318,1237894600.0,3620.0,59,3618.0,81
rb1805,20170920,20170919,210800500,3618.0,34234,391320,1238111760.0,3620.0,59,3618.0,81
rb1805,20170920,20170919,210801000,3619.0,34322,391256,1241297340.0,3620.0,17,3619.0,18
rb1805,20170920,20170919,210801500,3620.0,34332,391250,1241659340.0,3620.0,30,3619.0,16
rb1805,20170920,20170919,210802000,3620.0,34392,391254,1243831340.0,3621.0,161,3620.0,70
rb1805,20170920,20170919,210802500,3620.0,34400,391262,1244120940.0,3621.0,161,3620.0,67
rb1805,20170920,20170919,210803000,3620.0,34404,391266,1244265740.0,3621.0,165,3620.0,66
rb1805,20170920,20170919,210803500,3621.0,34420,391270,1244845060.0,3621.0,161,3620.0,64
rb1805,20170920,20170919,210804000,3620.0,34432,391278,1245279480.0,3621.0,155,3620.0,60
rb1805,20170920,20170919,210804500,3621.0,34444,391280,1245713900.0,3621.0,154,3620.0,55
rb1805,20170920,20170919,210805000,3620.0,34462,391290,1246365520.0,3621.0,156,3620.0,47
rb1805,20170920,20170919,210805500,3620.0,34474,391300,1246799940.0,3621.0,155,3620.0,43
rb1805,20170920,20170919,210806000,3621.0,34476,391302,1246872360.0,3621.0,154,3620.0,43
rb1805,20170920,20170919,210806500,3620.0,34498,391304,1247668760.0,3621.0,155,3620.0,32
rb1805,20170920,20170919,210807000,3620.0,34506,391306,1247958380.0,3621.0,157,3620.0,29
rb1805,20170920,20170919,210807500,3620.0,34538,391328,1249116820.0,3621.0,158,3620.0,20
rb1805,20170920,20170919,210808000,3621.0,34550,391330,1249551280.0,3621.0,156,3620.0,17
rb1805,20170920,20170919,210808500,3621.0,34552,391330,1249623700.0,3621.0,158,3620.0,18
rb1805,20170920,20170919,210809000,3621.0,34558,391330,1249840940.0,3621.0,157,3620.0,17
rb1805,20170920,20170919,210809500,3621.0,34562,391330,1249985780.0,3621.0,156,3620.0,18
rb1805,20170920,20170919,210810000,3621.0,34572,391332,1250347820.0,3621.0,154,3620.0,16
rb1805,20170920,20170919,210810500,3620.0,34574,391332,1250420220.0,3621.0,154,3620.0,16
rb1805,20170920,20170919,210811000,3620.0,34576,391334,1250492620.0,3621.0,164,3620.0,18
rb1805,20170920,20170919,210811500,3620.0,34616,391326,1251940620.0,3620.0,36,3619.0,47
rb1805,20170920,20170919,210812000,3619.0,34622,391324,1252157780.0,3620.0,44,3619.0,42
rb1805,20170920,20170919,210812500,3619.0,34628,391322,1252374960.0,3620.0,64,3619.0,40
rb1805,20170920,20170919,210813000,3620.0,34632,391322,1252519740.0,3620.0,82,3619.0,40
rb1805,20170920,20170919,210813500,3619.0,34738,391356,1256356880.0,3620.0,40,3619.0,36
rb1805,20170920,20170919,210814000,3619.0,34738,391356,1256356880.0,3620.0,40,3619.0,62
rb1805,20170920,20170919,210814500,3619.0,34798,391386,1258528280.0,3620.0,41,3619.0,32
rb1805,20170920,20170919,210815000,3619.0,34798,391386,1258528280.0,3620.0,37,3619.0,32
rb1805,20170920,20170919,210815500,3619.0,34832,391370,1259758780.0,3620.0,35,3619.0,23
rb1805,20170920,20170919,210816000,3619.0,34836,391372,1259903560.0,3620.0,35,3619.0,25
rb1805,20170920,20170919,210816500,3620.0,34870,391366,1261134360.0,3620.0,19,3619.0,134
rb1805,20170920,20170919,210817000,3619.0,35152,391488,1271341840.0,3621.0,176,3619.0,88
rb1805,20170920,20170919,210817500,3620.0,35178,391486,1272283040.0,3621.0,176,3619.0,93
rb1805,20170920,20170919,210818000,3620.0,35184,391490,1272500260.0,3621.0,185,3620.0,5
rb1805,20170920,20170919,210818500,3619.0,35218,391502,1273730980.0,3620.0,2,3619.0,89
rb1805,20170920,20170919,210819000,3620.0,35344,391522,1278293080.0,3621.0,141,3620.0,5
rb1805,20170920,20170919,210819500,3620.0,35364,391524,1279017100.0,3620.0,57,3619.0,89
rb1805,20170920,20170919,210820000,3620.0,35364,391524,1279017100.0,3620.0,61,3619.0,90
rb1805,20170920,20170919,210820500,3620.0,35364,391524,1279017100.0,3620.0,61,3619.0,94
rb1805,20170920,20170919,210821000,3620.0,35370,391526,1279234300.0,3620.0,58,3619.0,94
rb1805,20170920,20170919,210821500,3619.0,35382,391538,1279668600.0,3620.0,62,3619.0,100
rb1805,20170920,20170919,210822000,3619.0,35386,391542,1279813360.0,3620.0,63,3619.0,98
rb1805,20170920,20170919,210822500,3620.0,35388,391544,1279885760.0,3620.0,62,3619.0,98
rb1805,20170920,20170919,210823000,3620.0,35396,391552,1280175360.0,3620.0,58,3619.0,99
rb1805,20170920,20170919,210823500,3619.0,35436,391586,1281623320.0,3620.0,41,3619.0,97
rb1805,20170920,20170919,210824000,3620.0,35488,391636,1283505720.0,3620.0,21,3619.0,98
rb1805,20170920,20170919,210824500,3620.0,35530,391638,1285026120.0,3621.0,158,3620.0,15
rb1805,20170920,20170919,210825000,3620.0,35564,391644,1286256920.0,3620.0,2,3619.0,101
rb1805,20170920,20170919,210825500,3620.0,35568,391646,1286401720.0,3621.0,158,3620.0,22
rb1805,20170920,20170919,210826000,3620.0,35574,391642,1286618960.0,3621.0,156,3620.0,25
rb1805,20170920,20170919,210826500,3621.0,35580,391642,1286836220.0,3621.0,158,3620.0,23
rb1805,20170920,20170919,210827000,3621.0,35580,391642,1286836220.0,3621.0,209,3620.0,28
rb1805,20170920,20170919,210827500,3620.0,35606,391650,1287777420.0,3621.0,210,3620.0,16
rb1805,20170920,20170919,210828000,3620.0,35652,391674,1289442600.0,3621.0,212,3620.0,1
rb1805,20170920,20170919,210828500,3620.0,35658,391678,1289659820.0,3620.0,29,3619.0,140
rb1805,20170920,20170919,210829000,3620.0,35698,391678,1291107820.0,3620.0,10,3619.0,148
rb1805,20170920,20170919,210829500,3620.0,35720,391690,1291904220.0,3621.0,273,3620.0,16
rb1805,20170920,20170919,210830000,3620.0,35734,391690,1292411080.0,3621.0,270,3620.0,10
rb1805,20170920,20170919,210830500,3620.0,35736,391692,1292483480.0,3621.0,270,3620.0,35
rb1805,20170920,20170919,210831000,3620.0,35736,391692,1292483480.0,3621.0,270,3620.0,58
rb1805,20170920,20170919,210831500,3621.0,35758,391674,1293280080.0,3621.0,260,3620.0,71
rb1805,20170920,20170919,210832000,3621.0,35796,391706,1294655720.0,3621.0,258,3620.0,66
rb1805,20170920,20170919,210832500,3621.0,35856,391690,1296828100.0,3621.0,240,3620.0,64
rb1805,20170920,20170919,210833000,3620.0,35876,391704,1297552160.0,3621.0,237,3620.0,58
rb1805,20170920,20170919,210833500,3620.0,35896,391724,1298276160.0,3621.0,242,3620.0,49
rb1805,20170920,20170919,210834000,3620.0,35898,391726,1298348560.0,3621.0,246,3620.0,49
rb1805,20170920,20170919,210834500,3620.0,35898,391726,1298348560.0,3621.0,248,3620.0,49
rb1805,20170920,20170919,210835000,3621.0,35906,391722,1298638240.0,3621.0,244,3620.0,51
rb1805,20170920,20170919,210835500,3620.0,35910,391722,1298783040.0,3621.0,246,3620.0,49
rb1805,20170920,20170919,210836000,3620.0,35952,391716,1300303440.0,3621.0,246,3620.0,30
rb1805,20170920,20170919,210836500,3620.0,35952,391716,1300303440.0,3621.0,246,3620.0,32
rb1805,20170920,20170919,210837000,3620.0,35958,391712,1300520640.0,3621.0,246,3620.0,27
rb1805,20170920,20170919,210837500,3620.0,35958,391712,1300520640.0,3621.0,246,3620.0,40
rb1805,20170920,20170919,210838000,3621.0,35960,391710,1300593060.0,3621.0,245,3620.0,40
rb1805,20170920,20170919,210838500,3620.0,35968,391712,1300882700.0,3621.0,244,3620.0,38
rb1805,20170920,20170919,210839000,3620.0,35970,391714,1300955100.0,3621.0,244,3620.0,37
rb1805,20170920,20170919,210839500,3621.0,35980,391714,1301317200.0,3621.0,256,3620.0,38
rb1805,20170920,20170919,210840000,3621.0,35982,391714,1301389620.0,3621.0,255,3620.0,38
rb1805,20170920,20170919,210840500,3621.0,35982,391714,1301389620.0,3621.0,255,3620.0,40
rb1805,20170920,20170919,210841000,3621.0,35982,391714,1301389620.0,3621.0,255,3620.0,40
rb1805,20170920,20170919,210841500,3621.0,36000,391704,1302041400.0,3621.0,246,3620.0,40
rb1805,20170920,20170919,210842000,3620.0,36006,391710,1302258600.0,3621.0,247,3620.0,38
rb1805,20170920,20170919,210842500,3620.0,36006,391710,1302258600.0,3621.0,248,3620.0,38
rb1805,20170920,20170919,210843000,3620.0,36006,391710,1302258600.0,3621.0,253,3620.0,39
rb1805,20170920,20170919,210843500,3620.0,36046,391732,1303706600.0,3621.0,254,3620.0,21
rb1805,20170920,20170919,210844000,3620.0,36046,391732,1303706600.0,3621.0,254,3620.0,21
rb1805,20170920,20170919,210844500,3620.0,36058,391734,1304141060.0,3621.0,250,3620.0,19
rb1805,20170920,20170919,210845000,3620.0,36070,391728,1304575500.0,3621.0,248,3620.0,15
rb1805,20170920,20170919,210845500,3620.0,36078,391726,1304865100.0,3621.0,248,3620.0,12
rb1805,20170920,20170919,210846000,3620.0,36164,391746,1307978840.0,3620.0,1,3619.0,121
rb1805,20170920,20170919,210846500,3619.0,36200,391774,1309281880.0,3620.0,1,3619.0,115
rb1805,20170920,20170919,210847000,3620.0,36218,391774,1309933480.0,3620.0,8,3619.0,115
rb1805,20170920,20170919,210847500,3620.0,36240,391772,1310729880.0,3621.0,224,3620.0,10
rb1805,20170920,20170919,210848000,3620.0,36248,391770,1311019480.0,3621.0,224,3620.0,14
rb1805,20170920,20170919,210848500,3620.0,36252,391774,1311164280.0,3621.0,224,3620.0,15
rb1805,20170920,20170919,210849000,3620.0,36252,391774,1311164280.0,3621.0,225,3620.0,15
rb1805,20170920,20170919,210849500,3620.0,36252,391774,1311164280.0,3621.0,227,3620.0,15
rb1805,20170920,20170919,210850000,3620.0,36252,391774,1311164280.0,3621.0,227,3620.0,55
rb1805,20170920,20170919,210850500,3621.0,36274,391760,1311960900.0,3621.0,211,3620.0,57
rb1805,20170920,20170919,210851000,3621.0,36296,391766,1312757380.0,3621.0,208,3620.0,60
rb1805,20170920,20170919,210851500,3621.0,36324,391794,1313771240.0,3621.0,136,3620.0,59
rb1805,20170920,20170919,210852000,3621.0,36370,391826,1315436600.0,3621.0,128,3620.0,74
rb1805,20170920,20170919,210852500,3621.0,36388,391840,1316088360.0,3621.0,120,3620.0,84
rb1805,20170920,20170919,210853000,3620.0,36398,391842,1316450440.0,3621.0,117,3620.0,86
rb1805,20170920,20170919,210853500,3620.0,36402,391846,1316595240.0,3621.0,117,3620.0,132
rb1805,20170920,20170919,210854000,3621.0,36406,391842,1316740080.0,3621.0,115,3620.0,160
rb1805,20170920,20170919,210854500,3621.0,36580,391932,1323039220.0,3621.0,98,3620.0,89
rb1805,20170920,20170919,210855000,3620.0,36772,391906,1329989620.0,3620.0,64,3619.0,101
rb1805,20170920,20170919,210855500,3620.0,36956,392012,1336649180.0,3620.0,63,3619.0,39
rb1805,20170920,20170919,210856000,3620.0,37058,392062,1340340720.0,3620.0,64,3618.0,108
rb1805,20170920,20170919,210856500,3620.0,37058,392062,1340340720.0,3619.0,3,3618.0,101
rb1805,20170920,20170919,210857000,3619.0,37064,392056,1340557860.0,3619.0,8,3618.0,101
rb1805,20170920,20170919,210857500,3619.0,37072,392056,1340847380.0,3619.0,11,3618.0,101
rb1805,20170920,20170919,210858000,3619.0,37088,392042,1341426420.0,3619.0,5,3618.0,101
rb1805,20170920,20170919,210858500,3620.0,37108,392046,1342150380.0,3620.0,54,3618.0,101
rb1805,20170920,20170919,210859000,3620.0,37108,392046,1342150380.0,3620.0,99,3619.0,2
rb1805,20170920,20170919,210859500,3619.0,37110,392046,1342222760.0,3620.0,98,3619.0,4
rb1805,20170920,20170919,210900000,3618.0,37156,392092,1343887480.0,3619.0,35,3618.0,101
rb1805,20170920,20170919,210900500,3618.0,37160,392092,1344032200.0,3619.0,35,3618.0,99
rb1805,20170920,20170919,210901000,3619.0,37164,392094,1344176940.0,3619.0,34,3618.0,100
rb1805,20170920,20170919,210901500,3619.0,37168,392096,1344321700.0,3619.0,33,3618.0,100
rb1805,20170920,20170919,210902000,3619.0,37170,392098,1344394080.0,3619.0,32,3618.0,100
rb1805,20170920,20170919,210902500,3619.0,37232,392160,1346637860.0,3619.0,1,3618.0,100
rb1805,20170920,20170919,210903000,3619.0,37234,392162,1346710240.0,3620.0,55,3619.0,18
rb1805,20170920,20170919,210903500,3619.0,37234,392162,1346710240.0,3620.0,55,3619.0,18
rb1805,20170920,20170919,210904000,3619.0,37244,392152,1347072140.0,3620.0,55,3619.0,13
rb1805,20170920,20170919,210904500,3619.0,37244,392152,1347072140.0,3620.0,55,3619.0,18
rb1805,20170920,20170919,210905000,3619.0,37244,392152,1347072140.0,3620.0,50,3619.0,18
rb1805,20170920,20170919,210905500,3619.0,37244,392152,1347072140.0,3620.0,55,3619.0,23
rb1805,20170920,20170919,210906000,3619.0,37244,392152,1347072140.0,3620.0,67,3619.0,61
rb1805,20170920,20170919,210906500,3620.0,37248,392150,1347216940.0,3620.0,62,3619.0,91
rb1805,20170920,20170919,210907000,3620.0,37270,392168,1348013340.0,3620.0,51,3619.0,93
rb1805,20170920,20170919,210907500,3619.0,37272,392166,1348085720.0,3620.0,53,3619.0,92
rb1805,20170920,20170919,210908000,3619.0,37272,392166,1348085720.0,3620.0,57,3619.0,92
rb1805,20170920,20170919,210908500,3620.0,37276,392170,1348230520.0,3620.0,60,3619.0,123
rb1805,20170920,20170919,210909000,3619.0,37316,392186,1349678120.0,3620.0,52,3619.0,104
rb1805,20170920,20170919,210909500,3620.0,37320,392190,1349822920.0,3620.0,50,3619.0,104
rb1805,20170920,20170919,210910000,3620.0,37354,392192,1351053720.0,3620.0,28,3619.0,105
rb1805,20170920,20170919,210910500,3620.0,37432,392248,1353877460.0,3621.0,192,3620.0,20
rb1805,20170920,20170919,210911000,3620.0,37434,392248,1353949860.0,3621.0,187,3620.0,53
rb1805,20170920,20170919,210911500,3620.0,37436,392250,1354022260.0,3621.0,187,3620.0,52
rb1805,20170920,20170919,210912000,3620.0,37438,392252,1354094660.0,3621.0,187,3620.0,51
rb1805,20170920,20170919,210912500,3620.0,37448,392258,1354456660.0,3621.0,187,3620.0,47
rb1805,20170920,20170919,210913000,3620.0,37460,392258,1354891060.0,3621.0,187,3620.0,72
rb1805,20170920,20170919,210913500,3620.0,37480,392268,1355615120.0,3621.0,186,3620.0,67
rb1805,20170920,20170919,210914000,3620.0,37574,392268,1359017920.0,3621.0,191,3620.0,20
rb1805,20170920,20170919,210914500,3620.0,37576,392268,1359090320.0,3621.0,186,3620.0,22
rb1805,20170920,20170919,210915000,3620.0,37608,392264,1360249000.0,3621.0,174,3620.0,24
rb1805,20170920,20170919,210915500,3620.0,37608,392264,1360249000.0,3621.0,174,3620.0,21
rb1805,20170920,20170919,210916000,3620.0,37608,392264,1360249000.0,3621.0,174,3620.0,27
rb1805,20170920,20170919,210916500,3620.0,37722,392222,1364376900.0,3621.0,119,3620.0,22
rb1805,20170920,20170919,210917000,3621.0,37726,392226,1364521720.0,3621.0,118,3620.0,21
rb1805,20170920,20170919,210917500,3621.0,37738,392226,1364956240.0,3621.0,113,3620.0,21
rb1805,20170920,20170919,210918000,3620.0,37740,392226,1365028640.0,3621.0,113,3620.0,20
rb1805,20170920,20170919,210918500,3621.0,37742,392224,1365101060.0,3621.0,112,3620.0,14
rb1805,20170920,20170919,210919000,3620.0,37752,392234,1365463060.0,3621.0,112,3620.0,9
rb1805,20170920,20170919,210919500,3620.0,37770,392250,1366114660.0,3620.0,11,3619.0,147
rb1805,20170920,20170919,210920000,3620.0,37798,392276,1367128260.0,3621.0,112,3620.0,3
rb1805,20170920,20170919,210920500,3620.0,37800,392276,1367200660.0,3621.0,114,3620.0,2
rb1805,20170920,20170919,210921000,3621.0,37812,392272,1367635140.0,3621.0,110,3620.0,6
rb1805,20170920,20170919,210921500,3620.0,37826,392268,1368142060.0,3621.0,104,3620.0,35
rb1805,20170920,20170919,210922000,3620.0,37832,392262,1368359260.0,3621.0,104,3620.0,32
rb1805,20170920,20170919,210922500,3621.0,37834,392262,1368431680.0,3621.0,105,3620.0,32
rb1805,20170920,20170919,210923000,3621.0,37836,392264,1368504100.0,3621.0,104,3620.0,71
rb1805,20170920,20170919,210923500,3621.0,37862,392260,1369445320.0,3621.0,103,3620.0,69
rb1805,20170920,20170919,210924000,3621.0,37864,392262,1369517740.0,3621.0,102,3620.0,69
rb1805,20170920,20170919,210924500,3620.0,37876,392274,1369952140.0,3621.0,102,3620.0,65
rb1805,20170920,20170919,210925000,3620.0,37880,392276,1370096960.0,3621.0,101,3620.0,95
rb1805,20170920,20170919,210925500,3621.0,38042,392256,1375962980.0,3621.0,22,3620.0,93
rb1805,20170920,20170919,210926000,3622.0,38088,392272,1377628660.0,3622.0,132,3621.0,136
rb1805,20170920,20170919,210926500,3621.0,38112,392294,1378497700.0,3622.0,127,3621.0,100
rb1805,20170920,20170919,210927000,3622.0,38136,392310,1379366760.0,3622.0,126,3621.0,67
rb1805,20170920,20170919,210927500,3622.0,38248,392414,1383422300.0,3622.0,135,3621.0,17
rb1805,20170920,20170919,210928000,3621.0,38264,392414,1384001660.0,3622.0,125,3621.0,17
rb1805,20170920,20170919,210928500,3622.0,38304,392420,1385450340.0,3622.0,111,3621.0,13
rb1805,20170920,20170919,210929000,3621.0,38328,392434,1386319440.0,3622.0,95,3621.0,17
rb1805,20170920,20170919,210929500,3621.0,38388,392460,1388492040.0,3621.0,81,3620.0,125
rb1805,20170920,20170919,210930000,3620.0,38392,392460,1388636860.0,3621.0,52,3620.0,124
rb1805,20170920,20170919,210930500,3621.0,38412,392444,1389361040.0,3621.0,29,3620.0,125
rb1805,20170920,20170919,210931000,3621.0,38420,392440,1389650680.0,3621.0,45,3620.0,121
rb1805,20170920,20170919,210931500,3620.0,38462,392468,1391171460.0,3621.0,17,3620.0,119
