instrument,tradingday,calendarday,time,lastp,volume,openinterest,turnover,ask1,asksz1,bid1,bidsz1
rb1805,20170915,20170914,183229500,3709.0,0,354628,0.0,0.0,0,0.0,0
rb1805,20170915,20170914,205900500,3703.0,318,354668,11775540.0,3704.0,4,3703.0,56
rb1805,20170915,20170914,210000500,3706.0,482,354804,17853260.0,3708.0,20,3706.0,5
rb1805,20170915,20170914,210001000,3708.0,666,354802,24676840.0,3711.0,17,3708.0,4
rb1805,20170915,20170914,210001500,3708.0,1150,354838,42625200.0,3710.0,1,3708.0,17
rb1805,20170915,20170914,210002000,3708.0,1188,354852,44034500.0,3710.0,8,3708.0,8
rb1805,20170915,20170914,210002500,3708.0,1234,354846,45740660.0,3708.0,6,3707.0,6
rb1805,20170915,20170914,210003000,3708.0,1284,354854,47594840.0,3710.0,2,3708.0,19
rb1805,20170915,20170914,210003500,3710.0,1298,354856,48114240.0,3709.0,2,3708.0,22
rb1805,20170915,20170914,210004000,3710.0,1444,354776,53531120.0,3712.0,7,3710.0,1
rb1805,20170915,20170914,210004500,3710.0,1510,354778,55979040.0,3710.0,2,3708.0,8
rb1805,20170915,20170914,210005000,3710.0,1608,354802,59613440.0,3711.0,52,3710.0,2
rb1805,20170915,20170914,210005500,3710.0,1638,354788,60726440.0,3711.0,48,3710.0,20
rb1805,20170915,20170914,210006000,3710.0,1692,354740,62729800.0,3710.0,30,3708.0,1
rb1805,20170915,20170914,210006500,3710.0,1704,354738,63174980.0,3710.0,20,3709.0,3
rb1805,20170915,20170914,210007000,3710.0,1816,354712,67328260.0,3710.0,67,3707.0,6
rb1805,20170915,20170914,210007500,3708.0,1838,354716,68143960.0,3710.0,75,3708.0,1
rb1805,20170915,20170914,210008000,3708.0,1856,354720,68811720.0,3709.0,4,3707.0,1
rb1805,20170915,20170914,210008500,3709.0,1870,354730,69330900.0,3709.0,9,3707.0,6
rb1805,20170915,20170914,210009000,3707.0,1906,354750,70665600.0,3709.0,24,3707.0,2
rb1805,20170915,20170914,210009500,3707.0,1934,354766,71703760.0,3709.0,14,3707.0,1
rb1805,20170915,20170914,210010000,3708.0,1958,354766,72593660.0,3708.0,20,3706.0,4
rb1805,20170915,20170914,210010500,3708.0,2000,354792,74151020.0,3708.0,14,3706.0,20
rb1805,20170915,20170914,210011000,3708.0,2006,354794,74373460.0,3708.0,38,3707.0,5
rb1805,20170915,20170914,210011500,3707.0,2100,354808,77858820.0,3709.0,13,3707.0,4
rb1805,20170915,20170914,210012000,3707.0,2146,354842,79564140.0,3708.0,1,3706.0,16
rb1805,20170915,20170914,210012500,3707.0,2176,354838,80676340.0,3709.0,11,3707.0,11
rb1805,20170915,20170914,210013000,3708.0,2184,354838,80973020.0,3709.0,9,3707.0,14
rb1805,20170915,20170914,210013500,3707.0,2186,354836,81047160.0,3709.0,14,3707.0,23
rb1805,20170915,20170914,210014000,3707.0,2212,354836,82011180.0,3709.0,18,3708.0,1
rb1805,20170915,20170914,210014500,3707.0,2228,354838,82604460.0,3708.0,2,3707.0,15
rb1805,20170915,20170914,210015000,3709.0,2242,354838,83123680.0,3709.0,9,3707.0,32
rb1805,20170915,20170914,210015500,3708.0,2294,354834,85051400.0,3708.0,16,3707.0,7
rb1805,20170915,20170914,210016000,3706.0,2326,354844,86237780.0,3708.0,9,3706.0,18
rb1805,20170915,20170914,210016500,3709.0,2358,354838,87424400.0,3709.0,21,3708.0,20
rb1805,20170915,20170914,210017000,3708.0,2402,354806,89055920.0,3709.0,23,3708.0,1
rb1805,20170915,20170914,210017500,3708.0,2424,354806,89871520.0,3708.0,3,3706.0,20
rb1805,20170915,20170914,210018000,3708.0,2432,354808,90168160.0,3709.0,18,3708.0,1
rb1805,20170915,20170914,210018500,3709.0,2444,354806,90613140.0,3708.0,2,3707.0,47
rb1805,20170915,20170914,210019000,3709.0,2488,354794,92244620.0,3709.0,11,3707.0,39
rb1805,20170915,20170914,210019500,3708.0,2496,354794,92541200.0,3708.0,22,3707.0,27
rb1805,20170915,20170914,210020000,3708.0,2542,354808,94246840.0,3708.0,10,3707.0,35
rb1805,20170915,20170914,210020500,3708.0,2574,354796,95433400.0,3709.0,16,3708.0,65
rb1805,20170915,20170914,210021000,3707.0,2730,354768,101217640.0,3709.0,18,3707.0,28
rb1805,20170915,20170914,210021500,3709.0,2810,354836,104184640.0,3710.0,79,3709.0,18
rb1805,20170915,20170914,210022000,3708.0,2856,354846,105890720.0,3709.0,13,3708.0,69
rb1805,20170915,20170914,210022500,3710.0,2884,354852,106929040.0,3710.0,78,3709.0,3
rb1805,20170915,20170914,210023000,3709.0,2918,354872,108190080.0,3710.0,86,3709.0,2
rb1805,20170915,20170914,210023500,3709.0,2958,354864,109673660.0,3709.0,28,3708.0,100
rb1805,20170915,20170914,210024000,3709.0,3090,354960,114568240.0,3709.0,26,3708.0,36
rb1805,20170915,20170914,210024500,3709.0,3284,354928,121762880.0,3709.0,11,3707.0,48
rb1805,20170915,20170914,210025000,3708.0,3608,355086,133768700.0,3708.0,18,3703.0,44
rb1805,20170915,20170914,210025500,3707.0,3646,355120,135177240.0,3706.0,1,3705.0,4
rb1805,20170915,20170914,210026000,3707.0,3670,355120,136066820.0,3707.0,23,3706.0,5
rb1805,20170915,20170914,210026500,3706.0,3730,355118,138290740.0,3706.0,11,3705.0,16
rb1805,20170915,20170914,210027000,3707.0,3760,355138,139402580.0,3707.0,5,3706.0,31
rb1805,20170915,20170914,210027500,3708.0,3832,355186,142071100.0,3707.0,1,3706.0,10
rb1805,20170915,20170914,210028000,3705.0,3920,355130,145332020.0,3707.0,2,3705.0,5
rb1805,20170915,20170914,210028500,3706.0,3944,355118,146221460.0,3707.0,8,3706.0,16
rb1805,20170915,20170914,210029000,3707.0,4028,355130,149335420.0,3708.0,38,3707.0,6
rb1805,20170915,20170914,210029500,3708.0,4034,355130,149557900.0,3708.0,41,3707.0,6
rb1805,20170915,20170914,210030000,3708.0,4040,355134,149780360.0,3708.0,33,3707.0,15
rb1805,20170915,20170914,210030500,3708.0,4046,355132,150002840.0,3708.0,32,3707.0,15
rb1805,20170915,20170914,210031000,3709.0,4150,355170,153859560.0,3708.0,12,3707.0,17
rb1805,20170915,20170914,210031500,3708.0,4178,355174,154897800.0,3708.0,21,3707.0,18
rb1805,20170915,20170914,210032000,3708.0,4220,355186,156455160.0,3709.0,1,3708.0,6
rb1805,20170915,20170914,210032500,3707.0,4252,355184,157642240.0,3709.0,1,3707.0,22
rb1805,20170915,20170914,210033000,3708.0,4254,355186,157716400.0,3709.0,1,3708.0,9
rb1805,20170915,20170914,210033500,3708.0,4256,355186,157790560.0,3709.0,1,3708.0,9
rb1805,20170915,20170914,210034000,3708.0,4292,355182,159125460.0,3710.0,87,3708.0,4
rb1805,20170915,20170914,210034500,3707.0,4330,355178,160534500.0,3708.0,9,3707.0,22
rb1805,20170915,20170914,210035000,3707.0,4346,355178,161127760.0,3708.0,8,3707.0,16
rb1805,20170915,20170914,210035500,3707.0,4354,355180,161424340.0,3708.0,8,3707.0,20
rb1805,20170915,20170914,210036000,3707.0,4368,355192,161943340.0,3708.0,7,3707.0,9
rb1805,20170915,20170914,210036500,3708.0,4374,355194,162165840.0,3709.0,16,3707.0,9
rb1805,20170915,20170914,210037000,3708.0,4382,355194,162462540.0,3708.0,3,3707.0,20
rb1805,20170915,20170914,210037500,3708.0,4408,355194,163426620.0,3709.0,1,3708.0,1
rb1805,20170915,20170914,210038000,3708.0,4410,355194,163500780.0,3709.0,2,3708.0,2
rb1805,20170915,20170914,210038500,3709.0,4416,355194,163723320.0,3709.0,99,3708.0,8
rb1805,20170915,20170914,210039000,3709.0,4424,355196,164020020.0,3709.0,97,3708.0,7
rb1805,20170915,20170914,210039500,3708.0,4454,355196,165132420.0,3708.0,4,3707.0,23
rb1805,20170915,20170914,210040000,3708.0,4476,355202,165948200.0,3708.0,5,3707.0,28
rb1805,20170915,20170914,210040500,3708.0,4482,355206,166170680.0,3708.0,11,3707.0,31
rb1805,20170915,20170914,210041000,3708.0,4504,355200,166986440.0,3709.0,98,3708.0,6
rb1805,20170915,20170914,210041500,3708.0,4506,355202,167060600.0,3709.0,96,3708.0,10
rb1805,20170915,20170914,210042000,3709.0,4508,355202,167134780.0,3709.0,95,3708.0,25
rb1805,20170915,20170914,210042500,3708.0,4560,355206,169063420.0,3709.0,71,3708.0,24
rb1805,20170915,20170914,210043000,3708.0,4610,355228,170917420.0,3708.0,25,3707.0,34
rb1805,20170915,20170914,210043500,3708.0,4640,355218,172029560.0,3708.0,24,3707.0,21
rb1805,20170915,20170914,210044000,3708.0,4658,355214,172696880.0,3708.0,29,3707.0,15
rb1805,20170915,20170914,210044500,3708.0,4688,355228,173809260.0,3708.0,20,3707.0,14
rb1805,20170915,20170914,210045000,3708.0,4690,355228,173883420.0,3708.0,14,3707.0,19
rb1805,20170915,20170914,210045500,3707.0,4716,355250,174847240.0,3708.0,12,3707.0,7
rb1805,20170915,20170914,210046000,3707.0,4732,355240,175440360.0,3708.0,20,3707.0,4
rb1805,20170915,20170914,210046500,3708.0,4742,355242,175811080.0,3707.0,1,3706.0,11
rb1805,20170915,20170914,210047000,3707.0,4806,355260,178183760.0,3708.0,2,3707.0,8
rb1805,20170915,20170914,210047500,3708.0,4814,355268,178480400.0,3709.0,78,3708.0,6
rb1805,20170915,20170914,210048000,3708.0,4826,355280,178925360.0,3709.0,82,3708.0,3
rb1805,20170915,20170914,210048500,3709.0,4992,355264,185082300.0,3710.0,212,3709.0,109
rb1805,20170915,20170914,210049000,3709.0,4994,355264,185156480.0,3710.0,212,3709.0,108
rb1805,20170915,20170914,210049500,3710.0,5204,355252,192946380.0,3710.0,162,3709.0,53
rb1805,20170915,20170914,210050000,3710.0,5412,355346,200661360.0,3710.0,181,3708.0,10
rb1805,20170915,20170914,210050500,3710.0,5502,355358,203999920.0,3710.0,154,3708.0,2
rb1805,20170915,20170914,210051000,3710.0,5508,355358,204222520.0,3709.0,6,3708.0,2
rb1805,20170915,20170914,210051500,3708.0,5518,355356,204593320.0,3709.0,8,3707.0,19
rb1805,20170915,20170914,210052000,3709.0,5520,355354,204667500.0,3709.0,36,3707.0,19
rb1805,20170915,20170914,210052500,3708.0,5526,355350,204890000.0,3709.0,54,3707.0,28
rb1805,20170915,20170914,210053000,3708.0,5528,355350,204964160.0,3708.0,2,3707.0,29
rb1805,20170915,20170914,210053500,3707.0,5548,355358,205705580.0,3708.0,26,3707.0,20
rb1805,20170915,20170914,210054000,3708.0,5554,355360,205928040.0,3708.0,48,3707.0,19
rb1805,20170915,20170914,210054500,3707.0,5798,355376,214975440.0,3707.0,14,3706.0,18
rb1805,20170915,20170914,210055000,3707.0,5804,355378,215197860.0,3707.0,12,3706.0,18
rb1805,20170915,20170914,210055500,3706.0,5814,355386,215568460.0,3707.0,12,3706.0,14
rb1805,20170915,20170914,210056000,3706.0,5868,355412,217569720.0,3707.0,11,3706.0,18
rb1805,20170915,20170914,210056500,3707.0,5962,355418,221054300.0,3708.0,1,3707.0,51
rb1805,20170915,20170914,210057000,3707.0,5974,355418,221499140.0,3708.0,1,3707.0,56
rb1805,20170915,20170914,210057500,3707.0,5992,355406,222166480.0,3708.0,4,3707.0,52
rb1805,20170915,20170914,210058000,3708.0,6258,355378,232027180.0,3709.0,8,3708.0,104
rb1805,20170915,20170914,210058500,3704.0,6550,355230,242852200.0,3708.0,93,3703.0,46
rb1805,20170915,20170914,210059000,3707.0,6658,355200,246851980.0,3707.0,26,3703.0,14
rb1805,20170915,20170914,210059500,3706.0,6664,355200,247074300.0,3706.0,4,3704.0,6
rb1805,20170915,20170914,210100000,3703.0,6714,355212,248925920.0,3705.0,1,3704.0,8
rb1805,20170915,20170914,210100500,3705.0,6722,355204,249222320.0,3706.0,7,3705.0,14
rb1805,20170915,20170914,210101000,3706.0,6724,355202,249296440.0,3706.0,3,3705.0,8
rb1805,20170915,20170914,210101500,3707.0,6740,355192,249889440.0,3707.0,10,3706.0,3
rb1805,20170915,20170914,210102000,3706.0,6746,355194,250111840.0,3707.0,6,3706.0,4
rb1805,20170915,20170914,210102500,3705.0,6776,355210,251223600.0,3707.0,15,3706.0,1
rb1805,20170915,20170914,210103000,3707.0,6812,355202,252558120.0,3708.0,50,3707.0,13
rb1805,20170915,20170914,210103500,3708.0,6930,355310,256933560.0,3709.0,50,3708.0,58
rb1805,20170915,20170914,210104000,3709.0,6952,355300,257749540.0,3710.0,145,3709.0,9
rb1805,20170915,20170914,210104500,3708.0,7040,355304,261012680.0,3708.0,15,3707.0,38
rb1805,20170915,20170914,210105000,3708.0,7072,355320,262199240.0,3709.0,37,3707.0,49
rb1805,20170915,20170914,210105500,3708.0,7094,355320,263014980.0,3708.0,6,3707.0,48
rb1805,20170915,20170914,210106000,3708.0,7106,355320,263459940.0,3708.0,1,3707.0,56
rb1805,20170915,20170914,210106500,3707.0,7110,355324,263608220.0,3708.0,58,3707.0,55
rb1805,20170915,20170914,210107000,3707.0,7116,355326,263830680.0,3708.0,56,3707.0,36
rb1805,20170915,20170914,210107500,3707.0,7118,355326,263904820.0,3708.0,16,3707.0,10
rb1805,20170915,20170914,210108000,3708.0,7154,355306,265239660.0,3709.0,47,3708.0,16
rb1805,20170915,20170914,210108500,3707.0,7202,355298,267019340.0,3707.0,2,3706.0,32
rb1805,20170915,20170914,210109000,3707.0,7204,355300,267093480.0,3707.0,53,3706.0,11
rb1805,20170915,20170914,210109500,3706.0,7226,355314,267908800.0,3706.0,42,3705.0,15
rb1805,20170915,20170914,210110000,3705.0,7258,355296,269094400.0,3705.0,30,3704.0,41
rb1805,20170915,20170914,210110500,3705.0,7352,355330,272576340.0,3705.0,24,3704.0,4
rb1805,20170915,20170914,210111000,3704.0,7364,355324,273020820.0,3704.0,21,3703.0,9
rb1805,20170915,20170914,210111500,3704.0,7372,355322,273317080.0,3704.0,7,3703.0,6
rb1805,20170915,20170914,210112000,3703.0,7390,355330,273983620.0,3703.0,12,3702.0,45
rb1805,20170915,20170914,210112500,3703.0,7434,355326,275612940.0,3704.0,15,3703.0,14
rb1805,20170915,20170914,210113000,3703.0,7436,355326,275687000.0,3704.0,15,3703.0,22
rb1805,20170915,20170914,210113500,3703.0,7494,355278,277834800.0,3704.0,14,3703.0,23
rb1805,20170915,20170914,210114000,3704.0,7544,355300,279686800.0,3705.0,21,3704.0,66
rb1805,20170915,20170914,210114500,3704.0,7550,355294,279909040.0,3705.0,19,3704.0,64
rb1805,20170915,20170914,210115000,3704.0,7556,355294,280131280.0,3705.0,17,3704.0,67
rb1805,20170915,20170914,210115500,3704.0,7658,355292,283909820.0,3706.0,42,3704.0,48
rb1805,20170915,20170914,210116000,3704.0,7706,355268,285688460.0,3706.0,24,3704.0,43
rb1805,20170915,20170914,210116500,3705.0,7734,355292,286725600.0,3705.0,52,3704.0,23
rb1805,20170915,20170914,210117000,3704.0,7770,355314,288059060.0,3705.0,61,3704.0,11
rb1805,20170915,20170914,210117500,3704.0,7792,355308,288873940.0,3705.0,61,3703.0,135
rb1805,20170915,20170914,210118000,3704.0,7792,355308,288873940.0,3705.0,71,3704.0,6
rb1805,20170915,20170914,210118500,3704.0,7874,355248,291911220.0,3705.0,74,3704.0,215
rb1805,20170915,20170914,210119000,3705.0,7904,355250,293022440.0,3705.0,70,3704.0,202
rb1805,20170915,20170914,210119500,3704.0,7968,355250,295393000.0,3705.0,70,3704.0,172
rb1805,20170915,20170914,210120000,3705.0,8028,355252,297615980.0,3705.0,39,3704.0,171
rb1805,20170915,20170914,210120500,3706.0,8164,355216,302655020.0,3706.0,35,3705.0,49
rb1805,20170915,20170914,210121000,3705.0,8222,355222,304804400.0,3706.0,11,3705.0,47
rb1805,20170915,20170914,210121500,3706.0,8248,355238,305767960.0,3707.0,11,3706.0,16
rb1805,20170915,20170914,210122000,3706.0,8264,355234,306360920.0,3707.0,11,3706.0,24
rb1805,20170915,20170914,210122500,3706.0,8358,355232,309844560.0,3706.0,67,3705.0,32
rb1805,20170915,20170914,210123000,3705.0,8364,355232,310066860.0,3706.0,76,3705.0,34
rb1805,20170915,20170914,210123500,3705.0,8374,355234,310437440.0,3706.0,27,3705.0,74
rb1805,20170915,20170914,210124000,3705.0,8442,355232,312956840.0,3706.0,28,3705.0,31
rb1805,20170915,20170914,210124500,3705.0,8504,355214,315253940.0,3705.0,61,3704.0,181
rb1805,20170915,20170914,210125000,3705.0,8512,355222,315550340.0,3705.0,32,3704.0,183
rb1805,20170915,20170914,210125500,3705.0,8518,355224,315772640.0,3705.0,29,3704.0,183
rb1805,20170915,20170914,210126000,3704.0,8524,355226,315994900.0,3705.0,40,3704.0,186
rb1805,20170915,20170914,210126500,3704.0,8542,355228,316661720.0,3705.0,28,3704.0,182
rb1805,20170915,20170914,210127000,3705.0,8584,355216,318217820.0,3705.0,8,3704.0,182
rb1805,20170915,20170914,210127500,3705.0,8586,355216,318291920.0,3705.0,7,3704.0,181
rb1805,20170915,20170914,210128000,3705.0,8586,355216,318291920.0,3705.0,6,3704.0,182
rb1805,20170915,20170914,210128500,3704.0,8600,355216,318810480.0,3705.0,10,3704.0,175
rb1805,20170915,20170914,210129000,3705.0,8624,355206,319699640.0,3705.0,2,3704.0,175
rb1805,20170915,20170914,210129500,3704.0,8626,355204,319773720.0,3705.0,17,3704.0,174
rb1805,20170915,20170914,210130000,3704.0,8708,355124,322811000.0,3705.0,33,3704.0,132
rb1805,20170915,20170914,210130500,3705.0,8718,355122,323181440.0,3705.0,15,3704.0,127
rb1805,20170915,20170914,210131000,3704.0,8760,355120,324737140.0,3705.0,24,3704.0,107
rb1805,20170915,20170914,210131500,3704.0,8760,355120,324737140.0,3705.0,62,3704.0,108
rb1805,20170915,20170914,210132000,3705.0,8778,355126,325404040.0,3705.0,47,3704.0,109
rb1805,20170915,20170914,210132500,3704.0,8796,355112,326070780.0,3705.0,46,3704.0,101
rb1805,20170915,20170914,210133000,3704.0,8810,355112,326589460.0,3705.0,38,3704.0,104
rb1805,20170915,20170914,210133500,3704.0,8898,355104,329849780.0,3705.0,22,3704.0,100
rb1805,20170915,20170914,210134000,3705.0,8970,355106,332517160.0,3706.0,19,3705.0,3
rb1805,20170915,20170914,210134500,3705.0,9006,355082,333850940.0,3706.0,21,3705.0,8
rb1805,20170915,20170914,210135000,3704.0,9024,355074,334517820.0,3705.0,1,3704.0,89
rb1805,20170915,20170914,210135500,3705.0,9038,355076,335036500.0,3705.0,12,3704.0,87
rb1805,20170915,20170914,210136000,3705.0,9042,355078,335184700.0,3705.0,14,3704.0,87
rb1805,20170915,20170914,210136500,3705.0,9042,355078,335184700.0,3705.0,16,3704.0,88
rb1805,20170915,20170914,210137000,3705.0,9048,355080,335407000.0,3705.0,40,3704.0,86
rb1805,20170915,20170914,210137500,3705.0,9178,355050,340222240.0,3705.0,185,3704.0,22
rb1805,20170915,20170914,210138000,3705.0,9282,355088,344075000.0,3705.0,105,3704.0,10
rb1805,20170915,20170914,210138500,3704.0,9304,355104,344889880.0,3704.0,71,3703.0,147
rb1805,20170915,20170914,210139000,3703.0,9312,355110,345186140.0,3704.0,127,3703.0,145
rb1805,20170915,20170914,210139500,3703.0,9366,355124,347185880.0,3704.0,154,3703.0,126
rb1805,20170915,20170914,210140000,3703.0,9622,355138,356665600.0,3703.0,85,3702.0,54
rb1805,20170915,20170914,210140500,3702.0,9654,355146,357850500.0,3703.0,74,3702.0,55
rb1805,20170915,20170914,210141000,3702.0,9778,355232,362441120.0,3702.0,27,3701.0,74
rb1805,20170915,20170914,210141500,3702.0,9864,355302,365624840.0,3703.0,68,3702.0,56
rb1805,20170915,20170914,210142000,3702.0,10006,355298,370883060.0,3703.0,1,3702.0,75
rb1805,20170915,20170914,210142500,3703.0,10322,355414,382587400.0,3704.0,1,3703.0,30
rb1805,20170915,20170914,210143000,3704.0,10330,355418,382883740.0,3705.0,109,3704.0,15
rb1805,20170915,20170914,210143500,3704.0,10346,355432,383476380.0,3705.0,109,3704.0,12
rb1805,20170915,20170914,210144000,3704.0,10364,355432,384143100.0,3705.0,111,3704.0,5
rb1805,20170915,20170914,210144500,3705.0,10586,355426,392368200.0,3706.0,24,3704.0,68
rb1805,20170915,20170914,210145000,3704.0,10588,355428,392442280.0,3706.0,24,3704.0,63
rb1805,20170915,20170914,210145500,3706.0,10628,355414,393924680.0,3706.0,13,3704.0,76
rb1805,20170915,20170914,210146000,3705.0,10638,355424,394295180.0,3706.0,7,3705.0,6
rb1805,20170915,20170914,210146500,3705.0,10650,355420,394739780.0,3706.0,17,3705.0,12
rb1805,20170915,20170914,210147000,3706.0,10716,355454,397186020.0,3708.0,40,3706.0,85
rb1805,20170915,20170914,210147500,3706.0,10838,355528,401707340.0,3707.0,19,3706.0,35
rb1805,20170915,20170914,210148000,3706.0,10844,355524,401929700.0,3707.0,18,3706.0,32
rb1805,20170915,20170914,210148500,3705.0,10918,355464,404672040.0,3706.0,2,3705.0,21
rb1805,20170915,20170914,210149000,3705.0,10936,355480,405338980.0,3706.0,4,3705.0,15
rb1805,20170915,20170914,210149500,3706.0,10956,355474,406080180.0,3707.0,32,3706.0,9
rb1805,20170915,20170914,210150000,3706.0,10980,355476,406969600.0,3706.0,36,3705.0,17
rb1805,20170915,20170914,210150500,3706.0,11016,355482,408303720.0,3706.0,11,3705.0,17
rb1805,20170915,20170914,210151000,3706.0,11020,355478,408451960.0,3706.0,4,3705.0,28
rb1805,20170915,20170914,210151500,3706.0,11044,355462,409341400.0,3707.0,29,3705.0,37
rb1805,20170915,20170914,210152000,3706.0,11044,355462,409341400.0,3706.0,1,3705.0,31
rb1805,20170915,20170914,210152500,3707.0,11052,355464,409637940.0,3707.0,26,3706.0,38
rb1805,20170915,20170914,210153000,3707.0,11108,355444,411713860.0,3708.0,66,3707.0,14
rb1805,20170915,20170914,210153500,3708.0,11196,355426,414976820.0,3708.0,26,3707.0,10
rb1805,20170915,20170914,210154000,3708.0,11214,355426,415644220.0,3708.0,18,3707.0,2
rb1805,20170915,20170914,210154500,3708.0,11258,355418,417275740.0,3709.0,52,3708.0,12
rb1805,20170915,20170914,210155000,3708.0,11282,355396,418165660.0,3709.0,52,3707.0,48
rb1805,20170915,20170914,210155500,3708.0,11282,355396,418165660.0,3708.0,1,3707.0,19
rb1805,20170915,20170914,210156000,3708.0,11282,355396,418165660.0,3708.0,5,3707.0,19
rb1805,20170915,20170914,210156500,3708.0,11292,355388,418536460.0,3709.0,52,3708.0,1
rb1805,20170915,20170914,210157000,3708.0,11298,355384,418758940.0,3709.0,53,3708.0,2
rb1805,20170915,20170914,210157500,3708.0,11350,355372,420687100.0,3708.0,4,3707.0,10
rb1805,20170915,20170914,210158000,3706.0,11374,355372,421576740.0,3707.0,25,3706.0,29
rb1805,20170915,20170914,210158500,3706.0,11436,355414,423874480.0,3706.0,5,3705.0,67
rb1805,20170915,20170914,210159000,3707.0,11474,355442,425282740.0,3706.0,5,3705.0,19
rb1805,20170915,20170914,210159500,3705.0,11476,355442,425356840.0,3706.0,15,3705.0,20
rb1805,20170915,20170914,210200000,3705.0,11516,355438,426838840.0,3705.0,19,3704.0,49
rb1805,20170915,20170914,210200500,3705.0,11516,355438,426838840.0,3705.0,19,3704.0,7
rb1805,20170915,20170914,210201000,3705.0,11516,355438,426838840.0,3705.0,19,3704.0,6
rb1805,20170915,20170914,210201500,3704.0,11520,355438,426987020.0,3705.0,24,3704.0,6
rb1805,20170915,20170914,210202000,3705.0,11554,355440,428246720.0,3705.0,1,3704.0,7
rb1805,20170915,20170914,210202500,3705.0,11554,355440,428246720.0,3705.0,1,3704.0,8
rb1805,20170915,20170914,210203000,3705.0,11560,355440,428469020.0,3706.0,57,3704.0,8
rb1805,20170915,20170914,210203500,3705.0,11560,355440,428469020.0,3706.0,61,3704.0,11
rb1805,20170915,20170914,210204000,3705.0,11560,355440,428469020.0,3706.0,62,3704.0,12
rb1805,20170915,20170914,210204500,3706.0,11610,355470,430322020.0,3706.0,47,3705.0,1
rb1805,20170915,20170914,210205000,3706.0,11620,355472,430692520.0,3706.0,46,3704.0,11
rb1805,20170915,20170914,210205500,3706.0,11630,355472,431063060.0,3706.0,44,3704.0,37
rb1805,20170915,20170914,210206000,3706.0,11630,355472,431063060.0,3705.0,6,3704.0,40
rb1805,20170915,20170914,210206500,3705.0,11642,355470,431507660.0,3706.0,41,3704.0,39
rb1805,20170915,20170914,210207000,3705.0,11668,355444,432470960.0,3706.0,41,3705.0,5
rb1805,20170915,20170914,210207500,3706.0,11680,355440,432915680.0,3707.0,65,3705.0,32
rb1805,20170915,20170914,210208000,3705.0,11682,355440,432989780.0,3706.0,2,3705.0,26
rb1805,20170915,20170914,210208500,3706.0,11686,355440,433138020.0,3707.0,66,3706.0,11
rb1805,20170915,20170914,210209000,3706.0,11692,355440,433360380.0,3707.0,96,3706.0,8
rb1805,20170915,20170914,210209500,3706.0,11694,355440,433434500.0,3707.0,56,3706.0,12
rb1805,20170915,20170914,210210000,3707.0,11712,355440,434101760.0,3707.0,47,3706.0,39
rb1805,20170915,20170914,210210500,3707.0,11806,355502,437586340.0,3708.0,42,3707.0,19
rb1805,20170915,20170914,210211000,3707.0,11830,355486,438476040.0,3708.0,38,3707.0,35
rb1805,20170915,20170914,210211500,3707.0,11840,355482,438846820.0,3708.0,34,3707.0,41
rb1805,20170915,20170914,210212000,3707.0,11840,355482,438846820.0,3708.0,34,3707.0,40
rb1805,20170915,20170914,210212500,3707.0,11892,355466,440774580.0,3708.0,28,3707.0,45
rb1805,20170915,20170914,210213000,3708.0,11894,355468,440848740.0,3708.0,27,3707.0,45
rb1805,20170915,20170914,210213500,3708.0,11894,355468,440848740.0,3708.0,37,3707.0,45
rb1805,20170915,20170914,210214000,3708.0,11894,355468,440848740.0,3708.0,39,3707.0,45
rb1805,20170915,20170914,210214500,3707.0,11938,355468,442479820.0,3708.0,39,3706.0,42
rb1805,20170915,20170914,210215000,3708.0,11942,355468,442628140.0,3708.0,39,3706.0,42
rb1805,20170915,20170914,210215500,3708.0,11964,355466,443443860.0,3708.0,30,3707.0,1
rb1805,20170915,20170914,210216000,3707.0,11970,355462,443666280.0,3707.0,22,3706.0,64
rb1805,20170915,20170914,210216500,3707.0,11994,355444,444555960.0,3707.0,10,3706.0,64
rb1805,20170915,20170914,210217000,3707.0,12014,355432,445297360.0,3708.0,31,3707.0,12
rb1805,20170915,20170914,210217500,3707.0,12016,355432,445371500.0,3708.0,31,3707.0,31
rb1805,20170915,20170914,210218000,3707.0,12016,355432,445371500.0,3708.0,33,3707.0,58
rb1805,20170915,20170914,210218500,3707.0,12018,355430,445445640.0,3708.0,33,3707.0,60
rb1805,20170915,20170914,210219000,3707.0,12022,355430,445593940.0,3708.0,32,3707.0,59
rb1805,20170915,20170914,210219500,3708.0,12072,355434,447447540.0,3708.0,27,3707.0,49
rb1805,20170915,20170914,210220000,3708.0,12128,355428,449524020.0,3709.0,52,3708.0,13
rb1805,20170915,20170914,210220500,3709.0,12132,355432,449672360.0,3709.0,51,3708.0,90
rb1805,20170915,20170914,210221000,3710.0,12260,355476,454420120.0,3710.0,48,3709.0,5
rb1805,20170915,20170914,210221500,3710.0,12282,355462,455236220.0,3710.0,42,3708.0,98
rb1805,20170915,20170914,210222000,3710.0,12298,355454,455829720.0,3710.0,39,3709.0,9
rb1805,20170915,20170914,210222500,3709.0,12362,355436,458204080.0,3710.0,9,3709.0,53
rb1805,20170915,20170914,210223000,3711.0,12504,355478,463471320.0,3711.0,12,3710.0,5
rb1805,20170915,20170914,210223500,3711.0,12524,355478,464213400.0,3711.0,10,3710.0,108
rb1805,20170915,20170914,210224000,3711.0,12538,355474,464732920.0,3711.0,7,3710.0,107
rb1805,20170915,20170914,210224500,3711.0,12546,355468,465029800.0,3711.0,8,3710.0,119
rb1805,20170915,20170914,210225000,3711.0,12610,355434,467405440.0,3713.0,47,3711.0,33
rb1805,20170915,20170914,210225500,3712.0,12614,355434,467553900.0,3712.0,15,3711.0,45
rb1805,20170915,20170914,210226000,3712.0,12614,355434,467553900.0,3712.0,25,3711.0,40
rb1805,20170915,20170914,210226500,3712.0,12630,355438,468147800.0,3712.0,14,3711.0,29
rb1805,20170915,20170914,210227000,3712.0,12668,355440,469558440.0,3713.0,7,3712.0,29
rb1805,20170915,20170914,210227500,3712.0,12756,355454,472825280.0,3714.0,36,3712.0,3
rb1805,20170915,20170914,210228000,3712.0,12756,355454,472825280.0,3713.0,2,3712.0,61
rb1805,20170915,20170914,210228500,3713.0,12780,355438,473716500.0,3713.0,1,3712.0,50
rb1805,20170915,20170914,210229000,3714.0,12786,355432,473939320.0,3714.0,21,3713.0,32
rb1805,20170915,20170914,210229500,3714.0,12808,355430,474756400.0,3715.0,34,3713.0,29
rb1805,20170915,20170914,210230000,3715.0,12834,355418,475722080.0,3715.0,29,3713.0,29
rb1805,20170915,20170914,210230500,3713.0,12922,355394,478991120.0,3715.0,65,3713.0,14
rb1805,20170915,20170914,210231000,3715.0,12924,355394,479065420.0,3715.0,102,3713.0,14
rb1805,20170915,20170914,210231500,3715.0,12924,355394,479065420.0,3714.0,2,3713.0,15
rb1805,20170915,20170914,210232000,3715.0,12996,355390,481740100.0,3714.0,12,3713.0,25
rb1805,20170915,20170914,210232500,3714.0,13030,355400,483002740.0,3714.0,34,3713.0,13
rb1805,20170915,20170914,210233000,3714.0,13034,355400,483151280.0,3714.0,39,3713.0,17
rb1805,20170915,20170914,210233500,3713.0,13040,355404,483374100.0,3714.0,41,3713.0,16
rb1805,20170915,20170914,210234000,3713.0,13058,355410,484042480.0,3714.0,22,3713.0,9
rb1805,20170915,20170914,210234500,3712.0,13138,355418,487012180.0,3713.0,138,3711.0,47
rb1805,20170915,20170914,210235000,3713.0,13144,355418,487234880.0,3712.0,40,3711.0,50
rb1805,20170915,20170914,210235500,3711.0,13162,355434,487902920.0,3712.0,39,3711.0,45
rb1805,20170915,20170914,210236000,3712.0,13166,355434,488051400.0,3712.0,42,3711.0,45
rb1805,20170915,20170914,210236500,3712.0,13172,355438,488274120.0,3712.0,40,3711.0,47
rb1805,20170915,20170914,210237000,3712.0,13180,355442,488571080.0,3712.0,36,3711.0,24
rb1805,20170915,20170914,210237500,3712.0,13198,355446,489239220.0,3712.0,29,3711.0,31
rb1805,20170915,20170914,210238000,3713.0,13262,355498,491614940.0,3713.0,128,3712.0,29
rb1805,20170915,20170914,210238500,3713.0,13262,355498,491614940.0,3713.0,111,3712.0,36
rb1805,20170915,20170914,210239000,3712.0,13426,355450,497704200.0,3713.0,21,3712.0,65
rb1805,20170915,20170914,210239500,3713.0,13468,355454,499263660.0,3714.0,44,3713.0,107
rb1805,20170915,20170914,210240000,3714.0,13558,355492,502606260.0,3715.0,48,3714.0,16
rb1805,20170915,20170914,210240500,3714.0,13574,355494,503200640.0,3715.0,38,3714.0,38
rb1805,20170915,20170914,210241000,3714.0,13574,355494,503200640.0,3715.0,43,3714.0,36
rb1805,20170915,20170914,210241500,3714.0,13576,355496,503274920.0,3715.0,38,3714.0,65
rb1805,20170915,20170914,210242000,3715.0,13612,355500,504612100.0,3715.0,31,3714.0,55
rb1805,20170915,20170914,210242500,3714.0,13644,355498,505800580.0,3715.0,31,3714.0,39
rb1805,20170915,20170914,210243000,3714.0,13646,355496,505874860.0,3715.0,35,3714.0,38
rb1805,20170915,20170914,210243500,3715.0,13658,355496,506320560.0,3715.0,35,3714.0,37
rb1805,20170915,20170914,210244000,3714.0,13660,355494,506394840.0,3715.0,34,3714.0,37
rb1805,20170915,20170914,210244500,3715.0,13746,355504,509589580.0,3716.0,55,3715.0,15
rb1805,20170915,20170914,210245000,3715.0,13800,355488,511595460.0,3715.0,70,3714.0,19
rb1805,20170915,20170914,210245500,3714.0,13802,355486,511669740.0,3715.0,40,3714.0,22
rb1805,20170915,20170914,210246000,3714.0,13832,355472,512784120.0,3715.0,35,3714.0,18
rb1805,20170915,20170914,210246500,3714.0,13862,355490,513898340.0,3714.0,1,3713.0,184
rb1805,20170915,20170914,210247000,3715.0,13898,355500,515235540.0,3715.0,24,3714.0,2
rb1805,20170915,20170914,210247500,3715.0,13926,355520,516275700.0,3715.0,23,3714.0,8
rb1805,20170915,20170914,210248000,3715.0,13932,355524,516498600.0,3714.0,1,3713.0,176
rb1805,20170915,20170914,210248500,3714.0,13936,355526,516647160.0,3715.0,22,3714.0,5
rb1805,20170915,20170914,210249000,3714.0,13948,355526,517092840.0,3714.0,4,3713.0,177
rb1805,20170915,20170914,210249500,3714.0,13960,355536,517538540.0,3715.0,55,3714.0,48
rb1805,20170915,20170914,210250000,3714.0,13974,355548,518058540.0,3715.0,51,3714.0,43
rb1805,20170915,20170914,210250500,3714.0,13988,355560,518578520.0,3715.0,50,3714.0,40
rb1805,20170915,20170914,210251000,3715.0,14012,355552,519470140.0,3716.0,61,3715.0,1
rb1805,20170915,20170914,210251500,3715.0,14048,355564,520807540.0,3716.0,62,3715.0,1
rb1805,20170915,20170914,210252000,3715.0,14058,355562,521179060.0,3716.0,67,3715.0,3
rb1805,20170915,20170914,210252500,3715.0,14070,355562,521624840.0,3716.0,68,3714.0,40
rb1805,20170915,20170914,210253000,3714.0,14074,355564,521773420.0,3715.0,2,3714.0,44
rb1805,20170915,20170914,210253500,3716.0,14080,355560,521996340.0,3716.0,65,3715.0,22
rb1805,20170915,20170914,210254000,3714.0,14128,355578,523779540.0,3715.0,4,3714.0,53
rb1805,20170915,20170914,210254500,3714.0,14128,355578,523779540.0,3715.0,13,3714.0,54
rb1805,20170915,20170914,210255000,3715.0,14130,355578,523853840.0,3715.0,14,3714.0,54
rb1805,20170915,20170914,210255500,3715.0,14130,355578,523853840.0,3715.0,60,3714.0,50
rb1805,20170915,20170914,210256000,3715.0,14144,355574,524373940.0,3715.0,54,3714.0,49
rb1805,20170915,20170914,210256500,3715.0,14164,355568,525116900.0,3715.0,60,3714.0,47
rb1805,20170915,20170914,210257000,3714.0,14174,355572,525488360.0,3715.0,58,3714.0,56
rb1805,20170915,20170914,210257500,3715.0,14200,355592,526454260.0,3715.0,45,3714.0,66
rb1805,20170915,20170914,210258000,3715.0,14210,355592,526825760.0,3715.0,40,3714.0,67
rb1805,20170915,20170914,210258500,3715.0,14246,355592,528163160.0,3715.0,27,3714.0,68
rb1805,20170915,20170914,210259000,3715.0,14306,355586,530392160.0,3716.0,72,3715.0,62
rb1805,20170915,20170914,210259500,3715.0,14344,355576,531803860.0,3716.0,72,3715.0,44
rb1805,20170915,20170914,210300000,3715.0,14370,355586,532769760.0,3716.0,72,3715.0,31
rb1805,20170915,20170914,210300500,3715.0,14408,355582,534181460.0,3716.0,82,3715.0,13
rb1805,20170915,20170914,210301000,3715.0,14440,355610,535370280.0,3716.0,83,3715.0,1
rb1805,20170915,20170914,210301500,3715.0,14462,355622,536187580.0,3715.0,6,3714.0,76
rb1805,20170915,20170914,210302000,3715.0,14550,355670,539457280.0,3715.0,1,3714.0,76
rb1805,20170915,20170914,210302500,3715.0,14572,355676,540274580.0,3715.0,7,3714.0,77
rb1805,20170915,20170914,210303000,3714.0,14574,355678,540348860.0,3715.0,13,3714.0,67
rb1805,20170915,20170914,210303500,3715.0,14596,355700,541166160.0,3715.0,4,3714.0,72
rb1805,20170915,20170914,210304000,3715.0,14604,355698,541463360.0,3715.0,15,3714.0,72
rb1805,20170915,20170914,210304500,3715.0,14610,355700,541686240.0,3715.0,14,3714.0,71
rb1805,20170915,20170914,210305000,3714.0,14618,355702,541983360.0,3715.0,15,3714.0,67
rb1805,20170915,20170914,210305500,3714.0,14618,355702,541983360.0,3715.0,11,3714.0,68
rb1805,20170915,20170914,210306000,3714.0,14620,355704,542057640.0,3715.0,11,3714.0,67
rb1805,20170915,20170914,210306500,3715.0,14622,355702,542131940.0,3715.0,12,3714.0,70
rb1805,20170915,20170914,210307000,3714.0,14628,355700,542354820.0,3715.0,16,3714.0,69
rb1805,20170915,20170914,210307500,3714.0,14696,355698,544880400.0,3715.0,18,3714.0,38
rb1805,20170915,20170914,210308000,3714.0,14698,355698,544954680.0,3715.0,18,3714.0,37
rb1805,20170915,20170914,210308500,3714.0,14702,355696,545103240.0,3715.0,19,3714.0,36
rb1805,20170915,20170914,210309000,3714.0,14720,355686,545771920.0,3715.0,21,3714.0,35
rb1805,20170915,20170914,210309500,3715.0,14742,355690,546589220.0,3715.0,21,3714.0,35
rb1805,20170915,20170914,210310000,3714.0,14744,355690,546663500.0,3715.0,16,3714.0,35
rb1805,20170915,20170914,210310500,3714.0,14818,355686,549411900.0,3714.0,3,3713.0,145
rb1805,20170915,20170914,210311000,3713.0,14824,355682,549634680.0,3714.0,25,3713.0,126
rb1805,20170915,20170914,210311500,3714.0,14834,355678,550006080.0,3714.0,37,3713.0,116
rb1805,20170915,20170914,210312000,3713.0,15070,355810,558768760.0,3713.0,11,3712.0,35
rb1805,20170915,20170914,210312500,3713.0,15072,355810,558843020.0,3713.0,5,3712.0,32
rb1805,20170915,20170914,210313000,3712.0,15144,355866,561515660.0,3712.0,13,3711.0,30
rb1805,20170915,20170914,210313500,3712.0,15144,355866,561515660.0,3712.0,4,3711.0,20
rb1805,20170915,20170914,210314000,3713.0,15164,355862,562258100.0,3713.0,31,3712.0,1
rb1805,20170915,20170914,210314500,3712.0,15194,355858,563371580.0,3713.0,44,3711.0,16
rb1805,20170915,20170914,210315000,3711.0,15196,355858,563445800.0,3713.0,44,3711.0,44
rb1805,20170915,20170914,210315500,3711.0,15220,355852,564336880.0,3712.0,2,3711.0,44
rb1805,20170915,20170914,210316000,3711.0,15242,355850,565153380.0,3713.0,35,3711.0,37
rb1805,20170915,20170914,210316500,3711.0,15242,355850,565153380.0,3713.0,33,3711.0,38
rb1805,20170915,20170914,210317000,3711.0,15242,355850,565153380.0,3713.0,35,3711.0,40
rb1805,20170915,20170914,210317500,3711.0,15242,355850,565153380.0,3713.0,24,3712.0,1
rb1805,20170915,20170914,210318000,3712.0,15258,355852,565747240.0,3713.0,25,3712.0,9
rb1805,20170915,20170914,210318500,3712.0,15260,355852,565821480.0,3713.0,25,3712.0,28
rb1805,20170915,20170914,210319000,3712.0,15262,355854,565895720.0,3713.0,36,3712.0,28
rb1805,20170915,20170914,210319500,3712.0,15296,355884,567158120.0,3713.0,10,3712.0,27
rb1805,20170915,20170914,210320000,3713.0,15300,355884,567306640.0,3713.0,8,3712.0,27
rb1805,20170915,20170914,210320500,3713.0,15320,355882,568049220.0,3714.0,56,3713.0,21
rb1805,20170915,20170914,210321000,3713.0,15322,355882,568123480.0,3714.0,56,3713.0,21
rb1805,20170915,20170914,210321500,3713.0,15344,355904,568940340.0,3713.0,3,3712.0,38
rb1805,20170915,20170914,210322000,3713.0,15354,355914,569311640.0,3714.0,47,3712.0,33
rb1805,20170915,20170914,210322500,3713.0,15354,355914,569311640.0,3714.0,44,3712.0,78
rb1805,20170915,20170914,210323000,3714.0,15434,355876,572282840.0,3714.0,4,3712.0,79
rb1805,20170915,20170914,210323500,3712.0,15440,355870,572505560.0,3714.0,25,3713.0,21
rb1805,20170915,20170914,210324000,3713.0,15446,355868,572728320.0,3714.0,24,3713.0,18
rb1805,20170915,20170914,210324500,3713.0,15446,355868,572728320.0,3714.0,25,3713.0,21
rb1805,20170915,20170914,210325000,3713.0,15478,355868,573916480.0,3714.0,25,3713.0,33
rb1805,20170915,20170914,210325500,3713.0,15486,355864,574213520.0,3714.0,22,3713.0,70
rb1805,20170915,20170914,210326000,3714.0,15532,355902,575921940.0,3715.0,107,3714.0,29
rb1805,20170915,20170914,210326500,3714.0,15538,355904,576144780.0,3715.0,107,3714.0,26
rb1805,20170915,20170914,210327000,3713.0,15596,355920,578298880.0,3714.0,8,3713.0,38
rb1805,20170915,20170914,210327500,3713.0,15650,355932,580304580.0,3715.0,94,3713.0,32
rb1805,20170915,20170914,210328000,3715.0,15694,355932,581939160.0,3715.0,73,3714.0,19
rb1805,20170915,20170914,210328500,3714.0,15708,355946,582459120.0,3715.0,73,3714.0,12
rb1805,20170915,20170914,210329000,3714.0,15716,355952,582756260.0,3715.0,72,3714.0,9
rb1805,20170915,20170914,210329500,3714.0,15716,355952,582756260.0,3715.0,73,3714.0,10
rb1805,20170915,20170914,210330000,3714.0,15718,355952,582830540.0,3715.0,36,3714.0,10
rb1805,20170915,20170914,210330500,3715.0,15792,356012,585579640.0,3716.0,61,3715.0,63
rb1805,20170915,20170914,210331000,3715.0,15834,356042,587139940.0,3716.0,63,3715.0,42
rb1805,20170915,20170914,210331500,3715.0,15838,356044,587288540.0,3716.0,63,3715.0,47
rb1805,20170915,20170914,210332000,3715.0,15886,356084,589071760.0,3716.0,62,3715.0,27
rb1805,20170915,20170914,210332500,3716.0,15926,356092,590557820.0,3716.0,59,3715.0,32
rb1805,20170915,20170914,210333000,3715.0,15938,356092,591003620.0,3716.0,59,3715.0,26
rb1805,20170915,20170914,210333500,3715.0,15954,356082,591598120.0,3716.0,54,3715.0,25
rb1805,20170915,20170914,210334000,3716.0,15956,356082,591672440.0,3716.0,53,3715.0,25
rb1805,20170915,20170914,210334500,3715.0,16006,356040,593529940.0,3715.0,25,3714.0,12
rb1805,20170915,20170914,210335000,3714.0,16068,356050,595833120.0,3715.0,35,3714.0,6
rb1805,20170915,20170914,210335500,3714.0,16070,356052,595907400.0,3715.0,30,3714.0,15
rb1805,20170915,20170914,210336000,3715.0,16074,356048,596056000.0,3715.0,29,3714.0,15
rb1805,20170915,20170914,210336500,3714.0,16104,356026,597170200.0,3714.0,5,3713.0,6
rb1805,20170915,20170914,210337000,3715.0,16108,356026,597318800.0,3714.0,88,3713.0,9
rb1805,20170915,20170914,210337500,3715.0,16110,356028,597393100.0,3714.0,89,3713.0,7
rb1805,20170915,20170914,210338000,3715.0,16130,356034,598136100.0,3714.0,80,3713.0,17
rb1805,20170915,20170914,210338500,3713.0,16132,356034,598210360.0,3714.0,81,3713.0,20
rb1805,20170915,20170914,210339000,3713.0,16132,356034,598210360.0,3714.0,81,3713.0,21
rb1805,20170915,20170914,210339500,3713.0,16236,356134,602072900.0,3714.0,35,3713.0,22
rb1805,20170915,20170914,210340000,3713.0,16238,356134,602147160.0,3714.0,35,3713.0,21
rb1805,20170915,20170914,210340500,3714.0,16248,356144,602518560.0,3714.0,31,3713.0,21
rb1805,20170915,20170914,210341000,3714.0,16248,356144,602518560.0,3714.0,31,3713.0,25
rb1805,20170915,20170914,210341500,3713.0,16250,356146,602592820.0,3714.0,31,3713.0,49
rb1805,20170915,20170914,210342000,3714.0,16254,356146,602741360.0,3714.0,30,3713.0,48
rb1805,20170915,20170914,210342500,3714.0,16254,356146,602741360.0,3714.0,30,3713.0,48
rb1805,20170915,20170914,210343000,3714.0,16254,356146,602741360.0,3714.0,30,3713.0,48
rb1805,20170915,20170914,210343500,3713.0,16256,356146,602815620.0,3714.0,30,3713.0,47
rb1805,20170915,20170914,210344000,3713.0,16326,356194,605415320.0,3715.0,38,3713.0,84
rb1805,20170915,20170914,210344500,3713.0,16498,356058,611801680.0,3713.0,19,3712.0,50
rb1805,20170915,20170914,210345000,3715.0,16540,356058,613361220.0,3715.0,19,3713.0,38
rb1805,20170915,20170914,210345500,3715.0,16540,356058,613361220.0,3715.0,20,3714.0,2
rb1805,20170915,20170914,210346000,3715.0,16540,356058,613361220.0,3715.0,21,3714.0,2
rb1805,20170915,20170914,210346500,3714.0,16544,356060,613509780.0,3715.0,21,3714.0,6
rb1805,20170915,20170914,210347000,3714.0,16544,356060,613509780.0,3715.0,27,3714.0,7
rb1805,20170915,20170914,210347500,3714.0,16546,356060,613584060.0,3715.0,27,3714.0,6
rb1805,20170915,20170914,210348000,3714.0,16550,356058,613732620.0,3715.0,26,3714.0,5
rb1805,20170915,20170914,210348500,3713.0,16590,356052,615218020.0,3714.0,12,3713.0,19
rb1805,20170915,20170914,210349000,3715.0,16630,356068,616703780.0,3714.0,2,3713.0,20
rb1805,20170915,20170914,210349500,3715.0,16648,356074,617372320.0,3715.0,18,3714.0,7
rb1805,20170915,20170914,210350000,3714.0,16652,356076,617520880.0,3715.0,20,3714.0,5
rb1805,20170915,20170914,210350500,3714.0,16656,356080,617669440.0,3715.0,20,3714.0,3
rb1805,20170915,20170914,210351000,3714.0,16662,356080,617892280.0,3714.0,7,3713.0,20
rb1805,20170915,20170914,210351500,3713.0,16666,356078,618040820.0,3714.0,3,3713.0,21
rb1805,20170915,20170914,210352000,3713.0,16666,356078,618040820.0,3714.0,6,3713.0,21
rb1805,20170915,20170914,210352500,3714.0,16668,356078,618115100.0,3714.0,6,3713.0,23
rb1805,20170915,20170914,210353000,3714.0,16668,356078,618115100.0,3714.0,6,3713.0,23
rb1805,20170915,20170914,210353500,3714.0,16668,356078,618115100.0,3714.0,24,3713.0,23
rb1805,20170915,20170914,210354000,3713.0,16674,356076,618337920.0,3714.0,22,3713.0,22
rb1805,20170915,20170914,210354500,3713.0,16674,356076,618337920.0,3714.0,24,3713.0,31
rb1805,20170915,20170914,210355000,3714.0,16680,356078,618560740.0,3714.0,23,3713.0,31
rb1805,20170915,20170914,210355500,3714.0,16684,356082,618709300.0,3714.0,22,3713.0,31
rb1805,20170915,20170914,210356000,3714.0,16684,356082,618709300.0,3714.0,24,3713.0,31
rb1805,20170915,20170914,210356500,3713.0,16688,356082,618857820.0,3714.0,24,3713.0,31
rb1805,20170915,20170914,210357000,3714.0,16700,356094,619303500.0,3714.0,18,3713.0,31
rb1805,20170915,20170914,210357500,3714.0,16700,356094,619303500.0,3714.0,18,3713.0,34
rb1805,20170915,20170914,210358000,3713.0,16704,356098,619452020.0,3714.0,19,3713.0,33
rb1805,20170915,20170914,210358500,3713.0,16704,356098,619452020.0,3714.0,19,3713.0,33
rb1805,20170915,20170914,210359000,3713.0,16704,356098,619452020.0,3714.0,19,3713.0,33
rb1805,20170915,20170914,210359500,3713.0,16710,356098,619674800.0,3714.0,20,3713.0,30
rb1805,20170915,20170914,210400000,3714.0,16750,356102,621160400.0,3715.0,31,3714.0,9
rb1805,20170915,20170914,210400500,3714.0,16754,356104,621308960.0,3715.0,31,3714.0,7
rb1805,20170915,20170914,210401000,3714.0,16758,356108,621457520.0,3715.0,26,3714.0,41
rb1805,20170915,20170914,210401500,3715.0,16812,356114,623463620.0,3716.0,69,3715.0,59
rb1805,20170915,20170914,210402000,3715.0,16974,356162,629483300.0,3717.0,39,3716.0,3
rb1805,20170915,20170914,210402500,3715.0,16976,356162,629557600.0,3717.0,36,3716.0,12
rb1805,20170915,20170914,210403000,3717.0,16984,356162,629854920.0,3717.0,35,3716.0,39
rb1805,20170915,20170914,210403500,3716.0,16994,356162,630226540.0,3717.0,32,3716.0,37
rb1805,20170915,20170914,210404000,3716.0,17002,356164,630523880.0,3717.0,33,3716.0,36
rb1805,20170915,20170914,210404500,3717.0,17006,356166,630672540.0,3717.0,34,3716.0,35
rb1805,20170915,20170914,210405000,3717.0,17086,356160,633645380.0,3716.0,1,3715.0,41
rb1805,20170915,20170914,210405500,3717.0,17098,356164,634091420.0,3717.0,36,3716.0,1
rb1805,20170915,20170914,210406000,3716.0,17124,356160,635057560.0,3716.0,23,3715.0,30
rb1805,20170915,20170914,210406500,3716.0,17128,356156,635206200.0,3716.0,19,3715.0,30
rb1805,20170915,20170914,210407000,3715.0,17192,356128,637583800.0,3715.0,72,3714.0,69
rb1805,20170915,20170914,210407500,3714.0,17346,356108,643303340.0,3714.0,40,3713.0,49
rb1805,20170915,20170914,210408000,3713.0,17468,356050,647833200.0,3713.0,10,3712.0,38
rb1805,20170915,20170914,210408500,3713.0,17576,356048,651842300.0,3713.0,48,3711.0,33
rb1805,20170915,20170914,210409000,3712.0,17594,356048,652510360.0,3712.0,1,3711.0,27
rb1805,20170915,20170914,210409500,3711.0,17624,356062,653623700.0,3712.0,6,3711.0,14
rb1805,20170915,20170914,210410000,3712.0,17642,356074,654291800.0,3712.0,4,3711.0,11
rb1805,20170915,20170914,210410500,3712.0,17660,356066,654959980.0,3713.0,47,3712.0,8
rb1805,20170915,20170914,210411000,3712.0,17692,356062,656147820.0,3712.0,2,3711.0,14
rb1805,20170915,20170914,210411500,3711.0,17706,356050,656667520.0,3713.0,44,3711.0,14
rb1805,20170915,20170914,210412000,3711.0,17738,356062,657855040.0,3711.0,4,3710.0,80
rb1805,20170915,20170914,210412500,3711.0,17750,356062,658300360.0,3713.0,37,3712.0,4
rb1805,20170915,20170914,210413000,3712.0,17760,356060,658671560.0,3712.0,1,3711.0,25
rb1805,20170915,20170914,210413500,3712.0,17764,356058,658820040.0,3713.0,6,3712.0,5
rb1805,20170915,20170914,210414000,3713.0,17768,356056,658968560.0,3713.0,4,3712.0,5
rb1805,20170915,20170914,210414500,3713.0,17778,356050,659339860.0,3713.0,20,3712.0,5
rb1805,20170915,20170914,210415000,3713.0,17778,356050,659339860.0,3713.0,25,3712.0,5
rb1805,20170915,20170914,210415500,3712.0,17792,356052,659859660.0,3713.0,20,3712.0,8
rb1805,20170915,20170914,210416000,3713.0,17832,356080,661344860.0,3714.0,52,3712.0,7
rb1805,20170915,20170914,210416500,3713.0,17834,356082,661419120.0,3713.0,16,3712.0,12
rb1805,20170915,20170914,210417000,3713.0,17834,356082,661419120.0,3713.0,27,3712.0,12
rb1805,20170915,20170914,210417500,3712.0,17858,356088,662310000.0,3712.0,12,3711.0,47
rb1805,20170915,20170914,210418000,3713.0,17860,356090,662384260.0,3713.0,30,3712.0,3
rb1805,20170915,20170914,210418500,3712.0,17872,356090,662829700.0,3712.0,4,3711.0,48
rb1805,20170915,20170914,210419000,3711.0,17930,356108,664982080.0,3712.0,5,3711.0,17
rb1805,20170915,20170914,210419500,3712.0,17942,356102,665427440.0,3712.0,31,3711.0,14
rb1805,20170915,20170914,210420000,3711.0,17950,356100,665724320.0,3712.0,32,3711.0,11
rb1805,20170915,20170914,210420500,3710.0,17974,356092,666614940.0,3712.0,44,3711.0,1
rb1805,20170915,20170914,210421000,3711.0,17996,356096,667431340.0,3712.0,45,3710.0,89
rb1805,20170915,20170914,210421500,3710.0,17998,356096,667505540.0,3711.0,4,3710.0,88
rb1805,20170915,20170914,210422000,3710.0,18002,356094,667653960.0,3711.0,3,3710.0,87
rb1805,20170915,20170914,210422500,3710.0,18016,356086,668173420.0,3711.0,12,3710.0,83
rb1805,20170915,20170914,210423000,3710.0,18058,356080,669731660.0,3711.0,20,3710.0,64
rb1805,20170915,20170914,210423500,3711.0,18072,356076,670251140.0,3711.0,21,3710.0,61
rb1805,20170915,20170914,210424000,3710.0,18074,356076,670325340.0,3711.0,21,3710.0,79
rb1805,20170915,20170914,210424500,3711.0,18118,356060,671958180.0,3712.0,47,3711.0,1
rb1805,20170915,20170914,210425000,3710.0,18122,356060,672106600.0,3711.0,7,3710.0,80
rb1805,20170915,20170914,210425500,3711.0,18138,356076,672700360.0,3712.0,47,3711.0,60
rb1805,20170915,20170914,210426000,3711.0,18218,356130,675669180.0,3712.0,46,3711.0,21
rb1805,20170915,20170914,210426500,3711.0,18260,356168,677227800.0,3711.0,1,3710.0,90
rb1805,20170915,20170914,210427000,3711.0,18264,356170,677376240.0,3711.0,9,3710.0,90
rb1805,20170915,20170914,210427500,3710.0,18302,356204,678786060.0,3711.0,58,3710.0,74
rb1805,20170915,20170914,210428000,3710.0,18450,356224,684276860.0,3710.0,14,3709.0,136
rb1805,20170915,20170914,210428500,3710.0,18460,356232,684647780.0,3710.0,68,3709.0,92
rb1805,20170915,20170914,210429000,3710.0,18464,356232,684796160.0,3710.0,70,3709.0,92
rb1805,20170915,20170914,210429500,3709.0,18576,356262,688950260.0,3710.0,68,3709.0,37
rb1805,20170915,20170914,210430000,3708.0,18658,356312,691991560.0,3709.0,4,3708.0,68
rb1805,20170915,20170914,210430500,3708.0,18694,356308,693326680.0,3710.0,78,3708.0,14
rb1805,20170915,20170914,210431000,3709.0,18722,356292,694365040.0,3709.0,24,3708.0,6
rb1805,20170915,20170914,210431500,3709.0,18754,356288,695551820.0,3709.0,21,3708.0,2
rb1805,20170915,20170914,210432000,3707.0,18762,356290,695848460.0,3709.0,22,3708.0,33
rb1805,20170915,20170914,210432500,3708.0,18778,356278,696441760.0,3709.0,21,3708.0,35
rb1805,20170915,20170914,210433000,3708.0,18780,356276,696515920.0,3709.0,21,3708.0,39
rb1805,20170915,20170914,210433500,3708.0,18784,356274,696664240.0,3709.0,21,3708.0,33
rb1805,20170915,20170914,210434000,3708.0,18824,356234,698147440.0,3709.0,15,3708.0,13
rb1805,20170915,20170914,210434500,3708.0,18870,356220,699853020.0,3708.0,19,3707.0,29
rb1805,20170915,20170914,210435000,3707.0,18930,356174,702077240.0,3707.0,2,3706.0,17
rb1805,20170915,20170914,210435500,3707.0,18974,356200,703707980.0,3707.0,42,3706.0,1
rb1805,20170915,20170914,210436000,3705.0,18986,356198,704152740.0,3706.0,2,3705.0,20
rb1805,20170915,20170914,210436500,3705.0,19014,356198,705190380.0,3706.0,15,3705.0,23
rb1805,20170915,20170914,210437000,3705.0,19074,356180,707413520.0,3705.0,18,3704.0,65
rb1805,20170915,20170914,210437500,3706.0,19140,356182,709858800.0,3706.0,64,3704.0,61
rb1805,20170915,20170914,210438000,3705.0,19256,356220,714155520.0,3706.0,64,3704.0,7
rb1805,20170915,20170914,210438500,3704.0,19278,356216,714970440.0,3704.0,2,3703.0,55
rb1805,20170915,20170914,210439000,3704.0,19336,356212,717118800.0,3706.0,73,3704.0,9
rb1805,20170915,20170914,210439500,3703.0,19346,356214,717489140.0,3704.0,1,3703.0,29
rb1805,20170915,20170914,210440000,3704.0,19364,356212,718156000.0,3706.0,69,3703.0,28
rb1805,20170915,20170914,210440500,3705.0,19390,356208,719118960.0,3705.0,44,3703.0,24
rb1805,20170915,20170914,210441000,3703.0,19450,356208,721340920.0,3703.0,56,3702.0,113
rb1805,20170915,20170914,210441500,3703.0,19500,356162,723192420.0,3703.0,34,3702.0,114
rb1805,20170915,20170914,210442000,3703.0,19940,356332,739484720.0,3705.0,72,3703.0,24
rb1805,20170915,20170914,210442500,3703.0,19962,356354,740299420.0,3704.0,16,3703.0,52
rb1805,20170915,20170914,210443000,3703.0,20022,356404,742521580.0,3705.0,35,3703.0,42
rb1805,20170915,20170914,210443500,3703.0,20028,356408,742743780.0,3705.0,35,3703.0,44
rb1805,20170915,20170914,210444000,3704.0,20058,356410,743854740.0,3705.0,35,3703.0,59
rb1805,20170915,20170914,210444500,3705.0,20062,356412,744002900.0,3705.0,34,3703.0,66
rb1805,20170915,20170914,210445000,3703.0,20088,356408,744965960.0,3705.0,27,3703.0,48
rb1805,20170915,20170914,210445500,3703.0,20090,356408,745040020.0,3705.0,27,3703.0,51
rb1805,20170915,20170914,210446000,3705.0,20110,356418,745780700.0,3705.0,30,3703.0,45
rb1805,20170915,20170914,210446500,3705.0,20120,356420,746151120.0,3705.0,27,3703.0,53
rb1805,20170915,20170914,210447000,3703.0,20126,356426,746373300.0,3705.0,35,3703.0,53
rb1805,20170915,20170914,210447500,3703.0,20126,356426,746373300.0,3705.0,28,3704.0,16
rb1805,20170915,20170914,210448000,3704.0,20130,356426,746521460.0,3705.0,28,3704.0,14
rb1805,20170915,20170914,210448500,3705.0,20148,356428,747188220.0,3705.0,29,3704.0,10
rb1805,20170915,20170914,210449000,3704.0,20150,356428,747262300.0,3705.0,29,3704.0,27
rb1805,20170915,20170914,210449500,3705.0,20218,356414,749781700.0,3706.0,65,3705.0,6
rb1805,20170915,20170914,210450000,3705.0,20274,356412,751856920.0,3706.0,16,3705.0,5
rb1805,20170915,20170914,210450500,3706.0,20312,356432,753265200.0,3707.0,56,3706.0,25
rb1805,20170915,20170914,210451000,3706.0,20312,356432,753265200.0,3707.0,48,3706.0,34
rb1805,20170915,20170914,210451500,3707.0,20410,356492,756898060.0,3708.0,17,3707.0,3
rb1805,20170915,20170914,210452000,3707.0,20442,356498,758084520.0,3709.0,53,3707.0,42
rb1805,20170915,20170914,210452500,3707.0,20482,356524,759567320.0,3709.0,63,3708.0,2
rb1805,20170915,20170914,210453000,3707.0,20554,356574,762236400.0,3707.0,2,3706.0,20
rb1805,20170915,20170914,210453500,3706.0,20594,356594,763718800.0,3707.0,48,3705.0,17
rb1805,20170915,20170914,210454000,3705.0,20598,356594,763867000.0,3707.0,54,3705.0,15
rb1805,20170915,20170914,210454500,3706.0,20706,356700,767869460.0,3707.0,56,3705.0,11
rb1805,20170915,20170914,210455000,3705.0,20722,356692,768462260.0,3705.0,3,3704.0,49
rb1805,20170915,20170914,210455500,3704.0,20732,356702,768832660.0,3705.0,3,3704.0,4
rb1805,20170915,20170914,210456000,3704.0,20732,356702,768832660.0,3705.0,23,3704.0,4
rb1805,20170915,20170914,210456500,3706.0,20796,356728,771203720.0,3706.0,119,3703.0,188
rb1805,20170915,20170914,210457000,3704.0,20806,356724,771574220.0,3706.0,119,3704.0,7
rb1805,20170915,20170914,210457500,3704.0,20826,356708,772315020.0,3704.0,6,3703.0,195
rb1805,20170915,20170914,210458000,3705.0,20848,356702,773130020.0,3706.0,103,3705.0,11
rb1805,20170915,20170914,210458500,3706.0,20864,356710,773722920.0,3706.0,98,3705.0,8
rb1805,20170915,20170914,210459000,3706.0,20900,356738,775057080.0,3706.0,80,3705.0,19
rb1805,20170915,20170914,210459500,3705.0,20904,356738,775205300.0,3706.0,79,3705.0,11
rb1805,20170915,20170914,210500000,3705.0,20930,356734,776168620.0,3705.0,51,3704.0,22
rb1805,20170915,20170914,210500500,3705.0,20932,356734,776242720.0,3705.0,53,3704.0,16
rb1805,20170915,20170914,210501000,3704.0,20938,356734,776464980.0,3705.0,59,3704.0,14
rb1805,20170915,20170914,210501500,3704.0,20984,356748,778168720.0,3704.0,12,3703.0,190
rb1805,20170915,20170914,210502000,3704.0,20998,356760,778687280.0,3704.0,5,3703.0,190
rb1805,20170915,20170914,210502500,3704.0,21056,356766,780835580.0,3704.0,5,3703.0,198
rb1805,20170915,20170914,210503000,3704.0,21130,356746,783576540.0,3705.0,49,3704.0,36
rb1805,20170915,20170914,210503500,3704.0,21168,356716,784984060.0,3705.0,49,3704.0,19
rb1805,20170915,20170914,210504000,3704.0,21230,356690,787280400.0,3704.0,74,3703.0,191
rb1805,20170915,20170914,210504500,3704.0,21246,356692,787873020.0,3704.0,51,3703.0,190
rb1805,20170915,20170914,210505000,3704.0,21302,356658,789947260.0,3704.0,4,3703.0,190
rb1805,20170915,20170914,210505500,3703.0,21350,356666,791724940.0,3704.0,4,3703.0,178
rb1805,20170915,20170914,210506000,3703.0,21378,356670,792761840.0,3704.0,2,3703.0,167
rb1805,20170915,20170914,210506500,3704.0,21386,356676,793058120.0,3704.0,17,3703.0,168
rb1805,20170915,20170914,210507000,3704.0,21592,356734,800687380.0,3705.0,90,3704.0,36
rb1805,20170915,20170914,210507500,3704.0,21604,356734,801131860.0,3705.0,53,3704.0,33
rb1805,20170915,20170914,210508000,3704.0,21714,356734,805205880.0,3705.0,104,3704.0,3
rb1805,20170915,20170914,210508500,3705.0,21760,356734,806910120.0,3705.0,28,3704.0,18
rb1805,20170915,20170914,210509000,3705.0,21838,356752,809800060.0,3706.0,95,3705.0,17
rb1805,20170915,20170914,210509500,3706.0,21856,356766,810467120.0,3706.0,79,3705.0,21
rb1805,20170915,20170914,210510000,3705.0,21864,356772,810763560.0,3706.0,77,3705.0,50
rb1805,20170915,20170914,210510500,3705.0,21910,356796,812467860.0,3706.0,77,3705.0,27
rb1805,20170915,20170914,210511000,3705.0,21972,356838,814764940.0,3705.0,7,3704.0,45
rb1805,20170915,20170914,210511500,3705.0,21980,356844,815061340.0,3705.0,14,3704.0,37
rb1805,20170915,20170914,210512000,3705.0,21996,356846,815654140.0,3705.0,8,3704.0,37
rb1805,20170915,20170914,210512500,3705.0,22018,356852,816469240.0,3706.0,80,3705.0,15
rb1805,20170915,20170914,210513000,3706.0,22030,356860,816913920.0,3706.0,75,3705.0,22
rb1805,20170915,20170914,210513500,3705.0,22046,356858,817506820.0,3706.0,70,3705.0,30
rb1805,20170915,20170914,210514000,3706.0,22114,356884,820026780.0,3706.0,42,3705.0,33
rb1805,20170915,20170914,210514500,3705.0,22132,356900,820693760.0,3706.0,38,3705.0,44
rb1805,20170915,20170914,210515000,3706.0,22154,356910,821508980.0,3706.0,33,3705.0,39
rb1805,20170915,20170914,210515500,3706.0,22154,356910,821508980.0,3706.0,33,3705.0,42
rb1805,20170915,20170914,210516000,3706.0,22156,356910,821583100.0,3706.0,32,3705.0,42
rb1805,20170915,20170914,210516500,3706.0,22160,356914,821731340.0,3706.0,30,3705.0,42
rb1805,20170915,20170914,210517000,3706.0,22220,356958,823954940.0,3707.0,63,3706.0,22
rb1805,20170915,20170914,210517500,3706.0,22232,356960,824399660.0,3707.0,13,3706.0,16
rb1805,20170915,20170914,210518000,3707.0,22236,356958,824547920.0,3707.0,12,3706.0,20
rb1805,20170915,20170914,210518500,3707.0,22280,356926,826179160.0,3708.0,60,3707.0,3
rb1805,20170915,20170914,210519000,3706.0,22290,356924,826549820.0,3707.0,24,3706.0,22
rb1805,20170915,20170914,210519500,3707.0,22294,356924,826698100.0,3707.0,10,3706.0,23
rb1805,20170915,20170914,210520000,3706.0,22328,356938,827958240.0,3707.0,1,3706.0,12
rb1805,20170915,20170914,210520500,3708.0,22332,356938,828106540.0,3708.0,51,3707.0,3
rb1805,20170915,20170914,210521000,3708.0,22352,356932,828848100.0,3707.0,1,3706.0,24
rb1805,20170915,20170914,210521500,3707.0,22358,356932,829070520.0,3708.0,44,3707.0,3
rb1805,20170915,20170914,210522000,3706.0,22382,356944,829960200.0,3707.0,2,3706.0,25
rb1805,20170915,20170914,210522500,3707.0,22386,356942,830108480.0,3707.0,1,3706.0,35
rb1805,20170915,20170914,210523000,3707.0,22390,356940,830256760.0,3708.0,10,3707.0,27
rb1805,20170915,20170914,210523500,3708.0,22394,356938,830405080.0,3708.0,8,3707.0,37
rb1805,20170915,20170914,210524000,3708.0,22412,356940,831072520.0,3708.0,1,3707.0,39
rb1805,20170915,20170914,210524500,3708.0,22446,356936,832333240.0,3708.0,14,3707.0,25
rb1805,20170915,20170914,210525000,3708.0,22448,356934,832407400.0,3708.0,13,3707.0,25
rb1805,20170915,20170914,210525500,3707.0,22480,356908,833593900.0,3708.0,12,3707.0,31
rb1805,20170915,20170914,210526000,3707.0,22508,356934,834632120.0,3709.0,22,3707.0,31
rb1805,20170915,20170914,210526500,3707.0,22518,356942,835002820.0,3709.0,22,3707.0,27
rb1805,20170915,20170914,210527000,3709.0,22550,356936,836189700.0,3709.0,7,3707.0,28
rb1805,20170915,20170914,210527500,3707.0,22558,356932,836486300.0,3709.0,6,3707.0,26
rb1805,20170915,20170914,210528000,3707.0,22560,356934,836560440.0,3709.0,12,3708.0,10
rb1805,20170915,20170914,210528500,3707.0,22602,356958,838117620.0,3707.0,1,3706.0,39
rb1805,20170915,20170914,210529000,3707.0,22604,356960,838191760.0,3709.0,15,3707.0,2
rb1805,20170915,20170914,210529500,3708.0,22612,356960,838488380.0,3709.0,15,3708.0,8
rb1805,20170915,20170914,210530000,3708.0,22630,356942,839155820.0,3709.0,15,3707.0,27
rb1805,20170915,20170914,210530500,3708.0,22630,356942,839155820.0,3708.0,2,3707.0,27
rb1805,20170915,20170914,210531000,3709.0,22636,356938,839378320.0,3709.0,17,3707.0,27
rb1805,20170915,20170914,210531500,3709.0,22636,356938,839378320.0,3708.0,1,3707.0,29
rb1805,20170915,20170914,210532000,3708.0,22640,356938,839526640.0,3709.0,26,3707.0,29
rb1805,20170915,20170914,210532500,3708.0,22640,356938,839526640.0,3709.0,26,3707.0,29
rb1805,20170915,20170914,210533000,3708.0,22640,356938,839526640.0,3708.0,1,3707.0,25
rb1805,20170915,20170914,210533500,3709.0,22664,356948,840416440.0,3708.0,1,3707.0,37
rb1805,20170915,20170914,210534000,3708.0,22676,356944,840861480.0,3709.0,24,3708.0,6
rb1805,20170915,20170914,210534500,3708.0,22676,356944,840861480.0,3709.0,16,3708.0,7
rb1805,20170915,20170914,210535000,3709.0,22710,356926,842122540.0,3710.0,43,3708.0,14
rb1805,20170915,20170914,210535500,3708.0,22712,356926,842196700.0,3709.0,2,3708.0,14
rb1805,20170915,20170914,210536000,3709.0,22716,356930,842345060.0,3710.0,43,3709.0,18
rb1805,20170915,20170914,210536500,3709.0,22758,356932,843902840.0,3709.0,67,3708.0,13
rb1805,20170915,20170914,210537000,3709.0,22780,356930,844718820.0,3709.0,30,3708.0,13
rb1805,20170915,20170914,210537500,3709.0,22780,356930,844718820.0,3709.0,33,3708.0,13
rb1805,20170915,20170914,210538000,3709.0,22784,356928,844867180.0,3709.0,31,3708.0,13
rb1805,20170915,20170914,210538500,3709.0,22786,356928,844941360.0,3709.0,30,3708.0,13
rb1805,20170915,20170914,210539000,3709.0,22788,356926,845015540.0,3709.0,29,3708.0,19
rb1805,20170915,20170914,210539500,3709.0,22788,356926,845015540.0,3709.0,31,3708.0,19
rb1805,20170915,20170914,210540000,3708.0,22800,356932,845460520.0,3709.0,27,3708.0,14
rb1805,20170915,20170914,210540500,3709.0,22824,356910,846350640.0,3709.0,17,3708.0,14
rb1805,20170915,20170914,210541000,3709.0,22826,356910,846424820.0,3709.0,17,3708.0,14
rb1805,20170915,20170914,210541500,3709.0,22856,356912,847537520.0,3709.0,2,3708.0,15
rb1805,20170915,20170914,210542000,3709.0,22860,356914,847685880.0,3710.0,80,3709.0,13
rb1805,20170915,20170914,210542500,3709.0,22892,356940,848872760.0,3709.0,51,3708.0,28
rb1805,20170915,20170914,210543000,3709.0,22894,356938,848946940.0,3709.0,37,3708.0,35
rb1805,20170915,20170914,210543500,3708.0,22898,356938,849095260.0,3709.0,33,3708.0,34
rb1805,20170915,20170914,210544000,3709.0,22904,356944,849317800.0,3709.0,33,3708.0,34
rb1805,20170915,20170914,210544500,3709.0,22908,356948,849466160.0,3709.0,31,3708.0,34
rb1805,20170915,20170914,210545000,3708.0,22910,356948,849540320.0,3709.0,31,3708.0,43
rb1805,20170915,20170914,210545500,3709.0,22920,356958,849911220.0,3709.0,27,3708.0,43
rb1805,20170915,20170914,210546000,3708.0,22952,356944,851097800.0,3709.0,30,3708.0,16
rb1805,20170915,20170914,210546500,3708.0,22966,356948,851616940.0,3709.0,26,3708.0,21
rb1805,20170915,20170914,210547000,3707.0,23010,356948,853248440.0,3708.0,5,3707.0,27
rb1805,20170915,20170914,210547500,3707.0,23064,356966,855250220.0,3707.0,81,3706.0,26
rb1805,20170915,20170914,210548000,3706.0,23124,356986,857473820.0,3706.0,2,3705.0,62
rb1805,20170915,20170914,210548500,3706.0,23124,356986,857473820.0,3706.0,1,3705.0,62
rb1805,20170915,20170914,210549000,3706.0,23126,356988,857547940.0,3706.0,23,3705.0,62
rb1805,20170915,20170914,210549500,3706.0,23138,356984,857992560.0,3706.0,23,3705.0,57
rb1805,20170915,20170914,210550000,3706.0,23144,356984,858214920.0,3706.0,20,3705.0,57
rb1805,20170915,20170914,210550500,3706.0,23144,356984,858214920.0,3706.0,20,3705.0,61
rb1805,20170915,20170914,210551000,3706.0,23158,356998,858733660.0,3706.0,18,3705.0,56
rb1805,20170915,20170914,210551500,3705.0,23160,357000,858807760.0,3706.0,18,3705.0,55
rb1805,20170915,20170914,210552000,3705.0,23162,357002,858881860.0,3706.0,21,3705.0,54
rb1805,20170915,20170914,210552500,3706.0,23180,357006,859548900.0,3706.0,15,3705.0,52
rb1805,20170915,20170914,210553000,3706.0,23188,357008,859845360.0,3706.0,12,3705.0,56
rb1805,20170915,20170914,210553500,3706.0,23208,357020,860586560.0,3706.0,2,3705.0,56
rb1805,20170915,20170914,210554000,3706.0,23210,357020,860660680.0,3706.0,1,3705.0,56
rb1805,20170915,20170914,210554500,3706.0,23224,357030,861179600.0,3706.0,3,3705.0,58
rb1805,20170915,20170914,210555000,3706.0,23230,357030,861401960.0,3707.0,41,3706.0,10
rb1805,20170915,20170914,210555500,3706.0,23230,357030,861401960.0,3707.0,31,3706.0,10
rb1805,20170915,20170914,210556000,3706.0,23232,357030,861476080.0,3707.0,41,3706.0,11
rb1805,20170915,20170914,210556500,3706.0,23234,357030,861550200.0,3707.0,42,3706.0,18
rb1805,20170915,20170914,210557000,3706.0,23254,357040,862291400.0,3707.0,26,3706.0,1
rb1805,20170915,20170914,210557500,3706.0,23256,357040,862365520.0,3707.0,26,3706.0,6
rb1805,20170915,20170914,210558000,3706.0,23256,357040,862365520.0,3707.0,41,3706.0,8
rb1805,20170915,20170914,210558500,3706.0,23256,357040,862365520.0,3707.0,42,3706.0,9
rb1805,20170915,20170914,210559000,3706.0,23256,357040,862365520.0,3707.0,28,3706.0,12
rb1805,20170915,20170914,210559500,3706.0,23256,357040,862365520.0,3707.0,18,3706.0,15
rb1805,20170915,20170914,210600000,3706.0,23256,357040,862365520.0,3707.0,18,3706.0,16
rb1805,20170915,20170914,210600500,3706.0,23256,357040,862365520.0,3707.0,18,3706.0,17
rb1805,20170915,20170914,210601000,3707.0,23260,357040,862513800.0,3707.0,16,3706.0,17
rb1805,20170915,20170914,210601500,3707.0,23290,357044,863625900.0,3707.0,1,3706.0,19
rb1805,20170915,20170914,210602000,3706.0,23296,357046,863848300.0,3707.0,8,3706.0,18
rb1805,20170915,20170914,210602500,3707.0,23300,357046,863996580.0,3707.0,6,3706.0,19
rb1805,20170915,20170914,210603000,3707.0,23312,357034,864441420.0,3708.0,19,3707.0,10
rb1805,20170915,20170914,210603500,3707.0,23316,357032,864589720.0,3708.0,8,3707.0,10
rb1805,20170915,20170914,210604000,3707.0,23316,357032,864589720.0,3708.0,5,3707.0,10
rb1805,20170915,20170914,210604500,3708.0,23318,357032,864663880.0,3708.0,4,3707.0,11
rb1805,20170915,20170914,210605000,3707.0,23320,357030,864738020.0,3708.0,4,3707.0,10
rb1805,20170915,20170914,210605500,3708.0,23322,357032,864812180.0,3708.0,3,3707.0,11
rb1805,20170915,20170914,210606000,3708.0,23326,357034,864960500.0,3708.0,1,3707.0,11
rb1805,20170915,20170914,210606500,3708.0,23328,357034,865034660.0,3709.0,37,3708.0,2
rb1805,20170915,20170914,210607000,3707.0,23336,357032,865331260.0,3708.0,4,3707.0,9
rb1805,20170915,20170914,210607500,3708.0,23346,357032,865702060.0,3709.0,38,3708.0,28
rb1805,20170915,20170914,210608000,3708.0,23350,357032,865850380.0,3709.0,38,3708.0,11
rb1805,20170915,20170914,210608500,3708.0,23352,357030,865924540.0,3709.0,38,3708.0,10
rb1805,20170915,20170914,210609000,3708.0,23352,357030,865924540.0,3709.0,38,3708.0,10
rb1805,20170915,20170914,210609500,3708.0,23352,357030,865924540.0,3709.0,38,3708.0,28
rb1805,20170915,20170914,210610000,3709.0,23354,357028,865998720.0,3709.0,37,3708.0,30
rb1805,20170915,20170914,210610500,3708.0,23374,357010,866740320.0,3709.0,37,3708.0,20
rb1805,20170915,20170914,210611000,3708.0,23406,356984,867927180.0,3709.0,36,3708.0,20
rb1805,20170915,20170914,210611500,3708.0,23446,357024,869410380.0,3708.0,9,3707.0,30
rb1805,20170915,20170914,210612000,3709.0,23468,357018,870226180.0,3709.0,34,3708.0,9
rb1805,20170915,20170914,210612500,3708.0,23470,357018,870300340.0,3709.0,34,3708.0,1
rb1805,20170915,20170914,210613000,3709.0,23474,357018,870448680.0,3709.0,35,3707.0,36
rb1805,20170915,20170914,210613500,3708.0,23478,357018,870597000.0,3709.0,35,3708.0,3
rb1805,20170915,20170914,210614000,3708.0,23478,357018,870597000.0,3709.0,26,3708.0,3
rb1805,20170915,20170914,210614500,3709.0,23484,357012,870819540.0,3709.0,23,3708.0,8
rb1805,20170915,20170914,210615000,3709.0,23496,357010,871264620.0,3709.0,19,3708.0,20
rb1805,20170915,20170914,210615500,3709.0,23510,357012,871783880.0,3709.0,11,3708.0,20
rb1805,20170915,20170914,210616000,3708.0,23512,357012,871858040.0,3709.0,11,3708.0,20
rb1805,20170915,20170914,210616500,3708.0,23556,357020,873489780.0,3710.0,94,3708.0,12
rb1805,20170915,20170914,210617000,3708.0,23556,357020,873489780.0,3710.0,94,3708.0,13
rb1805,20170915,20170914,210617500,3708.0,23556,357020,873489780.0,3710.0,93,3708.0,13
rb1805,20170915,20170914,210618000,3708.0,23556,357020,873489780.0,3710.0,93,3708.0,13
rb1805,20170915,20170914,210618500,3710.0,23558,357018,873563980.0,3710.0,92,3708.0,15
rb1805,20170915,20170914,210619000,3710.0,23574,357016,874157580.0,3709.0,1,3708.0,29
rb1805,20170915,20170914,210619500,3710.0,23598,357020,875047800.0,3710.0,89,3709.0,3
rb1805,20170915,20170914,210620000,3709.0,23604,357020,875270340.0,3709.0,10,3708.0,25
rb1805,20170915,20170914,210620500,3709.0,23604,357020,875270340.0,3709.0,6,3708.0,27
rb1805,20170915,20170914,210621000,3709.0,23634,357040,876383040.0,3710.0,89,3709.0,6
rb1805,20170915,20170914,210621500,3709.0,23648,357054,876902300.0,3709.0,34,3708.0,24
rb1805,20170915,20170914,210622000,3709.0,23676,357064,877940820.0,3709.0,17,3708.0,26
rb1805,20170915,20170914,210622500,3708.0,23684,357064,878237460.0,3709.0,17,3708.0,22
rb1805,20170915,20170914,210623000,3708.0,23684,357064,878237460.0,3709.0,17,3708.0,27
rb1805,20170915,20170914,210623500,3709.0,23716,357096,879424340.0,3709.0,1,3708.0,27
rb1805,20170915,20170914,210624000,3709.0,23716,357096,879424340.0,3709.0,1,3708.0,27
rb1805,20170915,20170914,210625000,3709.0,23720,357100,879572700.0,3710.0,99,3708.0,28
rb1805,20170915,20170914,210625500,3709.0,23720,357100,879572700.0,3710.0,99,3708.0,29
rb1805,20170915,20170914,210626000,3709.0,23722,357102,879646880.0,3710.0,99,3709.0,1
rb1805,20170915,20170914,210626500,3709.0,23724,357102,879721060.0,3710.0,99,3709.0,8
rb1805,20170915,20170914,210627000,3711.0,23942,357046,887809020.0,3710.0,4,3709.0,16
rb1805,20170915,20170914,210627500,3711.0,23960,357064,888476920.0,3711.0,50,3710.0,84
rb1805,20170915,20170914,210628000,3711.0,24102,357068,893746940.0,3712.0,6,3710.0,39
rb1805,20170915,20170914,210628500,3711.0,24102,357068,893746940.0,3712.0,16,3711.0,7
rb1805,20170915,20170914,210629000,3712.0,24130,357060,894786160.0,3712.0,14,3710.0,33
rb1805,20170915,20170914,210629500,3710.0,24170,357034,896270480.0,3712.0,5,3710.0,29
rb1805,20170915,20170914,210630000,3712.0,24178,357028,896567440.0,3711.0,1,3710.0,27
rb1805,20170915,20170914,210630500,3712.0,24184,357024,896790140.0,3712.0,3,3711.0,5
rb1805,20170915,20170914,210631000,3712.0,24192,357020,897087080.0,3713.0,31,3712.0,9
rb1805,20170915,20170914,210631500,3712.0,24222,357022,898200640.0,3712.0,48,3710.0,33
rb1805,20170915,20170914,210632000,3712.0,24230,357018,898497560.0,3712.0,46,3710.0,34
rb1805,20170915,20170914,210632500,3712.0,24234,357016,898646040.0,3711.0,6,3710.0,35
rb1805,20170915,20170914,210633000,3711.0,24250,357002,899239820.0,3712.0,47,3711.0,2
rb1805,20170915,20170914,210633500,3712.0,24252,357002,899314060.0,3712.0,53,3711.0,20
rb1805,20170915,20170914,210634000,3711.0,24256,356998,899462500.0,3712.0,47,3711.0,16
rb1805,20170915,20170914,210634500,3712.0,24274,356988,900130560.0,3712.0,55,3711.0,14
rb1805,20170915,20170914,210635000,3712.0,24274,356988,900130560.0,3712.0,35,3711.0,17
rb1805,20170915,20170914,210635500,3712.0,24310,356974,901466880.0,3712.0,38,3711.0,43
rb1805,20170915,20170914,210636000,3711.0,24314,356972,901615340.0,3712.0,37,3711.0,42
rb1805,20170915,20170914,210636500,3712.0,24328,356974,902134980.0,3712.0,34,3711.0,41
rb1805,20170915,20170914,210637000,3711.0,24338,356982,902506160.0,3712.0,34,3711.0,40
rb1805,20170915,20170914,210637500,3711.0,24338,356982,902506160.0,3712.0,44,3711.0,45
rb1805,20170915,20170914,210638000,3712.0,24340,356984,902580400.0,3712.0,43,3711.0,41
rb1805,20170915,20170914,210638500,3711.0,24420,357008,905549200.0,3711.0,36,3710.0,28
rb1805,20170915,20170914,210639000,3710.0,24466,357024,907255800.0,3710.0,18,3709.0,17
rb1805,20170915,20170914,210639500,3710.0,24500,357008,908517200.0,3710.0,3,3709.0,10
rb1805,20170915,20170914,210640000,3711.0,24508,357006,908814020.0,3711.0,114,3710.0,2
rb1805,20170915,20170914,210640500,3711.0,24516,357010,909110860.0,3711.0,32,3709.0,19
rb1805,20170915,20170914,210641000,3711.0,24518,357010,909185080.0,3711.0,31,3710.0,19
rb1805,20170915,20170914,210641500,3711.0,24520,357012,909259300.0,3711.0,30,3710.0,12
rb1805,20170915,20170914,210642000,3711.0,24524,357016,909407740.0,3711.0,100,3710.0,13
rb1805,20170915,20170914,210642500,3711.0,24544,357016,910149940.0,3711.0,86,3710.0,13
rb1805,20170915,20170914,210643000,3711.0,24544,357016,910149940.0,3711.0,82,3710.0,69
rb1805,20170915,20170914,210643500,3711.0,24712,356914,916384420.0,3712.0,53,3711.0,5
rb1805,20170915,20170914,210644000,3711.0,24720,356912,916681340.0,3712.0,41,3711.0,14
rb1805,20170915,20170914,210644500,3712.0,24728,356908,916978240.0,3712.0,42,3711.0,12
rb1805,20170915,20170914,210645000,3712.0,24744,356908,917572120.0,3712.0,36,3711.0,10
rb1805,20170915,20170914,210645500,3712.0,24766,356890,918388760.0,3712.0,25,3711.0,11
rb1805,20170915,20170914,210646000,3712.0,24768,356890,918463000.0,3712.0,24,3711.0,13
rb1805,20170915,20170914,210646500,3712.0,24768,356890,918463000.0,3712.0,31,3711.0,14
rb1805,20170915,20170914,210647000,3712.0,24768,356890,918463000.0,3712.0,31,3711.0,7
rb1805,20170915,20170914,210647500,3711.0,24786,356902,919130980.0,3711.0,1,3710.0,70
rb1805,20170915,20170914,210648000,3711.0,24806,356900,919873240.0,3712.0,28,3711.0,1
rb1805,20170915,20170914,210648500,3712.0,24810,356902,920021720.0,3712.0,44,3711.0,8
rb1805,20170915,20170914,210649000,3712.0,24832,356922,920838340.0,3712.0,34,3711.0,7
rb1805,20170915,20170914,210649500,3711.0,24836,356920,920986780.0,3712.0,34,3711.0,8
rb1805,20170915,20170914,210650000,3711.0,24858,356932,921803400.0,3712.0,27,3711.0,7
rb1805,20170915,20170914,210650500,3711.0,24874,356922,922397160.0,3711.0,21,3710.0,71
rb1805,20170915,20170914,210651000,3711.0,24874,356922,922397160.0,3711.0,14,3710.0,68
rb1805,20170915,20170914,210651500,3711.0,24876,356922,922471380.0,3711.0,23,3710.0,69
rb1805,20170915,20170914,210652000,3711.0,24880,356926,922619820.0,3711.0,9,3710.0,18
rb1805,20170915,20170914,210652500,3712.0,24938,356962,924772600.0,3712.0,29,3710.0,18
rb1805,20170915,20170914,210653000,3712.0,24938,356962,924772600.0,3712.0,20,3711.0,16
rb1805,20170915,20170914,210653500,3711.0,24948,356962,925143700.0,3712.0,20,3711.0,14
rb1805,20170915,20170914,210654000,3711.0,24960,356950,925589020.0,3712.0,20,3711.0,8
rb1805,20170915,20170914,210654500,3711.0,24960,356950,925589020.0,3712.0,20,3711.0,11
rb1805,20170915,20170914,210655000,3712.0,24972,356960,926034440.0,3712.0,15,3711.0,11
rb1805,20170915,20170914,210655500,3712.0,24972,356960,926034440.0,3712.0,15,3711.0,11
rb1805,20170915,20170914,210656000,3711.0,24974,356958,926108660.0,3712.0,21,3711.0,10
rb1805,20170915,20170914,210656500,3712.0,24978,356958,926257120.0,3712.0,30,3711.0,34
rb1805,20170915,20170914,210657000,3712.0,24978,356958,926257120.0,3712.0,35,3711.0,38
rb1805,20170915,20170914,210657500,3712.0,25006,356954,927296480.0,3712.0,22,3711.0,38
rb1805,20170915,20170914,210658000,3712.0,25008,356954,927370720.0,3712.0,21,3711.0,39
rb1805,20170915,20170914,210658500,3712.0,25010,356954,927444960.0,3712.0,21,3711.0,39
rb1805,20170915,20170914,210659000,3712.0,25018,356946,927741920.0,3712.0,17,3711.0,40
rb1805,20170915,20170914,210659500,3712.0,25020,356946,927816160.0,3712.0,16,3711.0,40
rb1805,20170915,20170914,210700000,3712.0,25070,356918,929671900.0,3712.0,9,3711.0,27
rb1805,20170915,20170914,210700500,3712.0,25090,356932,930414300.0,3713.0,42,3712.0,79
rb1805,20170915,20170914,210701000,3712.0,25090,356932,930414300.0,3713.0,40,3712.0,59
rb1805,20170915,20170914,210701500,3712.0,25090,356932,930414300.0,3713.0,38,3712.0,59
rb1805,20170915,20170914,210702000,3712.0,25090,356932,930414300.0,3713.0,39,3712.0,59
rb1805,20170915,20170914,210702500,3713.0,25098,356930,930711320.0,3713.0,36,3712.0,58
rb1805,20170915,20170914,210703000,3714.0,25178,356968,933681800.0,3714.0,77,3713.0,32
rb1805,20170915,20170914,210703500,3713.0,25182,356966,933830340.0,3714.0,36,3713.0,32
rb1805,20170915,20170914,210704000,3714.0,25186,356964,933978900.0,3714.0,34,3713.0,32
rb1805,20170915,20170914,210704500,3714.0,25216,356944,935093080.0,3714.0,2,3713.0,18
rb1805,20170915,20170914,210705000,3714.0,25226,356948,935464520.0,3715.0,198,3714.0,10
rb1805,20170915,20170914,210705500,3714.0,25292,356938,937915920.0,3715.0,188,3714.0,1
rb1805,20170915,20170914,210706000,3715.0,25294,356938,937990220.0,3715.0,187,3714.0,1
rb1805,20170915,20170914,210706500,3715.0,25306,356940,938435920.0,3715.0,187,3714.0,4
rb1805,20170915,20170914,210707000,3715.0,25366,356910,940664500.0,3714.0,100,3713.0,11
rb1805,20170915,20170914,210707500,3714.0,25462,356844,944229920.0,3714.0,55,3713.0,15
rb1805,20170915,20170914,210708000,3714.0,25470,356844,944527040.0,3714.0,64,3713.0,11
rb1805,20170915,20170914,210708500,3713.0,25476,356846,944749860.0,3714.0,62,3713.0,14
rb1805,20170915,20170914,210709000,3714.0,25482,356846,944972700.0,3714.0,59,3713.0,14
rb1805,20170915,20170914,210709500,3712.0,25512,356844,946086580.0,3713.0,6,3712.0,49
rb1805,20170915,20170914,210710000,3713.0,25518,356840,946309360.0,3713.0,3,3712.0,53
rb1805,20170915,20170914,210710500,3713.0,25522,356838,946457880.0,3713.0,3,3712.0,53
rb1805,20170915,20170914,210711000,3713.0,25522,356838,946457880.0,3713.0,5,3712.0,54
rb1805,20170915,20170914,210711500,3713.0,25522,356838,946457880.0,3713.0,5,3712.0,54
rb1805,20170915,20170914,210712000,3713.0,25524,356838,946532140.0,3713.0,23,3712.0,54
rb1805,20170915,20170914,210712500,3712.0,25530,356838,946754900.0,3713.0,26,3712.0,45
rb1805,20170915,20170914,210713000,3712.0,25530,356838,946754900.0,3713.0,25,3712.0,26
rb1805,20170915,20170914,210713500,3713.0,25536,356834,946977660.0,3713.0,23,3712.0,25
rb1805,20170915,20170914,210714000,3713.0,25582,356798,948685640.0,3714.0,67,3713.0,1
rb1805,20170915,20170914,210714500,3713.0,25586,356796,948834160.0,3713.0,16,3712.0,25
rb1805,20170915,20170914,210715000,3712.0,25588,356794,948908400.0,3713.0,21,3712.0,25
rb1805,20170915,20170914,210715500,3713.0,25592,356796,949056900.0,3713.0,20,3712.0,16
rb1805,20170915,20170914,210716000,3712.0,25596,356794,949205380.0,3713.0,31,3712.0,14
rb1805,20170915,20170914,210716500,3713.0,25602,356796,949428140.0,3713.0,37,3712.0,13
rb1805,20170915,20170914,210717000,3712.0,25628,356792,950393260.0,3712.0,21,3711.0,35
rb1805,20170915,20170914,210717500,3712.0,25670,356782,951952300.0,3713.0,28,3712.0,41
rb1805,20170915,20170914,210718000,3713.0,25672,356784,952026560.0,3713.0,21,3712.0,117
rb1805,20170915,20170914,210718500,3712.0,25684,356786,952472100.0,3713.0,17,3712.0,125
rb1805,20170915,20170914,210719000,3713.0,25720,356814,953808780.0,3714.0,69,3713.0,10
rb1805,20170915,20170914,210719500,3713.0,25720,356814,953808780.0,3714.0,71,3713.0,16
rb1805,20170915,20170914,210720000,3714.0,25762,356834,955368300.0,3714.0,68,3713.0,8
rb1805,20170915,20170914,210720500,3713.0,25764,356832,955442560.0,3714.0,88,3713.0,38
rb1805,20170915,20170914,210721000,3713.0,25844,356816,958412960.0,3713.0,8,3712.0,123
rb1805,20170915,20170914,210721500,3714.0,25850,356812,958635760.0,3714.0,87,3713.0,17
rb1805,20170915,20170914,210722000,3712.0,25886,356818,959972420.0,3713.0,21,3712.0,122
rb1805,20170915,20170914,210722500,3713.0,25888,356818,960046680.0,3713.0,40,3712.0,122
rb1805,20170915,20170914,210723000,3713.0,25918,356836,961160580.0,3713.0,27,3712.0,123
rb1805,20170915,20170914,210723500,3713.0,25920,356836,961234840.0,3713.0,26,3712.0,92
rb1805,20170915,20170914,210724000,3712.0,26104,356968,968064920.0,3712.0,70,3711.0,35
rb1805,20170915,20170914,210724500,3712.0,26108,356966,968213380.0,3712.0,64,3711.0,32
rb1805,20170915,20170914,210725000,3711.0,26122,356970,968732920.0,3712.0,39,3711.0,25
rb1805,20170915,20170914,210725500,3712.0,26130,356970,969029860.0,3712.0,36,3711.0,24
rb1805,20170915,20170914,210726000,3712.0,26130,356970,969029860.0,3712.0,49,3711.0,26
rb1805,20170915,20170914,210726500,3711.0,26138,356964,969326740.0,3712.0,49,3711.0,23
rb1805,20170915,20170914,210727000,3711.0,26142,356964,969475180.0,3712.0,49,3711.0,21
rb1805,20170915,20170914,210727500,3711.0,26154,356976,969920500.0,3712.0,49,3711.0,16
rb1805,20170915,20170914,210728000,3711.0,26186,357000,971108020.0,3712.0,50,3710.0,64
rb1805,20170915,20170914,210728500,3712.0,26188,357000,971182260.0,3712.0,49,3710.0,63
rb1805,20170915,20170914,210729000,3712.0,26188,357000,971182260.0,3711.0,1,3710.0,63
rb1805,20170915,20170914,210729500,3712.0,26188,357000,971182260.0,3711.0,9,3710.0,63
rb1805,20170915,20170914,210730000,3710.0,26192,357004,971330660.0,3711.0,16,3710.0,51
rb1805,20170915,20170914,210730500,3710.0,26204,357004,971775880.0,3711.0,15,3710.0,46
rb1805,20170915,20170914,210731000,3710.0,26212,357004,972072680.0,3711.0,15,3710.0,42
rb1805,20170915,20170914,210731500,3710.0,26314,356954,975856880.0,3710.0,36,3709.0,21
rb1805,20170915,20170914,210732000,3709.0,26316,356956,975931060.0,3711.0,34,3709.0,16
rb1805,20170915,20170914,210732500,3709.0,26322,356958,976153600.0,3710.0,4,3709.0,13
rb1805,20170915,20170914,210733000,3711.0,26352,356958,977266420.0,3711.0,28,3709.0,3
rb1805,20170915,20170914,210733500,3709.0,26354,356960,977340600.0,3710.0,7,3709.0,5
rb1805,20170915,20170914,210734000,3709.0,26358,356956,977488960.0,3710.0,19,3709.0,4
rb1805,20170915,20170914,210734500,3709.0,26358,356956,977488960.0,3710.0,19,3709.0,4
rb1805,20170915,20170914,210735000,3709.0,26358,356956,977488960.0,3710.0,69,3709.0,4
rb1805,20170915,20170914,210735500,3709.0,26362,356954,977637320.0,3710.0,57,3709.0,4
rb1805,20170915,20170914,210736000,3709.0,26362,356954,977637320.0,3710.0,57,3709.0,4
rb1805,20170915,20170914,210736500,3710.0,26370,356950,977934060.0,3710.0,52,3709.0,1
rb1805,20170915,20170914,210737000,3709.0,26376,356950,978156600.0,3710.0,52,3708.0,84
rb1805,20170915,20170914,210737500,3709.0,26376,356950,978156600.0,3709.0,1,3708.0,84
rb1805,20170915,20170914,210738000,3709.0,26400,356950,979046760.0,3710.0,64,3709.0,1
rb1805,20170915,20170914,210738500,3709.0,26402,356952,979120940.0,3710.0,64,3709.0,1
rb1805,20170915,20170914,210739000,3709.0,26434,356978,980308120.0,3710.0,49,3708.0,84
rb1805,20170915,20170914,210739500,3709.0,26436,356978,980382300.0,3709.0,1,3708.0,84
rb1805,20170915,20170914,210740000,3709.0,26436,356978,980382300.0,3709.0,2,3708.0,85
rb1805,20170915,20170914,210740500,3709.0,26440,356980,980530640.0,3709.0,1,3708.0,84
rb1805,20170915,20170914,210741000,3708.0,26442,356980,980604800.0,3709.0,9,3708.0,83
rb1805,20170915,20170914,210741500,3708.0,26442,356980,980604800.0,3709.0,3,3708.0,84
rb1805,20170915,20170914,210742000,3708.0,26452,356986,980975600.0,3709.0,11,3708.0,79
rb1805,20170915,20170914,210742500,3708.0,26454,356988,981049760.0,3709.0,11,3708.0,78
rb1805,20170915,20170914,210743000,3708.0,26470,356998,981643140.0,3709.0,6,3708.0,75
rb1805,20170915,20170914,210743500,3708.0,26478,357006,981939780.0,3709.0,6,3708.0,71
rb1805,20170915,20170914,210744000,3708.0,26478,357006,981939780.0,3709.0,6,3708.0,71
rb1805,20170915,20170914,210744500,3708.0,26478,357006,981939780.0,3709.0,8,3708.0,71
rb1805,20170915,20170914,210745000,3708.0,26478,357006,981939780.0,3709.0,8,3708.0,71
rb1805,20170915,20170914,210745500,3708.0,26480,357006,982013940.0,3709.0,8,3708.0,72
rb1805,20170915,20170914,210746000,3708.0,26484,357006,982162280.0,3709.0,11,3708.0,72
rb1805,20170915,20170914,210746500,3709.0,26498,357020,982681540.0,3710.0,51,3709.0,7
rb1805,20170915,20170914,210747000,3709.0,26504,357026,982904080.0,3710.0,51,3709.0,4
rb1805,20170915,20170914,210747500,3709.0,26506,357024,982978260.0,3710.0,46,3709.0,3
rb1805,20170915,20170914,210748000,3709.0,26506,357024,982978260.0,3710.0,46,3709.0,3
rb1805,20170915,20170914,210748500,3709.0,26506,357024,982978260.0,3710.0,46,3709.0,3
rb1805,20170915,20170914,210749000,3709.0,26506,357024,982978260.0,3710.0,46,3709.0,4
rb1805,20170915,20170914,210749500,3709.0,26516,357026,983349160.0,3710.0,46,3708.0,82
rb1805,20170915,20170914,210750000,3709.0,26516,357026,983349160.0,3710.0,46,3709.0,2
rb1805,20170915,20170914,210750500,3709.0,26516,357026,983349160.0,3710.0,46,3709.0,2
rb1805,20170915,20170914,210751000,3710.0,26518,357028,983423360.0,3710.0,48,3709.0,2
rb1805,20170915,20170914,210751500,3710.0,26518,357028,983423360.0,3710.0,48,3709.0,2
rb1805,20170915,20170914,210752000,3709.0,26520,357026,983497540.0,3710.0,48,3709.0,1
rb1805,20170915,20170914,210752500,3709.0,26534,357036,984016800.0,3710.0,48,3709.0,12
rb1805,20170915,20170914,210753000,3709.0,26538,357040,984165160.0,3710.0,48,3709.0,10
rb1805,20170915,20170914,210753500,3709.0,26542,357044,984313520.0,3710.0,48,3709.0,9
rb1805,20170915,20170914,210754000,3709.0,26546,357044,984461880.0,3710.0,48,3709.0,8
rb1805,20170915,20170914,210754500,3710.0,26610,357046,986836260.0,3710.0,17,3709.0,14
rb1805,20170915,20170914,210755000,3710.0,26610,357046,986836260.0,3710.0,17,3709.0,14
rb1805,20170915,20170914,210755500,3710.0,26610,357046,986836260.0,3710.0,12,3709.0,22
rb1805,20170915,20170914,210756000,3710.0,26610,357046,986836260.0,3710.0,12,3709.0,25
rb1805,20170915,20170914,210756500,3710.0,26610,357046,986836260.0,3710.0,12,3709.0,28
rb1805,20170915,20170914,210757000,3710.0,26610,357046,986836260.0,3710.0,12,3709.0,28
rb1805,20170915,20170914,210757500,3710.0,26610,357046,986836260.0,3710.0,13,3709.0,28
rb1805,20170915,20170914,210758000,3710.0,26636,357064,987800860.0,3711.0,25,3710.0,16
rb1805,20170915,20170914,210758500,3710.0,26636,357064,987800860.0,3711.0,8,3710.0,16
rb1805,20170915,20170914,210759000,3711.0,26656,357072,988543060.0,3711.0,3,3710.0,22
rb1805,20170915,20170914,210759500,3710.0,26658,357072,988617260.0,3711.0,3,3710.0,21
rb1805,20170915,20170914,210800000,3710.0,26658,357072,988617260.0,3711.0,3,3710.0,21
rb1805,20170915,20170914,210800500,3711.0,26660,357072,988691480.0,3711.0,2,3710.0,21
rb1805,20170915,20170914,210801000,3711.0,26660,357072,988691480.0,3711.0,2,3710.0,21
rb1805,20170915,20170914,210801500,3710.0,26702,357060,990249680.0,3710.0,6,3709.0,36
rb1805,20170915,20170914,210802000,3710.0,26714,357072,990694880.0,3711.0,18,3709.0,34
rb1805,20170915,20170914,210802500,3709.0,26718,357076,990843240.0,3710.0,2,3709.0,32
rb1805,20170915,20170914,210803000,3709.0,26784,357106,993291180.0,3709.0,9,3708.0,92
rb1805,20170915,20170914,210803500,3709.0,26784,357106,993291180.0,3709.0,19,3708.0,92
rb1805,20170915,20170914,210804000,3709.0,26784,357106,993291180.0,3709.0,21,3708.0,92
rb1805,20170915,20170914,210804500,3709.0,26786,357108,993365360.0,3709.0,20,3708.0,92
rb1805,20170915,20170914,210805000,3709.0,26786,357108,993365360.0,3709.0,20,3708.0,93
rb1805,20170915,20170914,210805500,3709.0,26786,357108,993365360.0,3709.0,20,3708.0,94
rb1805,20170915,20170914,210806000,3708.0,26792,357114,993587840.0,3709.0,20,3708.0,91
rb1805,20170915,20170914,210806500,3708.0,26794,357114,993662000.0,3709.0,14,3708.0,85
rb1805,20170915,20170914,210807000,3708.0,26796,357116,993736160.0,3709.0,15,3708.0,84
rb1805,20170915,20170914,210807500,3709.0,26806,357126,994107060.0,3709.0,10,3708.0,84
rb1805,20170915,20170914,210808000,3709.0,26828,357126,994923020.0,3710.0,38,3709.0,3
rb1805,20170915,20170914,210808500,3710.0,26830,357126,994997220.0,3710.0,20,3709.0,14
rb1805,20170915,20170914,210809000,3709.0,26832,357124,995071400.0,3710.0,11,3709.0,16
rb1805,20170915,20170914,210809500,3710.0,26854,357146,995887600.0,3711.0,21,3710.0,9
rb1805,20170915,20170914,210810000,3710.0,26854,357146,995887600.0,3711.0,11,3710.0,8
rb1805,20170915,20170914,210810500,3710.0,26854,357146,995887600.0,3711.0,11,3710.0,36
rb1805,20170915,20170914,210811000,3711.0,26862,357144,996184480.0,3711.0,7,3710.0,36
rb1805,20170915,20170914,210811500,3710.0,26866,357144,996332900.0,3711.0,8,3710.0,35
rb1805,20170915,20170914,210812000,3710.0,26866,357144,996332900.0,3711.0,8,3710.0,28
rb1805,20170915,20170914,210812500,3710.0,26878,357156,996778120.0,3711.0,12,3710.0,23
rb1805,20170915,20170914,210813000,3711.0,26880,357158,996852340.0,3711.0,12,3710.0,23
rb1805,20170915,20170914,210813500,3711.0,26880,357158,996852340.0,3711.0,13,3710.0,23
rb1805,20170915,20170914,210814000,3710.0,26898,357168,997520140.0,3711.0,13,3710.0,14
rb1805,20170915,20170914,210814500,3710.0,26932,357202,998781600.0,3710.0,2,3709.0,23
rb1805,20170915,20170914,210815000,3709.0,26940,357194,999078320.0,3710.0,2,3709.0,16
rb1805,20170915,20170914,210815500,3709.0,26944,357190,999226680.0,3710.0,4,3709.0,12
rb1805,20170915,20170914,210816000,3710.0,26946,357192,999300880.0,3710.0,8,3709.0,11
rb1805,20170915,20170914,210816500,3710.0,26946,357192,999300880.0,3710.0,8,3709.0,11
rb1805,20170915,20170914,210817000,3710.0,26954,357200,999597680.0,3710.0,5,3709.0,12
rb1805,20170915,20170914,210817500,3710.0,26954,357200,999597680.0,3710.0,8,3709.0,12
rb1805,20170915,20170914,210818000,3709.0,26956,357198,999671860.0,3710.0,8,3709.0,13
rb1805,20170915,20170914,210818500,3709.0,26956,357198,999671860.0,3710.0,11,3709.0,14
rb1805,20170915,20170914,210819000,3709.0,26968,357188,1000116940.0,3710.0,11,3709.0,8
rb1805,20170915,20170914,210820000,3709.0,26968,357188,1000116940.0,3710.0,11,3709.0,8
rb1805,20170915,20170914,210820500,3709.0,26968,357188,1000116940.0,3710.0,16,3709.0,8
rb1805,20170915,20170914,210821000,3709.0,26978,357194,1000487840.0,3710.0,17,3709.0,3
rb1805,20170915,20170914,210821500,3709.0,26984,357196,1000710400.0,3710.0,16,3709.0,1
rb1805,20170915,20170914,210822000,3709.0,26986,357198,1000784580.0,3710.0,16,3709.0,1
rb1805,20170915,20170914,210822500,3709.0,26986,357198,1000784580.0,3710.0,16,3709.0,1
rb1805,20170915,20170914,210823000,3709.0,26986,357198,1000784580.0,3710.0,16,3709.0,1
rb1805,20170915,20170914,210823500,3709.0,26986,357198,1000784580.0,3710.0,16,3709.0,1
rb1805,20170915,20170914,210824000,3709.0,26986,357198,1000784580.0,3710.0,17,3709.0,1
rb1805,20170915,20170914,210824500,3709.0,26988,357200,1000858760.0,3710.0,21,3708.0,109
rb1805,20170915,20170914,210825000,3709.0,26988,357200,1000858760.0,3710.0,41,3709.0,2
rb1805,20170915,20170914,210825500,3709.0,26992,357200,1001007120.0,3709.0,2,3708.0,109
rb1805,20170915,20170914,210826000,3709.0,26992,357200,1001007120.0,3709.0,2,3708.0,109
rb1805,20170915,20170914,210826500,3709.0,26992,357200,1001007120.0,3709.0,16,3708.0,110
rb1805,20170915,20170914,210827000,3708.0,26994,357202,1001081280.0,3709.0,16,3708.0,109
rb1805,20170915,20170914,210827500,3708.0,26994,357202,1001081280.0,3709.0,17,3708.0,109
rb1805,20170915,20170914,210828000,3709.0,27006,357206,1001526320.0,3709.0,15,3708.0,108
rb1805,20170915,20170914,210828500,3709.0,27008,357208,1001600500.0,3709.0,14,3708.0,108
rb1805,20170915,20170914,210829000,3709.0,27008,357208,1001600500.0,3709.0,14,3708.0,108
rb1805,20170915,20170914,210829500,3709.0,27010,357210,1001674680.0,3709.0,13,3708.0,109
rb1805,20170915,20170914,210830000,3709.0,27010,357210,1001674680.0,3709.0,14,3708.0,108
rb1805,20170915,20170914,210830500,3709.0,27010,357210,1001674680.0,3709.0,15,3708.0,109
rb1805,20170915,20170914,210831000,3709.0,27040,357220,1002787180.0,3709.0,53,3708.0,99
rb1805,20170915,20170914,210831500,3708.0,27070,357250,1003899580.0,3709.0,54,3708.0,84
rb1805,20170915,20170914,210832000,3708.0,27076,357250,1004122060.0,3709.0,52,3708.0,81
rb1805,20170915,20170914,210832500,3709.0,27122,357242,1005827760.0,3709.0,63,3708.0,59
rb1805,20170915,20170914,210833000,3708.0,27166,357260,1007459380.0,3709.0,58,3708.0,42
rb1805,20170915,20170914,210833500,3708.0,27166,357260,1007459380.0,3709.0,58,3708.0,49
rb1805,20170915,20170914,210834000,3708.0,27178,357262,1007904340.0,3709.0,48,3708.0,43
rb1805,20170915,20170914,210834500,3709.0,27256,357192,1010797360.0,3710.0,40,3708.0,43
rb1805,20170915,20170914,210835000,3709.0,27256,357192,1010797360.0,3710.0,40,3709.0,11
rb1805,20170915,20170914,210835500,3708.0,27280,357216,1011687500.0,3709.0,6,3708.0,46
rb1805,20170915,20170914,210836000,3709.0,27286,357220,1011910040.0,3709.0,3,3708.0,54
rb1805,20170915,20170914,210836500,3709.0,27286,357220,1011910040.0,3709.0,3,3708.0,53
rb1805,20170915,20170914,210837000,3708.0,27290,357220,1012058360.0,3709.0,5,3708.0,51
rb1805,20170915,20170914,210837500,3709.0,27292,357222,1012132540.0,3709.0,4,3708.0,51
rb1805,20170915,20170914,210838000,3708.0,27332,357222,1013615740.0,3709.0,5,3708.0,31
rb1805,20170915,20170914,210838500,3709.0,27340,357228,1013912420.0,3709.0,18,3708.0,29
rb1805,20170915,20170914,210839000,3709.0,27340,357228,1013912420.0,3709.0,25,3708.0,29
rb1805,20170915,20170914,210839500,3709.0,27340,357228,1013912420.0,3709.0,27,3708.0,29
rb1805,20170915,20170914,210840000,3708.0,27342,357230,1013986580.0,3709.0,17,3708.0,28
rb1805,20170915,20170914,210840500,3708.0,27342,357230,1013986580.0,3709.0,17,3708.0,28
rb1805,20170915,20170914,210841000,3708.0,27364,357250,1014802340.0,3709.0,14,3708.0,17
rb1805,20170915,20170914,210841500,3709.0,27366,357248,1014876520.0,3709.0,27,3708.0,19
rb1805,20170915,20170914,210842000,3708.0,27410,357272,1016508040.0,3708.0,13,3707.0,45
rb1805,20170915,20170914,210842500,3708.0,27436,357292,1017472120.0,3709.0,26,3708.0,3
rb1805,20170915,20170914,210843000,3708.0,27448,357292,1017917080.0,3709.0,27,3708.0,5
rb1805,20170915,20170914,210843500,3708.0,27450,357294,1017991240.0,3709.0,28,3708.0,4
rb1805,20170915,20170914,210844000,3708.0,27450,357294,1017991240.0,3709.0,31,3708.0,4
rb1805,20170915,20170914,210844500,3708.0,27450,357294,1017991240.0,3709.0,31,3708.0,4
rb1805,20170915,20170914,210845000,3708.0,27460,357302,1018362040.0,3708.0,1,3707.0,43
rb1805,20170915,20170914,210845500,3708.0,27460,357302,1018362040.0,3708.0,1,3707.0,43
rb1805,20170915,20170914,210846000,3707.0,27462,357302,1018436180.0,3708.0,8,3707.0,41
rb1805,20170915,20170914,210846500,3707.0,27464,357302,1018510320.0,3708.0,12,3707.0,40
rb1805,20170915,20170914,210847000,3707.0,27466,357304,1018584460.0,3708.0,12,3707.0,39
rb1805,20170915,20170914,210847500,3708.0,27470,357304,1018732780.0,3708.0,10,3707.0,39
rb1805,20170915,20170914,210848000,3708.0,27472,357304,1018806940.0,3708.0,13,3707.0,45
rb1805,20170915,20170914,210848500,3708.0,27474,357306,1018881100.0,3708.0,6,3707.0,45
rb1805,20170915,20170914,210849000,3707.0,27478,357310,1019029380.0,3708.0,25,3707.0,43
rb1805,20170915,20170914,210849500,3707.0,27478,357310,1019029380.0,3708.0,19,3707.0,44
rb1805,20170915,20170914,210850000,3708.0,27528,357330,1020882900.0,3708.0,18,3707.0,21
rb1805,20170915,20170914,210850500,3708.0,27530,357330,1020957060.0,3708.0,22,3707.0,21
rb1805,20170915,20170914,210851000,3708.0,27534,357334,1021105380.0,3708.0,30,3707.0,21
rb1805,20170915,20170914,210851500,3708.0,27534,357334,1021105380.0,3708.0,30,3707.0,21
rb1805,20170915,20170914,210852000,3708.0,27536,357336,1021179540.0,3708.0,29,3707.0,20
rb1805,20170915,20170914,210852500,3707.0,27634,357334,1024812980.0,3707.0,12,3706.0,47
rb1805,20170915,20170914,210853000,3707.0,27698,357346,1027185460.0,3708.0,1,3707.0,7
rb1805,20170915,20170914,210853500,3707.0,27702,357346,1027333740.0,3707.0,5,3706.0,48
rb1805,20170915,20170914,210854000,3707.0,27712,357336,1027704440.0,3707.0,1,3706.0,48
rb1805,20170915,20170914,210854500,3707.0,27714,357336,1027778580.0,3708.0,16,3707.0,9
rb1805,20170915,20170914,210855000,3707.0,27718,357336,1027926860.0,3708.0,16,3707.0,7
rb1805,20170915,20170914,210855500,3707.0,27742,357336,1028816540.0,3707.0,36,3706.0,45
rb1805,20170915,20170914,210856000,3707.0,27766,357356,1029706000.0,3707.0,39,3706.0,41
rb1805,20170915,20170914,210856500,3707.0,27770,357358,1029854260.0,3707.0,41,3706.0,40
rb1805,20170915,20170914,210857000,3707.0,27774,357360,1030002540.0,3707.0,39,3706.0,33
rb1805,20170915,20170914,210857500,3707.0,27774,357360,1030002540.0,3707.0,39,3706.0,33
rb1805,20170915,20170914,210858000,3706.0,27776,357360,1030076660.0,3707.0,39,3706.0,34
rb1805,20170915,20170914,210858500,3706.0,27784,357358,1030373140.0,3707.0,39,3706.0,36
rb1805,20170915,20170914,210859000,3707.0,27788,357362,1030521420.0,3707.0,38,3706.0,37
rb1805,20170915,20170914,210859500,3707.0,27814,357368,1031485240.0,3707.0,26,3706.0,37
rb1805,20170915,20170914,210900000,3707.0,27814,357368,1031485240.0,3707.0,27,3706.0,37
rb1805,20170915,20170914,210900500,3707.0,27814,357368,1031485240.0,3707.0,26,3706.0,40
rb1805,20170915,20170914,210901000,3706.0,27826,357364,1031929960.0,3707.0,28,3706.0,35
rb1805,20170915,20170914,210901500,3706.0,27826,357364,1031929960.0,3707.0,28,3706.0,35
rb1805,20170915,20170914,210902000,3706.0,27894,357360,1034450040.0,3707.0,28,3706.0,1
rb1805,20170915,20170914,210902500,3705.0,27898,357362,1034598260.0,3706.0,65,3705.0,106
rb1805,20170915,20170914,210903000,3705.0,27922,357364,1035487520.0,3706.0,44,3705.0,97
rb1805,20170915,20170914,210903500,3705.0,27978,357344,1037562320.0,3706.0,52,3705.0,69
rb1805,20170915,20170914,210904000,3705.0,28000,357348,1038377460.0,3706.0,50,3705.0,60
rb1805,20170915,20170914,210904500,3706.0,28104,357354,1042231100.0,3706.0,29,3705.0,30
rb1805,20170915,20170914,210905000,3705.0,28164,357392,1044454100.0,3705.0,20,3704.0,79
rb1805,20170915,20170914,210905500,3704.0,28168,357394,1044602280.0,3705.0,32,3704.0,65
rb1805,20170915,20170914,210906000,3704.0,28232,357408,1046972860.0,3705.0,32,3704.0,34
rb1805,20170915,20170914,210906500,3704.0,28302,357462,1049565660.0,3704.0,6,3703.0,74
rb1805,20170915,20170914,210907000,3704.0,28302,357462,1049565660.0,3704.0,18,3703.0,73
rb1805,20170915,20170914,210907500,3704.0,28306,357462,1049713800.0,3704.0,50,3703.0,78
rb1805,20170915,20170914,210908000,3704.0,28328,357464,1050528480.0,3704.0,26,3703.0,69
rb1805,20170915,20170914,210908500,3704.0,28458,357476,1055342580.0,3704.0,23,3703.0,15
rb1805,20170915,20170914,210909000,3704.0,28494,357484,1056675860.0,3704.0,13,3703.0,7
rb1805,20170915,20170914,210909500,3703.0,28528,357494,1057934880.0,3703.0,40,3702.0,146
rb1805,20170915,20170914,210910000,3703.0,28680,357420,1063562180.0,3703.0,12,3702.0,84
rb1805,20170915,20170914,210910500,3702.0,28766,357468,1066745920.0,3703.0,26,3702.0,40
rb1805,20170915,20170914,210911000,3701.0,28852,357516,1069929660.0,3702.0,72,3701.0,64
rb1805,20170915,20170914,210911500,3701.0,28926,357502,1072668600.0,3702.0,63,3701.0,44
rb1805,20170915,20170914,210912000,3701.0,28998,357494,1075333320.0,3702.0,73,3701.0,8
rb1805,20170915,20170914,210912500,3700.0,29058,357514,1077554320.0,3701.0,337,3700.0,138
rb1805,20170915,20170914,210913000,3700.0,29132,357498,1080292340.0,3701.0,65,3700.0,104
rb1805,20170915,20170914,210913500,3699.0,29634,357534,1098868700.0,3700.0,84,3699.0,520
rb1805,20170915,20170914,210914000,3700.0,29870,357612,1107600820.0,3701.0,8,3700.0,1
rb1805,20170915,20170914,210914500,3700.0,29996,357618,1112262800.0,3701.0,18,3700.0,6
rb1805,20170915,20170914,210915000,3700.0,30060,357582,1114631020.0,3702.0,52,3700.0,42
rb1805,20170915,20170914,210915500,3701.0,30092,357566,1115815180.0,3702.0,51,3701.0,38
rb1805,20170915,20170914,210916000,3701.0,30132,357568,1117295580.0,3702.0,50,3701.0,18
rb1805,20170915,20170914,210916500,3701.0,30190,357570,1119442140.0,3701.0,70,3700.0,63
rb1805,20170915,20170914,210917000,3701.0,30312,357460,1123957320.0,3701.0,3,3700.0,68
rb1805,20170915,20170914,210917500,3702.0,30400,357460,1127214080.0,3702.0,40,3701.0,3
rb1805,20170915,20170914,210918000,3700.0,30532,357464,1132098120.0,3700.0,4,3699.0,508
rb1805,20170915,20170914,210918500,3699.0,31516,358422,1168496340.0,3700.0,11,3699.0,24
rb1805,20170915,20170914,210919000,3698.0,32032,358672,1187576940.0,3698.0,65,3697.0,5
rb1805,20170915,20170914,210919500,3695.0,32242,358640,1195339580.0,3696.0,1,3695.0,13
rb1805,20170915,20170914,210920000,3694.0,33010,358662,1223718420.0,3695.0,11,3694.0,67
rb1805,20170915,20170914,210920500,3696.0,33152,358594,1228966220.0,3697.0,43,3695.0,25
rb1805,20170915,20170914,210921000,3695.0,33308,358596,1234730440.0,3697.0,30,3695.0,9
rb1805,20170915,20170914,210921500,3697.0,33406,358606,1238352700.0,3697.0,24,3695.0,71
rb1805,20170915,20170914,210922000,3698.0,33542,358584,1243379660.0,3698.0,71,3697.0,5
rb1805,20170915,20170914,210922500,3698.0,33758,358534,1251367160.0,3699.0,43,3698.0,2
rb1805,20170915,20170914,210923000,3696.0,33864,358500,1255286360.0,3697.0,1,3696.0,11
rb1805,20170915,20170914,210923500,3697.0,33914,358484,1257135280.0,3699.0,63,3697.0,23
rb1805,20170915,20170914,210924000,3699.0,34178,358384,1266901200.0,3699.0,4,3698.0,1
rb1805,20170915,20170914,210924500,3696.0,34368,358422,1273925340.0,3698.0,8,3696.0,39
rb1805,20170915,20170914,210925000,3698.0,34420,358452,1275848320.0,3698.0,26,3697.0,3
rb1805,20170915,20170914,210925500,3697.0,34504,358470,1278954540.0,3698.0,7,3697.0,10
rb1805,20170915,20170914,210926000,3698.0,34532,358462,1279990000.0,3699.0,20,3697.0,17
rb1805,20170915,20170914,210926500,3697.0,34548,358456,1280581680.0,3699.0,20,3697.0,36
rb1805,20170915,20170914,210927000,3697.0,34596,358452,1282357000.0,3698.0,1,3697.0,61
rb1805,20170915,20170914,210927500,3699.0,34614,358464,1283022760.0,3699.0,6,3698.0,8
rb1805,20170915,20170914,210928000,3697.0,34644,358450,1284132120.0,3698.0,26,3697.0,97
rb1805,20170915,20170914,210928500,3699.0,34710,358476,1286572900.0,3699.0,15,3698.0,30
rb1805,20170915,20170914,210929000,3700.0,34770,358470,1288792580.0,3701.0,24,3700.0,37
rb1805,20170915,20170914,210929500,3700.0,34814,358510,1290420580.0,3701.0,32,3700.0,15
rb1805,20170915,20170914,210930000,3699.0,34858,358550,1292048440.0,3700.0,23,3699.0,18
rb1805,20170915,20170914,210930500,3698.0,34946,358580,1295303360.0,3700.0,19,3698.0,49
rb1805,20170915,20170914,210931000,3697.0,35148,358756,1302772920.0,3699.0,1,3698.0,2
rb1805,20170915,20170914,210931500,3699.0,35220,358778,1305434800.0,3699.0,3,3697.0,64
rb1805,20170915,20170914,210932000,3698.0,35258,358766,1306839820.0,3699.0,1,3698.0,1
rb1805,20170915,20170914,210932500,3699.0,35262,358764,1306987760.0,3699.0,11,3698.0,13
rb1805,20170915,20170914,210933000,3699.0,35268,358764,1307209680.0,3699.0,59,3698.0,37
rb1805,20170915,20170914,210933500,3699.0,35278,358754,1307579580.0,3699.0,61,3698.0,39
rb1805,20170915,20170914,210934000,3699.0,35280,358752,1307653560.0,3699.0,62,3698.0,14
rb1805,20170915,20170914,210934500,3700.0,35408,358626,1312388320.0,3700.0,50,3699.0,1
rb1805,20170915,20170914,210935000,3699.0,35428,358618,1313128000.0,3700.0,49,3699.0,24
rb1805,20170915,20170914,210935500,3699.0,35452,358618,1314015760.0,3700.0,53,3699.0,14
rb1805,20170915,20170914,210936000,3700.0,35486,358626,1315273440.0,3700.0,53,3698.0,16
rb1805,20170915,20170914,210936500,3698.0,35528,358584,1316827000.0,3699.0,50,3698.0,10
