instrument,tradingday,calendarday,time,lastp,volume,openinterest,turnover,ask1,asksz1,bid1,bidsz1
rb1805,20171120,20171117,183252500,3632.0,0,2195094,0.0,0.0,0,0.0,0
rb1805,20171120,20171117,205900500,3627.0,2834,2194002,102789180.0,3628.0,20,3627.0,88
rb1805,20171120,20171117,210000500,3628.0,3410,2194126,123688380.0,3630.0,244,3628.0,102
rb1805,20171120,20171117,210001000,3632.0,5974,2193002,216773480.0,3632.0,76,3631.0,12
rb1805,20171120,20171117,210001500,3632.0,7064,2192954,256362800.0,3634.0,256,3632.0,104
rb1805,20171120,20171117,210002000,3632.0,8112,2193374,294424540.0,3632.0,45,3631.0,577
rb1805,20171120,20171117,210002500,3633.0,8558,2193366,310623120.0,3633.0,47,3632.0,190
rb1805,20171120,20171117,210003000,3632.0,8820,2193498,320140740.0,3633.0,105,3632.0,158
rb1805,20171120,20171117,210003500,3633.0,9254,2193570,335904980.0,3633.0,45,3632.0,27
rb1805,20171120,20171117,210004000,3633.0,9488,2193502,344405220.0,3634.0,272,3633.0,18
rb1805,20171120,20171117,210004500,3633.0,9708,2193628,352395480.0,3633.0,274,3631.0,399
rb1805,20171120,20171117,210005000,3632.0,10160,2193866,368811300.0,3633.0,59,3632.0,2
rb1805,20171120,20171117,210005500,3631.0,10534,2193992,382396620.0,3632.0,59,3631.0,241
rb1805,20171120,20171117,210006000,3631.0,10752,2194108,390312820.0,3632.0,119,3631.0,180
rb1805,20171120,20171117,210006500,3631.0,11930,2194580,433082620.0,3631.0,74,3629.0,92
rb1805,20171120,20171117,210007000,3629.0,12150,2194660,441069580.0,3630.0,2,3629.0,85
rb1805,20171120,20171117,210007500,3630.0,12824,2195148,465543440.0,3632.0,23,3630.0,71
rb1805,20171120,20171117,210008000,3630.0,12998,2195172,471860040.0,3631.0,1,3630.0,67
rb1805,20171120,20171117,210008500,3630.0,13066,2195192,474328740.0,3631.0,38,3630.0,25
rb1805,20171120,20171117,210009000,3631.0,13194,2195184,478975460.0,3631.0,13,3629.0,63
rb1805,20171120,20171117,210009500,3630.0,13228,2195202,480209920.0,3631.0,3,3630.0,7
rb1805,20171120,20171117,210010000,3629.0,13408,2195130,486744080.0,3630.0,50,3629.0,77
rb1805,20171120,20171117,210010500,3629.0,13558,2195136,492188960.0,3631.0,20,3629.0,107
rb1805,20171120,20171117,210011000,3631.0,13696,2195210,497199120.0,3632.0,134,3631.0,117
rb1805,20171120,20171117,210011500,3630.0,14020,2195472,508963720.0,3631.0,70,3630.0,44
rb1805,20171120,20171117,210012000,3631.0,14356,2195610,521162440.0,3631.0,7,3629.0,102
rb1805,20171120,20171117,210012500,3632.0,14508,2195724,526681600.0,3632.0,178,3631.0,54
rb1805,20171120,20171117,210013000,3631.0,14730,2195786,534742080.0,3631.0,19,3630.0,58
rb1805,20171120,20171117,210013500,3631.0,14972,2195720,543527580.0,3631.0,55,3630.0,1
rb1805,20171120,20171117,210014000,3631.0,15074,2195756,547230920.0,3631.0,19,3630.0,18
rb1805,20171120,20171117,210014500,3631.0,15282,2195830,554783560.0,3632.0,157,3631.0,20
rb1805,20171120,20171117,210015000,3630.0,15446,2195898,560737260.0,3630.0,423,3629.0,352
rb1805,20171120,20171117,210015500,3630.0,16076,2196454,583605900.0,3630.0,133,3629.0,321
rb1805,20171120,20171117,210016000,3630.0,16392,2196706,595076900.0,3631.0,67,3630.0,399
rb1805,20171120,20171117,210016500,3632.0,16492,2196678,598707900.0,3632.0,160,3631.0,31
rb1805,20171120,20171117,210017000,3631.0,16642,2196766,604154140.0,3631.0,55,3630.0,450
rb1805,20171120,20171117,210017500,3631.0,16662,2196772,604880260.0,3631.0,55,3630.0,603
rb1805,20171120,20171117,210018000,3631.0,16710,2196800,606623060.0,3631.0,43,3630.0,532
rb1805,20171120,20171117,210018500,3632.0,17306,2197124,628263020.0,3632.0,157,3631.0,10
rb1805,20171120,20171117,210019000,3631.0,17426,2197148,632620420.0,3631.0,3,3630.0,341
rb1805,20171120,20171117,210019500,3630.0,17494,2197150,635089400.0,3631.0,13,3630.0,330
rb1805,20171120,20171117,210020000,3631.0,17716,2197302,643149840.0,3632.0,190,3631.0,178
rb1805,20171120,20171117,210020500,3631.0,18174,2197434,659781540.0,3632.0,107,3631.0,83
rb1805,20171120,20171117,210021000,3632.0,18742,2197300,680407700.0,3633.0,423,3632.0,72
rb1805,20171120,20171117,210021500,3632.0,18952,2197272,688034620.0,3632.0,4,3631.0,65
rb1805,20171120,20171117,210022000,3632.0,19248,2197218,698782180.0,3631.0,3,3630.0,251
rb1805,20171120,20171117,210022500,3632.0,19394,2197200,704084620.0,3633.0,427,3632.0,10
rb1805,20171120,20171117,210023000,3633.0,19840,2197296,720285260.0,3633.0,273,3632.0,2
rb1805,20171120,20171117,210023500,3633.0,19988,2197278,725661400.0,3633.0,236,3632.0,1
rb1805,20171120,20171117,210024000,3633.0,20210,2197072,733726560.0,3633.0,131,3632.0,9
rb1805,20171120,20171117,210024500,3632.0,20246,2197070,735034120.0,3633.0,145,3632.0,16
rb1805,20171120,20171117,210025000,3633.0,20948,2197080,760529580.0,3633.0,151,3632.0,17
rb1805,20171120,20171117,210025500,3631.0,21134,2197074,767284960.0,3632.0,117,3631.0,201
rb1805,20171120,20171117,210026000,3632.0,21364,2197002,775638320.0,3632.0,47,3631.0,190
rb1805,20171120,20171117,210026500,3632.0,21628,2196984,785226760.0,3632.0,34,3631.0,191
rb1805,20171120,20171117,210027000,3632.0,21730,2197042,788931240.0,3632.0,1,3631.0,183
rb1805,20171120,20171117,210027500,3632.0,22054,2196828,800696280.0,3633.0,198,3632.0,28
rb1805,20171120,20171117,210028000,3632.0,22118,2196794,803021080.0,3633.0,182,3632.0,23
rb1805,20171120,20171117,210028500,3632.0,22258,2196796,808107080.0,3633.0,134,3632.0,18
rb1805,20171120,20171117,210029000,3632.0,22376,2196862,812392820.0,3632.0,53,3631.0,84
rb1805,20171120,20171117,210029500,3631.0,22502,2196852,816968580.0,3632.0,24,3631.0,63
rb1805,20171120,20171117,210030000,3633.0,22614,2196876,821036900.0,3632.0,6,3631.0,65
rb1805,20171120,20171117,210030500,3632.0,22754,2196820,826121540.0,3632.0,23,3631.0,109
rb1805,20171120,20171117,210031000,3632.0,22834,2196854,829027100.0,3633.0,130,3631.0,117
rb1805,20171120,20171117,210031500,3631.0,22888,2196832,830988280.0,3632.0,18,3631.0,113
rb1805,20171120,20171117,210032000,3633.0,22960,2196850,833603280.0,3633.0,189,3632.0,507
rb1805,20171120,20171117,210032500,3633.0,23040,2196780,836509020.0,3633.0,205,3632.0,488
rb1805,20171120,20171117,210033000,3633.0,23494,2196946,853002580.0,3634.0,311,3633.0,90
rb1805,20171120,20171117,210033500,3634.0,24088,2196954,874582920.0,3634.0,237,3633.0,110
rb1805,20171120,20171117,210034000,3634.0,24272,2196876,881269140.0,3634.0,165,3633.0,146
rb1805,20171120,20171117,210034500,3634.0,24438,2196860,887301180.0,3634.0,102,3633.0,150
rb1805,20171120,20171117,210035000,3634.0,24680,2196812,896095160.0,3635.0,494,3634.0,84
rb1805,20171120,20171117,210035500,3634.0,24846,2196756,902129080.0,3635.0,421,3634.0,141
rb1805,20171120,20171117,210036000,3634.0,25388,2196948,921830580.0,3635.0,159,3634.0,216
rb1805,20171120,20171117,210036500,3635.0,25796,2197018,936661240.0,3636.0,117,3635.0,57
rb1805,20171120,20171117,210037000,3636.0,26058,2196918,946187340.0,3637.0,231,3636.0,8
rb1805,20171120,20171117,210037500,3637.0,26232,2196842,952513940.0,3637.0,238,3635.0,125
rb1805,20171120,20171117,210038000,3637.0,26516,2196672,962840820.0,3637.0,198,3636.0,2
rb1805,20171120,20171117,210038500,3636.0,26564,2196654,964586060.0,3636.0,15,3635.0,125
rb1805,20171120,20171117,210039000,3636.0,27028,2196598,981457660.0,3637.0,177,3636.0,173
rb1805,20171120,20171117,210039500,3637.0,27204,2196522,987857420.0,3637.0,162,3636.0,115
rb1805,20171120,20171117,210040000,3637.0,27564,2196344,1000947920.0,3637.0,131,3636.0,9
rb1805,20171120,20171117,210040500,3636.0,28134,2196140,1021671000.0,3637.0,119,3636.0,112
rb1805,20171120,20171117,210041000,3637.0,28438,2195942,1032725020.0,3636.0,39,3634.0,158
rb1805,20171120,20171117,210041500,3637.0,28756,2195844,1044287980.0,3637.0,60,3636.0,38
rb1805,20171120,20171117,210042000,3637.0,28996,2195720,1053016720.0,3637.0,4,3636.0,55
rb1805,20171120,20171117,210042500,3637.0,29184,2195652,1059853680.0,3637.0,108,3636.0,48
rb1805,20171120,20171117,210043000,3636.0,29272,2195684,1063053900.0,3637.0,133,3636.0,28
rb1805,20171120,20171117,210043500,3636.0,29380,2195756,1066980460.0,3636.0,307,3635.0,94
rb1805,20171120,20171117,210044000,3636.0,29488,2195840,1070907120.0,3636.0,276,3635.0,60
rb1805,20171120,20171117,210044500,3636.0,29566,2195864,1073743120.0,3636.0,289,3635.0,64
rb1805,20171120,20171117,210045000,3636.0,29652,2195866,1076869700.0,3636.0,280,3635.0,48
rb1805,20171120,20171117,210045500,3635.0,29678,2195884,1077814980.0,3636.0,284,3635.0,52
rb1805,20171120,20171117,210046000,3635.0,29704,2195900,1078760220.0,3636.0,319,3635.0,46
rb1805,20171120,20171117,210046500,3634.0,29828,2195926,1083267920.0,3635.0,88,3634.0,148
rb1805,20171120,20171117,210047000,3635.0,30448,2195902,1105808700.0,3636.0,115,3634.0,145
rb1805,20171120,20171117,210047500,3636.0,30510,2195882,1108062640.0,3636.0,105,3634.0,153
rb1805,20171120,20171117,210048000,3634.0,30558,2195918,1109807520.0,3635.0,13,3634.0,124
rb1805,20171120,20171117,210048500,3635.0,30634,2195932,1112570240.0,3636.0,115,3635.0,24
rb1805,20171120,20171117,210049000,3636.0,31092,2196196,1129220860.0,3637.0,225,3636.0,18
rb1805,20171120,20171117,210049500,3634.0,31244,2196226,1134747460.0,3636.0,51,3634.0,134
rb1805,20171120,20171117,210050000,3634.0,31514,2196334,1144559420.0,3634.0,24,3633.0,189
rb1805,20171120,20171117,210050500,3634.0,31612,2196344,1148120900.0,3635.0,9,3634.0,87
rb1805,20171120,20171117,210051000,3635.0,31678,2196314,1150519660.0,3635.0,8,3634.0,71
rb1805,20171120,20171117,210051500,3635.0,31714,2196334,1151828160.0,3636.0,57,3635.0,20
rb1805,20171120,20171117,210052000,3635.0,31890,2196400,1158226860.0,3636.0,14,3635.0,10
rb1805,20171120,20171117,210052500,3635.0,32014,2196500,1162734240.0,3635.0,4,3634.0,103
rb1805,20171120,20171117,210053000,3635.0,32126,2196422,1166805460.0,3636.0,42,3634.0,105
rb1805,20171120,20171117,210053500,3635.0,32146,2196422,1167532540.0,3636.0,41,3635.0,42
rb1805,20171120,20171117,210054000,3635.0,32246,2196444,1171167580.0,3635.0,471,3634.0,131
rb1805,20171120,20171117,210054500,3635.0,32340,2196462,1174584380.0,3635.0,435,3634.0,152
rb1805,20171120,20171117,210055000,3635.0,32406,2196500,1176983220.0,3635.0,459,3634.0,146
rb1805,20171120,20171117,210055500,3635.0,32436,2196506,1178073700.0,3635.0,477,3634.0,139
rb1805,20171120,20171117,210056000,3634.0,32540,2196548,1181853400.0,3635.0,464,3634.0,118
rb1805,20171120,20171117,210056500,3635.0,32556,2196554,1182434980.0,3635.0,464,3634.0,116
rb1805,20171120,20171117,210057000,3634.0,32660,2196612,1186214960.0,3635.0,434,3634.0,147
rb1805,20171120,20171117,210057500,3635.0,32718,2196594,1188322820.0,3635.0,429,3634.0,178
rb1805,20171120,20171117,210058000,3635.0,32812,2196604,1191739560.0,3635.0,395,3634.0,185
rb1805,20171120,20171117,210058500,3634.0,32852,2196640,1193193320.0,3635.0,388,3634.0,187
rb1805,20171120,20171117,210059000,3635.0,32910,2196676,1195301240.0,3635.0,362,3634.0,179
rb1805,20171120,20171117,210059500,3635.0,33142,2196902,1203734160.0,3635.0,273,3634.0,170
rb1805,20171120,20171117,210100000,3634.0,33186,2196926,1205333340.0,3635.0,267,3634.0,164
rb1805,20171120,20171117,210100500,3635.0,33320,2196956,1210203800.0,3635.0,222,3634.0,144
rb1805,20171120,20171117,210101000,3634.0,33452,2196976,1215001180.0,3635.0,213,3634.0,174
rb1805,20171120,20171117,210101500,3635.0,33504,2196944,1216890960.0,3635.0,211,3634.0,203
rb1805,20171120,20171117,210102000,3634.0,33650,2196924,1222197320.0,3635.0,192,3634.0,534
rb1805,20171120,20171117,210102500,3635.0,34088,2196938,1238118620.0,3636.0,154,3635.0,88
rb1805,20171120,20171117,210103000,3635.0,34350,2196848,1247644320.0,3636.0,55,3635.0,92
rb1805,20171120,20171117,210103500,3635.0,34372,2196868,1248444040.0,3636.0,56,3635.0,219
rb1805,20171120,20171117,210104000,3635.0,34588,2196914,1256296220.0,3636.0,28,3635.0,243
rb1805,20171120,20171117,210104500,3635.0,34672,2196906,1259350180.0,3636.0,4,3635.0,240
rb1805,20171120,20171117,210105000,3636.0,34708,2196926,1260659140.0,3637.0,276,3636.0,50
rb1805,20171120,20171117,210105500,3637.0,34900,2196924,1267640780.0,3637.0,250,3636.0,44
rb1805,20171120,20171117,210106000,3636.0,35090,2196954,1274549360.0,3637.0,230,3636.0,3
rb1805,20171120,20171117,210106500,3636.0,35150,2196960,1276731020.0,3637.0,259,3636.0,1
rb1805,20171120,20171117,210107000,3636.0,35262,2197028,1280803280.0,3636.0,430,3635.0,242
rb1805,20171120,20171117,210107500,3636.0,35406,2197068,1286038460.0,3636.0,408,3635.0,210
rb1805,20171120,20171117,210108000,3636.0,35532,2197160,1290618940.0,3636.0,594,3635.0,144
rb1805,20171120,20171117,210108500,3635.0,35832,2197358,1301523940.0,3635.0,31,3634.0,465
rb1805,20171120,20171117,210109000,3635.0,35856,2197382,1302396320.0,3635.0,104,3634.0,464
rb1805,20171120,20171117,210109500,3635.0,35888,2197386,1303559520.0,3635.0,86,3634.0,510
rb1805,20171120,20171117,210110000,3635.0,35908,2197396,1304286500.0,3635.0,146,3634.0,507
rb1805,20171120,20171117,210110500,3635.0,35952,2197438,1305885660.0,3635.0,136,3634.0,496
rb1805,20171120,20171117,210111000,3635.0,35992,2197472,1307339600.0,3635.0,105,3634.0,495
rb1805,20171120,20171117,210111500,3635.0,36204,2197674,1315045780.0,3635.0,5,3634.0,497
rb1805,20171120,20171117,210112000,3636.0,36256,2197672,1316936380.0,3636.0,622,3635.0,70
rb1805,20171120,20171117,210112500,3636.0,36280,2197674,1317808800.0,3636.0,646,3635.0,66
rb1805,20171120,20171117,210113000,3635.0,36308,2197674,1318826760.0,3636.0,630,3635.0,125
rb1805,20171120,20171117,210113500,3635.0,36564,2197808,1328132360.0,3636.0,641,3635.0,158
rb1805,20171120,20171117,210114000,3635.0,37702,2197422,1369509820.0,3636.0,75,3635.0,170
rb1805,20171120,20171117,210114500,3636.0,37890,2197434,1376345780.0,3637.0,276,3636.0,291
rb1805,20171120,20171117,210115000,3636.0,38012,2197448,1380781760.0,3637.0,278,3636.0,174
rb1805,20171120,20171117,210115500,3636.0,38142,2197422,1385509360.0,3637.0,235,3636.0,15
rb1805,20171120,20171117,210116000,3635.0,38202,2197476,1387690900.0,3636.0,16,3635.0,278
rb1805,20171120,20171117,210116500,3636.0,38254,2197466,1389581600.0,3636.0,10,3635.0,301
rb1805,20171120,20171117,210117000,3636.0,38302,2197444,1391326920.0,3637.0,250,3636.0,50
rb1805,20171120,20171117,210117500,3637.0,38488,2197372,1398091140.0,3637.0,191,3636.0,280
rb1805,20171120,20171117,210118000,3637.0,38760,2197402,1407983060.0,3637.0,103,3636.0,252
rb1805,20171120,20171117,210118500,3636.0,38932,2197434,1414238660.0,3637.0,24,3636.0,252
rb1805,20171120,20171117,210119000,3637.0,39210,2197566,1424349720.0,3638.0,253,3637.0,119
rb1805,20171120,20171117,210119500,3637.0,39338,2197536,1429005100.0,3638.0,254,3637.0,110
rb1805,20171120,20171117,210120000,3637.0,39352,2197536,1429514300.0,3638.0,254,3637.0,115
rb1805,20171120,20171117,210120500,3637.0,39412,2197534,1431696580.0,3638.0,262,3637.0,143
rb1805,20171120,20171117,210121000,3637.0,39486,2197538,1434388580.0,3638.0,250,3637.0,125
rb1805,20171120,20171117,210121500,3637.0,39788,2197590,1445374840.0,3638.0,149,3637.0,137
rb1805,20171120,20171117,210122000,3637.0,40126,2197902,1457668000.0,3637.0,350,3636.0,261
rb1805,20171120,20171117,210122500,3637.0,40198,2197920,1460286640.0,3637.0,330,3636.0,264
rb1805,20171120,20171117,210123000,3637.0,40254,2197944,1462323340.0,3637.0,314,3636.0,246
rb1805,20171120,20171117,210123500,3636.0,40308,2197954,1464287100.0,3637.0,325,3636.0,94
rb1805,20171120,20171117,210124000,3637.0,40436,2198082,1468941720.0,3637.0,326,3636.0,63
rb1805,20171120,20171117,210124500,3636.0,40466,2198104,1470032760.0,3637.0,571,3636.0,43
rb1805,20171120,20171117,210125000,3636.0,40560,2198086,1473450660.0,3636.0,4,3635.0,234
rb1805,20171120,20171117,210125500,3636.0,40640,2198108,1476359160.0,3636.0,25,3635.0,216
rb1805,20171120,20171117,210126000,3636.0,40652,2198108,1476795480.0,3636.0,30,3635.0,218
rb1805,20171120,20171117,210126500,3635.0,40668,2198110,1477377220.0,3636.0,177,3635.0,248
rb1805,20171120,20171117,210127000,3636.0,40682,2198112,1477886200.0,3636.0,208,3635.0,244
rb1805,20171120,20171117,210127500,3636.0,40706,2198098,1478758820.0,3636.0,200,3635.0,246
rb1805,20171120,20171117,210128000,3635.0,40866,2198124,1484575020.0,3636.0,196,3635.0,178
rb1805,20171120,20171117,210128500,3636.0,40976,2198142,1488574460.0,3636.0,402,3635.0,173
rb1805,20171120,20171117,210129000,3635.0,41002,2198140,1489519680.0,3636.0,409,3635.0,198
rb1805,20171120,20171117,210129500,3636.0,41120,2198088,1493809320.0,3636.0,418,3635.0,158
rb1805,20171120,20171117,210130000,3636.0,41164,2198112,1495409060.0,3636.0,406,3635.0,154
rb1805,20171120,20171117,210130500,3636.0,41244,2198156,1498317120.0,3636.0,407,3635.0,136
rb1805,20171120,20171117,210131000,3636.0,41310,2198184,1500716380.0,3636.0,406,3635.0,121
rb1805,20171120,20171117,210131500,3636.0,41462,2198250,1506241680.0,3636.0,464,3635.0,55
rb1805,20171120,20171117,210132000,3635.0,41586,2198226,1510749080.0,3635.0,50,3634.0,610
rb1805,20171120,20171117,210132500,3635.0,42214,2198842,1533581840.0,3636.0,228,3635.0,6
rb1805,20171120,20171117,210133000,3635.0,42226,2198842,1534018060.0,3636.0,229,3635.0,34
rb1805,20171120,20171117,210133500,3636.0,42356,2198856,1538744760.0,3636.0,172,3635.0,61
rb1805,20171120,20171117,210134000,3635.0,42634,2198764,1548852120.0,3636.0,71,3635.0,97
rb1805,20171120,20171117,210134500,3635.0,42668,2198736,1550088060.0,3636.0,72,3635.0,102
rb1805,20171120,20171117,210135000,3636.0,42734,2198766,1552487740.0,3636.0,44,3635.0,111
rb1805,20171120,20171117,210135500,3636.0,42890,2198702,1558159880.0,3636.0,28,3635.0,124
rb1805,20171120,20171117,210136000,3636.0,42970,2198702,1561068520.0,3637.0,376,3636.0,36
rb1805,20171120,20171117,210136500,3636.0,43038,2198706,1563541000.0,3637.0,525,3636.0,52
rb1805,20171120,20171117,210137000,3636.0,43076,2198718,1564922820.0,3637.0,517,3636.0,40
rb1805,20171120,20171117,210137500,3637.0,43122,2198724,1566595420.0,3637.0,515,3636.0,23
rb1805,20171120,20171117,210138000,3636.0,43284,2198776,1572487000.0,3637.0,452,3636.0,17
rb1805,20171120,20171117,210138500,3636.0,43380,2198852,1575977720.0,3637.0,463,3636.0,13
rb1805,20171120,20171117,210139000,3636.0,43418,2198876,1577359500.0,3637.0,331,3636.0,10
rb1805,20171120,20171117,210139500,3636.0,43458,2198866,1578814080.0,3637.0,323,3636.0,24
rb1805,20171120,20171117,210140000,3637.0,43528,2198916,1581359880.0,3637.0,294,3636.0,35
rb1805,20171120,20171117,210140500,3637.0,43582,2198928,1583323780.0,3637.0,285,3636.0,95
rb1805,20171120,20171117,210141000,3636.0,43666,2198952,1586378640.0,3637.0,255,3636.0,75
rb1805,20171120,20171117,210141500,3636.0,43758,2198992,1589724640.0,3637.0,221,3636.0,97
rb1805,20171120,20171117,210142000,3636.0,43918,2199064,1595543800.0,3637.0,144,3636.0,244
rb1805,20171120,20171117,210142500,3637.0,44212,2199028,1606236600.0,3638.0,323,3637.0,94
rb1805,20171120,20171117,210143000,3637.0,44244,2199004,1607400600.0,3638.0,320,3637.0,34
rb1805,20171120,20171117,210143500,3637.0,44256,2198994,1607837040.0,3638.0,320,3637.0,48
rb1805,20171120,20171117,210144000,3637.0,44290,2199020,1609073620.0,3638.0,320,3637.0,28
rb1805,20171120,20171117,210144500,3637.0,44348,2199006,1611183540.0,3638.0,300,3637.0,42
rb1805,20171120,20171117,210145000,3636.0,44696,2198876,1623838700.0,3637.0,1,3636.0,1
rb1805,20171120,20171117,210145500,3637.0,44782,2198870,1626966020.0,3637.0,62,3635.0,171
rb1805,20171120,20171117,210146000,3637.0,44800,2198854,1627620680.0,3637.0,278,3636.0,44
rb1805,20171120,20171117,210146500,3637.0,44828,2198838,1628638900.0,3637.0,382,3636.0,31
rb1805,20171120,20171117,210147000,3637.0,44946,2198792,1632929560.0,3636.0,1,3635.0,184
rb1805,20171120,20171117,210147500,3636.0,44978,2198772,1634092860.0,3636.0,21,3635.0,172
rb1805,20171120,20171117,210148000,3636.0,45040,2198776,1636347180.0,3636.0,20,3635.0,167
rb1805,20171120,20171117,210148500,3636.0,45050,2198776,1636710780.0,3636.0,19,3635.0,168
rb1805,20171120,20171117,210149000,3636.0,45078,2198768,1637728840.0,3636.0,58,3635.0,197
rb1805,20171120,20171117,210149500,3636.0,45104,2198778,1638674200.0,3636.0,50,3635.0,199
rb1805,20171120,20171117,210150000,3636.0,45180,2198756,1641437440.0,3636.0,42,3635.0,193
rb1805,20171120,20171117,210150500,3636.0,45312,2198754,1646236720.0,3637.0,392,3636.0,8
rb1805,20171120,20171117,210151000,3636.0,45418,2198730,1650090880.0,3637.0,411,3636.0,319
rb1805,20171120,20171117,210151500,3636.0,45514,2198728,1653581920.0,3637.0,387,3636.0,308
rb1805,20171120,20171117,210152000,3636.0,45556,2198744,1655109140.0,3637.0,374,3636.0,294
rb1805,20171120,20171117,210152500,3636.0,45568,2198756,1655545460.0,3637.0,373,3636.0,295
rb1805,20171120,20171117,210153000,3636.0,45582,2198756,1656054580.0,3637.0,369,3636.0,293
rb1805,20171120,20171117,210153500,3636.0,45634,2198750,1657945740.0,3637.0,347,3636.0,290
rb1805,20171120,20171117,210154000,3636.0,45680,2198752,1659618700.0,3637.0,324,3636.0,292
rb1805,20171120,20171117,210154500,3636.0,45934,2198754,1668856160.0,3637.0,234,3636.0,270
rb1805,20171120,20171117,210155000,3636.0,45980,2198770,1670528880.0,3637.0,235,3636.0,255
rb1805,20171120,20171117,210155500,3637.0,46008,2198770,1671547240.0,3637.0,222,3636.0,257
rb1805,20171120,20171117,210156000,3636.0,46022,2198778,1672056300.0,3637.0,227,3636.0,252
rb1805,20171120,20171117,210156500,3636.0,46296,2198644,1682021480.0,3637.0,122,3636.0,247
rb1805,20171120,20171117,210157000,3636.0,46338,2198642,1683548880.0,3637.0,110,3636.0,240
rb1805,20171120,20171117,210157500,3637.0,46350,2198646,1683985280.0,3637.0,116,3636.0,244
rb1805,20171120,20171117,210158000,3637.0,46430,2198684,1686894740.0,3637.0,83,3636.0,209
rb1805,20171120,20171117,210158500,3637.0,46546,2198706,1691113540.0,3637.0,36,3636.0,248
rb1805,20171120,20171117,210159000,3637.0,46560,2198716,1691622720.0,3637.0,40,3636.0,251
rb1805,20171120,20171117,210159500,3637.0,46648,2198796,1694823300.0,3638.0,376,3637.0,34
rb1805,20171120,20171117,210200000,3637.0,46700,2198842,1696714560.0,3638.0,390,3637.0,10
rb1805,20171120,20171117,210200500,3637.0,46726,2198850,1697660260.0,3638.0,394,3637.0,3
rb1805,20171120,20171117,210201000,3637.0,46764,2198870,1699042200.0,3638.0,393,3637.0,29
rb1805,20171120,20171117,210201500,3637.0,46776,2198878,1699478640.0,3638.0,396,3637.0,26
rb1805,20171120,20171117,210202000,3637.0,46814,2198910,1700860740.0,3638.0,419,3637.0,17
rb1805,20171120,20171117,210202500,3637.0,46922,2198824,1704788700.0,3637.0,53,3636.0,273
rb1805,20171120,20171117,210203000,3637.0,46952,2198820,1705879700.0,3637.0,50,3636.0,275
rb1805,20171120,20171117,210203500,3637.0,47402,2198720,1722242960.0,3638.0,502,3637.0,200
rb1805,20171120,20171117,210204000,3638.0,47490,2198702,1725443780.0,3638.0,666,3637.0,228
rb1805,20171120,20171117,210204500,3637.0,47812,2198586,1737155460.0,3638.0,481,3637.0,126
rb1805,20171120,20171117,210205000,3637.0,47826,2198574,1737664680.0,3638.0,481,3637.0,122
rb1805,20171120,20171117,210205500,3637.0,47844,2198574,1738319460.0,3638.0,475,3637.0,119
rb1805,20171120,20171117,210206000,3637.0,47976,2198500,1743120420.0,3638.0,475,3637.0,203
rb1805,20171120,20171117,210206500,3637.0,48066,2198510,1746393880.0,3638.0,491,3637.0,187
rb1805,20171120,20171117,210207000,3637.0,48208,2198502,1751559680.0,3638.0,432,3637.0,179
rb1805,20171120,20171117,210207500,3638.0,48256,2198494,1753305780.0,3638.0,426,3637.0,176
rb1805,20171120,20171117,210208000,3637.0,48644,2198524,1767417360.0,3637.0,79,3636.0,130
rb1805,20171120,20171117,210208500,3636.0,48722,2198528,1770254200.0,3637.0,390,3636.0,132
rb1805,20171120,20171117,210209000,3636.0,49758,2197872,1807930040.0,3637.0,304,3636.0,23
rb1805,20171120,20171117,210209500,3636.0,49842,2197912,1810984280.0,3636.0,183,3635.0,302
rb1805,20171120,20171117,210210000,3636.0,49862,2197898,1811711480.0,3636.0,151,3635.0,281
rb1805,20171120,20171117,210210500,3636.0,49946,2197844,1814765660.0,3636.0,92,3635.0,278
rb1805,20171120,20171117,210211000,3636.0,50162,2197738,1822619220.0,3637.0,164,3636.0,10
rb1805,20171120,20171117,210211500,3635.0,50216,2197742,1824582700.0,3636.0,70,3635.0,285
rb1805,20171120,20171117,210212000,3635.0,50244,2197740,1825600640.0,3636.0,84,3635.0,278
rb1805,20171120,20171117,210212500,3635.0,50834,2198222,1847047480.0,3635.0,44,3634.0,562
rb1805,20171120,20171117,210213000,3635.0,50922,2198234,1850246240.0,3635.0,119,3634.0,560
rb1805,20171120,20171117,210213500,3635.0,51078,2198214,1855916480.0,3635.0,96,3634.0,534
rb1805,20171120,20171117,210214000,3634.0,51322,2198086,1864784220.0,3635.0,74,3634.0,501
rb1805,20171120,20171117,210214500,3634.0,51674,2198088,1877577320.0,3635.0,541,3634.0,449
rb1805,20171120,20171117,210215000,3634.0,52592,2198384,1910937840.0,3635.0,1114,3634.0,16
rb1805,20171120,20171117,210215500,3634.0,52676,2198406,1913990060.0,3634.0,456,3633.0,552
rb1805,20171120,20171117,210216000,3634.0,53038,2198686,1927141600.0,3634.0,465,3633.0,406
rb1805,20171120,20171117,210216500,3634.0,53088,2198696,1928958460.0,3634.0,483,3633.0,399
rb1805,20171120,20171117,210217000,3633.0,53180,2198676,1932301580.0,3634.0,290,3633.0,412
rb1805,20171120,20171117,210217500,3633.0,53514,2198464,1944438840.0,3634.0,85,3633.0,427
rb1805,20171120,20171117,210218000,3634.0,54050,2198554,1963916800.0,3635.0,68,3634.0,248
rb1805,20171120,20171117,210218500,3635.0,54266,2198572,1971767880.0,3636.0,138,3634.0,246
rb1805,20171120,20171117,210219000,3635.0,54310,2198556,1973367280.0,3636.0,120,3635.0,42
rb1805,20171120,20171117,210219500,3635.0,54320,2198550,1973730780.0,3636.0,115,3635.0,63
rb1805,20171120,20171117,210220000,3635.0,54422,2198508,1977438580.0,3635.0,107,3634.0,255
rb1805,20171120,20171117,210220500,3635.0,54524,2198550,1981146220.0,3635.0,66,3634.0,272
rb1805,20171120,20171117,210221000,3636.0,54684,2198610,1986962420.0,3636.0,92,3635.0,20
rb1805,20171120,20171117,210221500,3635.0,54708,2198634,1987834920.0,3636.0,35,3635.0,49
rb1805,20171120,20171117,210222000,3636.0,54734,2198656,1988780220.0,3636.0,65,3635.0,66
rb1805,20171120,20171117,210222500,3635.0,54872,2198632,1993796660.0,3636.0,61,3635.0,6
rb1805,20171120,20171117,210223000,3636.0,54948,2198624,1996559360.0,3636.0,67,3634.0,295
rb1805,20171120,20171117,210223500,3635.0,54958,2198622,1996922780.0,3636.0,72,3635.0,9
rb1805,20171120,20171117,210224000,3635.0,54958,2198622,1996922780.0,3636.0,166,3635.0,12
rb1805,20171120,20171117,210224500,3635.0,55040,2198612,1999903980.0,3635.0,19,3634.0,292
rb1805,20171120,20171117,210225000,3635.0,55084,2198574,2001503380.0,3635.0,9,3634.0,282
rb1805,20171120,20171117,210225500,3635.0,55102,2198572,2002157660.0,3635.0,19,3634.0,286
rb1805,20171120,20171117,210226000,3634.0,55168,2198570,2004556580.0,3635.0,17,3634.0,282
rb1805,20171120,20171117,210226500,3634.0,55232,2198560,2006882780.0,3635.0,26,3634.0,332
rb1805,20171120,20171117,210227000,3634.0,55260,2198572,2007900480.0,3635.0,42,3634.0,330
rb1805,20171120,20171117,210227500,3635.0,55280,2198574,2008627320.0,3635.0,42,3634.0,322
rb1805,20171120,20171117,210228000,3635.0,55366,2198548,2011753000.0,3635.0,53,3634.0,300
rb1805,20171120,20171117,210228500,3634.0,55390,2198548,2012625240.0,3635.0,83,3634.0,495
rb1805,20171120,20171117,210229000,3634.0,55510,2198512,2016986460.0,3635.0,86,3634.0,471
rb1805,20171120,20171117,210229500,3634.0,55526,2198516,2017568000.0,3635.0,81,3634.0,518
rb1805,20171120,20171117,210230000,3634.0,55528,2198516,2017640680.0,3635.0,82,3634.0,524
rb1805,20171120,20171117,210230500,3634.0,55958,2198646,2033266880.0,3635.0,91,3634.0,309
rb1805,20171120,20171117,210231000,3635.0,55964,2198648,2033484940.0,3635.0,137,3634.0,320
rb1805,20171120,20171117,210231500,3635.0,56026,2198648,2035738640.0,3635.0,110,3634.0,324
rb1805,20171120,20171117,210232000,3635.0,56054,2198670,2036756400.0,3635.0,82,3634.0,325
rb1805,20171120,20171117,210232500,3634.0,56062,2198676,2037047140.0,3635.0,112,3634.0,338
rb1805,20171120,20171117,210233000,3634.0,56178,2198678,2041262620.0,3635.0,145,3634.0,288
rb1805,20171120,20171117,210233500,3635.0,56206,2198698,2042280220.0,3635.0,144,3634.0,286
rb1805,20171120,20171117,210234000,3635.0,56232,2198724,2043225320.0,3635.0,141,3634.0,290
rb1805,20171120,20171117,210234500,3635.0,56234,2198724,2043298020.0,3635.0,191,3634.0,293
rb1805,20171120,20171117,210235000,3635.0,56246,2198730,2043734200.0,3635.0,192,3634.0,308
rb1805,20171120,20171117,210235500,3635.0,56646,2198668,2058274200.0,3636.0,199,3634.0,323
rb1805,20171120,20171117,210236000,3635.0,56862,2198736,2066127900.0,3636.0,106,3635.0,110
rb1805,20171120,20171117,210236500,3636.0,57100,2198760,2074781380.0,3637.0,339,3636.0,117
rb1805,20171120,20171117,210237000,3637.0,57150,2198714,2076599800.0,3637.0,335,3636.0,145
rb1805,20171120,20171117,210237500,3636.0,57658,2198782,2095071620.0,3636.0,112,3635.0,176
rb1805,20171120,20171117,210238000,3636.0,57820,2198792,2100961780.0,3636.0,40,3635.0,187
rb1805,20171120,20171117,210238500,3636.0,57908,2198782,2104161460.0,3637.0,297,3636.0,64
rb1805,20171120,20171117,210239000,3636.0,57958,2198786,2105979520.0,3637.0,251,3636.0,58
rb1805,20171120,20171117,210239500,3636.0,58132,2198658,2112307400.0,3637.0,184,3636.0,40
rb1805,20171120,20171117,210240000,3637.0,58150,2198656,2112961900.0,3637.0,195,3636.0,96
rb1805,20171120,20171117,210240500,3636.0,58218,2198614,2115434780.0,3637.0,225,3636.0,89
rb1805,20171120,20171117,210241000,3636.0,58280,2198606,2117689520.0,3637.0,205,3636.0,85
rb1805,20171120,20171117,210241500,3635.0,58610,2198514,2129688200.0,3637.0,188,3635.0,261
rb1805,20171120,20171117,210242000,3636.0,58680,2198482,2132233860.0,3637.0,164,3636.0,33
rb1805,20171120,20171117,210242500,3637.0,58788,2198486,2136160860.0,3637.0,163,3635.0,262
rb1805,20171120,20171117,210243000,3635.0,58818,2198486,2137251380.0,3636.0,13,3635.0,253
rb1805,20171120,20171117,210243500,3636.0,59162,2198312,2149762220.0,3637.0,31,3635.0,253
rb1805,20171120,20171117,210244000,3636.0,59216,2198354,2151725260.0,3637.0,30,3636.0,36
rb1805,20171120,20171117,210244500,3637.0,59232,2198340,2152307040.0,3637.0,65,3636.0,34
rb1805,20171120,20171117,210245000,3636.0,59238,2198338,2152525220.0,3637.0,68,3636.0,47
rb1805,20171120,20171117,210245500,3636.0,59292,2198296,2154488660.0,3637.0,90,3636.0,74
rb1805,20171120,20171117,210246000,3636.0,59302,2198302,2154852280.0,3637.0,91,3636.0,70
rb1805,20171120,20171117,210246500,3636.0,59308,2198302,2155070440.0,3637.0,130,3636.0,68
rb1805,20171120,20171117,210247000,3637.0,59356,2198296,2156816160.0,3637.0,110,3636.0,67
rb1805,20171120,20171117,210247500,3636.0,59528,2198220,2163071600.0,3637.0,41,3636.0,66
rb1805,20171120,20171117,210248000,3636.0,59580,2198182,2164962720.0,3637.0,27,3636.0,84
rb1805,20171120,20171117,210248500,3637.0,59664,2198222,2168017740.0,3638.0,542,3637.0,12
rb1805,20171120,20171117,210249000,3636.0,59762,2198168,2171581440.0,3637.0,432,3636.0,81
rb1805,20171120,20171117,210249500,3636.0,59786,2198166,2172454260.0,3637.0,426,3636.0,62
rb1805,20171120,20171117,210250000,3637.0,60180,2198178,2186782700.0,3637.0,296,3635.0,351
rb1805,20171120,20171117,210250500,3636.0,60212,2198178,2187946420.0,3636.0,22,3635.0,347
rb1805,20171120,20171117,210251000,3636.0,60276,2198170,2190273460.0,3637.0,303,3636.0,29
rb1805,20171120,20171117,210251500,3636.0,60290,2198158,2190782580.0,3637.0,318,3636.0,26
rb1805,20171120,20171117,210252000,3636.0,60294,2198156,2190928040.0,3637.0,319,3636.0,51
rb1805,20171120,20171117,210252500,3636.0,60306,2198148,2191364420.0,3637.0,317,3636.0,51
rb1805,20171120,20171117,210253000,3636.0,60312,2198144,2191582580.0,3637.0,318,3636.0,204
rb1805,20171120,20171117,210253500,3636.0,60318,2198142,2191800780.0,3637.0,323,3636.0,231
rb1805,20171120,20171117,210254000,3637.0,60352,2198140,2193037140.0,3637.0,323,3636.0,228
rb1805,20171120,20171117,210254500,3636.0,60372,2198140,2193764340.0,3637.0,324,3636.0,223
rb1805,20171120,20171117,210255000,3636.0,60460,2198182,2196964020.0,3637.0,338,3636.0,180
rb1805,20171120,20171117,210255500,3636.0,60468,2198182,2197254920.0,3637.0,337,3636.0,178
rb1805,20171120,20171117,210256000,3637.0,60574,2198182,2201110140.0,3637.0,288,3636.0,179
rb1805,20171120,20171117,210256500,3637.0,60628,2198130,2203073640.0,3637.0,287,3636.0,158
rb1805,20171120,20171117,210257000,3636.0,60776,2198126,2208454920.0,3637.0,297,3636.0,87
rb1805,20171120,20171117,210257500,3637.0,61300,2197688,2227510140.0,3637.0,170,3635.0,378
rb1805,20171120,20171117,210258000,3636.0,61328,2197712,2228528240.0,3637.0,171,3636.0,40
rb1805,20171120,20171117,210258500,3637.0,61398,2197728,2231073460.0,3637.0,183,3636.0,11
rb1805,20171120,20171117,210259000,3636.0,61424,2197728,2232018800.0,3636.0,119,3635.0,360
rb1805,20171120,20171117,210259500,3636.0,61446,2197718,2232818720.0,3636.0,177,3635.0,357
rb1805,20171120,20171117,210300000,3635.0,61452,2197722,2233036840.0,3636.0,203,3635.0,356
rb1805,20171120,20171117,210300500,3636.0,61496,2197716,2234636380.0,3636.0,196,3635.0,304
rb1805,20171120,20171117,210301000,3635.0,61566,2197692,2237181360.0,3636.0,180,3635.0,294
rb1805,20171120,20171117,210301500,3635.0,61630,2197650,2239508380.0,3636.0,150,3635.0,292
rb1805,20171120,20171117,210302000,3636.0,61770,2197660,2244597600.0,3636.0,121,3635.0,300
rb1805,20171120,20171117,210302500,3636.0,61948,2197540,2251069140.0,3636.0,50,3635.0,275
rb1805,20171120,20171117,210303000,3635.0,61950,2197538,2251141840.0,3636.0,82,3635.0,282
rb1805,20171120,20171117,210303500,3635.0,62006,2197536,2253177700.0,3636.0,70,3635.0,269
rb1805,20171120,20171117,210304000,3636.0,62110,2197608,2256959140.0,3636.0,19,3635.0,272
rb1805,20171120,20171117,210304500,3636.0,62150,2197602,2258413540.0,3637.0,398,3636.0,54
rb1805,20171120,20171117,210305000,3636.0,62216,2197600,2260813300.0,3637.0,392,3636.0,89
rb1805,20171120,20171117,210305500,3636.0,62268,2197596,2262704020.0,3637.0,394,3636.0,69
rb1805,20171120,20171117,210306000,3636.0,62282,2197594,2263213060.0,3637.0,394,3636.0,67
rb1805,20171120,20171117,210306500,3636.0,62330,2197592,2264958400.0,3637.0,394,3636.0,128
rb1805,20171120,20171117,210307000,3637.0,62378,2197564,2266703720.0,3637.0,405,3636.0,125
rb1805,20171120,20171117,210307500,3637.0,62440,2197524,2268958460.0,3637.0,325,3636.0,126
rb1805,20171120,20171117,210308000,3636.0,62494,2197480,2270922380.0,3637.0,302,3636.0,136
rb1805,20171120,20171117,210308500,3636.0,62820,2197542,2282776140.0,3637.0,283,3636.0,90
rb1805,20171120,20171117,210309000,3636.0,63046,2197464,2290993900.0,3636.0,62,3635.0,303
rb1805,20171120,20171117,210309500,3635.0,63206,2197472,2296811440.0,3636.0,1,3635.0,306
rb1805,20171120,20171117,210310000,3636.0,63308,2197462,2300520360.0,3637.0,308,3636.0,138
rb1805,20171120,20171117,210310500,3636.0,63342,2197494,2301756620.0,3637.0,321,3636.0,132
rb1805,20171120,20171117,210311000,3637.0,63348,2197494,2301974840.0,3637.0,319,3636.0,132
rb1805,20171120,20171117,210311500,3636.0,63390,2197494,2303501960.0,3637.0,317,3636.0,122
rb1805,20171120,20171117,210312000,3637.0,63398,2197490,2303792880.0,3637.0,330,3636.0,127
rb1805,20171120,20171117,210312500,3636.0,63452,2197506,2305756340.0,3637.0,330,3636.0,119
rb1805,20171120,20171117,210313000,3636.0,63456,2197506,2305901800.0,3637.0,340,3636.0,120
rb1805,20171120,20171117,210313500,3636.0,63512,2197478,2307938380.0,3637.0,310,3636.0,120
rb1805,20171120,20171117,210314000,3637.0,63654,2197404,2313102400.0,3637.0,273,3636.0,94
rb1805,20171120,20171117,210314500,3637.0,63694,2197388,2314557200.0,3637.0,268,3636.0,86
rb1805,20171120,20171117,210315000,3637.0,63810,2197312,2318775960.0,3637.0,224,3636.0,91
rb1805,20171120,20171117,210315500,3637.0,63890,2197300,2321685180.0,3637.0,203,3636.0,84
rb1805,20171120,20171117,210316000,3637.0,64110,2197304,2329685720.0,3637.0,141,3636.0,51
rb1805,20171120,20171117,210316500,3636.0,64156,2197270,2331358680.0,3637.0,126,3636.0,67
rb1805,20171120,20171117,210317000,3637.0,64206,2197250,2333177120.0,3637.0,104,3636.0,57
rb1805,20171120,20171117,210317500,3637.0,64240,2197244,2334413460.0,3637.0,102,3636.0,56
rb1805,20171120,20171117,210318000,3637.0,64264,2197240,2335286320.0,3637.0,92,3636.0,60
rb1805,20171120,20171117,210318500,3637.0,64264,2197240,2335286320.0,3637.0,99,3636.0,45
rb1805,20171120,20171117,210319000,3637.0,64292,2197242,2336304680.0,3637.0,87,3636.0,45
rb1805,20171120,20171117,210319500,3637.0,64528,2197342,2344887700.0,3638.0,721,3637.0,2
rb1805,20171120,20171117,210320000,3637.0,64568,2197352,2346342460.0,3637.0,17,3636.0,32
rb1805,20171120,20171117,210320500,3636.0,64624,2197350,2348378860.0,3637.0,162,3636.0,35
rb1805,20171120,20171117,210321000,3637.0,64682,2197358,2350488300.0,3637.0,183,3636.0,44
rb1805,20171120,20171117,210321500,3636.0,64760,2197378,2353324780.0,3637.0,164,3636.0,32
rb1805,20171120,20171117,210322000,3636.0,64760,2197378,2353324780.0,3637.0,184,3636.0,38
rb1805,20171120,20171117,210322500,3636.0,64842,2197318,2356306300.0,3636.0,40,3635.0,314
rb1805,20171120,20171117,210323000,3636.0,64902,2197316,2358487900.0,3636.0,28,3635.0,315
rb1805,20171120,20171117,210323500,3637.0,65024,2197388,2362924240.0,3637.0,170,3635.0,314
rb1805,20171120,20171117,210324000,3635.0,65114,2197434,2366196980.0,3636.0,1,3635.0,311
rb1805,20171120,20171117,210324500,3636.0,65162,2197434,2367942680.0,3637.0,192,3636.0,2
rb1805,20171120,20171117,210325000,3637.0,65214,2197430,2369833740.0,3637.0,189,3636.0,9
rb1805,20171120,20171117,210325500,3637.0,65280,2197436,2372233940.0,3637.0,168,3636.0,1
rb1805,20171120,20171117,210326000,3636.0,65334,2197434,2374197780.0,3636.0,7,3635.0,312
rb1805,20171120,20171117,210326500,3637.0,65380,2197418,2375870560.0,3637.0,139,3636.0,189
rb1805,20171120,20171117,210327000,3636.0,65422,2197424,2377397880.0,3637.0,131,3636.0,176
rb1805,20171120,20171117,210327500,3637.0,65492,2197448,2379943560.0,3637.0,99,3636.0,176
rb1805,20171120,20171117,210328000,3637.0,65558,2197408,2382343980.0,3637.0,67,3636.0,207
rb1805,20171120,20171117,210328500,3637.0,65728,2197276,2388526880.0,3638.0,758,3637.0,25
rb1805,20171120,20171117,210329000,3637.0,65786,2197230,2390636740.0,3638.0,738,3637.0,143
rb1805,20171120,20171117,210329500,3637.0,65810,2197224,2391509800.0,3638.0,729,3637.0,143
rb1805,20171120,20171117,210330000,3638.0,66022,2197164,2399221880.0,3638.0,647,3637.0,148
rb1805,20171120,20171117,210330500,3637.0,66038,2197160,2399803860.0,3638.0,651,3637.0,143
rb1805,20171120,20171117,210331000,3638.0,66054,2197154,2400385840.0,3638.0,648,3637.0,139
rb1805,20171120,20171117,210331500,3637.0,66074,2197134,2401113240.0,3638.0,648,3637.0,139
rb1805,20171120,20171117,210332000,3637.0,66304,2197326,2409478500.0,3638.0,650,3637.0,36
rb1805,20171120,20171117,210332500,3637.0,66352,2197354,2411224340.0,3638.0,646,3637.0,61
rb1805,20171120,20171117,210333000,3638.0,66378,2197354,2412170160.0,3638.0,636,3637.0,70
rb1805,20171120,20171117,210333500,3637.0,66470,2197314,2415517000.0,3638.0,580,3637.0,71
rb1805,20171120,20171117,210334000,3637.0,66530,2197318,2417699360.0,3638.0,574,3637.0,55
rb1805,20171120,20171117,210334500,3638.0,66562,2197310,2418863340.0,3638.0,673,3637.0,98
rb1805,20171120,20171117,210335000,3638.0,66576,2197316,2419372580.0,3638.0,677,3637.0,94
rb1805,20171120,20171117,210335500,3637.0,66612,2197294,2420682120.0,3638.0,667,3637.0,114
rb1805,20171120,20171117,210336000,3638.0,66626,2197290,2421191420.0,3638.0,673,3637.0,113
rb1805,20171120,20171117,210336500,3638.0,66688,2197240,2423446860.0,3638.0,650,3637.0,119
rb1805,20171120,20171117,210337000,3637.0,66764,2197200,2426211620.0,3638.0,617,3637.0,117
rb1805,20171120,20171117,210337500,3637.0,66878,2197152,2430358920.0,3638.0,562,3637.0,123
rb1805,20171120,20171117,210338000,3638.0,66910,2197164,2431522840.0,3638.0,558,3637.0,141
rb1805,20171120,20171117,210338500,3638.0,66996,2197164,2434651440.0,3638.0,539,3637.0,144
rb1805,20171120,20171117,210339000,3637.0,67236,2197180,2443382240.0,3638.0,439,3637.0,121
rb1805,20171120,20171117,210339500,3638.0,67250,2197178,2443891540.0,3638.0,434,3637.0,123
rb1805,20171120,20171117,210340000,3638.0,67256,2197178,2444109800.0,3638.0,431,3637.0,122
rb1805,20171120,20171117,210340500,3638.0,67384,2197186,2448765400.0,3638.0,424,3637.0,70
rb1805,20171120,20171117,210341000,3638.0,67394,2197186,2449129200.0,3638.0,422,3637.0,74
rb1805,20171120,20171117,210341500,3638.0,67430,2197192,2450438740.0,3638.0,473,3637.0,71
rb1805,20171120,20171117,210342000,3638.0,67548,2197290,2454731540.0,3638.0,423,3637.0,75
rb1805,20171120,20171117,210342500,3637.0,67576,2197288,2455749900.0,3638.0,440,3637.0,68
rb1805,20171120,20171117,210343000,3637.0,67598,2197296,2456550120.0,3638.0,438,3637.0,72
rb1805,20171120,20171117,210343500,3638.0,67818,2197186,2464553560.0,3638.0,340,3637.0,69
rb1805,20171120,20171117,210344000,3637.0,67864,2197204,2466226720.0,3638.0,333,3637.0,75
rb1805,20171120,20171117,210344500,3638.0,67872,2197206,2466517700.0,3638.0,338,3637.0,77
rb1805,20171120,20171117,210345000,3638.0,67878,2197206,2466735980.0,3638.0,340,3637.0,77
rb1805,20171120,20171117,210345500,3638.0,67976,2197176,2470301140.0,3638.0,302,3637.0,55
rb1805,20171120,20171117,210346000,3638.0,67992,2197184,2470883120.0,3638.0,317,3637.0,160
rb1805,20171120,20171117,210346500,3638.0,68000,2197186,2471174120.0,3638.0,317,3637.0,160
rb1805,20171120,20171117,210347000,3638.0,68118,2197202,2475466860.0,3638.0,263,3637.0,177
rb1805,20171120,20171117,210347500,3638.0,68150,2197184,2476630960.0,3638.0,262,3637.0,181
rb1805,20171120,20171117,210348000,3638.0,68188,2197170,2478013380.0,3638.0,244,3637.0,282
rb1805,20171120,20171117,210348500,3638.0,68220,2197174,2479177320.0,3638.0,264,3637.0,272
rb1805,20171120,20171117,210349000,3637.0,68234,2197172,2479686620.0,3638.0,270,3637.0,278
rb1805,20171120,20171117,210349500,3638.0,68312,2197180,2482524080.0,3638.0,242,3637.0,287
rb1805,20171120,20171117,210350000,3637.0,68584,2197210,2492416760.0,3638.0,245,3637.0,161
rb1805,20171120,20171117,210350500,3638.0,68648,2197250,2494744880.0,3638.0,305,3637.0,145
rb1805,20171120,20171117,210351000,3637.0,68668,2197258,2495472380.0,3638.0,310,3637.0,151
rb1805,20171120,20171117,210351500,3638.0,68724,2197288,2497509520.0,3638.0,288,3637.0,147
rb1805,20171120,20171117,210352000,3638.0,68792,2197312,2499983360.0,3638.0,262,3637.0,153
rb1805,20171120,20171117,210352500,3638.0,68908,2197266,2504203420.0,3638.0,210,3637.0,155
rb1805,20171120,20171117,210353000,3638.0,68930,2197288,2505003780.0,3638.0,205,3637.0,157
rb1805,20171120,20171117,210353500,3637.0,68938,2197290,2505294780.0,3638.0,203,3637.0,167
rb1805,20171120,20171117,210354000,3638.0,68954,2197292,2505876840.0,3638.0,222,3637.0,169
rb1805,20171120,20171117,210354500,3638.0,68978,2197290,2506749960.0,3638.0,211,3637.0,223
rb1805,20171120,20171117,210355000,3638.0,69002,2197294,2507623080.0,3638.0,210,3637.0,226
rb1805,20171120,20171117,210355500,3638.0,69106,2197244,2511406580.0,3638.0,162,3637.0,235
rb1805,20171120,20171117,210356000,3637.0,69114,2197248,2511697560.0,3638.0,163,3637.0,234
rb1805,20171120,20171117,210356500,3638.0,69310,2197250,2518827980.0,3638.0,70,3637.0,235
rb1805,20171120,20171117,210357000,3638.0,69444,2197238,2523701880.0,3638.0,65,3637.0,180
rb1805,20171120,20171117,210357500,3638.0,69480,2197226,2525011540.0,3638.0,64,3637.0,190
rb1805,20171120,20171117,210358000,3638.0,69582,2197218,2528722300.0,3638.0,191,3637.0,211
rb1805,20171120,20171117,210358500,3638.0,69608,2197218,2529668180.0,3638.0,196,3637.0,219
rb1805,20171120,20171117,210359000,3638.0,69824,2197204,2537524460.0,3638.0,195,3637.0,132
rb1805,20171120,20171117,210359500,3638.0,70084,2197206,2546981120.0,3638.0,175,3637.0,27
rb1805,20171120,20171117,210400000,3636.0,70360,2197266,2557021300.0,3637.0,18,3636.0,408
rb1805,20171120,20171117,210400500,3636.0,70378,2197256,2557675900.0,3637.0,14,3636.0,605
rb1805,20171120,20171117,210401000,3637.0,70440,2197216,2559931000.0,3638.0,90,3637.0,292
rb1805,20171120,20171117,210401500,3638.0,70534,2197164,2563350600.0,3638.0,52,3637.0,235
rb1805,20171120,20171117,210402000,3637.0,70764,2197022,2571716820.0,3638.0,6,3637.0,263
rb1805,20171120,20171117,210402500,3638.0,70820,2197050,2573754500.0,3639.0,723,3637.0,265
rb1805,20171120,20171117,210403000,3637.0,70830,2197048,2574118280.0,3639.0,761,3637.0,414
rb1805,20171120,20171117,210403500,3637.0,70866,2197024,2575427800.0,3638.0,11,3637.0,407
rb1805,20171120,20171117,210404000,3638.0,70972,2197070,2579283940.0,3638.0,25,3637.0,402
rb1805,20171120,20171117,210404500,3637.0,71028,2197054,2581320760.0,3638.0,33,3637.0,382
rb1805,20171120,20171117,210405000,3638.0,71056,2197042,2582339220.0,3638.0,45,3637.0,312
rb1805,20171120,20171117,210405500,3637.0,71106,2197010,2584158120.0,3638.0,195,3637.0,271
rb1805,20171120,20171117,210406000,3638.0,71120,2197018,2584667400.0,3638.0,214,3637.0,258
rb1805,20171120,20171117,210406500,3637.0,71126,2197024,2584885660.0,3638.0,215,3637.0,267
rb1805,20171120,20171117,210407000,3638.0,71158,2196996,2586049820.0,3638.0,204,3637.0,269
rb1805,20171120,20171117,210407500,3637.0,71248,2196972,2589323780.0,3638.0,172,3637.0,257
rb1805,20171120,20171117,210408000,3638.0,71332,2196932,2592379680.0,3638.0,134,3637.0,262
rb1805,20171120,20171117,210408500,3637.0,71350,2196928,2593034460.0,3638.0,131,3637.0,260
rb1805,20171120,20171117,210409000,3638.0,71396,2196922,2594707780.0,3638.0,124,3637.0,253
rb1805,20171120,20171117,210409500,3638.0,71412,2196916,2595289760.0,3638.0,129,3637.0,247
rb1805,20171120,20171117,210410000,3637.0,71478,2196912,2597690820.0,3638.0,154,3637.0,257
rb1805,20171120,20171117,210410500,3638.0,71488,2196904,2598054600.0,3638.0,167,3637.0,261
rb1805,20171120,20171117,210411000,3637.0,71514,2196892,2599000420.0,3638.0,166,3637.0,261
rb1805,20171120,20171117,210411500,3637.0,71798,2196986,2609331740.0,3638.0,95,3637.0,231
rb1805,20171120,20171117,210412000,3637.0,71808,2196984,2609695500.0,3638.0,100,3637.0,301
rb1805,20171120,20171117,210412500,3637.0,71844,2196962,2611005080.0,3638.0,88,3637.0,301
rb1805,20171120,20171117,210413000,3638.0,71852,2196954,2611296060.0,3638.0,116,3637.0,299
rb1805,20171120,20171117,210413500,3638.0,71960,2196894,2615225100.0,3638.0,68,3637.0,304
rb1805,20171120,20171117,210414000,3637.0,71992,2196880,2616389200.0,3638.0,61,3637.0,301
rb1805,20171120,20171117,210414500,3637.0,72036,2196878,2617989480.0,3638.0,72,3637.0,339
rb1805,20171120,20171117,210415000,3638.0,72078,2196892,2619517340.0,3638.0,70,3637.0,348
rb1805,20171120,20171117,210415500,3638.0,72118,2196908,2620972460.0,3638.0,67,3637.0,348
rb1805,20171120,20171117,210416000,3638.0,72188,2196930,2623519040.0,3638.0,34,3637.0,447
rb1805,20171120,20171117,210416500,3638.0,72310,2196902,2627957580.0,3639.0,773,3638.0,31
rb1805,20171120,20171117,210417000,3638.0,72410,2196908,2631596080.0,3639.0,750,3638.0,283
rb1805,20171120,20171117,210417500,3638.0,72488,2196890,2634434000.0,3639.0,739,3638.0,293
rb1805,20171120,20171117,210418000,3638.0,72512,2196884,2635307120.0,3639.0,740,3638.0,308
rb1805,20171120,20171117,210418500,3639.0,72526,2196882,2635816580.0,3639.0,742,3638.0,314
rb1805,20171120,20171117,210419000,3639.0,72674,2196762,2641201900.0,3639.0,693,3638.0,313
rb1805,20171120,20171117,210419500,3638.0,73078,2196446,2655903280.0,3639.0,502,3638.0,314
rb1805,20171120,20171117,210420000,3639.0,73698,2196520,2678465080.0,3639.0,197,3638.0,334
rb1805,20171120,20171117,210420500,3639.0,74124,2196526,2693967280.0,3640.0,1087,3639.0,107
rb1805,20171120,20171117,210421000,3639.0,74210,2196558,2697097540.0,3640.0,1058,3639.0,246
rb1805,20171120,20171117,210421500,3640.0,74366,2196588,2702775460.0,3640.0,1004,3639.0,345
rb1805,20171120,20171117,210422000,3639.0,75542,2196074,2745579140.0,3640.0,553,3639.0,230
rb1805,20171120,20171117,210422500,3640.0,76002,2195856,2762322960.0,3640.0,331,3639.0,239
rb1805,20171120,20171117,210423000,3640.0,76694,2195480,2787511660.0,3641.0,849,3640.0,95
rb1805,20171120,20171117,210423500,3641.0,76832,2195388,2792535860.0,3641.0,801,3640.0,633
rb1805,20171120,20171117,210424000,3641.0,77234,2195182,2807171680.0,3641.0,673,3640.0,622
rb1805,20171120,20171117,210424500,3641.0,77326,2195188,2810521300.0,3641.0,633,3640.0,598
rb1805,20171120,20171117,210425000,3641.0,77546,2195324,2818531180.0,3641.0,560,3640.0,585
rb1805,20171120,20171117,210425500,3641.0,77584,2195362,2819914760.0,3641.0,549,3640.0,582
rb1805,20171120,20171117,210426000,3641.0,77646,2195374,2822171680.0,3641.0,557,3640.0,570
rb1805,20171120,20171117,210426500,3641.0,78136,2195734,2840011940.0,3641.0,351,3640.0,530
rb1805,20171120,20171117,210427000,3641.0,78318,2195640,2846638020.0,3641.0,314,3640.0,512
rb1805,20171120,20171117,210427500,3641.0,78646,2195766,2858578360.0,3641.0,284,3640.0,412
rb1805,20171120,20171117,210428000,3640.0,78904,2195820,2867970760.0,3641.0,283,3640.0,346
rb1805,20171120,20171117,210428500,3640.0,79260,2195790,2880931240.0,3641.0,224,3640.0,285
rb1805,20171120,20171117,210429000,3641.0,79390,2195788,2885664380.0,3641.0,177,3640.0,300
rb1805,20171120,20171117,210429500,3641.0,79410,2195782,2886392580.0,3641.0,230,3640.0,305
rb1805,20171120,20171117,210430000,3640.0,79542,2195776,2891198540.0,3641.0,173,3640.0,309
rb1805,20171120,20171117,210430500,3641.0,79592,2195792,2893018860.0,3641.0,168,3640.0,302
rb1805,20171120,20171117,210431000,3640.0,79688,2195864,2896513760.0,3641.0,171,3640.0,280
rb1805,20171120,20171117,210431500,3641.0,79950,2195818,2906052980.0,3641.0,51,3640.0,269
rb1805,20171120,20171117,210432000,3641.0,80052,2195868,2909766640.0,3641.0,24,3640.0,261
rb1805,20171120,20171117,210432500,3641.0,80090,2195888,2911150060.0,3641.0,49,3640.0,253
rb1805,20171120,20171117,210433000,3641.0,80104,2195898,2911659740.0,3641.0,53,3640.0,255
rb1805,20171120,20171117,210433500,3640.0,80170,2195926,2914062740.0,3641.0,176,3640.0,251
rb1805,20171120,20171117,210434000,3641.0,80832,2196124,2938159920.0,3641.0,413,3639.0,138
rb1805,20171120,20171117,210434500,3639.0,81138,2196250,2949295260.0,3639.0,7,3638.0,206
rb1805,20171120,20171117,210435000,3640.0,81264,2196354,2953881480.0,3640.0,167,3639.0,36
rb1805,20171120,20171117,210435500,3640.0,81286,2196372,2954682180.0,3640.0,181,3639.0,50
rb1805,20171120,20171117,210436000,3640.0,81292,2196372,2954900580.0,3640.0,298,3639.0,62
rb1805,20171120,20171117,210436500,3639.0,81398,2196336,2958758840.0,3640.0,254,3639.0,66
rb1805,20171120,20171117,210437000,3640.0,81584,2196444,2965528380.0,3640.0,205,3639.0,28
rb1805,20171120,20171117,210437500,3639.0,81882,2196264,2976372060.0,3639.0,40,3638.0,225
rb1805,20171120,20171117,210438000,3639.0,81908,2196256,2977318200.0,3639.0,54,3638.0,235
rb1805,20171120,20171117,210438500,3639.0,81980,2196258,2979938080.0,3639.0,32,3638.0,211
rb1805,20171120,20171117,210439000,3638.0,81998,2196252,2980593060.0,3639.0,17,3638.0,210
rb1805,20171120,20171117,210439500,3639.0,82044,2196286,2982267000.0,3640.0,240,3639.0,483
rb1805,20171120,20171117,210440000,3639.0,82096,2196298,2984159720.0,3640.0,219,3639.0,485
rb1805,20171120,20171117,210440500,3639.0,82112,2196292,2984742080.0,3640.0,64,3639.0,851
rb1805,20171120,20171117,210441000,3640.0,82302,2196272,2991658140.0,3641.0,320,3640.0,128
rb1805,20171120,20171117,210441500,3640.0,82918,2196084,3014077440.0,3641.0,318,3640.0,3
rb1805,20171120,20171117,210442000,3641.0,82998,2196062,3016989540.0,3641.0,325,3639.0,709
rb1805,20171120,20171117,210442500,3640.0,83036,2196064,3018372880.0,3641.0,320,3640.0,1
rb1805,20171120,20171117,210443000,3640.0,83096,2196110,3020557160.0,3641.0,309,3640.0,6
rb1805,20171120,20171117,210443500,3640.0,83118,2196122,3021358060.0,3641.0,320,3640.0,43
rb1805,20171120,20171117,210444000,3640.0,83578,2195888,3038106420.0,3641.0,116,3640.0,33
rb1805,20171120,20171117,210444500,3640.0,83726,2195820,3043494860.0,3641.0,100,3640.0,45
rb1805,20171120,20171117,210445000,3641.0,83802,2195850,3046261540.0,3641.0,95,3640.0,108
rb1805,20171120,20171117,210445500,3641.0,83890,2195868,3049465120.0,3641.0,86,3640.0,140
rb1805,20171120,20171117,210446000,3640.0,83906,2195880,3050047640.0,3641.0,86,3640.0,149
rb1805,20171120,20171117,210446500,3640.0,83994,2195888,3053250980.0,3641.0,155,3640.0,102
rb1805,20171120,20171117,210447000,3641.0,84042,2195892,3054998220.0,3641.0,177,3640.0,80
rb1805,20171120,20171117,210447500,3640.0,84064,2195888,3055799140.0,3641.0,271,3640.0,86
rb1805,20171120,20171117,210448000,3641.0,84372,2195654,3067013300.0,3641.0,191,3640.0,86
rb1805,20171120,20171117,210448500,3641.0,84694,2195800,3078736820.0,3641.0,79,3640.0,64
rb1805,20171120,20171117,210449000,3641.0,84930,2195832,3087327300.0,3640.0,2,3639.0,813
rb1805,20171120,20171117,210449500,3641.0,85416,2195920,3105021900.0,3642.0,1980,3640.0,3
rb1805,20171120,20171117,210450000,3640.0,85516,2195896,3108661940.0,3641.0,163,3640.0,42
rb1805,20171120,20171117,210450500,3640.0,85540,2195886,3109535660.0,3641.0,183,3640.0,39
rb1805,20171120,20171117,210451000,3641.0,85562,2195880,3110336600.0,3641.0,219,3640.0,36
rb1805,20171120,20171117,210451500,3641.0,85706,2195864,3115578820.0,3641.0,201,3640.0,6
rb1805,20171120,20171117,210452000,3640.0,85738,2195880,3116743640.0,3640.0,88,3639.0,804
rb1805,20171120,20171117,210452500,3640.0,85970,2196094,3125188540.0,3641.0,209,3640.0,95
rb1805,20171120,20171117,210453000,3641.0,86042,2196140,3127809920.0,3641.0,172,3640.0,91
rb1805,20171120,20171117,210453500,3641.0,86072,2196164,3128902040.0,3641.0,171,3640.0,84
rb1805,20171120,20171117,210454000,3640.0,86154,2196212,3131886960.0,3641.0,175,3640.0,54
rb1805,20171120,20171117,210454500,3640.0,86178,2196224,3132760560.0,3641.0,186,3640.0,64
rb1805,20171120,20171117,210455000,3640.0,86356,2196174,3139240000.0,3641.0,182,3640.0,15
rb1805,20171120,20171117,210455500,3641.0,86404,2196188,3140987320.0,3641.0,219,3640.0,9
rb1805,20171120,20171117,210456000,3641.0,86586,2196118,3147613620.0,3641.0,161,3639.0,812
rb1805,20171120,20171117,210456500,3641.0,86682,2196050,3151108680.0,3641.0,137,3640.0,19
rb1805,20171120,20171117,210457000,3641.0,86946,2196150,3160720700.0,3641.0,31,3640.0,13
rb1805,20171120,20171117,210457500,3640.0,86974,2196164,3161740040.0,3641.0,77,3640.0,37
rb1805,20171120,20171117,210458000,3641.0,87044,2196162,3164288480.0,3641.0,64,3640.0,57
rb1805,20171120,20171117,210458500,3640.0,87070,2196148,3165234960.0,3641.0,79,3640.0,99
rb1805,20171120,20171117,210459000,3641.0,87108,2196146,3166618420.0,3641.0,76,3640.0,93
rb1805,20171120,20171117,210459500,3641.0,87132,2196152,3167492160.0,3641.0,121,3640.0,90
rb1805,20171120,20171117,210500000,3640.0,87152,2196144,3168220220.0,3641.0,199,3640.0,86
rb1805,20171120,20171117,210500500,3640.0,87466,2195980,3179651780.0,3641.0,129,3640.0,134
rb1805,20171120,20171117,210501000,3640.0,87630,2195954,3185622600.0,3641.0,76,3640.0,126
rb1805,20171120,20171117,210501500,3640.0,87708,2195972,3188462300.0,3641.0,62,3640.0,112
rb1805,20171120,20171117,210502000,3640.0,87832,2196018,3192976960.0,3641.0,29,3640.0,171
rb1805,20171120,20171117,210502500,3640.0,87920,2195970,3196180980.0,3641.0,75,3640.0,274
rb1805,20171120,20171117,210503000,3641.0,87948,2195976,3197200400.0,3641.0,66,3640.0,278
rb1805,20171120,20171117,210503500,3641.0,88030,2195906,3200185320.0,3641.0,290,3640.0,257
rb1805,20171120,20171117,210504000,3640.0,88272,2195898,3208996480.0,3641.0,179,3640.0,261
rb1805,20171120,20171117,210504500,3640.0,88412,2195894,3214092740.0,3641.0,177,3640.0,210
rb1805,20171120,20171117,210505000,3640.0,88472,2195896,3216276780.0,3641.0,187,3640.0,183
rb1805,20171120,20171117,210505500,3640.0,88498,2195870,3217223360.0,3641.0,202,3640.0,186
rb1805,20171120,20171117,210506000,3641.0,88576,2195852,3220063260.0,3641.0,183,3640.0,183
rb1805,20171120,20171117,210506500,3640.0,88602,2195850,3221009800.0,3641.0,182,3640.0,230
rb1805,20171120,20171117,210507000,3640.0,88676,2195806,3223703500.0,3641.0,196,3640.0,202
rb1805,20171120,20171117,210507500,3641.0,88722,2195812,3225378180.0,3641.0,178,3640.0,221
rb1805,20171120,20171117,210508000,3640.0,88742,2195814,3226106280.0,3641.0,158,3640.0,221
rb1805,20171120,20171117,210508500,3640.0,88754,2195808,3226543160.0,3641.0,156,3640.0,224
rb1805,20171120,20171117,210509000,3640.0,88822,2195836,3229018420.0,3641.0,154,3640.0,196
rb1805,20171120,20171117,210509500,3640.0,88936,2195932,3233168020.0,3641.0,156,3640.0,140
rb1805,20171120,20171117,210510000,3640.0,88994,2195932,3235279480.0,3641.0,152,3640.0,124
rb1805,20171120,20171117,210510500,3640.0,89136,2195936,3240448440.0,3641.0,160,3640.0,62
rb1805,20171120,20171117,210511000,3641.0,89214,2195944,3243288340.0,3641.0,130,3640.0,56
rb1805,20171120,20171117,210511500,3640.0,89286,2195966,3245909260.0,3641.0,159,3640.0,36
rb1805,20171120,20171117,210512000,3640.0,89316,2195972,3247001400.0,3641.0,157,3640.0,32
rb1805,20171120,20171117,210512500,3640.0,89392,2195964,3249768100.0,3641.0,156,3640.0,17
rb1805,20171120,20171117,210513000,3641.0,89744,2196168,3262584200.0,3642.0,2011,3641.0,146
rb1805,20171120,20171117,210513500,3641.0,89970,2196242,3270812860.0,3642.0,2019,3641.0,35
rb1805,20171120,20171117,210514000,3641.0,90144,2196302,3277148200.0,3641.0,258,3640.0,87
rb1805,20171120,20171117,210514500,3640.0,90252,2196234,3281079740.0,3641.0,328,3640.0,78
rb1805,20171120,20171117,210515000,3641.0,90266,2196234,3281589460.0,3641.0,330,3640.0,110
rb1805,20171120,20171117,210515500,3640.0,90288,2196230,3282390300.0,3641.0,309,3640.0,126
rb1805,20171120,20171117,210516000,3640.0,90308,2196230,3283118340.0,3641.0,264,3640.0,124
rb1805,20171120,20171117,210516500,3641.0,90316,2196232,3283409620.0,3641.0,269,3640.0,129
rb1805,20171120,20171117,210517000,3641.0,90338,2196246,3284210580.0,3641.0,262,3640.0,134
rb1805,20171120,20171117,210517500,3640.0,90346,2196244,3284501800.0,3641.0,295,3640.0,132
rb1805,20171120,20171117,210518000,3641.0,90348,2196246,3284574620.0,3641.0,295,3640.0,136
rb1805,20171120,20171117,210518500,3641.0,90980,2196402,3307585700.0,3642.0,1980,3641.0,239
rb1805,20171120,20171117,210519000,3641.0,91082,2196422,3311299540.0,3642.0,1983,3641.0,197
rb1805,20171120,20171117,210519500,3641.0,91176,2196432,3314722120.0,3642.0,1980,3641.0,200
rb1805,20171120,20171117,210520000,3641.0,91834,2196644,3338686160.0,3642.0,1667,3641.0,206
rb1805,20171120,20171117,210520500,3641.0,92014,2196812,3345239980.0,3642.0,1664,3641.0,130
rb1805,20171120,20171117,210521000,3641.0,92040,2196826,3346186700.0,3642.0,1668,3641.0,122
rb1805,20171120,20171117,210521500,3641.0,92274,2196872,3354706640.0,3642.0,1671,3641.0,1
rb1805,20171120,20171117,210522000,3640.0,92308,2196872,3355944540.0,3641.0,132,3640.0,151
rb1805,20171120,20171117,210522500,3640.0,92324,2196866,3356527040.0,3641.0,149,3640.0,149
rb1805,20171120,20171117,210523000,3640.0,92324,2196866,3356527040.0,3641.0,173,3640.0,249
rb1805,20171120,20171117,210523500,3640.0,92332,2196866,3356818300.0,3641.0,177,3640.0,248
rb1805,20171120,20171117,210524000,3640.0,92376,2196830,3358419920.0,3641.0,186,3640.0,219
rb1805,20171120,20171117,210524500,3641.0,92380,2196828,3358565540.0,3641.0,241,3640.0,218
rb1805,20171120,20171117,210525000,3640.0,92446,2196818,3360968100.0,3641.0,234,3640.0,194
rb1805,20171120,20171117,210525500,3641.0,92454,2196816,3361259360.0,3641.0,243,3640.0,202
rb1805,20171120,20171117,210526000,3640.0,92474,2196808,3361987460.0,3641.0,263,3640.0,196
rb1805,20171120,20171117,210526500,3641.0,93038,2196988,3382522600.0,3642.0,1698,3641.0,230
rb1805,20171120,20171117,210527000,3641.0,93134,2197076,3386017960.0,3642.0,1698,3641.0,184
rb1805,20171120,20171117,210527500,3641.0,93502,2197390,3399416840.0,3642.0,1706,3641.0,6
rb1805,20171120,20171117,210528000,3640.0,93542,2197388,3400873020.0,3641.0,95,3640.0,185
rb1805,20171120,20171117,210528500,3640.0,93542,2197388,3400873020.0,3641.0,113,3640.0,189
rb1805,20171120,20171117,210529000,3641.0,93566,2197404,3401746840.0,3641.0,153,3640.0,188
rb1805,20171120,20171117,210529500,3641.0,93588,2197406,3402547840.0,3641.0,158,3640.0,203
rb1805,20171120,20171117,210530000,3640.0,93606,2197408,3403203100.0,3641.0,227,3640.0,202
rb1805,20171120,20171117,210530500,3640.0,93640,2197418,3404440800.0,3641.0,225,3640.0,191
rb1805,20171120,20171117,210531000,3641.0,93734,2197416,3407862840.0,3641.0,210,3640.0,172
rb1805,20171120,20171117,210531500,3640.0,94096,2197504,3421039780.0,3640.0,30,3639.0,604
rb1805,20171120,20171117,210532000,3640.0,94730,2198028,3444122140.0,3640.0,10,3639.0,599
rb1805,20171120,20171117,210532500,3640.0,94928,2198014,3451329240.0,3640.0,71,3639.0,596
rb1805,20171120,20171117,210533000,3639.0,94948,2198020,3452057220.0,3640.0,73,3639.0,561
rb1805,20171120,20171117,210533500,3640.0,95046,2198040,3455624200.0,3640.0,54,3639.0,550
rb1805,20171120,20171117,210534000,3640.0,95072,2198030,3456570560.0,3640.0,58,3639.0,548
rb1805,20171120,20171117,210534500,3640.0,95096,2198034,3457444140.0,3640.0,49,3639.0,548
rb1805,20171120,20171117,210535000,3640.0,95106,2198028,3457808120.0,3640.0,57,3639.0,543
rb1805,20171120,20171117,210535500,3640.0,95124,2198026,3458463280.0,3640.0,55,3639.0,541
rb1805,20171120,20171117,210536000,3640.0,95130,2198026,3458681680.0,3640.0,61,3639.0,542
rb1805,20171120,20171117,210536500,3639.0,95132,2198026,3458754460.0,3640.0,84,3639.0,541
rb1805,20171120,20171117,210537000,3639.0,95204,2198026,3461374560.0,3640.0,85,3639.0,506
rb1805,20171120,20171117,210537500,3640.0,95260,2198028,3463412900.0,3640.0,122,3639.0,507
rb1805,20171120,20171117,210538000,3640.0,95536,2198232,3473459260.0,3641.0,109,3640.0,14
rb1805,20171120,20171117,210538500,3640.0,95556,2198240,3474187260.0,3641.0,139,3640.0,18
rb1805,20171120,20171117,210539000,3640.0,95586,2198244,3475279260.0,3641.0,152,3640.0,14
rb1805,20171120,20171117,210539500,3639.0,95716,2198306,3480011240.0,3640.0,201,3639.0,494
rb1805,20171120,20171117,210540000,3639.0,95806,2198372,3483287020.0,3640.0,170,3639.0,543
rb1805,20171120,20171117,210540500,3639.0,95924,2198388,3487582180.0,3640.0,119,3639.0,482
rb1805,20171120,20171117,210541000,3639.0,95950,2198412,3488528360.0,3640.0,130,3639.0,474
rb1805,20171120,20171117,210541500,3640.0,96038,2198452,3491731480.0,3640.0,95,3639.0,471
rb1805,20171120,20171117,210542000,3639.0,96056,2198466,3492386520.0,3640.0,103,3639.0,466
rb1805,20171120,20171117,210542500,3640.0,96106,2198516,3494206120.0,3640.0,100,3639.0,444
rb1805,20171120,20171117,210543000,3640.0,96200,2198516,3497627700.0,3640.0,70,3639.0,445
rb1805,20171120,20171117,210543500,3640.0,96202,2198516,3497700500.0,3640.0,83,3639.0,449
rb1805,20171120,20171117,210544000,3640.0,96210,2198524,3497991680.0,3640.0,83,3639.0,451
rb1805,20171120,20171117,210544500,3640.0,96210,2198524,3497991680.0,3640.0,114,3639.0,452
rb1805,20171120,20171117,210545000,3640.0,96222,2198532,3498428420.0,3640.0,135,3639.0,454
rb1805,20171120,20171117,210545500,3639.0,96266,2198574,3500029600.0,3640.0,144,3639.0,433
rb1805,20171120,20171117,210546000,3639.0,96876,2198358,3522227560.0,3640.0,178,3639.0,132
rb1805,20171120,20171117,210546500,3639.0,97140,2198368,3531834520.0,3639.0,82,3638.0,437
rb1805,20171120,20171117,210547000,3639.0,97160,2198388,3532562320.0,3639.0,79,3638.0,436
rb1805,20171120,20171117,210547500,3639.0,97166,2198392,3532780640.0,3639.0,107,3638.0,431
rb1805,20171120,20171117,210548000,3638.0,97254,2198456,3535982480.0,3639.0,89,3638.0,407
rb1805,20171120,20171117,210548500,3639.0,97322,2198450,3538457000.0,3639.0,56,3638.0,407
rb1805,20171120,20171117,210549000,3638.0,97330,2198452,3538748080.0,3639.0,60,3638.0,408
rb1805,20171120,20171117,210549500,3638.0,97388,2198474,3540858140.0,3639.0,69,3638.0,381
rb1805,20171120,20171117,210550000,3638.0,97404,2198478,3541440220.0,3639.0,69,3638.0,392
rb1805,20171120,20171117,210550500,3638.0,97446,2198502,3542968280.0,3639.0,66,3638.0,378
rb1805,20171120,20171117,210551000,3638.0,97478,2198520,3544132440.0,3639.0,99,3638.0,357
rb1805,20171120,20171117,210551500,3638.0,97488,2198528,3544496260.0,3639.0,124,3638.0,353
rb1805,20171120,20171117,210552000,3638.0,97492,2198532,3544641780.0,3639.0,119,3638.0,359
rb1805,20171120,20171117,210552500,3638.0,97548,2198544,3546679240.0,3639.0,120,3638.0,400
rb1805,20171120,20171117,210553000,3638.0,97576,2198526,3547697880.0,3639.0,122,3638.0,387
rb1805,20171120,20171117,210553500,3638.0,97616,2198528,3549153140.0,3639.0,121,3638.0,370
rb1805,20171120,20171117,210554000,3638.0,97632,2198520,3549735240.0,3639.0,122,3638.0,365
rb1805,20171120,20171117,210554500,3638.0,97654,2198538,3550535800.0,3639.0,117,3638.0,364
rb1805,20171120,20171117,210555000,3638.0,97760,2198560,3554392080.0,3639.0,173,3638.0,312
rb1805,20171120,20171117,210555500,3638.0,97774,2198554,3554901400.0,3639.0,185,3638.0,305
rb1805,20171120,20171117,210556000,3638.0,97788,2198542,3555410720.0,3639.0,187,3638.0,299
rb1805,20171120,20171117,210556500,3638.0,97800,2198530,3555847280.0,3639.0,191,3638.0,313
rb1805,20171120,20171117,210557000,3638.0,97832,2198532,3557011520.0,3639.0,198,3638.0,302
rb1805,20171120,20171117,210557500,3638.0,97860,2198528,3558030180.0,3639.0,197,3638.0,290
rb1805,20171120,20171117,210558000,3638.0,97872,2198530,3558466740.0,3639.0,219,3638.0,285
rb1805,20171120,20171117,210558500,3638.0,97886,2198534,3558976060.0,3639.0,206,3638.0,339
rb1805,20171120,20171117,210559000,3638.0,97944,2198588,3561086100.0,3639.0,206,3638.0,310
rb1805,20171120,20171117,210559500,3638.0,97974,2198578,3562177520.0,3639.0,205,3638.0,298
rb1805,20171120,20171117,210600000,3638.0,97992,2198568,3562832360.0,3639.0,197,3638.0,306
rb1805,20171120,20171117,210600500,3639.0,98034,2198578,3564360440.0,3639.0,200,3638.0,295
rb1805,20171120,20171117,210601000,3638.0,98050,2198568,3564942540.0,3639.0,204,3638.0,288
rb1805,20171120,20171117,210601500,3639.0,98086,2198552,3566252280.0,3639.0,211,3638.0,274
rb1805,20171120,20171117,210602000,3639.0,98692,2198724,3588303860.0,3640.0,297,3639.0,37
rb1805,20171120,20171117,210602500,3639.0,98716,2198732,3589177220.0,3640.0,297,3639.0,36
rb1805,20171120,20171117,210603000,3639.0,98734,2198746,3589832260.0,3640.0,274,3639.0,102
rb1805,20171120,20171117,210603500,3639.0,98756,2198750,3590632840.0,3640.0,267,3639.0,161
rb1805,20171120,20171117,210604000,3639.0,98802,2198748,3592307200.0,3640.0,247,3639.0,193
rb1805,20171120,20171117,210604500,3639.0,99074,2198676,3602207920.0,3640.0,116,3639.0,190
rb1805,20171120,20171117,210605000,3640.0,99326,2198566,3611380660.0,3640.0,1,3639.0,189
rb1805,20171120,20171117,210605500,3640.0,99356,2198568,3612472680.0,3641.0,410,3640.0,75
rb1805,20171120,20171117,210606000,3640.0,99362,2198570,3612691080.0,3641.0,387,3640.0,98
rb1805,20171120,20171117,210606500,3640.0,99378,2198576,3613273540.0,3641.0,384,3640.0,194
rb1805,20171120,20171117,210607000,3640.0,99382,2198580,3613419140.0,3641.0,388,3640.0,198
rb1805,20171120,20171117,210607500,3640.0,99384,2198582,3613491940.0,3641.0,388,3640.0,203
rb1805,20171120,20171117,210608000,3640.0,99404,2198582,3614219960.0,3641.0,390,3640.0,199
rb1805,20171120,20171117,210608500,3640.0,99524,2198602,3618587960.0,3641.0,393,3640.0,140
rb1805,20171120,20171117,210609000,3641.0,99544,2198608,3619315980.0,3641.0,392,3640.0,133
rb1805,20171120,20171117,210609500,3640.0,99566,2198604,3620116800.0,3641.0,390,3640.0,131
rb1805,20171120,20171117,210610000,3640.0,99566,2198604,3620116800.0,3641.0,419,3640.0,136
rb1805,20171120,20171117,210610500,3641.0,99630,2198598,3622446480.0,3641.0,437,3640.0,108
rb1805,20171120,20171117,210611000,3641.0,99690,2198596,3624630840.0,3641.0,420,3640.0,96
rb1805,20171120,20171117,210611500,3640.0,99706,2198606,3625213380.0,3641.0,415,3640.0,101
rb1805,20171120,20171117,210612000,3640.0,99776,2198574,3627761460.0,3641.0,512,3640.0,86
rb1805,20171120,20171117,210612500,3641.0,99852,2198538,3630527880.0,3641.0,513,3640.0,52
rb1805,20171120,20171117,210613000,3640.0,99872,2198546,3631255920.0,3641.0,516,3640.0,44
rb1805,20171120,20171117,210613500,3640.0,99936,2198590,3633585540.0,3641.0,522,3640.0,34
rb1805,20171120,20171117,210614000,3641.0,99968,2198608,3634750520.0,3641.0,516,3640.0,29
rb1805,20171120,20171117,210614500,3640.0,99970,2198608,3634823320.0,3641.0,516,3640.0,39
rb1805,20171120,20171117,210615000,3640.0,99986,2198608,3635405760.0,3641.0,518,3640.0,36
rb1805,20171120,20171117,210615500,3640.0,99996,2198610,3635769800.0,3641.0,488,3640.0,33
rb1805,20171120,20171117,210616000,3640.0,100064,2198652,3638245000.0,3640.0,168,3639.0,236
rb1805,20171120,20171117,210616500,3640.0,100066,2198654,3638317800.0,3640.0,172,3639.0,237
rb1805,20171120,20171117,210617000,3640.0,100130,2198708,3640647320.0,3640.0,145,3639.0,232
rb1805,20171120,20171117,210617500,3640.0,100294,2198870,3646616920.0,3640.0,89,3639.0,232
rb1805,20171120,20171117,210618000,3640.0,100358,2198880,3648946520.0,3640.0,101,3639.0,302
rb1805,20171120,20171117,210618500,3639.0,100384,2198902,3649892900.0,3640.0,89,3639.0,299
rb1805,20171120,20171117,210619000,3639.0,100506,2199010,3654333680.0,3640.0,31,3639.0,297
rb1805,20171120,20171117,210619500,3640.0,100570,2199012,3656663280.0,3641.0,507,3640.0,73
rb1805,20171120,20171117,210620000,3640.0,100706,2199076,3661613680.0,3641.0,508,3640.0,11
rb1805,20171120,20171117,210620500,3640.0,100776,2199064,3664161360.0,3640.0,69,3639.0,265
rb1805,20171120,20171117,210621000,3640.0,100778,2199064,3664234160.0,3640.0,70,3639.0,265
rb1805,20171120,20171117,210621500,3639.0,100788,2199056,3664598060.0,3640.0,81,3639.0,262
rb1805,20171120,20171117,210622000,3640.0,100792,2199056,3664743640.0,3640.0,84,3639.0,262
rb1805,20171120,20171117,210622500,3640.0,100822,2199044,3665835460.0,3640.0,90,3639.0,254
rb1805,20171120,20171117,210623000,3640.0,100832,2199034,3666199460.0,3640.0,116,3639.0,254
rb1805,20171120,20171117,210623500,3640.0,100840,2199034,3666490640.0,3640.0,117,3639.0,254
rb1805,20171120,20171117,210624000,3639.0,100842,2199034,3666563420.0,3640.0,148,3639.0,254
rb1805,20171120,20171117,210624500,3639.0,100908,2199032,3668965560.0,3640.0,141,3639.0,241
rb1805,20171120,20171117,210625000,3640.0,100920,2199032,3669402340.0,3640.0,146,3639.0,258
rb1805,20171120,20171117,210625500,3640.0,100922,2199032,3669475140.0,3640.0,148,3639.0,262
rb1805,20171120,20171117,210626000,3640.0,100946,2199050,3670348700.0,3640.0,141,3639.0,294
rb1805,20171120,20171117,210626500,3639.0,101032,2199044,3673478240.0,3640.0,143,3639.0,298
rb1805,20171120,20171117,210627000,3640.0,101034,2199046,3673551040.0,3640.0,147,3639.0,303
rb1805,20171120,20171117,210627500,3640.0,101040,2199048,3673769420.0,3640.0,146,3639.0,336
rb1805,20171120,20171117,210628000,3639.0,101082,2199058,3675297920.0,3640.0,151,3639.0,323
rb1805,20171120,20171117,210628500,3640.0,101192,2199034,3679301640.0,3640.0,114,3639.0,313
rb1805,20171120,20171117,210629000,3640.0,101232,2199034,3680757640.0,3640.0,98,3639.0,313
rb1805,20171120,20171117,210629500,3640.0,101326,2198972,3684179220.0,3640.0,82,3639.0,268
rb1805,20171120,20171117,210630000,3639.0,101362,2198978,3685489320.0,3640.0,81,3639.0,257
rb1805,20171120,20171117,210630500,3639.0,101364,2198976,3685562100.0,3640.0,83,3639.0,256
rb1805,20171120,20171117,210631000,3640.0,101400,2198990,3686872500.0,3640.0,69,3639.0,256
rb1805,20171120,20171117,210631500,3639.0,101452,2199006,3688764800.0,3640.0,68,3639.0,233
rb1805,20171120,20171117,210632000,3639.0,101472,2199008,3689492700.0,3640.0,77,3639.0,229
rb1805,20171120,20171117,210632500,3640.0,101478,2199010,3689711060.0,3640.0,82,3639.0,230
rb1805,20171120,20171117,210633000,3640.0,101502,2199014,3690584460.0,3640.0,89,3639.0,220
rb1805,20171120,20171117,210633500,3639.0,101508,2199010,3690802800.0,3640.0,130,3639.0,218
rb1805,20171120,20171117,210634000,3640.0,101538,2199026,3691894700.0,3640.0,157,3639.0,219
rb1805,20171120,20171117,210634500,3639.0,101592,2199028,3693859820.0,3640.0,160,3639.0,195
rb1805,20171120,20171117,210635000,3639.0,101596,2199026,3694005380.0,3640.0,167,3639.0,198
rb1805,20171120,20171117,210635500,3640.0,101682,2198974,3697135000.0,3640.0,180,3639.0,160
rb1805,20171120,20171117,210636000,3640.0,101772,2198918,3700410900.0,3640.0,145,3639.0,166
rb1805,20171120,20171117,210636500,3639.0,101792,2198930,3701138720.0,3640.0,145,3639.0,168
rb1805,20171120,20171117,210637000,3639.0,101814,2198934,3701939320.0,3640.0,147,3639.0,158
rb1805,20171120,20171117,210637500,3640.0,101816,2198934,3702012120.0,3640.0,153,3639.0,158
rb1805,20171120,20171117,210638000,3639.0,101818,2198934,3702084900.0,3640.0,159,3639.0,157
rb1805,20171120,20171117,210638500,3639.0,101818,2198934,3702084900.0,3640.0,159,3639.0,157
rb1805,20171120,20171117,210639000,3639.0,101820,2198936,3702157680.0,3640.0,174,3639.0,126
rb1805,20171120,20171117,210639500,3639.0,101830,2198936,3702521620.0,3640.0,173,3639.0,125
rb1805,20171120,20171117,210640000,3639.0,101852,2198926,3703322300.0,3640.0,190,3639.0,119
rb1805,20171120,20171117,210640500,3639.0,101866,2198916,3703831780.0,3640.0,190,3639.0,176
rb1805,20171120,20171117,210641000,3639.0,101872,2198912,3704050140.0,3640.0,195,3639.0,174
rb1805,20171120,20171117,210641500,3640.0,102030,2198966,3709799800.0,3640.0,194,3639.0,100
rb1805,20171120,20171117,210642000,3640.0,102034,2198970,3709945380.0,3640.0,274,3639.0,110
rb1805,20171120,20171117,210642500,3639.0,102254,2199050,3717951180.0,3639.0,10,3638.0,465
rb1805,20171120,20171117,210643000,3639.0,102270,2199066,3718533380.0,3639.0,13,3638.0,463
rb1805,20171120,20171117,210643500,3639.0,102272,2199068,3718606160.0,3639.0,14,3638.0,463
rb1805,20171120,20171117,210644000,3637.0,103796,2198660,3774043460.0,3638.0,1,3637.0,69
rb1805,20171120,20171117,210644500,3637.0,103814,2198648,3774698180.0,3638.0,41,3637.0,102
rb1805,20171120,20171117,210645000,3637.0,103814,2198648,3774698180.0,3638.0,61,3637.0,97
rb1805,20171120,20171117,210645500,3638.0,103872,2198614,3776807860.0,3638.0,69,3637.0,70
rb1805,20171120,20171117,210646000,3638.0,103896,2198634,3777680980.0,3638.0,85,3637.0,64
rb1805,20171120,20171117,210646500,3637.0,103902,2198628,3777899200.0,3638.0,90,3637.0,65
rb1805,20171120,20171117,210647000,3637.0,103916,2198622,3778408380.0,3638.0,89,3637.0,62
rb1805,20171120,20171117,210647500,3637.0,103968,2198590,3780299880.0,3638.0,76,3637.0,58
rb1805,20171120,20171117,210648000,3637.0,103984,2198590,3780881920.0,3638.0,70,3637.0,205
rb1805,20171120,20171117,210648500,3637.0,104150,2198652,3786920920.0,3638.0,1,3637.0,258
rb1805,20171120,20171117,210649000,3638.0,104184,2198640,3788157840.0,3639.0,84,3638.0,350
rb1805,20171120,20171117,210649500,3638.0,104222,2198632,3789540540.0,3639.0,70,3638.0,258
rb1805,20171120,20171117,210650000,3638.0,104308,2198644,3792669300.0,3639.0,66,3638.0,215
rb1805,20171120,20171117,210650500,3638.0,104326,2198652,3793324140.0,3639.0,99,3638.0,211
rb1805,20171120,20171117,210651000,3638.0,104334,2198650,3793615200.0,3639.0,99,3638.0,210
rb1805,20171120,20171117,210651500,3639.0,104584,2198716,3802712680.0,3640.0,322,3639.0,377
rb1805,20171120,20171117,210652000,3639.0,104604,2198724,3803440480.0,3640.0,333,3639.0,370
rb1805,20171120,20171117,210652500,3639.0,104652,2198736,3805187200.0,3640.0,333,3639.0,347
rb1805,20171120,20171117,210653000,3639.0,104666,2198736,3805696660.0,3640.0,333,3639.0,340
rb1805,20171120,20171117,210653500,3639.0,104720,2198750,3807661740.0,3640.0,331,3639.0,314
rb1805,20171120,20171117,210654000,3639.0,104758,2198782,3809044560.0,3640.0,331,3639.0,309
rb1805,20171120,20171117,210654500,3640.0,104770,2198790,3809481280.0,3640.0,332,3639.0,305
rb1805,20171120,20171117,210655000,3640.0,105914,2199258,3851118840.0,3641.0,690,3640.0,132
rb1805,20171120,20171117,210655500,3640.0,105998,2199296,3854176440.0,3641.0,689,3640.0,91
rb1805,20171120,20171117,210656000,3639.0,106196,2199464,3861383480.0,3640.0,203,3639.0,97
rb1805,20171120,20171117,210656500,3639.0,106314,2199576,3865677560.0,3640.0,181,3639.0,41
rb1805,20171120,20171117,210657000,3640.0,106638,2199612,3877468980.0,3640.0,130,3638.0,204
rb1805,20171120,20171117,210657500,3640.0,106638,2199612,3877468980.0,3640.0,161,3639.0,1
rb1805,20171120,20171117,210658000,3639.0,106644,2199610,3877687320.0,3639.0,49,3638.0,210
rb1805,20171120,20171117,210658500,3638.0,106668,2199602,3878560480.0,3639.0,95,3638.0,169
rb1805,20171120,20171117,210659000,3639.0,106892,2199684,3886710320.0,3639.0,77,3638.0,93
rb1805,20171120,20171117,210659500,3638.0,106984,2199650,3890057360.0,3639.0,100,3638.0,51
rb1805,20171120,20171117,210700000,3638.0,107062,2199722,3892895080.0,3639.0,120,3638.0,18
rb1805,20171120,20171117,210700500,3638.0,107118,2199708,3894932360.0,3638.0,52,3637.0,104
rb1805,20171120,20171117,210701000,3638.0,107344,2199764,3903154220.0,3638.0,9,3637.0,110
rb1805,20171120,20171117,210701500,3638.0,107484,2199844,3908248420.0,3639.0,68,3638.0,34
rb1805,20171120,20171117,210702000,3638.0,107516,2199846,3909412580.0,3639.0,76,3638.0,24
rb1805,20171120,20171117,210702500,3638.0,107530,2199844,3909921900.0,3639.0,58,3638.0,64
rb1805,20171120,20171117,210703000,3638.0,107532,2199844,3909994660.0,3639.0,49,3638.0,51
rb1805,20171120,20171117,210703500,3639.0,107552,2199842,3910722300.0,3639.0,48,3638.0,61
rb1805,20171120,20171117,210704000,3639.0,107624,2199892,3913342340.0,3639.0,16,3638.0,76
rb1805,20171120,20171117,210704500,3639.0,107662,2199910,3914725160.0,3640.0,247,3639.0,4
rb1805,20171120,20171117,210705000,3638.0,107674,2199912,3915161800.0,3639.0,5,3638.0,85
rb1805,20171120,20171117,210705500,3638.0,107676,2199912,3915234560.0,3639.0,5,3638.0,78
rb1805,20171120,20171117,210706000,3638.0,107686,2199914,3915598420.0,3639.0,61,3638.0,77
rb1805,20171120,20171117,210706500,3639.0,107690,2199916,3915743980.0,3639.0,61,3638.0,80
rb1805,20171120,20171117,210707000,3639.0,107718,2199890,3916762900.0,3639.0,54,3638.0,101
rb1805,20171120,20171117,210707500,3639.0,107722,2199892,3916908440.0,3639.0,69,3638.0,107
rb1805,20171120,20171117,210708000,3639.0,107730,2199892,3917199520.0,3639.0,80,3638.0,105
rb1805,20171120,20171117,210708500,3638.0,107744,2199892,3917708840.0,3639.0,80,3638.0,79
rb1805,20171120,20171117,210709000,3638.0,107756,2199886,3918145400.0,3639.0,82,3638.0,74
rb1805,20171120,20171117,210709500,3638.0,107756,2199886,3918145400.0,3639.0,84,3638.0,75
rb1805,20171120,20171117,210710000,3638.0,107862,2199946,3922001700.0,3639.0,83,3638.0,26
rb1805,20171120,20171117,210710500,3638.0,107946,2199918,3925058220.0,3639.0,108,3638.0,20
rb1805,20171120,20171117,210711000,3638.0,108008,2199940,3927313800.0,3638.0,3,3637.0,148
rb1805,20171120,20171117,210711500,3638.0,108022,2199946,3927823100.0,3638.0,42,3637.0,149
rb1805,20171120,20171117,210712000,3638.0,108028,2199952,3928041380.0,3638.0,54,3637.0,139
rb1805,20171120,20171117,210712500,3638.0,108042,2199958,3928550700.0,3638.0,71,3637.0,134
rb1805,20171120,20171117,210713000,3637.0,108046,2199958,3928696200.0,3638.0,79,3637.0,132
rb1805,20171120,20171117,210713500,3638.0,108068,2199960,3929496380.0,3638.0,95,3637.0,123
rb1805,20171120,20171117,210714000,3637.0,108208,2199946,3934588200.0,3638.0,155,3637.0,54
rb1805,20171120,20171117,210714500,3637.0,108528,2200176,3946226600.0,3637.0,349,3636.0,817
rb1805,20171120,20171117,210715000,3637.0,108848,2200226,3957862300.0,3637.0,199,3636.0,687
rb1805,20171120,20171117,210715500,3637.0,108860,2200230,3958298700.0,3637.0,198,3636.0,687
rb1805,20171120,20171117,210716000,3636.0,109292,2200556,3974006300.0,3637.0,195,3636.0,476
rb1805,20171120,20171117,210716500,3637.0,109346,2200586,3975969940.0,3637.0,198,3636.0,461
rb1805,20171120,20171117,210717000,3636.0,109570,2200634,3984114680.0,3637.0,199,3636.0,471
rb1805,20171120,20171117,210717500,3637.0,109588,2200634,3984769200.0,3637.0,189,3636.0,470
rb1805,20171120,20171117,210718000,3636.0,109604,2200626,3985351080.0,3637.0,182,3636.0,466
rb1805,20171120,20171117,210718500,3636.0,109702,2200566,3988914520.0,3637.0,172,3636.0,424
rb1805,20171120,20171117,210719000,3636.0,109744,2200530,3990441680.0,3637.0,171,3636.0,407
rb1805,20171120,20171117,210719500,3636.0,109768,2200534,3991314340.0,3637.0,178,3636.0,402
rb1805,20171120,20171117,210720000,3636.0,109852,2200538,3994369260.0,3637.0,148,3636.0,414
rb1805,20171120,20171117,210720500,3636.0,109872,2200538,3995096500.0,3637.0,191,3636.0,418
rb1805,20171120,20171117,210721000,3636.0,110230,2200428,4008116620.0,3637.0,40,3636.0,371
rb1805,20171120,20171117,210721500,3637.0,110742,2200622,4026734740.0,3637.0,3,3636.0,206
rb1805,20171120,20171117,210722000,3636.0,111146,2200912,4041424200.0,3636.0,19,3635.0,959
rb1805,20171120,20171117,210722500,3636.0,111206,2200952,4043605960.0,3636.0,17,3635.0,950
rb1805,20171120,20171117,210723000,3636.0,111434,2200890,4051895640.0,3637.0,55,3636.0,1
rb1805,20171120,20171117,210723500,3635.0,111580,2200932,4057203580.0,3636.0,1,3635.0,897
rb1805,20171120,20171117,210724000,3636.0,111698,2200928,4061493340.0,3637.0,105,3636.0,35
rb1805,20171120,20171117,210724500,3636.0,112038,2200958,4073853700.0,3636.0,14,3635.0,769
rb1805,20171120,20171117,210725000,3636.0,112122,2201002,4076907840.0,3636.0,157,3635.0,774
rb1805,20171120,20171117,210725500,3636.0,112174,2201034,4078798540.0,3636.0,147,3635.0,774
rb1805,20171120,20171117,210726000,3636.0,112202,2201026,4079816500.0,3636.0,152,3635.0,768
rb1805,20171120,20171117,210726500,3635.0,112290,2200962,4083015380.0,3636.0,265,3635.0,734
rb1805,20171120,20171117,210727000,3636.0,112354,2200978,4085342040.0,3636.0,256,3635.0,713
rb1805,20171120,20171117,210727500,3635.0,112388,2200988,4086578040.0,3636.0,257,3635.0,805
rb1805,20171120,20171117,210728000,3635.0,112418,2200966,4087668540.0,3636.0,258,3635.0,801
rb1805,20171120,20171117,210728500,3636.0,112444,2200962,4088613680.0,3636.0,288,3635.0,790
rb1805,20171120,20171117,210729000,3635.0,112480,2200940,4089922300.0,3636.0,287,3635.0,773
rb1805,20171120,20171117,210729500,3636.0,112626,2200936,4095229500.0,3636.0,287,3635.0,713
rb1805,20171120,20171117,210730000,3635.0,112716,2200896,4098501240.0,3636.0,270,3635.0,691
rb1805,20171120,20171117,210730500,3636.0,112764,2200908,4100246360.0,3636.0,255,3635.0,683
rb1805,20171120,20171117,210731000,3636.0,112790,2200912,4101191680.0,3636.0,248,3635.0,687
rb1805,20171120,20171117,210731500,3635.0,112818,2200908,4102209520.0,3636.0,446,3635.0,679
rb1805,20171120,20171117,210732000,3635.0,112840,2200896,4103009280.0,3636.0,449,3635.0,673
rb1805,20171120,20171117,210732500,3635.0,112924,2200934,4106062680.0,3636.0,682,3635.0,640
rb1805,20171120,20171117,210733000,3635.0,112940,2200938,4106644340.0,3636.0,710,3635.0,641
rb1805,20171120,20171117,210733500,3636.0,112992,2200956,4108534840.0,3636.0,696,3635.0,631
rb1805,20171120,20171117,210734000,3635.0,113024,2200946,4109698080.0,3636.0,751,3635.0,644
rb1805,20171120,20171117,210734500,3636.0,113036,2200944,4110134360.0,3636.0,750,3635.0,642
rb1805,20171120,20171117,210735000,3635.0,113076,2200966,4111588640.0,3636.0,748,3635.0,638
rb1805,20171120,20171117,210735500,3635.0,113106,2200966,4112679160.0,3636.0,748,3635.0,655
rb1805,20171120,20171117,210736000,3635.0,113152,2200962,4114351480.0,3636.0,743,3635.0,654
rb1805,20171120,20171117,210736500,3635.0,113168,2200958,4114933100.0,3636.0,742,3635.0,653
rb1805,20171120,20171117,210737000,3635.0,113280,2200870,4119004560.0,3636.0,742,3635.0,611
rb1805,20171120,20171117,210737500,3636.0,113342,2200906,4121258300.0,3636.0,742,3635.0,621
rb1805,20171120,20171117,210738000,3635.0,113354,2200910,4121694540.0,3636.0,741,3635.0,621
rb1805,20171120,20171117,210738500,3635.0,113390,2200940,4123003160.0,3636.0,742,3635.0,604
rb1805,20171120,20171117,210739000,3635.0,113394,2200942,4123148560.0,3636.0,745,3635.0,612
rb1805,20171120,20171117,210739500,3635.0,113418,2200944,4124020980.0,3636.0,745,3635.0,626
rb1805,20171120,20171117,210740000,3635.0,113438,2200964,4124747980.0,3636.0,746,3635.0,620
rb1805,20171120,20171117,210740500,3635.0,113474,2200996,4126056580.0,3636.0,747,3635.0,607
rb1805,20171120,20171117,210741000,3636.0,113516,2201004,4127583560.0,3636.0,737,3635.0,613
rb1805,20171120,20171117,210741500,3635.0,113760,2201172,4136454960.0,3636.0,639,3635.0,604
rb1805,20171120,20171117,210742000,3635.0,113794,2201176,4137691100.0,3636.0,627,3635.0,603
rb1805,20171120,20171117,210742500,3635.0,113808,2201186,4138200000.0,3636.0,629,3635.0,614
rb1805,20171120,20171117,210743000,3635.0,113822,2201200,4138708900.0,3636.0,630,3635.0,612
rb1805,20171120,20171117,210743500,3635.0,113894,2201266,4141326100.0,3636.0,642,3635.0,577
rb1805,20171120,20171117,210744000,3635.0,113918,2201284,4142198500.0,3636.0,658,3635.0,582
rb1805,20171120,20171117,210744500,3635.0,113972,2201304,4144161420.0,3636.0,658,3635.0,558
rb1805,20171120,20171117,210745000,3635.0,114104,2201368,4148959640.0,3636.0,656,3635.0,494
rb1805,20171120,20171117,210745500,3635.0,114164,2201372,4151140660.0,3636.0,655,3635.0,469
rb1805,20171120,20171117,210746000,3635.0,114384,2201340,4159137660.0,3636.0,660,3635.0,410
rb1805,20171120,20171117,210746500,3636.0,114420,2201370,4160446480.0,3636.0,652,3635.0,409
rb1805,20171120,20171117,210747000,3635.0,114528,2201410,4164372300.0,3636.0,651,3635.0,358
rb1805,20171120,20171117,210747500,3635.0,114610,2201440,4167353040.0,3636.0,650,3635.0,343
rb1805,20171120,20171117,210748000,3635.0,114640,2201454,4168443540.0,3636.0,650,3635.0,333
rb1805,20171120,20171117,210748500,3635.0,114744,2201494,4172224060.0,3636.0,642,3635.0,307
rb1805,20171120,20171117,210749000,3635.0,114804,2201514,4174405080.0,3636.0,657,3635.0,283
rb1805,20171120,20171117,210749500,3636.0,114822,2201524,4175059440.0,3636.0,654,3635.0,321
rb1805,20171120,20171117,210750000,3636.0,114920,2201518,4178621780.0,3636.0,655,3635.0,305
rb1805,20171120,20171117,210750500,3635.0,115530,2201796,4200795880.0,3636.0,625,3635.0,40
rb1805,20171120,20171117,210751000,3635.0,115656,2201748,4205375580.0,3635.0,35,3634.0,752
rb1805,20171120,20171117,210751500,3635.0,115834,2201762,4211846160.0,3636.0,610,3635.0,111
rb1805,20171120,20171117,210752000,3635.0,115986,2201740,4217371380.0,3636.0,585,3635.0,66
rb1805,20171120,20171117,210752500,3635.0,116116,2201760,4222097100.0,3636.0,620,3635.0,246
rb1805,20171120,20171117,210753000,3635.0,116224,2201832,4226022920.0,3636.0,623,3635.0,209
rb1805,20171120,20171117,210753500,3635.0,116344,2201944,4230384920.0,3636.0,623,3635.0,199
rb1805,20171120,20171117,210754000,3635.0,116498,2202092,4235983260.0,3636.0,602,3635.0,239
rb1805,20171120,20171117,210754500,3635.0,117722,2203206,4280487680.0,3637.0,60,3636.0,260
rb1805,20171120,20171117,210755000,3637.0,117874,2203206,4286015960.0,3638.0,111,3637.0,879
rb1805,20171120,20171117,210755500,3638.0,118136,2203374,4295547680.0,3639.0,131,3638.0,72
rb1805,20171120,20171117,210756000,3638.0,118246,2203376,4299549480.0,3638.0,58,3637.0,617
rb1805,20171120,20171117,210756500,3638.0,118394,2203438,4304933720.0,3639.0,122,3638.0,18
rb1805,20171120,20171117,210757000,3638.0,118552,2203480,4310681760.0,3639.0,117,3638.0,16
rb1805,20171120,20171117,210757500,3638.0,118584,2203502,4311845920.0,3639.0,127,3638.0,53
rb1805,20171120,20171117,210758000,3638.0,118622,2203482,4313228360.0,3639.0,127,3638.0,23
rb1805,20171120,20171117,210758500,3638.0,118714,2203470,4316574900.0,3639.0,149,3638.0,60
rb1805,20171120,20171117,210759000,3638.0,118824,2203554,4320576720.0,3639.0,171,3638.0,6
rb1805,20171120,20171117,210759500,3638.0,118852,2203564,4321595260.0,3638.0,12,3637.0,592
rb1805,20171120,20171117,210800000,3637.0,118854,2203566,4321668000.0,3638.0,30,3637.0,591
rb1805,20171120,20171117,210800500,3637.0,118866,2203568,4322104480.0,3638.0,36,3637.0,588
rb1805,20171120,20171117,210801000,3637.0,118866,2203568,4322104480.0,3638.0,71,3637.0,585
rb1805,20171120,20171117,210801500,3637.0,119270,2203912,4336797960.0,3638.0,81,3637.0,383
rb1805,20171120,20171117,210802000,3637.0,119278,2203912,4337088940.0,3638.0,123,3637.0,371
rb1805,20171120,20171117,210802500,3637.0,119308,2203932,4338180060.0,3638.0,150,3637.0,327
rb1805,20171120,20171117,210803000,3637.0,119314,2203934,4338398280.0,3638.0,165,3637.0,324
rb1805,20171120,20171117,210803500,3637.0,119314,2203934,4338398280.0,3638.0,197,3637.0,324
rb1805,20171120,20171117,210804000,3637.0,119314,2203934,4338398280.0,3638.0,201,3637.0,324
rb1805,20171120,20171117,210804500,3638.0,119720,2204174,4353168560.0,3639.0,246,3638.0,298
rb1805,20171120,20171117,210805000,3638.0,119786,2204178,4355569640.0,3639.0,252,3638.0,265
rb1805,20171120,20171117,210805500,3638.0,119844,2204192,4357679680.0,3639.0,253,3638.0,237
rb1805,20171120,20171117,210806000,3638.0,119952,2204212,4361608720.0,3639.0,253,3638.0,209
rb1805,20171120,20171117,210806500,3639.0,120268,2204444,4373105100.0,3639.0,233,3638.0,61
rb1805,20171120,20171117,210807000,3637.0,120400,2204484,4377907220.0,3638.0,42,3637.0,326
rb1805,20171120,20171117,210807500,3638.0,120410,2204486,4378271000.0,3638.0,75,3637.0,336
rb1805,20171120,20171117,210808000,3637.0,120460,2204534,4380089500.0,3638.0,73,3637.0,312
rb1805,20171120,20171117,210808500,3638.0,120476,2204548,4380671440.0,3638.0,82,3637.0,310
rb1805,20171120,20171117,210809000,3637.0,120484,2204554,4380962400.0,3638.0,97,3637.0,306
rb1805,20171120,20171117,210809500,3639.0,120708,2204692,4389111500.0,3639.0,237,3638.0,96
rb1805,20171120,20171117,210810000,3638.0,120732,2204702,4389984620.0,3639.0,242,3638.0,88
rb1805,20171120,20171117,210810500,3639.0,120736,2204698,4390130180.0,3639.0,266,3638.0,89
rb1805,20171120,20171117,210811000,3638.0,120914,2204698,4396605820.0,3638.0,1,3637.0,418
rb1805,20171120,20171117,210811500,3638.0,120940,2204698,4397551700.0,3639.0,285,3638.0,27
rb1805,20171120,20171117,210812000,3638.0,120994,2204644,4399516220.0,3638.0,1,3637.0,419
rb1805,20171120,20171117,210812500,3638.0,120994,2204644,4399516220.0,3638.0,26,3637.0,419
rb1805,20171120,20171117,210813000,3637.0,121002,2204646,4399807200.0,3638.0,99,3637.0,416
rb1805,20171120,20171117,210813500,3638.0,121008,2204644,4400025480.0,3638.0,154,3637.0,419
rb1805,20171120,20171117,210814000,3638.0,121014,2204650,4400243740.0,3638.0,152,3637.0,419
rb1805,20171120,20171117,210814500,3637.0,121078,2204710,4402571460.0,3638.0,161,3637.0,389
rb1805,20171120,20171117,210815000,3637.0,121080,2204712,4402644200.0,3638.0,166,3637.0,386
rb1805,20171120,20171117,210815500,3637.0,121134,2204710,4404608700.0,3638.0,147,3637.0,387
rb1805,20171120,20171117,210816000,3638.0,121428,2204764,4415304420.0,3639.0,286,3638.0,31
rb1805,20171120,20171117,210816500,3638.0,121516,2204812,4418505860.0,3638.0,81,3637.0,389
rb1805,20171120,20171117,210817000,3638.0,121716,2204910,4425781860.0,3639.0,299,3638.0,12
rb1805,20171120,20171117,210817500,3638.0,121786,2204940,4428328960.0,3639.0,374,3638.0,48
rb1805,20171120,20171117,210818000,3638.0,121824,2204944,4429711400.0,3639.0,376,3638.0,34
rb1805,20171120,20171117,210818500,3638.0,121856,2204950,4430875560.0,3639.0,361,3638.0,81
rb1805,20171120,20171117,210819000,3638.0,121874,2204958,4431530400.0,3639.0,358,3638.0,109
rb1805,20171120,20171117,210819500,3638.0,122372,2205248,4449652520.0,3639.0,116,3638.0,164
rb1805,20171120,20171117,210820000,3639.0,122638,2205146,4459332260.0,3640.0,311,3639.0,510
rb1805,20171120,20171117,210820500,3640.0,123622,2205472,4495152980.0,3641.0,611,3640.0,295
rb1805,20171120,20171117,210821000,3641.0,124860,2205458,4540227540.0,3641.0,43,3640.0,132
rb1805,20171120,20171117,210821500,3641.0,125048,2205424,4547072880.0,3642.0,1098,3641.0,419
rb1805,20171120,20171117,210822000,3641.0,125110,2205444,4549330640.0,3642.0,1082,3641.0,400
rb1805,20171120,20171117,210822500,3641.0,125876,2205432,4577228100.0,3642.0,720,3641.0,223
rb1805,20171120,20171117,210823000,3641.0,126030,2205478,4582836380.0,3642.0,663,3641.0,202
rb1805,20171120,20171117,210823500,3641.0,126230,2205502,4590118920.0,3642.0,636,3641.0,130
rb1805,20171120,20171117,210824000,3640.0,126538,2205554,4601333120.0,3641.0,2,3640.0,150
rb1805,20171120,20171117,210824500,3641.0,126648,2205594,4605338160.0,3641.0,31,3640.0,55
rb1805,20171120,20171117,210825000,3640.0,126684,2205598,4606648820.0,3641.0,176,3640.0,39
rb1805,20171120,20171117,210825500,3640.0,126752,2205620,4609124040.0,3641.0,182,3640.0,8
rb1805,20171120,20171117,210826000,3640.0,126844,2205650,4612472960.0,3640.0,2,3639.0,381
rb1805,20171120,20171117,210826500,3639.0,126856,2205646,4612909760.0,3640.0,5,3639.0,380
rb1805,20171120,20171117,210827000,3641.0,126892,2205662,4614220180.0,3641.0,199,3640.0,7
rb1805,20171120,20171117,210827500,3641.0,126936,2205692,4615822020.0,3641.0,197,3640.0,54
rb1805,20171120,20171117,210828000,3641.0,126972,2205692,4617132680.0,3641.0,187,3640.0,54
rb1805,20171120,20171117,210828500,3639.0,127092,2205808,4621500600.0,3641.0,191,3640.0,1
rb1805,20171120,20171117,210829000,3640.0,127108,2205818,4622083000.0,3640.0,86,3639.0,336
rb1805,20171120,20171117,210829500,3640.0,127118,2205824,4622447000.0,3640.0,99,3639.0,337
rb1805,20171120,20171117,210830000,3640.0,127230,2205802,4626523640.0,3640.0,106,3639.0,330
rb1805,20171120,20171117,210830500,3640.0,127278,2205760,4628270840.0,3640.0,114,3639.0,330
rb1805,20171120,20171117,210831000,3640.0,127296,2205760,4628925900.0,3640.0,117,3639.0,323
rb1805,20171120,20171117,210831500,3640.0,127550,2205702,4638170900.0,3640.0,31,3639.0,294
rb1805,20171120,20171117,210832000,3640.0,127766,2205698,4646031220.0,3640.0,80,3639.0,190
rb1805,20171120,20171117,210832500,3640.0,128090,2205430,4657824720.0,3641.0,229,3640.0,106
rb1805,20171120,20171117,210833000,3640.0,128416,2205218,4669691140.0,3641.0,231,3640.0,10
rb1805,20171120,20171117,210833500,3640.0,128444,2205226,4670710340.0,3640.0,101,3639.0,140
rb1805,20171120,20171117,210834000,3639.0,128460,2205224,4671292680.0,3640.0,99,3639.0,143
rb1805,20171120,20171117,210834500,3640.0,128684,2205150,4679446440.0,3641.0,227,3640.0,156
rb1805,20171120,20171117,210835000,3640.0,128732,2205148,4681193640.0,3641.0,232,3640.0,135
rb1805,20171120,20171117,210835500,3641.0,128746,2205144,4681703280.0,3641.0,245,3640.0,130
rb1805,20171120,20171117,210836000,3640.0,128748,2205142,4681776080.0,3641.0,264,3640.0,130
rb1805,20171120,20171117,210836500,3641.0,128938,2204986,4688692180.0,3641.0,265,3640.0,67
rb1805,20171120,20171117,210837000,3640.0,129146,2204990,4696263400.0,3641.0,317,3640.0,15
rb1805,20171120,20171117,210837500,3640.0,129182,2204960,4697573800.0,3640.0,39,3639.0,50
rb1805,20171120,20171117,210838000,3640.0,129282,2205022,4701213840.0,3641.0,322,3640.0,155
rb1805,20171120,20171117,210838500,3641.0,129298,2205036,4701796260.0,3641.0,326,3640.0,150
rb1805,20171120,20171117,210839000,3640.0,129364,2205102,4704199260.0,3641.0,297,3640.0,147
rb1805,20171120,20171117,210839500,3640.0,129376,2205112,4704636080.0,3641.0,298,3640.0,161
rb1805,20171120,20171117,210840000,3641.0,129388,2205114,4705072960.0,3641.0,296,3640.0,171
rb1805,20171120,20171117,210840500,3641.0,129402,2205122,4705582660.0,3641.0,293,3640.0,170
rb1805,20171120,20171117,210841000,3640.0,129452,2205172,4707402660.0,3641.0,293,3640.0,146
rb1805,20171120,20171117,210841500,3640.0,130012,2205532,4727790720.0,3641.0,102,3640.0,69
rb1805,20171120,20171117,210842000,3641.0,130044,2205516,4728955840.0,3641.0,88,3640.0,72
rb1805,20171120,20171117,210842500,3640.0,130054,2205516,4729319900.0,3641.0,86,3640.0,78
rb1805,20171120,20171117,210843000,3641.0,130152,2205476,4732887580.0,3641.0,69,3640.0,55
rb1805,20171120,20171117,210843500,3641.0,130212,2205450,4735071980.0,3641.0,54,3640.0,41
rb1805,20171120,20171117,210844000,3640.0,130282,2205440,4737620280.0,3641.0,44,3640.0,24
rb1805,20171120,20171117,210844500,3641.0,130302,2205452,4738348360.0,3641.0,106,3640.0,20
rb1805,20171120,20171117,210845000,3640.0,130398,2205508,4741843120.0,3641.0,131,3640.0,4
rb1805,20171120,20171117,210845500,3640.0,130408,2205504,4742207120.0,3640.0,5,3639.0,193
rb1805,20171120,20171117,210846000,3641.0,130454,2205530,4743881320.0,3641.0,304,3639.0,182
rb1805,20171120,20171117,210846500,3640.0,130462,2205536,4744172520.0,3640.0,1,3639.0,186
rb1805,20171120,20171117,210847000,3640.0,130472,2205538,4744536580.0,3640.0,21,3639.0,197
rb1805,20171120,20171117,210847500,3640.0,130538,2205562,4746939140.0,3641.0,301,3640.0,4
rb1805,20171120,20171117,210848000,3641.0,130544,2205564,4747157580.0,3641.0,304,3640.0,4
rb1805,20171120,20171117,210848500,3640.0,130572,2205562,4748176940.0,3641.0,339,3639.0,196
rb1805,20171120,20171117,210849000,3640.0,130586,2205560,4748686560.0,3641.0,338,3640.0,14
rb1805,20171120,20171117,210849500,3640.0,130586,2205560,4748686560.0,3641.0,351,3640.0,20
rb1805,20171120,20171117,210850000,3641.0,130588,2205560,4748759380.0,3641.0,382,3640.0,23
rb1805,20171120,20171117,210850500,3640.0,130598,2205558,4749123420.0,3641.0,381,3640.0,23
rb1805,20171120,20171117,210851000,3640.0,130606,2205554,4749414660.0,3641.0,383,3640.0,27
rb1805,20171120,20171117,210851500,3640.0,130608,2205552,4749487460.0,3641.0,384,3640.0,37
rb1805,20171120,20171117,210852000,3640.0,130632,2205542,4750361060.0,3641.0,386,3640.0,49
rb1805,20171120,20171117,210852500,3640.0,130736,2205444,4754147680.0,3641.0,336,3640.0,66
rb1805,20171120,20171117,210853000,3640.0,130770,2205460,4755385280.0,3641.0,344,3640.0,55
rb1805,20171120,20171117,210853500,3640.0,130774,2205456,4755530880.0,3641.0,357,3640.0,99
rb1805,20171120,20171117,210854000,3640.0,130802,2205446,4756550240.0,3641.0,302,3640.0,168
rb1805,20171120,20171117,210854500,3641.0,131198,2205104,4770968400.0,3641.0,118,3640.0,167
rb1805,20171120,20171117,210855000,3641.0,131468,2205116,4780799080.0,3641.0,4,3640.0,180
rb1805,20171120,20171117,210855500,3641.0,131498,2205120,4781891400.0,3642.0,1044,3641.0,167
rb1805,20171120,20171117,210856000,3640.0,131840,2205306,4794343600.0,3642.0,1047,3640.0,184
rb1805,20171120,20171117,210856500,3641.0,131956,2205358,4798566180.0,3641.0,11,3640.0,101
rb1805,20171120,20171117,210857000,3641.0,132044,2205296,4801770200.0,3641.0,103,3640.0,93
rb1805,20171120,20171117,210857500,3641.0,132204,2205400,4807594320.0,3641.0,180,3640.0,20
rb1805,20171120,20171117,210858000,3640.0,132516,2205146,4818951120.0,3640.0,20,3639.0,268
rb1805,20171120,20171117,210858500,3640.0,132656,2205062,4824047040.0,3640.0,316,3639.0,226
rb1805,20171120,20171117,210859000,3640.0,132666,2205058,4824411040.0,3640.0,324,3639.0,226
rb1805,20171120,20171117,210859500,3640.0,132706,2205058,4825867040.0,3640.0,309,3639.0,229
rb1805,20171120,20171117,210900000,3640.0,132738,2205038,4827031840.0,3640.0,306,3639.0,228
rb1805,20171120,20171117,210900500,3640.0,132762,2205030,4827905420.0,3640.0,296,3639.0,229
rb1805,20171120,20171117,210901000,3640.0,132830,2205034,4830380540.0,3640.0,300,3639.0,224
rb1805,20171120,20171117,210901500,3640.0,132836,2205032,4830598940.0,3640.0,299,3639.0,224
rb1805,20171120,20171117,210902000,3640.0,132912,2204970,4833365320.0,3640.0,264,3639.0,225
rb1805,20171120,20171117,210902500,3640.0,132998,2204890,4836495720.0,3640.0,228,3639.0,225
rb1805,20171120,20171117,210903000,3640.0,133084,2204888,4839625520.0,3640.0,218,3639.0,201
rb1805,20171120,20171117,210903500,3640.0,133086,2204886,4839698320.0,3640.0,221,3639.0,199
rb1805,20171120,20171117,210904000,3640.0,133102,2204886,4840280720.0,3640.0,215,3639.0,202
rb1805,20171120,20171117,210904500,3640.0,133116,2204874,4840790220.0,3640.0,214,3639.0,198
rb1805,20171120,20171117,210905000,3639.0,133184,2204900,4843264740.0,3640.0,180,3639.0,165
rb1805,20171120,20171117,210905500,3639.0,133194,2204904,4843628700.0,3640.0,188,3639.0,163
rb1805,20171120,20171117,210906000,3640.0,133246,2204900,4845521080.0,3640.0,182,3639.0,148
rb1805,20171120,20171117,210906500,3640.0,133370,2204778,4850034680.0,3640.0,418,3639.0,150
rb1805,20171120,20171117,210907000,3640.0,133396,2204776,4850981060.0,3640.0,720,3639.0,198
rb1805,20171120,20171117,210907500,3639.0,133488,2204786,4854329460.0,3640.0,698,3639.0,136
rb1805,20171120,20171117,210908000,3639.0,133724,2204686,4862917500.0,3640.0,690,3639.0,19
rb1805,20171120,20171117,210908500,3639.0,133788,2204710,4865246460.0,3640.0,709,3639.0,6
rb1805,20171120,20171117,210909000,3639.0,133796,2204710,4865537580.0,3640.0,710,3639.0,3
rb1805,20171120,20171117,210909500,3639.0,133802,2204712,4865755940.0,3640.0,706,3639.0,34
rb1805,20171120,20171117,210910000,3639.0,133806,2204712,4865901500.0,3640.0,706,3639.0,33
rb1805,20171120,20171117,210910500,3639.0,133818,2204722,4866338180.0,3640.0,706,3639.0,40
