instrument,tradingday,calendarday,time,lastp,volume,openinterest,turnover,ask1,asksz1,bid1,bidsz1
rb1805,20170713,20170712,182833500,3213.0,0,83714,0.0,0.0,0,0.0,0
rb1805,20170713,20170712,205900500,3215.0,14,83700,450100.0,3220.0,1,3210.0,1
rb1805,20170713,20170712,210000500,3215.0,14,83700,450100.0,3219.0,2,3210.0,6
rb1805,20170713,20170712,210001000,3215.0,14,83700,450100.0,3217.0,2,3212.0,2
rb1805,20170713,20170712,210001500,3215.0,14,83700,450100.0,3219.0,3,3212.0,6
rb1805,20170713,20170712,210002000,3215.0,14,83700,450100.0,3217.0,10,3212.0,3
rb1805,20170713,20170712,210002500,3216.0,16,83700,514420.0,3216.0,1,3214.0,3
rb1805,20170713,20170712,210003000,3216.0,16,83700,514420.0,3219.0,2,3214.0,10
rb1805,20170713,20170712,210003500,3216.0,16,83700,514420.0,3218.0,10,3214.0,10
rb1805,20170713,20170712,210004000,3216.0,16,83700,514420.0,3219.0,4,3214.0,10
rb1805,20170713,20170712,210004500,3216.0,16,83700,514420.0,3218.0,9,3212.0,3
rb1805,20170713,20170712,210005000,3216.0,16,83700,514420.0,3219.0,4,3214.0,10
rb1805,20170713,20170712,210005500,3216.0,16,83700,514420.0,3217.0,10,3212.0,3
rb1805,20170713,20170712,210006000,3216.0,16,83700,514420.0,3219.0,4,3214.0,10
rb1805,20170713,20170712,210006500,3216.0,16,83700,514420.0,3219.0,14,3214.0,10
rb1805,20170713,20170712,210007000,3216.0,16,83700,514420.0,3219.0,14,3214.0,13
rb1805,20170713,20170712,210008500,3216.0,16,83700,514420.0,3219.0,14,3214.0,13
rb1805,20170713,20170712,210009000,3216.0,16,83700,514420.0,3219.0,14,3214.0,13
rb1805,20170713,20170712,210010000,3216.0,16,83700,514420.0,3219.0,14,3214.0,10
rb1805,20170713,20170712,210010500,3216.0,16,83700,514420.0,3219.0,14,3214.0,10
rb1805,20170713,20170712,210011000,3216.0,16,83700,514420.0,3217.0,1,3214.0,10
rb1805,20170713,20170712,210011500,3216.0,16,83700,514420.0,3217.0,1,3212.0,3
rb1805,20170713,20170712,210012000,3216.0,16,83700,514420.0,3217.0,1,3214.0,10
rb1805,20170713,20170712,210012500,3217.0,20,83702,643040.0,3219.0,15,3214.0,9
rb1805,20170713,20170712,210013000,3217.0,20,83702,643040.0,3219.0,15,3213.0,7
rb1805,20170713,20170712,210013500,3217.0,20,83702,643040.0,3219.0,5,3214.0,10
rb1805,20170713,20170712,210014000,3217.0,20,83702,643040.0,3218.0,10,3213.0,7
rb1805,20170713,20170712,210014500,3217.0,20,83702,643040.0,3219.0,5,3214.0,9
rb1805,20170713,20170712,210015000,3217.0,20,83702,643040.0,3217.0,10,3213.0,7
rb1805,20170713,20170712,210015500,3214.0,22,83702,707320.0,3217.0,10,3214.0,1
rb1805,20170713,20170712,210016000,3214.0,22,83702,707320.0,3216.0,2,3214.0,1
rb1805,20170713,20170712,210016500,3214.0,22,83702,707320.0,3216.0,2,3214.0,10
rb1805,20170713,20170712,210017000,3214.0,22,83702,707320.0,3216.0,2,3214.0,1
rb1805,20170713,20170712,210017500,3214.0,22,83702,707320.0,3216.0,4,3214.0,10
rb1805,20170713,20170712,210018000,3214.0,22,83702,707320.0,3216.0,2,3214.0,1
rb1805,20170713,20170712,210018500,3214.0,22,83702,707320.0,3216.0,2,3214.0,10
rb1805,20170713,20170712,210019000,3214.0,22,83702,707320.0,3216.0,2,3214.0,1
rb1805,20170713,20170712,210019500,3214.0,22,83702,707320.0,3216.0,2,3214.0,10
rb1805,20170713,20170712,210020000,3214.0,24,83704,771600.0,3216.0,2,3214.0,9
rb1805,20170713,20170712,210021000,3214.0,24,83704,771600.0,3216.0,2,3214.0,9
rb1805,20170713,20170712,210021500,3214.0,24,83704,771600.0,3216.0,2,3213.0,7
rb1805,20170713,20170712,210022000,3214.0,24,83704,771600.0,3216.0,2,3213.0,16
rb1805,20170713,20170712,210023000,3214.0,24,83704,771600.0,3216.0,2,3213.0,7
rb1805,20170713,20170712,210023500,3214.0,24,83704,771600.0,3216.0,2,3213.0,16
rb1805,20170713,20170712,210024000,3214.0,24,83704,771600.0,3216.0,2,3213.0,16
rb1805,20170713,20170712,210024500,3214.0,24,83704,771600.0,3216.0,2,3213.0,16
rb1805,20170713,20170712,210025000,3214.0,24,83704,771600.0,3216.0,3,3213.0,7
rb1805,20170713,20170712,210025500,3213.0,26,83706,835860.0,3216.0,3,3213.0,15
rb1805,20170713,20170712,210026000,3213.0,26,83706,835860.0,3216.0,3,3213.0,6
rb1805,20170713,20170712,210026500,3213.0,26,83706,835860.0,3216.0,3,3213.0,15
rb1805,20170713,20170712,210028500,3213.0,26,83706,835860.0,3216.0,3,3213.0,6
rb1805,20170713,20170712,210029000,3213.0,26,83706,835860.0,3216.0,3,3214.0,1
rb1805,20170713,20170712,210029500,3213.0,26,83706,835860.0,3216.0,3,3214.0,1
rb1805,20170713,20170712,210030000,3213.0,26,83706,835860.0,3215.0,1,3214.0,10
rb1805,20170713,20170712,210030500,3213.0,26,83706,835860.0,3215.0,1,3214.0,1
rb1805,20170713,20170712,210031000,3213.0,26,83706,835860.0,3215.0,1,3214.0,10
rb1805,20170713,20170712,210031500,3213.0,26,83706,835860.0,3215.0,1,3214.0,10
rb1805,20170713,20170712,210032000,3213.0,26,83706,835860.0,3215.0,1,3214.0,1
rb1805,20170713,20170712,210032500,3213.0,26,83706,835860.0,3215.0,1,3214.0,10
rb1805,20170713,20170712,210033500,3213.0,26,83706,835860.0,3215.0,1,3214.0,10
rb1805,20170713,20170712,210034000,3215.0,28,83708,900160.0,3216.0,3,3215.0,1
rb1805,20170713,20170712,210034500,3215.0,28,83708,900160.0,3216.0,3,3214.0,10
rb1805,20170713,20170712,210035000,3215.0,28,83708,900160.0,3216.0,3,3214.0,10
rb1805,20170713,20170712,210035500,3215.0,28,83708,900160.0,3215.0,1,3214.0,10
rb1805,20170713,20170712,210036000,3215.0,28,83708,900160.0,3215.0,1,3214.0,10
rb1805,20170713,20170712,210037500,3215.0,28,83708,900160.0,3215.0,1,3214.0,10
rb1805,20170713,20170712,210040500,3215.0,28,83708,900160.0,3215.0,2,3214.0,10
rb1805,20170713,20170712,210041500,3215.0,28,83708,900160.0,3215.0,2,3214.0,10
rb1805,20170713,20170712,210042000,3215.0,28,83708,900160.0,3215.0,2,3214.0,10
rb1805,20170713,20170712,210044000,3215.0,28,83708,900160.0,3215.0,2,3214.0,1
rb1805,20170713,20170712,210044500,3215.0,28,83708,900160.0,3215.0,2,3214.0,5
rb1805,20170713,20170712,210045000,3215.0,28,83708,900160.0,3215.0,2,3214.0,6
rb1805,20170713,20170712,210045500,3215.0,28,83708,900160.0,3215.0,2,3214.0,5
rb1805,20170713,20170712,210046000,3215.0,28,83708,900160.0,3215.0,2,3214.0,10
rb1805,20170713,20170712,210046500,3215.0,28,83708,900160.0,3215.0,2,3214.0,1
rb1805,20170713,20170712,210047000,3215.0,28,83708,900160.0,3215.0,2,3214.0,10
rb1805,20170713,20170712,210047500,3215.0,28,83708,900160.0,3215.0,2,3214.0,1
rb1805,20170713,20170712,210048000,3215.0,28,83708,900160.0,3215.0,2,3214.0,10
rb1805,20170713,20170712,210048500,3215.0,28,83708,900160.0,3215.0,2,3214.0,1
rb1805,20170713,20170712,210049000,3215.0,28,83708,900160.0,3215.0,2,3214.0,10
rb1805,20170713,20170712,210050000,3215.0,28,83708,900160.0,3215.0,2,3214.0,10
rb1805,20170713,20170712,210050500,3215.0,28,83708,900160.0,3215.0,2,3214.0,10
rb1805,20170713,20170712,210051000,3215.0,32,83712,1028760.0,3216.0,1,3214.0,10
rb1805,20170713,20170712,210051500,3215.0,32,83712,1028760.0,3216.0,1,3215.0,1
rb1805,20170713,20170712,210052500,3215.0,32,83712,1028760.0,3216.0,1,3215.0,1
rb1805,20170713,20170712,210053000,3215.0,32,83712,1028760.0,3216.0,1,3215.0,1
rb1805,20170713,20170712,210053500,3215.0,32,83712,1028760.0,3216.0,1,3215.0,10
rb1805,20170713,20170712,210054000,3215.0,32,83712,1028760.0,3216.0,1,3215.0,1
rb1805,20170713,20170712,210054500,3215.0,32,83712,1028760.0,3216.0,1,3215.0,10
rb1805,20170713,20170712,210055000,3215.0,32,83712,1028760.0,3216.0,1,3215.0,1
rb1805,20170713,20170712,210055500,3215.0,32,83712,1028760.0,3216.0,1,3215.0,10
rb1805,20170713,20170712,210056000,3215.0,32,83712,1028760.0,3216.0,3,3215.0,10
rb1805,20170713,20170712,210056500,3215.0,32,83712,1028760.0,3216.0,3,3215.0,10
rb1805,20170713,20170712,210057000,3216.0,38,83714,1221720.0,3218.0,3,3216.0,1
rb1805,20170713,20170712,210057500,3216.0,38,83714,1221720.0,3218.0,3,3215.0,10
rb1805,20170713,20170712,210058000,3216.0,38,83714,1221720.0,3218.0,3,3215.0,10
rb1805,20170713,20170712,210058500,3216.0,38,83714,1221720.0,3218.0,3,3216.0,1
rb1805,20170713,20170712,210059000,3216.0,38,83714,1221720.0,3218.0,3,3216.0,1
rb1805,20170713,20170712,210059500,3216.0,38,83714,1221720.0,3218.0,3,3216.0,1
rb1805,20170713,20170712,210100000,3216.0,38,83714,1221720.0,3218.0,3,3216.0,1
rb1805,20170713,20170712,210101000,3216.0,38,83714,1221720.0,3218.0,3,3216.0,1
rb1805,20170713,20170712,210101500,3216.0,38,83714,1221720.0,3218.0,3,3216.0,1
rb1805,20170713,20170712,210102000,3216.0,38,83714,1221720.0,3218.0,3,3216.0,1
rb1805,20170713,20170712,210102500,3216.0,38,83714,1221720.0,3218.0,4,3216.0,1
rb1805,20170713,20170712,210103000,3216.0,40,83714,1286040.0,3216.0,1,3215.0,10
rb1805,20170713,20170712,210103500,3216.0,42,83714,1350360.0,3218.0,4,3216.0,3
rb1805,20170713,20170712,210104000,3216.0,42,83714,1350360.0,3218.0,4,3215.0,10
rb1805,20170713,20170712,210104500,3216.0,42,83714,1350360.0,3218.0,9,3215.0,16
rb1805,20170713,20170712,210105500,3216.0,42,83714,1350360.0,3218.0,9,3215.0,16
rb1805,20170713,20170712,210106000,3216.0,42,83714,1350360.0,3218.0,9,3215.0,16
rb1805,20170713,20170712,210106500,3216.0,42,83714,1350360.0,3218.0,9,3215.0,16
rb1805,20170713,20170712,210107000,3218.0,44,83716,1414720.0,3218.0,8,3215.0,16
rb1805,20170713,20170712,210107500,3218.0,44,83716,1414720.0,3218.0,8,3216.0,1
rb1805,20170713,20170712,210108500,3218.0,44,83716,1414720.0,3218.0,8,3216.0,1
rb1805,20170713,20170712,210109000,3218.0,44,83716,1414720.0,3218.0,8,3216.0,10
rb1805,20170713,20170712,210110000,3218.0,46,83718,1479080.0,3218.0,2,3216.0,16
rb1805,20170713,20170712,210110500,3218.0,46,83718,1479080.0,3218.0,2,3216.0,7
rb1805,20170713,20170712,210111000,3218.0,46,83718,1479080.0,3218.0,2,3216.0,16
rb1805,20170713,20170712,210111500,3218.0,46,83718,1479080.0,3218.0,2,3216.0,7
rb1805,20170713,20170712,210112000,3218.0,46,83718,1479080.0,3218.0,2,3216.0,16
rb1805,20170713,20170712,210112500,3218.0,46,83718,1479080.0,3218.0,1,3216.0,16
rb1805,20170713,20170712,210113000,3218.0,48,83720,1543440.0,3219.0,3,3216.0,16
rb1805,20170713,20170712,210113500,3218.0,48,83720,1543440.0,3218.0,2,3216.0,16
rb1805,20170713,20170712,210114000,3218.0,50,83720,1607800.0,3218.0,1,3216.0,16
rb1805,20170713,20170712,210114500,3218.0,52,83722,1672160.0,3219.0,8,3218.0,3
rb1805,20170713,20170712,210115000,3218.0,52,83722,1672160.0,3219.0,3,3218.0,3
rb1805,20170713,20170712,210116000,3218.0,52,83722,1672160.0,3219.0,3,3218.0,3
rb1805,20170713,20170712,210116500,3218.0,52,83722,1672160.0,3219.0,3,3218.0,3
rb1805,20170713,20170712,210117000,3218.0,52,83722,1672160.0,3219.0,3,3218.0,1
rb1805,20170713,20170712,210117500,3219.0,58,83726,1865300.0,3220.0,12,3219.0,3
rb1805,20170713,20170712,210118000,3219.0,64,83724,2058440.0,3219.0,2,3218.0,1
rb1805,20170713,20170712,210118500,3219.0,64,83724,2058440.0,3220.0,12,3218.0,1
rb1805,20170713,20170712,210119000,3219.0,64,83724,2058440.0,3220.0,12,3218.0,10
rb1805,20170713,20170712,210119500,3218.0,66,83724,2122800.0,3220.0,12,3218.0,14
rb1805,20170713,20170712,210120000,3218.0,66,83724,2122800.0,3220.0,12,3218.0,14
rb1805,20170713,20170712,210120500,3218.0,66,83724,2122800.0,3220.0,12,3218.0,5
rb1805,20170713,20170712,210121000,3218.0,66,83724,2122800.0,3220.0,12,3218.0,14
rb1805,20170713,20170712,210121500,3218.0,68,83724,2187160.0,3220.0,12,3218.0,4
rb1805,20170713,20170712,210122000,3218.0,68,83724,2187160.0,3220.0,22,3218.0,14
rb1805,20170713,20170712,210123500,3220.0,88,83724,2831160.0,3220.0,12,3218.0,15
rb1805,20170713,20170712,210124000,3220.0,90,83724,2895560.0,3220.0,11,3219.0,2
rb1805,20170713,20170712,210124500,3220.0,110,83724,3539560.0,3220.0,1,3219.0,2
rb1805,20170713,20170712,210125000,3220.0,110,83724,3539560.0,3220.0,1,3219.0,2
rb1805,20170713,20170712,210125500,3219.0,112,83722,3603940.0,3220.0,1,3219.0,10
rb1805,20170713,20170712,210126000,3220.0,114,83722,3668340.0,3221.0,1,3220.0,1
rb1805,20170713,20170712,210126500,3221.0,118,83724,3797180.0,3224.0,5,3219.0,10
rb1805,20170713,20170712,210127000,3221.0,120,83722,3861600.0,3221.0,5,3219.0,14
rb1805,20170713,20170712,210127500,3221.0,124,83720,3990440.0,3221.0,3,3220.0,1
rb1805,20170713,20170712,210128000,3221.0,124,83720,3990440.0,3221.0,3,3220.0,1
rb1805,20170713,20170712,210128500,3221.0,124,83720,3990440.0,3221.0,3,3220.0,1
rb1805,20170713,20170712,210129000,3221.0,128,83720,4119280.0,3221.0,1,3220.0,1
rb1805,20170713,20170712,210129500,3221.0,130,83720,4183700.0,3224.0,10,3220.0,1
rb1805,20170713,20170712,210130000,3223.0,132,83720,4248160.0,3224.0,10,3220.0,14
rb1805,20170713,20170712,210130500,3223.0,132,83720,4248160.0,3224.0,11,3220.0,14
rb1805,20170713,20170712,210131000,3223.0,132,83720,4248160.0,3224.0,11,3221.0,3
rb1805,20170713,20170712,210131500,3223.0,132,83720,4248160.0,3224.0,11,3221.0,7
rb1805,20170713,20170712,210132000,3223.0,132,83720,4248160.0,3224.0,12,3221.0,7
rb1805,20170713,20170712,210132500,3223.0,132,83720,4248160.0,3224.0,12,3221.0,7
rb1805,20170713,20170712,210133000,3223.0,132,83720,4248160.0,3224.0,12,3222.0,2
rb1805,20170713,20170712,210133500,3223.0,132,83720,4248160.0,3224.0,13,3222.0,2
rb1805,20170713,20170712,210134000,3223.0,132,83720,4248160.0,3223.0,1,3222.0,2
rb1805,20170713,20170712,210134500,3222.0,140,83722,4505920.0,3223.0,6,3222.0,7
rb1805,20170713,20170712,210135500,3222.0,140,83722,4505920.0,3223.0,6,3221.0,7
rb1805,20170713,20170712,210136000,3222.0,140,83722,4505920.0,3223.0,6,3221.0,14
rb1805,20170713,20170712,210136500,3222.0,140,83722,4505920.0,3223.0,6,3221.0,7
rb1805,20170713,20170712,210137000,3222.0,140,83722,4505920.0,3223.0,1,3221.0,14
rb1805,20170713,20170712,210137500,3223.0,142,83720,4570380.0,3224.0,14,3221.0,14
rb1805,20170713,20170712,210138000,3223.0,142,83720,4570380.0,3224.0,14,3221.0,14
rb1805,20170713,20170712,210138500,3223.0,142,83720,4570380.0,3224.0,14,3223.0,1
rb1805,20170713,20170712,210139000,3223.0,144,83720,4634840.0,3223.0,1,3221.0,14
rb1805,20170713,20170712,210139500,3221.0,150,83726,4828100.0,3224.0,14,3221.0,4
rb1805,20170713,20170712,210140000,3221.0,150,83726,4828100.0,3223.0,2,3221.0,11
rb1805,20170713,20170712,210140500,3221.0,150,83726,4828100.0,3223.0,7,3221.0,4
rb1805,20170713,20170712,210141000,3221.0,150,83726,4828100.0,3223.0,7,3221.0,11
rb1805,20170713,20170712,210141500,3223.0,152,83726,4892560.0,3223.0,6,3222.0,1
rb1805,20170713,20170712,210142000,3223.0,152,83726,4892560.0,3223.0,1,3222.0,8
rb1805,20170713,20170712,210143000,3223.0,152,83726,4892560.0,3223.0,1,3222.0,8
rb1805,20170713,20170712,210143500,3223.0,152,83726,4892560.0,3223.0,1,3222.0,8
rb1805,20170713,20170712,210144000,3223.0,152,83726,4892560.0,3223.0,1,3222.0,8
rb1805,20170713,20170712,210144500,3223.0,152,83726,4892560.0,3223.0,2,3222.0,8
rb1805,20170713,20170712,210145500,3223.0,152,83726,4892560.0,3223.0,2,3222.0,8
rb1805,20170713,20170712,210146000,3223.0,152,83726,4892560.0,3223.0,2,3222.0,8
rb1805,20170713,20170712,210146500,3223.0,152,83726,4892560.0,3223.0,2,3222.0,8
rb1805,20170713,20170712,210147000,3223.0,152,83726,4892560.0,3223.0,2,3222.0,8
rb1805,20170713,20170712,210148000,3223.0,152,83726,4892560.0,3223.0,2,3222.0,8
rb1805,20170713,20170712,210149000,3222.0,154,83728,4957000.0,3223.0,5,3222.0,7
rb1805,20170713,20170712,210149500,3222.0,156,83728,5021440.0,3223.0,5,3222.0,6
rb1805,20170713,20170712,210150000,3222.0,156,83728,5021440.0,3223.0,5,3222.0,6
rb1805,20170713,20170712,210150500,3222.0,156,83728,5021440.0,3223.0,5,3222.0,7
rb1805,20170713,20170712,210151000,3222.0,156,83728,5021440.0,3223.0,5,3222.0,1
rb1805,20170713,20170712,210151500,3222.0,156,83728,5021440.0,3223.0,5,3222.0,7
rb1805,20170713,20170712,210152000,3223.0,158,83728,5085900.0,3223.0,4,3222.0,7
rb1805,20170713,20170712,210152500,3222.0,166,83728,5343660.0,3223.0,4,3222.0,3
rb1805,20170713,20170712,210153000,3222.0,166,83728,5343660.0,3223.0,4,3222.0,3
rb1805,20170713,20170712,210154000,3222.0,166,83728,5343660.0,3223.0,4,3222.0,3
rb1805,20170713,20170712,210154500,3222.0,166,83728,5343660.0,3223.0,1,3222.0,3
rb1805,20170713,20170712,210155000,3222.0,174,83728,5601420.0,3222.0,16,3221.0,5
rb1805,20170713,20170712,210155500,3222.0,174,83728,5601420.0,3222.0,16,3221.0,1
rb1805,20170713,20170712,210156000,3222.0,174,83728,5601420.0,3222.0,16,3221.0,1
rb1805,20170713,20170712,210157000,3222.0,186,83728,5988060.0,3222.0,10,3221.0,1
rb1805,20170713,20170712,210158000,3222.0,186,83728,5988060.0,3222.0,15,3221.0,1
rb1805,20170713,20170712,210158500,3222.0,186,83728,5988060.0,3222.0,15,3221.0,1
rb1805,20170713,20170712,210159000,3222.0,186,83728,5988060.0,3222.0,15,3221.0,1
rb1805,20170713,20170712,210200500,3222.0,198,83726,6374700.0,3222.0,9,3221.0,1
rb1805,20170713,20170712,210201000,3222.0,198,83726,6374700.0,3222.0,14,3221.0,1
rb1805,20170713,20170712,210201500,3222.0,198,83726,6374700.0,3222.0,9,3221.0,1
rb1805,20170713,20170712,210202500,3221.0,200,83726,6439120.0,3221.0,14,3220.0,7
rb1805,20170713,20170712,210203000,3221.0,200,83726,6439120.0,3221.0,14,3220.0,3
rb1805,20170713,20170712,210203500,3221.0,200,83726,6439120.0,3221.0,14,3220.0,3
rb1805,20170713,20170712,210204000,3221.0,200,83726,6439120.0,3221.0,14,3220.0,3
rb1805,20170713,20170712,210204500,3221.0,200,83726,6439120.0,3221.0,14,3220.0,3
rb1805,20170713,20170712,210205000,3221.0,200,83726,6439120.0,3221.0,14,3220.0,3
rb1805,20170713,20170712,210205500,3221.0,200,83726,6439120.0,3221.0,14,3220.0,3
rb1805,20170713,20170712,210206000,3221.0,200,83726,6439120.0,3221.0,14,3220.0,8
rb1805,20170713,20170712,210206500,3221.0,200,83726,6439120.0,3221.0,15,3220.0,10
rb1805,20170713,20170712,210207000,3221.0,202,83726,6503540.0,3221.0,14,3220.0,5
rb1805,20170713,20170712,210208000,3220.0,204,83726,6567940.0,3221.0,14,3220.0,4
rb1805,20170713,20170712,210208500,3220.0,204,83726,6567940.0,3221.0,14,3220.0,4
rb1805,20170713,20170712,210209000,3220.0,206,83728,6632340.0,3221.0,14,3220.0,3
rb1805,20170713,20170712,210209500,3220.0,206,83728,6632340.0,3221.0,19,3220.0,3
rb1805,20170713,20170712,210210000,3220.0,212,83732,6825540.0,3220.0,1,3219.0,4
rb1805,20170713,20170712,210210500,3220.0,212,83732,6825540.0,3221.0,19,3219.0,4
rb1805,20170713,20170712,210212500,3220.0,212,83732,6825540.0,3221.0,19,3219.0,4
rb1805,20170713,20170712,210213000,3220.0,212,83732,6825540.0,3221.0,24,3219.0,4
rb1805,20170713,20170712,210213500,3220.0,212,83732,6825540.0,3221.0,24,3219.0,4
rb1805,20170713,20170712,210214000,3220.0,212,83732,6825540.0,3221.0,24,3218.0,6
rb1805,20170713,20170712,210214500,3220.0,212,83732,6825540.0,3221.0,24,3218.0,11
rb1805,20170713,20170712,210216500,3220.0,212,83732,6825540.0,3221.0,24,3218.0,11
rb1805,20170713,20170712,210217000,3220.0,212,83732,6825540.0,3221.0,24,3219.0,2
rb1805,20170713,20170712,210217500,3220.0,212,83732,6825540.0,3221.0,24,3219.0,2
rb1805,20170713,20170712,210219000,3220.0,212,83732,6825540.0,3221.0,24,3219.0,2
rb1805,20170713,20170712,210219500,3220.0,212,83732,6825540.0,3220.0,1,3219.0,2
rb1805,20170713,20170712,210220000,3220.0,212,83732,6825540.0,3220.0,4,3219.0,2
rb1805,20170713,20170712,210220500,3220.0,212,83732,6825540.0,3220.0,4,3219.0,2
rb1805,20170713,20170712,210221500,3220.0,212,83732,6825540.0,3220.0,4,3219.0,2
rb1805,20170713,20170712,210222500,3220.0,212,83732,6825540.0,3220.0,4,3219.0,2
rb1805,20170713,20170712,210223000,3220.0,212,83732,6825540.0,3220.0,10,3219.0,2
rb1805,20170713,20170712,210224000,3219.0,214,83734,6889920.0,3220.0,10,3219.0,1
rb1805,20170713,20170712,210224500,3219.0,216,83736,6954300.0,3219.0,7,3218.0,10
rb1805,20170713,20170712,210225000,3218.0,226,83736,7276100.0,3219.0,2,3217.0,2
rb1805,20170713,20170712,210225500,3219.0,228,83736,7340480.0,3219.0,1,3217.0,2
rb1805,20170713,20170712,210226000,3219.0,228,83736,7340480.0,3218.0,1,3217.0,2
rb1805,20170713,20170712,210226500,3219.0,228,83736,7340480.0,3218.0,1,3217.0,2
rb1805,20170713,20170712,210227000,3219.0,230,83736,7404860.0,3219.0,7,3217.0,2
rb1805,20170713,20170712,210229000,3219.0,230,83736,7404860.0,3219.0,7,3217.0,2
rb1805,20170713,20170712,210229500,3219.0,230,83736,7404860.0,3219.0,7,3217.0,2
rb1805,20170713,20170712,210230000,3217.0,234,83734,7533540.0,3217.0,2,3216.0,3
rb1805,20170713,20170712,210230500,3217.0,234,83734,7533540.0,3218.0,2,3216.0,3
rb1805,20170713,20170712,210231000,3217.0,234,83734,7533540.0,3218.0,2,3216.0,3
rb1805,20170713,20170712,210231500,3217.0,234,83734,7533540.0,3218.0,7,3216.0,3
rb1805,20170713,20170712,210232000,3217.0,234,83734,7533540.0,3218.0,12,3216.0,3
rb1805,20170713,20170712,210232500,3217.0,234,83734,7533540.0,3218.0,12,3216.0,3
rb1805,20170713,20170712,210234000,3217.0,234,83734,7533540.0,3218.0,12,3217.0,1
rb1805,20170713,20170712,210234500,3217.0,236,83734,7597880.0,3217.0,1,3216.0,3
rb1805,20170713,20170712,210235000,3217.0,236,83734,7597880.0,3218.0,12,3216.0,3
rb1805,20170713,20170712,210235500,3218.0,238,83734,7662240.0,3218.0,11,3216.0,3
rb1805,20170713,20170712,210236000,3216.0,244,83732,7855200.0,3216.0,2,3215.0,9
rb1805,20170713,20170712,210236500,3216.0,244,83732,7855200.0,3216.0,2,3215.0,9
rb1805,20170713,20170712,210237000,3216.0,244,83732,7855200.0,3216.0,2,3215.0,9
rb1805,20170713,20170712,210238500,3216.0,244,83732,7855200.0,3216.0,2,3215.0,9
rb1805,20170713,20170712,210239000,3216.0,244,83732,7855200.0,3216.0,2,3215.0,9
rb1805,20170713,20170712,210239500,3216.0,244,83732,7855200.0,3216.0,2,3215.0,9
rb1805,20170713,20170712,210240000,3216.0,244,83732,7855200.0,3216.0,7,3215.0,9
rb1805,20170713,20170712,210240500,3215.0,248,83732,7983800.0,3216.0,10,3215.0,7
rb1805,20170713,20170712,210241000,3215.0,252,83736,8112400.0,3216.0,10,3215.0,5
rb1805,20170713,20170712,210241500,3215.0,252,83736,8112400.0,3216.0,10,3215.0,5
rb1805,20170713,20170712,210242000,3215.0,252,83736,8112400.0,3216.0,5,3215.0,5
rb1805,20170713,20170712,210242500,3216.0,254,83734,8176720.0,3216.0,4,3215.0,5
rb1805,20170713,20170712,210243000,3216.0,254,83734,8176720.0,3216.0,4,3215.0,5
rb1805,20170713,20170712,210243500,3216.0,254,83734,8176720.0,3216.0,4,3215.0,5
rb1805,20170713,20170712,210244000,3216.0,254,83734,8176720.0,3216.0,4,3215.0,5
rb1805,20170713,20170712,210244500,3216.0,254,83734,8176720.0,3216.0,1,3215.0,5
rb1805,20170713,20170712,210245000,3215.0,256,83734,8241020.0,3216.0,1,3215.0,4
rb1805,20170713,20170712,210247500,3216.0,258,83734,8305340.0,3218.0,11,3215.0,4
rb1805,20170713,20170712,210248000,3216.0,258,83734,8305340.0,3216.0,1,3215.0,9
rb1805,20170713,20170712,210248500,3216.0,258,83734,8305340.0,3216.0,1,3215.0,9
rb1805,20170713,20170712,210249000,3216.0,258,83734,8305340.0,3216.0,1,3215.0,10
rb1805,20170713,20170712,210249500,3216.0,260,83732,8369660.0,3218.0,11,3215.0,10
rb1805,20170713,20170712,210250000,3216.0,260,83732,8369660.0,3218.0,11,3215.0,9
rb1805,20170713,20170712,210251000,3216.0,260,83732,8369660.0,3218.0,11,3215.0,9
rb1805,20170713,20170712,210251500,3216.0,260,83732,8369660.0,3216.0,1,3215.0,9
rb1805,20170713,20170712,210252000,3216.0,260,83732,8369660.0,3216.0,1,3215.0,4
rb1805,20170713,20170712,210252500,3216.0,260,83732,8369660.0,3216.0,1,3215.0,10
rb1805,20170713,20170712,210253000,3215.0,280,83718,9012660.0,3215.0,3,3214.0,1
rb1805,20170713,20170712,210253500,3215.0,280,83718,9012660.0,3215.0,3,3214.0,1
rb1805,20170713,20170712,210254000,3215.0,280,83718,9012660.0,3215.0,3,3214.0,1
rb1805,20170713,20170712,210255500,3215.0,286,83718,9205560.0,3216.0,2,3215.0,2
rb1805,20170713,20170712,210256500,3215.0,286,83718,9205560.0,3216.0,2,3215.0,2
rb1805,20170713,20170712,210257500,3215.0,286,83718,9205560.0,3216.0,3,3215.0,2
rb1805,20170713,20170712,210259000,3214.0,292,83718,9398440.0,3214.0,4,3213.0,4
rb1805,20170713,20170712,210259500,3214.0,300,83716,9655560.0,3215.0,3,3214.0,5
rb1805,20170713,20170712,210300000,3214.0,300,83716,9655560.0,3215.0,3,3213.0,8
rb1805,20170713,20170712,210300500,3215.0,306,83710,9848460.0,3216.0,3,3213.0,8
rb1805,20170713,20170712,210301000,3215.0,306,83710,9848460.0,3216.0,8,3214.0,1
rb1805,20170713,20170712,210301500,3215.0,306,83710,9848460.0,3216.0,8,3214.0,1
rb1805,20170713,20170712,210302000,3215.0,306,83710,9848460.0,3216.0,8,3214.0,1
rb1805,20170713,20170712,210303000,3215.0,306,83710,9848460.0,3216.0,8,3214.0,1
rb1805,20170713,20170712,210303500,3215.0,306,83710,9848460.0,3216.0,8,3215.0,1
rb1805,20170713,20170712,210304000,3216.0,312,83710,10041420.0,3218.0,10,3216.0,2
rb1805,20170713,20170712,210304500,3216.0,312,83710,10041420.0,3217.0,1,3216.0,2
rb1805,20170713,20170712,210306500,3216.0,312,83710,10041420.0,3217.0,1,3216.0,2
rb1805,20170713,20170712,210307000,3216.0,312,83710,10041420.0,3217.0,1,3216.0,3
rb1805,20170713,20170712,210308000,3216.0,312,83710,10041420.0,3217.0,1,3216.0,3
rb1805,20170713,20170712,210308500,3216.0,312,83710,10041420.0,3217.0,1,3216.0,3
rb1805,20170713,20170712,210309500,3216.0,312,83710,10041420.0,3217.0,1,3216.0,3
rb1805,20170713,20170712,210310000,3216.0,312,83710,10041420.0,3217.0,1,3216.0,3
rb1805,20170713,20170712,210310500,3216.0,312,83710,10041420.0,3217.0,1,3216.0,3
rb1805,20170713,20170712,210311000,3216.0,312,83710,10041420.0,3217.0,1,3216.0,3
rb1805,20170713,20170712,210311500,3216.0,312,83710,10041420.0,3217.0,1,3216.0,3
rb1805,20170713,20170712,210312000,3217.0,314,83710,10105760.0,3218.0,15,3217.0,1
rb1805,20170713,20170712,210312500,3217.0,316,83712,10170100.0,3217.0,2,3216.0,3
rb1805,20170713,20170712,210313000,3217.0,316,83712,10170100.0,3218.0,15,3216.0,3
rb1805,20170713,20170712,210313500,3217.0,316,83712,10170100.0,3218.0,15,3216.0,3
rb1805,20170713,20170712,210315000,3217.0,316,83712,10170100.0,3218.0,15,3216.0,3
rb1805,20170713,20170712,210315500,3217.0,316,83712,10170100.0,3218.0,15,3216.0,3
rb1805,20170713,20170712,210316000,3217.0,316,83712,10170100.0,3218.0,15,3216.0,3
rb1805,20170713,20170712,210316500,3217.0,316,83712,10170100.0,3218.0,15,3216.0,4
rb1805,20170713,20170712,210317000,3217.0,316,83712,10170100.0,3218.0,16,3216.0,4
rb1805,20170713,20170712,210320500,3217.0,316,83712,10170100.0,3218.0,16,3216.0,4
rb1805,20170713,20170712,210321000,3217.0,316,83712,10170100.0,3218.0,16,3216.0,4
rb1805,20170713,20170712,210321500,3217.0,316,83712,10170100.0,3218.0,16,3216.0,4
rb1805,20170713,20170712,210322000,3217.0,316,83712,10170100.0,3218.0,16,3216.0,4
rb1805,20170713,20170712,210322500,3217.0,316,83712,10170100.0,3218.0,20,3216.0,4
rb1805,20170713,20170712,210323500,3217.0,316,83712,10170100.0,3218.0,20,3217.0,1
rb1805,20170713,20170712,210324000,3217.0,318,83714,10234440.0,3217.0,4,3216.0,4
rb1805,20170713,20170712,210324500,3217.0,318,83714,10234440.0,3218.0,19,3216.0,4
rb1805,20170713,20170712,210325000,3217.0,318,83714,10234440.0,3218.0,22,3216.0,4
rb1805,20170713,20170712,210325500,3217.0,318,83714,10234440.0,3218.0,14,3216.0,4
rb1805,20170713,20170712,210327500,3217.0,318,83714,10234440.0,3218.0,14,3216.0,4
rb1805,20170713,20170712,210328000,3217.0,318,83714,10234440.0,3218.0,14,3216.0,4
rb1805,20170713,20170712,210329500,3217.0,318,83714,10234440.0,3217.0,2,3216.0,4
rb1805,20170713,20170712,210330000,3216.0,320,83716,10298760.0,3217.0,2,3216.0,3
rb1805,20170713,20170712,210331000,3216.0,320,83716,10298760.0,3217.0,2,3216.0,3
rb1805,20170713,20170712,210331500,3216.0,320,83716,10298760.0,3217.0,2,3216.0,3
rb1805,20170713,20170712,210333500,3216.0,322,83718,10363080.0,3217.0,2,3216.0,2
rb1805,20170713,20170712,210335000,3216.0,322,83718,10363080.0,3217.0,2,3216.0,2
rb1805,20170713,20170712,210336000,3216.0,322,83718,10363080.0,3217.0,2,3216.0,2
rb1805,20170713,20170712,210337000,3216.0,322,83718,10363080.0,3217.0,2,3216.0,2
rb1805,20170713,20170712,210337500,3216.0,322,83718,10363080.0,3217.0,2,3216.0,2
rb1805,20170713,20170712,210338000,3217.0,324,83720,10427420.0,3217.0,1,3216.0,2
rb1805,20170713,20170712,210339500,3217.0,324,83720,10427420.0,3217.0,1,3216.0,2
rb1805,20170713,20170712,210341000,3217.0,326,83722,10491760.0,3218.0,11,3216.0,2
rb1805,20170713,20170712,210342000,3217.0,326,83722,10491760.0,3218.0,11,3216.0,2
rb1805,20170713,20170712,210343000,3217.0,326,83722,10491760.0,3218.0,11,3216.0,2
rb1805,20170713,20170712,210343500,3217.0,326,83722,10491760.0,3218.0,11,3216.0,2
rb1805,20170713,20170712,210344000,3217.0,326,83722,10491760.0,3218.0,11,3217.0,1
rb1805,20170713,20170712,210344500,3217.0,326,83722,10491760.0,3218.0,11,3217.0,1
rb1805,20170713,20170712,210345000,3217.0,326,83722,10491760.0,3218.0,11,3217.0,1
rb1805,20170713,20170712,210345500,3217.0,326,83722,10491760.0,3218.0,11,3217.0,1
rb1805,20170713,20170712,210346000,3217.0,328,83722,10556100.0,3218.0,11,3216.0,2
rb1805,20170713,20170712,210347000,3217.0,328,83722,10556100.0,3218.0,11,3216.0,2
rb1805,20170713,20170712,210347500,3217.0,328,83722,10556100.0,3218.0,11,3216.0,2
rb1805,20170713,20170712,210348000,3218.0,330,83724,10620460.0,3218.0,10,3217.0,1
rb1805,20170713,20170712,210349500,3218.0,330,83724,10620460.0,3218.0,10,3217.0,1
rb1805,20170713,20170712,210350000,3218.0,330,83724,10620460.0,3218.0,10,3217.0,1
rb1805,20170713,20170712,210350500,3218.0,330,83724,10620460.0,3218.0,10,3217.0,1
rb1805,20170713,20170712,210351000,3218.0,332,83726,10684820.0,3218.0,9,3217.0,1
rb1805,20170713,20170712,210351500,3216.0,336,83726,10813480.0,3218.0,9,3216.0,1
rb1805,20170713,20170712,210352500,3216.0,336,83726,10813480.0,3218.0,9,3216.0,1
rb1805,20170713,20170712,210353000,3216.0,336,83726,10813480.0,3218.0,9,3216.0,1
rb1805,20170713,20170712,210354500,3216.0,336,83726,10813480.0,3218.0,9,3216.0,1
rb1805,20170713,20170712,210355000,3216.0,336,83726,10813480.0,3218.0,14,3216.0,1
rb1805,20170713,20170712,210356000,3216.0,336,83726,10813480.0,3218.0,14,3216.0,3
rb1805,20170713,20170712,210356500,3216.0,336,83726,10813480.0,3218.0,14,3216.0,3
rb1805,20170713,20170712,210357000,3216.0,336,83726,10813480.0,3218.0,14,3216.0,3
rb1805,20170713,20170712,210357500,3216.0,336,83726,10813480.0,3218.0,14,3216.0,3
rb1805,20170713,20170712,210358000,3216.0,336,83726,10813480.0,3218.0,14,3217.0,1
rb1805,20170713,20170712,210358500,3216.0,336,83726,10813480.0,3218.0,9,3217.0,1
rb1805,20170713,20170712,210359500,3216.0,336,83726,10813480.0,3218.0,9,3217.0,1
rb1805,20170713,20170712,210400000,3216.0,336,83726,10813480.0,3218.0,9,3217.0,1
rb1805,20170713,20170712,210401000,3216.0,336,83726,10813480.0,3218.0,9,3217.0,1
rb1805,20170713,20170712,210402000,3216.0,336,83726,10813480.0,3218.0,9,3217.0,1
rb1805,20170713,20170712,210403000,3216.0,336,83726,10813480.0,3218.0,9,3217.0,1
rb1805,20170713,20170712,210405000,3216.0,336,83726,10813480.0,3218.0,9,3217.0,1
rb1805,20170713,20170712,210406000,3216.0,336,83726,10813480.0,3218.0,9,3217.0,1
rb1805,20170713,20170712,210406500,3216.0,336,83726,10813480.0,3218.0,9,3217.0,1
rb1805,20170713,20170712,210408000,3216.0,336,83726,10813480.0,3218.0,9,3217.0,1
rb1805,20170713,20170712,210408500,3216.0,336,83726,10813480.0,3218.0,9,3217.0,1
rb1805,20170713,20170712,210409000,3216.0,336,83726,10813480.0,3218.0,9,3217.0,1
rb1805,20170713,20170712,210410000,3216.0,336,83726,10813480.0,3218.0,9,3217.0,1
rb1805,20170713,20170712,210411000,3216.0,336,83726,10813480.0,3218.0,9,3217.0,1
rb1805,20170713,20170712,210412500,3216.0,336,83726,10813480.0,3218.0,9,3217.0,1
rb1805,20170713,20170712,210413000,3216.0,336,83726,10813480.0,3218.0,9,3217.0,1
rb1805,20170713,20170712,210413500,3216.0,336,83726,10813480.0,3218.0,9,3217.0,1
rb1805,20170713,20170712,210414000,3216.0,336,83726,10813480.0,3218.0,9,3217.0,1
rb1805,20170713,20170712,210414500,3216.0,336,83726,10813480.0,3218.0,9,3217.0,1
rb1805,20170713,20170712,210415500,3216.0,336,83726,10813480.0,3218.0,9,3217.0,1
rb1805,20170713,20170712,210417000,3216.0,336,83726,10813480.0,3218.0,9,3217.0,1
rb1805,20170713,20170712,210417500,3216.0,336,83726,10813480.0,3218.0,9,3217.0,1
rb1805,20170713,20170712,210418000,3216.0,336,83726,10813480.0,3218.0,9,3217.0,1
rb1805,20170713,20170712,210418500,3216.0,336,83726,10813480.0,3218.0,9,3217.0,1
rb1805,20170713,20170712,210419000,3216.0,336,83726,10813480.0,3218.0,9,3217.0,1
rb1805,20170713,20170712,210419500,3216.0,336,83726,10813480.0,3218.0,9,3217.0,1
rb1805,20170713,20170712,210421500,3216.0,336,83726,10813480.0,3218.0,9,3217.0,1
rb1805,20170713,20170712,210422000,3216.0,336,83726,10813480.0,3218.0,9,3217.0,1
rb1805,20170713,20170712,210424000,3218.0,346,83736,11135280.0,3218.0,4,3217.0,1
rb1805,20170713,20170712,210424500,3218.0,346,83736,11135280.0,3218.0,4,3217.0,2
rb1805,20170713,20170712,210428500,3218.0,346,83736,11135280.0,3218.0,4,3217.0,2
rb1805,20170713,20170712,210429000,3218.0,346,83736,11135280.0,3218.0,4,3217.0,2
rb1805,20170713,20170712,210431500,3218.0,354,83742,11392720.0,3219.0,11,3217.0,2
rb1805,20170713,20170712,210432000,3218.0,354,83742,11392720.0,3219.0,11,3217.0,2
rb1805,20170713,20170712,210433000,3218.0,354,83742,11392720.0,3219.0,11,3217.0,2
rb1805,20170713,20170712,210434500,3218.0,354,83742,11392720.0,3219.0,11,3217.0,2
rb1805,20170713,20170712,210435000,3218.0,354,83742,11392720.0,3219.0,11,3217.0,2
rb1805,20170713,20170712,210436500,3218.0,354,83742,11392720.0,3219.0,11,3217.0,2
rb1805,20170713,20170712,210437000,3218.0,354,83742,11392720.0,3219.0,11,3217.0,2
rb1805,20170713,20170712,210438000,3218.0,354,83742,11392720.0,3219.0,11,3217.0,3
rb1805,20170713,20170712,210438500,3219.0,356,83744,11457100.0,3219.0,10,3217.0,3
rb1805,20170713,20170712,210439500,3219.0,356,83744,11457100.0,3219.0,10,3217.0,3
rb1805,20170713,20170712,210441000,3219.0,356,83744,11457100.0,3219.0,10,3217.0,2
rb1805,20170713,20170712,210444000,3219.0,356,83744,11457100.0,3219.0,10,3217.0,2
rb1805,20170713,20170712,210444500,3219.0,356,83744,11457100.0,3219.0,10,3217.0,2
rb1805,20170713,20170712,210445000,3219.0,358,83746,11521480.0,3219.0,9,3217.0,2
rb1805,20170713,20170712,210446000,3219.0,358,83746,11521480.0,3219.0,9,3218.0,1
rb1805,20170713,20170712,210446500,3219.0,358,83746,11521480.0,3219.0,9,3218.0,1
rb1805,20170713,20170712,210447000,3219.0,358,83746,11521480.0,3219.0,9,3218.0,1
rb1805,20170713,20170712,210447500,3219.0,358,83746,11521480.0,3219.0,9,3218.0,1
rb1805,20170713,20170712,210448500,3219.0,360,83748,11585860.0,3219.0,8,3218.0,1
rb1805,20170713,20170712,210451000,3219.0,360,83748,11585860.0,3219.0,6,3218.0,1
rb1805,20170713,20170712,210453000,3219.0,362,83748,11650240.0,3219.0,5,3218.0,1
rb1805,20170713,20170712,210453500,3219.0,364,83748,11714620.0,3219.0,4,3218.0,1
rb1805,20170713,20170712,210454000,3219.0,364,83748,11714620.0,3219.0,4,3218.0,1
rb1805,20170713,20170712,210454500,3218.0,366,83748,11778980.0,3219.0,4,3217.0,3
rb1805,20170713,20170712,210456500,3218.0,366,83748,11778980.0,3219.0,4,3217.0,3
rb1805,20170713,20170712,210457000,3218.0,366,83748,11778980.0,3219.0,4,3217.0,4
rb1805,20170713,20170712,210458000,3218.0,366,83748,11778980.0,3219.0,4,3217.0,3
rb1805,20170713,20170712,210500000,3219.0,368,83748,11843360.0,3219.0,3,3217.0,3
rb1805,20170713,20170712,210501000,3219.0,368,83748,11843360.0,3219.0,3,3217.0,3
rb1805,20170713,20170712,210501500,3219.0,368,83748,11843360.0,3219.0,3,3217.0,3
rb1805,20170713,20170712,210502000,3219.0,368,83748,11843360.0,3219.0,3,3217.0,3
rb1805,20170713,20170712,210502500,3217.0,374,83754,12036380.0,3219.0,3,3216.0,5
rb1805,20170713,20170712,210503000,3217.0,374,83754,12036380.0,3219.0,8,3217.0,2
rb1805,20170713,20170712,210504000,3217.0,374,83754,12036380.0,3219.0,8,3218.0,1
rb1805,20170713,20170712,210506000,3218.0,376,83756,12100740.0,3219.0,8,3217.0,2
rb1805,20170713,20170712,210511000,3218.0,376,83756,12100740.0,3219.0,8,3217.0,3
rb1805,20170713,20170712,210513000,3218.0,376,83756,12100740.0,3219.0,8,3218.0,5
rb1805,20170713,20170712,210514000,3218.0,376,83756,12100740.0,3219.0,8,3218.0,5
rb1805,20170713,20170712,210514500,3219.0,392,83756,12615780.0,3220.0,4,3219.0,4
rb1805,20170713,20170712,210515000,3219.0,392,83756,12615780.0,3220.0,4,3219.0,2
rb1805,20170713,20170712,210515500,3219.0,392,83756,12615780.0,3220.0,4,3219.0,2
rb1805,20170713,20170712,210516000,3219.0,392,83756,12615780.0,3220.0,4,3218.0,9
rb1805,20170713,20170712,210516500,3219.0,392,83756,12615780.0,3220.0,4,3218.0,9
rb1805,20170713,20170712,210517000,3219.0,392,83756,12615780.0,3220.0,4,3218.0,14
rb1805,20170713,20170712,210518000,3219.0,392,83756,12615780.0,3220.0,4,3218.0,14
rb1805,20170713,20170712,210518500,3219.0,392,83756,12615780.0,3220.0,4,3218.0,14
rb1805,20170713,20170712,210519000,3219.0,392,83756,12615780.0,3220.0,4,3218.0,14
rb1805,20170713,20170712,210519500,3219.0,392,83756,12615780.0,3220.0,4,3218.0,14
rb1805,20170713,20170712,210520000,3219.0,392,83756,12615780.0,3220.0,4,3218.0,14
rb1805,20170713,20170712,210520500,3219.0,394,83756,12680160.0,3219.0,1,3218.0,14
rb1805,20170713,20170712,210521000,3219.0,396,83754,12744540.0,3220.0,4,3219.0,5
rb1805,20170713,20170712,210521500,3219.0,396,83754,12744540.0,3220.0,4,3218.0,10
rb1805,20170713,20170712,210522500,3219.0,396,83754,12744540.0,3220.0,4,3218.0,10
rb1805,20170713,20170712,210523000,3219.0,396,83754,12744540.0,3220.0,4,3218.0,10
rb1805,20170713,20170712,210524000,3220.0,406,83744,13066500.0,3220.0,1,3219.0,10
rb1805,20170713,20170712,210524500,3220.0,406,83744,13066500.0,3220.0,1,3219.0,10
rb1805,20170713,20170712,210525000,3220.0,406,83744,13066500.0,3220.0,1,3219.0,10
rb1805,20170713,20170712,210525500,3220.0,406,83744,13066500.0,3220.0,1,3219.0,10
rb1805,20170713,20170712,210526000,3220.0,406,83744,13066500.0,3220.0,1,3219.0,10
rb1805,20170713,20170712,210526500,3220.0,406,83744,13066500.0,3220.0,1,3219.0,10
rb1805,20170713,20170712,210527000,3220.0,406,83744,13066500.0,3220.0,3,3219.0,10
rb1805,20170713,20170712,210528500,3220.0,406,83744,13066500.0,3220.0,4,3219.0,10
rb1805,20170713,20170712,210529500,3219.0,414,83744,13324060.0,3220.0,4,3219.0,8
rb1805,20170713,20170712,210530000,3219.0,414,83744,13324060.0,3220.0,4,3219.0,8
rb1805,20170713,20170712,210530500,3219.0,414,83744,13324060.0,3220.0,4,3219.0,8
rb1805,20170713,20170712,210532000,3219.0,418,83744,13452820.0,3220.0,14,3219.0,6
rb1805,20170713,20170712,210532500,3220.0,428,83744,13774820.0,3220.0,9,3219.0,6
rb1805,20170713,20170712,210533000,3220.0,436,83744,14032420.0,3220.0,5,3219.0,6
rb1805,20170713,20170712,210533500,3219.0,440,83744,14161180.0,3220.0,5,3219.0,4
rb1805,20170713,20170712,210534000,3220.0,442,83742,14225580.0,3220.0,4,3219.0,4
rb1805,20170713,20170712,210534500,3220.0,442,83742,14225580.0,3220.0,4,3219.0,4
rb1805,20170713,20170712,210536000,3220.0,442,83742,14225580.0,3220.0,4,3219.0,4
rb1805,20170713,20170712,210536500,3220.0,442,83742,14225580.0,3220.0,4,3219.0,4
rb1805,20170713,20170712,210537000,3220.0,444,83742,14289980.0,3220.0,3,3219.0,4
rb1805,20170713,20170712,210540000,3219.0,448,83742,14418740.0,3220.0,3,3219.0,2
rb1805,20170713,20170712,210541500,3219.0,452,83742,14547500.0,3220.0,3,3218.0,5
rb1805,20170713,20170712,210543000,3220.0,458,83736,14740700.0,3221.0,1,3220.0,3
rb1805,20170713,20170712,210543500,3221.0,460,83736,14805120.0,3222.0,2,3221.0,2
rb1805,20170713,20170712,210544000,3221.0,460,83736,14805120.0,3222.0,2,3218.0,11
rb1805,20170713,20170712,210544500,3221.0,460,83736,14805120.0,3221.0,11,3220.0,3
rb1805,20170713,20170712,210545000,3221.0,460,83736,14805120.0,3222.0,4,3220.0,3
rb1805,20170713,20170712,210545500,3221.0,460,83736,14805120.0,3222.0,5,3219.0,2
rb1805,20170713,20170712,210547500,3221.0,460,83736,14805120.0,3222.0,5,3219.0,7
rb1805,20170713,20170712,210548500,3221.0,460,83736,14805120.0,3221.0,2,3219.0,7
rb1805,20170713,20170712,210549500,3221.0,460,83736,14805120.0,3221.0,2,3219.0,7
rb1805,20170713,20170712,210550000,3221.0,460,83736,14805120.0,3221.0,2,3219.0,7
rb1805,20170713,20170712,210550500,3221.0,460,83736,14805120.0,3220.0,1,3219.0,7
rb1805,20170713,20170712,210551500,3221.0,460,83736,14805120.0,3220.0,1,3219.0,2
rb1805,20170713,20170712,210552000,3221.0,460,83736,14805120.0,3221.0,2,3219.0,2
rb1805,20170713,20170712,210552500,3221.0,460,83736,14805120.0,3221.0,2,3219.0,2
rb1805,20170713,20170712,210553000,3221.0,460,83736,14805120.0,3221.0,3,3219.0,2
rb1805,20170713,20170712,210553500,3221.0,460,83736,14805120.0,3221.0,2,3219.0,2
rb1805,20170713,20170712,210554000,3220.0,462,83736,14869520.0,3221.0,2,3220.0,2
rb1805,20170713,20170712,210554500,3220.0,462,83736,14869520.0,3221.0,2,3220.0,2
rb1805,20170713,20170712,210555000,3220.0,462,83736,14869520.0,3221.0,2,3220.0,2
rb1805,20170713,20170712,210556000,3221.0,464,83736,14933940.0,3221.0,1,3220.0,2
rb1805,20170713,20170712,210556500,3221.0,464,83736,14933940.0,3221.0,1,3220.0,2
rb1805,20170713,20170712,210557000,3221.0,464,83736,14933940.0,3221.0,2,3220.0,2
rb1805,20170713,20170712,210557500,3221.0,464,83736,14933940.0,3221.0,1,3220.0,2
rb1805,20170713,20170712,210558500,3221.0,464,83736,14933940.0,3221.0,3,3220.0,2
rb1805,20170713,20170712,210559500,3221.0,464,83736,14933940.0,3221.0,5,3219.0,3
rb1805,20170713,20170712,210600500,3221.0,464,83736,14933940.0,3221.0,3,3220.0,3
rb1805,20170713,20170712,210601000,3221.0,464,83736,14933940.0,3221.0,2,3220.0,3
rb1805,20170713,20170712,210601500,3221.0,464,83736,14933940.0,3221.0,1,3220.0,3
rb1805,20170713,20170712,210602000,3221.0,466,83734,14998360.0,3222.0,5,3221.0,5
rb1805,20170713,20170712,210602500,3221.0,466,83734,14998360.0,3222.0,6,3220.0,3
rb1805,20170713,20170712,210603000,3221.0,466,83734,14998360.0,3222.0,5,3220.0,3
rb1805,20170713,20170712,210603500,3221.0,466,83734,14998360.0,3222.0,5,3220.0,4
rb1805,20170713,20170712,210604000,3220.0,468,83734,15062760.0,3222.0,5,3220.0,3
rb1805,20170713,20170712,210604500,3220.0,468,83734,15062760.0,3221.0,2,3220.0,3
rb1805,20170713,20170712,210606500,3220.0,468,83734,15062760.0,3221.0,2,3220.0,3
rb1805,20170713,20170712,210607000,3220.0,468,83734,15062760.0,3221.0,2,3220.0,3
rb1805,20170713,20170712,210607500,3220.0,468,83734,15062760.0,3221.0,2,3220.0,3
rb1805,20170713,20170712,210608000,3220.0,468,83734,15062760.0,3221.0,2,3220.0,3
rb1805,20170713,20170712,210608500,3220.0,468,83734,15062760.0,3221.0,2,3220.0,3
rb1805,20170713,20170712,210609000,3220.0,468,83734,15062760.0,3221.0,2,3220.0,1
rb1805,20170713,20170712,210610500,3221.0,470,83734,15127180.0,3221.0,1,3220.0,1
rb1805,20170713,20170712,210611500,3221.0,470,83734,15127180.0,3221.0,1,3220.0,1
rb1805,20170713,20170712,210612000,3221.0,470,83734,15127180.0,3221.0,1,3220.0,1
rb1805,20170713,20170712,210612500,3221.0,470,83734,15127180.0,3221.0,1,3220.0,1
rb1805,20170713,20170712,210613000,3221.0,472,83734,15191600.0,3222.0,5,3220.0,1
rb1805,20170713,20170712,210613500,3221.0,472,83734,15191600.0,3222.0,5,3221.0,3
rb1805,20170713,20170712,210614500,3221.0,472,83734,15191600.0,3222.0,3,3221.0,3
rb1805,20170713,20170712,210615000,3221.0,476,83734,15320440.0,3222.0,3,3221.0,1
rb1805,20170713,20170712,210616000,3222.0,480,83734,15449320.0,3222.0,1,3221.0,1
rb1805,20170713,20170712,210616500,3222.0,482,83734,15513760.0,3223.0,4,3221.0,6
rb1805,20170713,20170712,210618000,3222.0,482,83734,15513760.0,3222.0,2,3221.0,6
rb1805,20170713,20170712,210620000,3222.0,482,83734,15513760.0,3222.0,2,3221.0,6
rb1805,20170713,20170712,210620500,3222.0,482,83734,15513760.0,3222.0,4,3221.0,6
rb1805,20170713,20170712,210621000,3222.0,482,83734,15513760.0,3222.0,4,3221.0,1
rb1805,20170713,20170712,210622500,3222.0,482,83734,15513760.0,3222.0,4,3221.0,1
rb1805,20170713,20170712,210623000,3222.0,482,83734,15513760.0,3222.0,4,3221.0,1
rb1805,20170713,20170712,210624000,3222.0,482,83734,15513760.0,3222.0,4,3221.0,1
rb1805,20170713,20170712,210625000,3222.0,482,83734,15513760.0,3222.0,5,3221.0,1
rb1805,20170713,20170712,210625500,3222.0,482,83734,15513760.0,3222.0,3,3221.0,1
rb1805,20170713,20170712,210626000,3221.0,486,83734,15642600.0,3222.0,3,3220.0,2
rb1805,20170713,20170712,210626500,3222.0,490,83734,15771480.0,3223.0,3,3220.0,7
rb1805,20170713,20170712,210627000,3222.0,490,83734,15771480.0,3223.0,5,3221.0,2
rb1805,20170713,20170712,210627500,3222.0,490,83734,15771480.0,3223.0,5,3221.0,2
rb1805,20170713,20170712,210628500,3222.0,490,83734,15771480.0,3222.0,2,3221.0,2
rb1805,20170713,20170712,210629000,3222.0,494,83730,15900360.0,3223.0,5,3221.0,2
rb1805,20170713,20170712,210630000,3222.0,494,83730,15900360.0,3223.0,5,3221.0,2
rb1805,20170713,20170712,210630500,3223.0,498,83732,16029280.0,3223.0,3,3221.0,2
rb1805,20170713,20170712,210631000,3223.0,498,83732,16029280.0,3223.0,3,3221.0,2
rb1805,20170713,20170712,210632000,3223.0,498,83732,16029280.0,3223.0,4,3221.0,2
rb1805,20170713,20170712,210633000,3223.0,498,83732,16029280.0,3223.0,4,3221.0,2
rb1805,20170713,20170712,210633500,3223.0,498,83732,16029280.0,3223.0,4,3221.0,3
rb1805,20170713,20170712,210634500,3223.0,498,83732,16029280.0,3223.0,4,3222.0,1
rb1805,20170713,20170712,210635000,3223.0,498,83732,16029280.0,3223.0,2,3222.0,1
rb1805,20170713,20170712,210637000,3223.0,498,83732,16029280.0,3223.0,2,3222.0,1
rb1805,20170713,20170712,210637500,3223.0,498,83732,16029280.0,3223.0,2,3222.0,2
rb1805,20170713,20170712,210638000,3223.0,498,83732,16029280.0,3223.0,2,3222.0,2
rb1805,20170713,20170712,210638500,3222.0,502,83732,16158160.0,3222.0,3,3221.0,3
rb1805,20170713,20170712,210639000,3223.0,512,83736,16480400.0,3224.0,6,3222.0,3
rb1805,20170713,20170712,210639500,3223.0,512,83736,16480400.0,3224.0,6,3222.0,4
rb1805,20170713,20170712,210640500,3223.0,512,83736,16480400.0,3224.0,6,3222.0,4
rb1805,20170713,20170712,210641000,3223.0,512,83736,16480400.0,3224.0,6,3222.0,4
rb1805,20170713,20170712,210641500,3223.0,512,83736,16480400.0,3223.0,1,3222.0,5
rb1805,20170713,20170712,210642000,3223.0,512,83736,16480400.0,3223.0,1,3222.0,5
rb1805,20170713,20170712,210642500,3223.0,514,83736,16544860.0,3224.0,7,3223.0,1
rb1805,20170713,20170712,210643000,3223.0,514,83736,16544860.0,3224.0,7,3222.0,5
rb1805,20170713,20170712,210643500,3223.0,514,83736,16544860.0,3224.0,7,3222.0,5
rb1805,20170713,20170712,210644500,3224.0,516,83736,16609340.0,3224.0,6,3222.0,7
rb1805,20170713,20170712,210645000,3224.0,516,83736,16609340.0,3224.0,6,3222.0,7
rb1805,20170713,20170712,210645500,3224.0,516,83736,16609340.0,3224.0,6,3222.0,7
rb1805,20170713,20170712,210646000,3224.0,516,83736,16609340.0,3224.0,6,3222.0,7
rb1805,20170713,20170712,210647000,3224.0,516,83736,16609340.0,3224.0,6,3222.0,7
rb1805,20170713,20170712,210647500,3224.0,516,83736,16609340.0,3224.0,6,3222.0,7
rb1805,20170713,20170712,210649500,3222.0,518,83736,16673780.0,3224.0,6,3222.0,6
rb1805,20170713,20170712,210650000,3222.0,518,83736,16673780.0,3224.0,6,3222.0,6
rb1805,20170713,20170712,210650500,3222.0,518,83736,16673780.0,3224.0,6,3222.0,6
rb1805,20170713,20170712,210651500,3222.0,518,83736,16673780.0,3224.0,6,3222.0,6
rb1805,20170713,20170712,210652000,3222.0,518,83736,16673780.0,3224.0,5,3222.0,6
rb1805,20170713,20170712,210652500,3222.0,518,83736,16673780.0,3224.0,5,3222.0,7
rb1805,20170713,20170712,210653000,3222.0,518,83736,16673780.0,3224.0,5,3222.0,7
rb1805,20170713,20170712,210653500,3222.0,518,83736,16673780.0,3224.0,5,3222.0,6
rb1805,20170713,20170712,210654000,3222.0,518,83736,16673780.0,3224.0,7,3222.0,6
rb1805,20170713,20170712,210654500,3222.0,518,83736,16673780.0,3224.0,8,3222.0,6
rb1805,20170713,20170712,210655000,3222.0,518,83736,16673780.0,3224.0,8,3222.0,7
rb1805,20170713,20170712,210655500,3222.0,518,83736,16673780.0,3224.0,8,3222.0,6
rb1805,20170713,20170712,210656000,3222.0,518,83736,16673780.0,3224.0,8,3222.0,7
rb1805,20170713,20170712,210656500,3222.0,518,83736,16673780.0,3224.0,8,3222.0,4
rb1805,20170713,20170712,210657500,3222.0,518,83736,16673780.0,3224.0,7,3222.0,4
rb1805,20170713,20170712,210658500,3224.0,524,83736,16867220.0,3224.0,4,3222.0,4
rb1805,20170713,20170712,210659500,3224.0,524,83736,16867220.0,3224.0,2,3222.0,9
rb1805,20170713,20170712,210700000,3224.0,524,83736,16867220.0,3224.0,2,3222.0,10
rb1805,20170713,20170712,210700500,3224.0,524,83736,16867220.0,3224.0,3,3222.0,10
rb1805,20170713,20170712,210701000,3224.0,524,83736,16867220.0,3224.0,5,3222.0,9
rb1805,20170713,20170712,210702000,3224.0,524,83736,16867220.0,3224.0,5,3222.0,10
rb1805,20170713,20170712,210704000,3224.0,524,83736,16867220.0,3224.0,3,3222.0,10
rb1805,20170713,20170712,210704500,3224.0,524,83736,16867220.0,3223.0,1,3222.0,10
rb1805,20170713,20170712,210705000,3224.0,534,83740,17189620.0,3225.0,10,3224.0,1
rb1805,20170713,20170712,210705500,3224.0,546,83752,17576500.0,3225.0,10,3223.0,2
rb1805,20170713,20170712,210706000,3224.0,546,83752,17576500.0,3225.0,10,3222.0,7
rb1805,20170713,20170712,210706500,3224.0,546,83752,17576500.0,3225.0,10,3223.0,7
rb1805,20170713,20170712,210707000,3224.0,546,83752,17576500.0,3225.0,10,3223.0,8
rb1805,20170713,20170712,210707500,3224.0,546,83752,17576500.0,3225.0,10,3223.0,7
rb1805,20170713,20170712,210708000,3224.0,546,83752,17576500.0,3225.0,10,3223.0,8
rb1805,20170713,20170712,210709000,3224.0,546,83752,17576500.0,3225.0,11,3223.0,7
rb1805,20170713,20170712,210711000,3224.0,546,83752,17576500.0,3225.0,12,3223.0,7
rb1805,20170713,20170712,210711500,3224.0,546,83752,17576500.0,3225.0,12,3223.0,7
rb1805,20170713,20170712,210712000,3224.0,546,83752,17576500.0,3225.0,12,3223.0,7
rb1805,20170713,20170712,210712500,3224.0,546,83752,17576500.0,3225.0,12,3224.0,4
rb1805,20170713,20170712,210713000,3224.0,546,83752,17576500.0,3225.0,12,3224.0,4
rb1805,20170713,20170712,210714000,3225.0,548,83752,17641000.0,3225.0,11,3224.0,4
rb1805,20170713,20170712,210714500,3225.0,548,83752,17641000.0,3225.0,11,3224.0,4
rb1805,20170713,20170712,210715000,3225.0,566,83756,18221400.0,3225.0,7,3223.0,7
rb1805,20170713,20170712,210715500,3225.0,566,83756,18221400.0,3225.0,7,3223.0,8
rb1805,20170713,20170712,210716000,3225.0,566,83756,18221400.0,3225.0,7,3223.0,7
rb1805,20170713,20170712,210717500,3226.0,582,83762,18737420.0,3228.0,9,3224.0,1
rb1805,20170713,20170712,210718000,3226.0,582,83762,18737420.0,3225.0,3,3224.0,5
rb1805,20170713,20170712,210718500,3226.0,582,83762,18737420.0,3225.0,3,3223.0,7
rb1805,20170713,20170712,210719000,3226.0,582,83762,18737420.0,3225.0,3,3223.0,7
rb1805,20170713,20170712,210719500,3226.0,582,83762,18737420.0,3225.0,3,3223.0,7
rb1805,20170713,20170712,210720000,3226.0,584,83762,18801940.0,3225.0,2,3223.0,7
rb1805,20170713,20170712,210720500,3226.0,584,83762,18801940.0,3225.0,2,3223.0,2
rb1805,20170713,20170712,210722000,3225.0,586,83762,18866440.0,3225.0,1,3223.0,2
rb1805,20170713,20170712,210723500,3225.0,586,83762,18866440.0,3225.0,1,3223.0,2
rb1805,20170713,20170712,210724000,3225.0,588,83762,18930940.0,3228.0,12,3222.0,35
rb1805,20170713,20170712,210724500,3225.0,590,83762,18995440.0,3227.0,1,3222.0,33
rb1805,20170713,20170712,210725000,3225.0,590,83762,18995440.0,3227.0,1,3222.0,35
rb1805,20170713,20170712,210725500,3225.0,590,83762,18995440.0,3227.0,1,3225.0,1
rb1805,20170713,20170712,210726000,3225.0,590,83762,18995440.0,3226.0,3,3225.0,1
rb1805,20170713,20170712,210726500,3225.0,590,83762,18995440.0,3226.0,3,3225.0,1
rb1805,20170713,20170712,210727000,3225.0,590,83762,18995440.0,3226.0,3,3225.0,1
rb1805,20170713,20170712,210728000,3225.0,590,83762,18995440.0,3226.0,3,3225.0,1
rb1805,20170713,20170712,210728500,3225.0,590,83762,18995440.0,3226.0,3,3225.0,1
rb1805,20170713,20170712,210729000,3225.0,590,83762,18995440.0,3226.0,3,3225.0,1
rb1805,20170713,20170712,210729500,3225.0,592,83764,19059940.0,3225.0,3,3222.0,36
rb1805,20170713,20170712,210730000,3225.0,594,83766,19124440.0,3225.0,2,3223.0,2
rb1805,20170713,20170712,210730500,3225.0,596,83768,19188940.0,3225.0,1,3223.0,2
rb1805,20170713,20170712,210731000,3225.0,598,83770,19253440.0,3226.0,3,3225.0,1
rb1805,20170713,20170712,210731500,3225.0,600,83772,19317940.0,3225.0,3,3224.0,2
rb1805,20170713,20170712,210732500,3225.0,602,83774,19382440.0,3225.0,2,3224.0,2
rb1805,20170713,20170712,210733500,3225.0,602,83774,19382440.0,3225.0,2,3224.0,2
rb1805,20170713,20170712,210734000,3225.0,602,83774,19382440.0,3225.0,2,3224.0,2
rb1805,20170713,20170712,210734500,3225.0,602,83774,19382440.0,3225.0,2,3224.0,2
rb1805,20170713,20170712,210735000,3225.0,604,83776,19446940.0,3225.0,1,3224.0,2
rb1805,20170713,20170712,210737000,3225.0,606,83776,19511440.0,3226.0,4,3224.0,2
rb1805,20170713,20170712,210738000,3225.0,606,83776,19511440.0,3226.0,4,3225.0,2
rb1805,20170713,20170712,210738500,3225.0,608,83778,19575940.0,3226.0,4,3225.0,1
rb1805,20170713,20170712,210739000,3225.0,608,83778,19575940.0,3226.0,6,3225.0,1
rb1805,20170713,20170712,210739500,3225.0,610,83778,19640440.0,3226.0,6,3224.0,2
rb1805,20170713,20170712,210741000,3225.0,610,83778,19640440.0,3226.0,6,3224.0,7
rb1805,20170713,20170712,210741500,3225.0,610,83778,19640440.0,3225.0,1,3224.0,7
rb1805,20170713,20170712,210742000,3225.0,612,83778,19704940.0,3226.0,6,3224.0,7
rb1805,20170713,20170712,210743500,3225.0,612,83778,19704940.0,3226.0,6,3224.0,7
rb1805,20170713,20170712,210744000,3225.0,612,83778,19704940.0,3226.0,6,3224.0,7
rb1805,20170713,20170712,210744500,3225.0,612,83778,19704940.0,3226.0,6,3224.0,2
rb1805,20170713,20170712,210745000,3225.0,612,83778,19704940.0,3226.0,6,3225.0,1
rb1805,20170713,20170712,210745500,3225.0,612,83778,19704940.0,3226.0,8,3225.0,1
rb1805,20170713,20170712,210746500,3226.0,614,83780,19769460.0,3226.0,7,3225.0,1
rb1805,20170713,20170712,210747000,3226.0,614,83780,19769460.0,3226.0,7,3225.0,1
rb1805,20170713,20170712,210747500,3226.0,614,83780,19769460.0,3226.0,7,3225.0,1
rb1805,20170713,20170712,210748000,3226.0,614,83780,19769460.0,3226.0,7,3225.0,1
rb1805,20170713,20170712,210749000,3226.0,616,83782,19833980.0,3226.0,6,3225.0,1
rb1805,20170713,20170712,210749500,3226.0,616,83782,19833980.0,3226.0,6,3225.0,1
rb1805,20170713,20170712,210750000,3226.0,616,83782,19833980.0,3226.0,6,3225.0,2
rb1805,20170713,20170712,210750500,3226.0,616,83782,19833980.0,3226.0,6,3225.0,2
rb1805,20170713,20170712,210752000,3226.0,616,83782,19833980.0,3226.0,6,3225.0,2
rb1805,20170713,20170712,210753000,3226.0,616,83782,19833980.0,3226.0,6,3225.0,2
rb1805,20170713,20170712,210753500,3226.0,616,83782,19833980.0,3226.0,9,3225.0,2
rb1805,20170713,20170712,210754000,3226.0,616,83782,19833980.0,3226.0,9,3225.0,2
rb1805,20170713,20170712,210754500,3226.0,618,83784,19898500.0,3226.0,8,3225.0,2
rb1805,20170713,20170712,210755000,3226.0,620,83782,19963020.0,3226.0,7,3225.0,2
rb1805,20170713,20170712,210756000,3226.0,620,83782,19963020.0,3226.0,7,3225.0,2
rb1805,20170713,20170712,210757500,3226.0,620,83782,19963020.0,3226.0,7,3225.0,2
rb1805,20170713,20170712,210759500,3226.0,620,83782,19963020.0,3226.0,7,3225.0,2
rb1805,20170713,20170712,210800000,3226.0,620,83782,19963020.0,3226.0,7,3225.0,2
rb1805,20170713,20170712,210800500,3226.0,620,83782,19963020.0,3226.0,7,3225.0,3
rb1805,20170713,20170712,210801500,3226.0,620,83782,19963020.0,3226.0,7,3225.0,3
rb1805,20170713,20170712,210802000,3226.0,628,83784,20221100.0,3226.0,3,3225.0,3
rb1805,20170713,20170712,210802500,3226.0,628,83784,20221100.0,3226.0,3,3225.0,3
rb1805,20170713,20170712,210803000,3226.0,628,83784,20221100.0,3226.0,3,3225.0,3
rb1805,20170713,20170712,210803500,3226.0,632,83788,20350140.0,3226.0,1,3225.0,3
rb1805,20170713,20170712,210805000,3226.0,634,83788,20414660.0,3227.0,2,3225.0,3
rb1805,20170713,20170712,210806000,3226.0,634,83788,20414660.0,3227.0,2,3226.0,1
rb1805,20170713,20170712,210806500,3226.0,634,83788,20414660.0,3227.0,2,3226.0,1
rb1805,20170713,20170712,210807500,3226.0,634,83788,20414660.0,3227.0,2,3226.0,2
rb1805,20170713,20170712,210808500,3226.0,634,83788,20414660.0,3227.0,2,3226.0,2
rb1805,20170713,20170712,210809500,3227.0,636,83788,20479200.0,3227.0,1,3226.0,2
rb1805,20170713,20170712,210810000,3226.0,638,83790,20543720.0,3227.0,1,3226.0,1
rb1805,20170713,20170712,210810500,3226.0,638,83790,20543720.0,3227.0,11,3226.0,1
rb1805,20170713,20170712,210811000,3226.0,640,83790,20608240.0,3226.0,5,3225.0,3
rb1805,20170713,20170712,210811500,3226.0,646,83788,20801800.0,3226.0,3,3225.0,3
rb1805,20170713,20170712,210812000,3226.0,648,83786,20866320.0,3226.0,1,3225.0,3
rb1805,20170713,20170712,210813000,3226.0,648,83786,20866320.0,3226.0,1,3225.0,3
rb1805,20170713,20170712,210813500,3226.0,648,83786,20866320.0,3226.0,1,3225.0,3
rb1805,20170713,20170712,210814500,3226.0,648,83786,20866320.0,3226.0,11,3225.0,4
rb1805,20170713,20170712,210815000,3226.0,648,83786,20866320.0,3226.0,11,3225.0,4
rb1805,20170713,20170712,210815500,3226.0,648,83786,20866320.0,3226.0,11,3225.0,4
rb1805,20170713,20170712,210816000,3226.0,648,83786,20866320.0,3226.0,11,3225.0,4
rb1805,20170713,20170712,210816500,3226.0,648,83786,20866320.0,3226.0,12,3225.0,4
rb1805,20170713,20170712,210817000,3226.0,648,83786,20866320.0,3226.0,12,3225.0,4
rb1805,20170713,20170712,210818500,3226.0,648,83786,20866320.0,3226.0,12,3225.0,4
rb1805,20170713,20170712,210819000,3226.0,648,83786,20866320.0,3226.0,12,3225.0,4
rb1805,20170713,20170712,210819500,3226.0,648,83786,20866320.0,3226.0,11,3225.0,4
rb1805,20170713,20170712,210820000,3226.0,648,83786,20866320.0,3226.0,11,3225.0,4
rb1805,20170713,20170712,210820500,3225.0,650,83788,20930820.0,3226.0,11,3225.0,3
rb1805,20170713,20170712,210821000,3225.0,650,83788,20930820.0,3226.0,12,3225.0,3
rb1805,20170713,20170712,210821500,3225.0,656,83794,21124320.0,3226.0,12,3224.0,3
rb1805,20170713,20170712,210822500,3225.0,656,83794,21124320.0,3226.0,12,3224.0,3
rb1805,20170713,20170712,210823000,3225.0,656,83794,21124320.0,3225.0,28,3224.0,3
rb1805,20170713,20170712,210823500,3225.0,656,83794,21124320.0,3225.0,28,3224.0,3
rb1805,20170713,20170712,210824500,3225.0,658,83794,21188820.0,3225.0,27,3224.0,3
rb1805,20170713,20170712,210827000,3225.0,714,83740,22994800.0,3226.0,12,3225.0,23
rb1805,20170713,20170712,210828000,3225.0,716,83738,23059300.0,3226.0,12,3225.0,22
rb1805,20170713,20170712,210829000,3225.0,716,83738,23059300.0,3226.0,12,3225.0,22
rb1805,20170713,20170712,210829500,3225.0,716,83738,23059300.0,3226.0,12,3225.0,22
rb1805,20170713,20170712,210831000,3225.0,758,83738,24413800.0,3226.0,12,3225.0,1
rb1805,20170713,20170712,210832000,3225.0,758,83738,24413800.0,3226.0,13,3225.0,1
rb1805,20170713,20170712,210834500,3225.0,760,83736,24478300.0,3226.0,14,3224.0,2
rb1805,20170713,20170712,210835000,3225.0,760,83736,24478300.0,3225.0,1,3224.0,2
rb1805,20170713,20170712,210835500,3225.0,760,83736,24478300.0,3225.0,2,3224.0,2
rb1805,20170713,20170712,210836000,3224.0,762,83738,24542780.0,3225.0,2,3224.0,1
rb1805,20170713,20170712,210836500,3224.0,762,83738,24542780.0,3225.0,2,3224.0,1
rb1805,20170713,20170712,210837000,3224.0,762,83738,24542780.0,3225.0,2,3224.0,1
rb1805,20170713,20170712,210838000,3224.0,762,83738,24542780.0,3225.0,2,3224.0,1
rb1805,20170713,20170712,210838500,3224.0,762,83738,24542780.0,3225.0,2,3224.0,1
rb1805,20170713,20170712,210840000,3224.0,762,83738,24542780.0,3225.0,3,3224.0,1
rb1805,20170713,20170712,210841500,3224.0,762,83738,24542780.0,3225.0,3,3224.0,1
rb1805,20170713,20170712,210842000,3224.0,762,83738,24542780.0,3225.0,3,3224.0,1
rb1805,20170713,20170712,210843000,3224.0,762,83738,24542780.0,3225.0,3,3224.0,1
rb1805,20170713,20170712,210843500,3224.0,762,83738,24542780.0,3225.0,3,3224.0,1
rb1805,20170713,20170712,210844000,3224.0,762,83738,24542780.0,3225.0,3,3224.0,1
rb1805,20170713,20170712,210844500,3224.0,762,83738,24542780.0,3225.0,3,3224.0,1
rb1805,20170713,20170712,210845000,3224.0,762,83738,24542780.0,3225.0,3,3224.0,1
rb1805,20170713,20170712,210847000,3224.0,764,83738,24607260.0,3224.0,4,3223.0,1
rb1805,20170713,20170712,210847500,3224.0,768,83736,24736200.0,3224.0,3,3222.0,33
rb1805,20170713,20170712,210849000,3224.0,768,83736,24736200.0,3224.0,3,3222.0,33
rb1805,20170713,20170712,210849500,3222.0,772,83736,24865080.0,3224.0,3,3222.0,31
rb1805,20170713,20170712,210850000,3222.0,772,83736,24865080.0,3224.0,3,3222.0,28
rb1805,20170713,20170712,210850500,3224.0,774,83736,24929560.0,3224.0,2,3222.0,28
rb1805,20170713,20170712,210851500,3224.0,774,83736,24929560.0,3224.0,2,3222.0,28
rb1805,20170713,20170712,210852500,3224.0,774,83736,24929560.0,3224.0,2,3222.0,28
rb1805,20170713,20170712,210853000,3224.0,776,83736,24994040.0,3224.0,11,3222.0,28
rb1805,20170713,20170712,210855000,3224.0,776,83736,24994040.0,3224.0,11,3222.0,28
rb1805,20170713,20170712,210859500,3224.0,776,83736,24994040.0,3224.0,11,3222.0,28
rb1805,20170713,20170712,210900000,3224.0,778,83736,25058520.0,3224.0,10,3222.0,28
rb1805,20170713,20170712,210904000,3224.0,778,83736,25058520.0,3224.0,10,3222.0,28
rb1805,20170713,20170712,210904500,3224.0,778,83736,25058520.0,3224.0,10,3222.0,28
rb1805,20170713,20170712,210905000,3224.0,778,83736,25058520.0,3224.0,10,3222.0,28
rb1805,20170713,20170712,210905500,3224.0,778,83736,25058520.0,3224.0,10,3222.0,28
rb1805,20170713,20170712,210906000,3224.0,778,83736,25058520.0,3224.0,10,3222.0,28
rb1805,20170713,20170712,210906500,3224.0,778,83736,25058520.0,3224.0,10,3222.0,28
rb1805,20170713,20170712,210907000,3224.0,778,83736,25058520.0,3224.0,10,3222.0,28
rb1805,20170713,20170712,210910000,3224.0,780,83736,25123000.0,3224.0,9,3222.0,28
rb1805,20170713,20170712,210910500,3224.0,780,83736,25123000.0,3224.0,9,3222.0,28
rb1805,20170713,20170712,210911000,3224.0,780,83736,25123000.0,3224.0,9,3222.0,28
rb1805,20170713,20170712,210911500,3224.0,780,83736,25123000.0,3224.0,10,3222.0,28
rb1805,20170713,20170712,210913000,3224.0,780,83736,25123000.0,3224.0,10,3222.0,28
rb1805,20170713,20170712,210913500,3224.0,780,83736,25123000.0,3223.0,1,3222.0,28
rb1805,20170713,20170712,210914000,3223.0,782,83734,25187460.0,3224.0,10,3223.0,2
rb1805,20170713,20170712,210914500,3223.0,782,83734,25187460.0,3224.0,10,3222.0,23
rb1805,20170713,20170712,210917000,3223.0,782,83734,25187460.0,3224.0,10,3222.0,24
rb1805,20170713,20170712,210917500,3224.0,786,83734,25316420.0,3224.0,1,3222.0,24
rb1805,20170713,20170712,210918000,3225.0,790,83734,25445400.0,3225.0,21,3222.0,24
rb1805,20170713,20170712,210918500,3225.0,792,83736,25509900.0,3225.0,20,3222.0,29
rb1805,20170713,20170712,210919000,3225.0,792,83736,25509900.0,3225.0,20,3223.0,2
rb1805,20170713,20170712,210920000,3225.0,792,83736,25509900.0,3225.0,20,3224.0,20
rb1805,20170713,20170712,210921000,3225.0,792,83736,25509900.0,3225.0,20,3224.0,20
rb1805,20170713,20170712,210923000,3225.0,792,83736,25509900.0,3225.0,20,3224.0,20
rb1805,20170713,20170712,210924500,3225.0,792,83736,25509900.0,3225.0,20,3224.0,20
rb1805,20170713,20170712,210925000,3225.0,792,83736,25509900.0,3225.0,20,3224.0,20
rb1805,20170713,20170712,210925500,3225.0,792,83736,25509900.0,3225.0,20,3224.0,20
rb1805,20170713,20170712,210926500,3225.0,832,83734,26799900.0,3226.0,3,3224.0,20
rb1805,20170713,20170712,210927000,3224.0,836,83730,26928860.0,3226.0,4,3224.0,18
rb1805,20170713,20170712,210928000,3224.0,836,83730,26928860.0,3226.0,4,3224.0,18
rb1805,20170713,20170712,210928500,3224.0,836,83730,26928860.0,3226.0,4,3224.0,18
rb1805,20170713,20170712,210931000,3224.0,836,83730,26928860.0,3226.0,5,3224.0,18
rb1805,20170713,20170712,210931500,3224.0,838,83728,26993340.0,3226.0,5,3224.0,17
rb1805,20170713,20170712,210932000,3224.0,838,83728,26993340.0,3226.0,4,3224.0,17
rb1805,20170713,20170712,210933000,3224.0,838,83728,26993340.0,3226.0,4,3224.0,17
rb1805,20170713,20170712,210933500,3224.0,838,83728,26993340.0,3226.0,4,3224.0,17
rb1805,20170713,20170712,210935500,3224.0,838,83728,26993340.0,3226.0,4,3224.0,17
rb1805,20170713,20170712,210938500,3224.0,842,83724,27122300.0,3226.0,4,3224.0,20
rb1805,20170713,20170712,210939000,3224.0,842,83724,27122300.0,3226.0,4,3225.0,2
rb1805,20170713,20170712,210939500,3224.0,842,83724,27122300.0,3226.0,4,3225.0,2
rb1805,20170713,20170712,210940000,3224.0,842,83724,27122300.0,3226.0,4,3225.0,2
rb1805,20170713,20170712,210942000,3224.0,842,83724,27122300.0,3226.0,4,3225.0,2
rb1805,20170713,20170712,210943000,3224.0,842,83724,27122300.0,3226.0,4,3225.0,2
rb1805,20170713,20170712,210943500,3224.0,842,83724,27122300.0,3226.0,4,3225.0,2
rb1805,20170713,20170712,210945000,3225.0,844,83726,27186800.0,3226.0,4,3225.0,1
rb1805,20170713,20170712,210946000,3225.0,844,83726,27186800.0,3226.0,4,3225.0,1
rb1805,20170713,20170712,210947500,3225.0,844,83726,27186800.0,3226.0,4,3225.0,1
rb1805,20170713,20170712,210948500,3225.0,844,83726,27186800.0,3226.0,6,3225.0,1
rb1805,20170713,20170712,210949500,3225.0,844,83726,27186800.0,3226.0,6,3225.0,1
rb1805,20170713,20170712,210951000,3225.0,844,83726,27186800.0,3226.0,5,3225.0,1
rb1805,20170713,20170712,210951500,3225.0,844,83726,27186800.0,3226.0,5,3225.0,1
rb1805,20170713,20170712,210952000,3226.0,852,83728,27444880.0,3226.0,1,3225.0,1
rb1805,20170713,20170712,210952500,3227.0,856,83728,27573940.0,3228.0,15,3225.0,1
rb1805,20170713,20170712,210953000,3227.0,858,83730,27638480.0,3228.0,16,3225.0,5
rb1805,20170713,20170712,210953500,3227.0,858,83730,27638480.0,3228.0,16,3226.0,2
rb1805,20170713,20170712,210954500,3227.0,858,83730,27638480.0,3228.0,15,3226.0,2
rb1805,20170713,20170712,210956500,3227.0,858,83730,27638480.0,3228.0,15,3226.0,2
rb1805,20170713,20170712,210957000,3226.0,880,83730,28348600.0,3228.0,5,3226.0,1
rb1805,20170713,20170712,210958000,3226.0,880,83730,28348600.0,3228.0,5,3226.0,1
rb1805,20170713,20170712,210959000,3226.0,880,83730,28348600.0,3228.0,5,3226.0,1
rb1805,20170713,20170712,210959500,3226.0,880,83730,28348600.0,3228.0,5,3226.0,6
rb1805,20170713,20170712,211000000,3228.0,884,83730,28477720.0,3228.0,2,3226.0,6
rb1805,20170713,20170712,211001000,3228.0,886,83730,28542280.0,3228.0,1,3226.0,6
rb1805,20170713,20170712,211001500,3228.0,888,83730,28606840.0,3230.0,19,3229.0,1
rb1805,20170713,20170712,211002000,3229.0,902,83730,29058900.0,3229.0,4,3226.0,6
rb1805,20170713,20170712,211002500,3229.0,902,83730,29058900.0,3229.0,3,3226.0,6
rb1805,20170713,20170712,211003000,3229.0,902,83730,29058900.0,3229.0,3,3226.0,6
rb1805,20170713,20170712,211003500,3229.0,902,83730,29058900.0,3229.0,3,3226.0,6
rb1805,20170713,20170712,211005000,3226.0,906,83728,29187940.0,3229.0,10,3226.0,4
rb1805,20170713,20170712,211005500,3226.0,906,83728,29187940.0,3228.0,2,3226.0,4
rb1805,20170713,20170712,211006000,3228.0,908,83730,29252500.0,3228.0,1,3226.0,4
rb1805,20170713,20170712,211006500,3229.0,912,83732,29381640.0,3229.0,11,3226.0,4
rb1805,20170713,20170712,211007000,3229.0,912,83732,29381640.0,3229.0,14,3226.0,4
rb1805,20170713,20170712,211008000,3229.0,912,83732,29381640.0,3228.0,1,3226.0,4
rb1805,20170713,20170712,211008500,3229.0,912,83732,29381640.0,3228.0,1,3226.0,4
rb1805,20170713,20170712,211009000,3229.0,912,83732,29381640.0,3228.0,1,3226.0,4
rb1805,20170713,20170712,211009500,3229.0,912,83732,29381640.0,3228.0,1,3226.0,4
rb1805,20170713,20170712,211010000,3229.0,912,83732,29381640.0,3228.0,2,3226.0,4
rb1805,20170713,20170712,211010500,3229.0,912,83732,29381640.0,3228.0,2,3226.0,4
rb1805,20170713,20170712,211012000,3229.0,912,83732,29381640.0,3228.0,2,3226.0,4
rb1805,20170713,20170712,211013500,3229.0,916,83732,29510800.0,3229.0,11,3226.0,4
rb1805,20170713,20170712,211014000,3229.0,918,83732,29575380.0,3229.0,10,3226.0,15
rb1805,20170713,20170712,211014500,3229.0,918,83732,29575380.0,3229.0,10,3227.0,2
rb1805,20170713,20170712,211015000,3229.0,918,83732,29575380.0,3229.0,5,3227.0,2
rb1805,20170713,20170712,211015500,3227.0,922,83728,29704460.0,3229.0,5,3226.0,15
rb1805,20170713,20170712,211016000,3227.0,922,83728,29704460.0,3228.0,2,3226.0,15
rb1805,20170713,20170712,211016500,3227.0,922,83728,29704460.0,3228.0,2,3226.0,15
rb1805,20170713,20170712,211017000,3227.0,922,83728,29704460.0,3228.0,2,3226.0,15
rb1805,20170713,20170712,211017500,3227.0,922,83728,29704460.0,3228.0,2,3226.0,15
rb1805,20170713,20170712,211018500,3227.0,922,83728,29704460.0,3228.0,2,3226.0,15
rb1805,20170713,20170712,211019000,3227.0,922,83728,29704460.0,3228.0,2,3226.0,15
rb1805,20170713,20170712,211022000,3227.0,922,83728,29704460.0,3228.0,2,3226.0,15
rb1805,20170713,20170712,211025500,3227.0,922,83728,29704460.0,3228.0,2,3226.0,15
rb1805,20170713,20170712,211027000,3227.0,922,83728,29704460.0,3228.0,7,3226.0,11
rb1805,20170713,20170712,211027500,3227.0,922,83728,29704460.0,3228.0,7,3226.0,11
rb1805,20170713,20170712,211028000,3227.0,922,83728,29704460.0,3228.0,7,3226.0,11
rb1805,20170713,20170712,211028500,3227.0,922,83728,29704460.0,3228.0,7,3226.0,11
rb1805,20170713,20170712,211030000,3226.0,934,83716,30091580.0,3228.0,7,3226.0,5
rb1805,20170713,20170712,211031500,3226.0,934,83716,30091580.0,3228.0,7,3226.0,10
rb1805,20170713,20170712,211032000,3226.0,940,83716,30285140.0,3228.0,2,3226.0,7
rb1805,20170713,20170712,211033000,3226.0,940,83716,30285140.0,3227.0,1,3226.0,7
rb1805,20170713,20170712,211033500,3226.0,940,83716,30285140.0,3227.0,1,3226.0,7
rb1805,20170713,20170712,211034000,3226.0,942,83716,30349660.0,3227.0,1,3226.0,6
rb1805,20170713,20170712,211034500,3226.0,942,83716,30349660.0,3227.0,1,3226.0,1
rb1805,20170713,20170712,211035000,3226.0,942,83716,30349660.0,3228.0,2,3226.0,1
rb1805,20170713,20170712,211035500,3226.0,942,83716,30349660.0,3228.0,8,3226.0,1
rb1805,20170713,20170712,211036500,3226.0,942,83716,30349660.0,3227.0,1,3226.0,6
rb1805,20170713,20170712,211037000,3226.0,942,83716,30349660.0,3227.0,1,3226.0,6
rb1805,20170713,20170712,211037500,3227.0,944,83716,30414200.0,3228.0,6,3226.0,6
rb1805,20170713,20170712,211038000,3227.0,944,83716,30414200.0,3228.0,6,3226.0,6
rb1805,20170713,20170712,211038500,3227.0,944,83716,30414200.0,3228.0,6,3226.0,6
rb1805,20170713,20170712,211039000,3227.0,944,83716,30414200.0,3228.0,6,3226.0,6
rb1805,20170713,20170712,211039500,3227.0,944,83716,30414200.0,3228.0,6,3226.0,6
rb1805,20170713,20170712,211040000,3227.0,944,83716,30414200.0,3228.0,7,3226.0,6
rb1805,20170713,20170712,211040500,3227.0,944,83716,30414200.0,3228.0,7,3226.0,6
rb1805,20170713,20170712,211041500,3228.0,946,83718,30478760.0,3228.0,6,3226.0,6
rb1805,20170713,20170712,211042000,3228.0,946,83718,30478760.0,3228.0,6,3226.0,7
rb1805,20170713,20170712,211043000,3228.0,946,83718,30478760.0,3228.0,5,3226.0,7
rb1805,20170713,20170712,211045000,3228.0,946,83718,30478760.0,3228.0,5,3226.0,7
rb1805,20170713,20170712,211045500,3228.0,948,83718,30543320.0,3228.0,4,3226.0,7
rb1805,20170713,20170712,211046500,3228.0,948,83718,30543320.0,3228.0,4,3227.0,1
rb1805,20170713,20170712,211047500,3227.0,950,83718,30607860.0,3227.0,9,3226.0,7
rb1805,20170713,20170712,211048000,3227.0,950,83718,30607860.0,3228.0,7,3226.0,2
rb1805,20170713,20170712,211048500,3227.0,950,83718,30607860.0,3228.0,12,3226.0,2
rb1805,20170713,20170712,211049000,3227.0,950,83718,30607860.0,3227.0,1,3226.0,2
rb1805,20170713,20170712,211049500,3228.0,970,83730,31253440.0,3227.0,5,3226.0,2
rb1805,20170713,20170712,211050500,3228.0,970,83730,31253440.0,3227.0,5,3226.0,2
rb1805,20170713,20170712,211051000,3228.0,970,83730,31253440.0,3227.0,5,3226.0,2
rb1805,20170713,20170712,211051500,3228.0,970,83730,31253440.0,3227.0,5,3226.0,2
rb1805,20170713,20170712,211052000,3228.0,970,83730,31253440.0,3227.0,5,3226.0,2
rb1805,20170713,20170712,211053000,3228.0,970,83730,31253440.0,3227.0,5,3226.0,2
rb1805,20170713,20170712,211053500,3228.0,970,83730,31253440.0,3227.0,5,3226.0,2
rb1805,20170713,20170712,211054500,3228.0,970,83730,31253440.0,3227.0,5,3226.0,2
rb1805,20170713,20170712,211055000,3228.0,970,83730,31253440.0,3227.0,5,3226.0,2
rb1805,20170713,20170712,211057500,3228.0,970,83730,31253440.0,3227.0,5,3226.0,2
rb1805,20170713,20170712,211058000,3228.0,970,83730,31253440.0,3227.0,5,3226.0,2
rb1805,20170713,20170712,211058500,3226.0,972,83732,31317960.0,3227.0,5,3226.0,1
rb1805,20170713,20170712,211059000,3226.0,972,83732,31317960.0,3227.0,6,3226.0,1
rb1805,20170713,20170712,211100500,3226.0,972,83732,31317960.0,3227.0,6,3226.0,1
rb1805,20170713,20170712,211101000,3226.0,972,83732,31317960.0,3227.0,6,3226.0,1
rb1805,20170713,20170712,211102000,3226.0,972,83732,31317960.0,3227.0,6,3226.0,1
rb1805,20170713,20170712,211102500,3226.0,972,83732,31317960.0,3227.0,6,3226.0,1
rb1805,20170713,20170712,211103500,3226.0,972,83732,31317960.0,3227.0,6,3226.0,1
rb1805,20170713,20170712,211104000,3226.0,972,83732,31317960.0,3227.0,6,3226.0,1
rb1805,20170713,20170712,211104500,3226.0,974,83732,31382480.0,3227.0,6,3225.0,5
rb1805,20170713,20170712,211105000,3226.0,974,83732,31382480.0,3227.0,6,3225.0,5
rb1805,20170713,20170712,211105500,3226.0,974,83732,31382480.0,3227.0,6,3225.0,5
rb1805,20170713,20170712,211106000,3227.0,986,83734,31769720.0,3228.0,4,3227.0,14
rb1805,20170713,20170712,211106500,3227.0,1004,83734,32350580.0,3228.0,1,3227.0,5
rb1805,20170713,20170712,211107000,3227.0,1004,83734,32350580.0,3228.0,1,3227.0,5
rb1805,20170713,20170712,211107500,3227.0,1004,83734,32350580.0,3228.0,1,3227.0,5
rb1805,20170713,20170712,211108000,3227.0,1004,83734,32350580.0,3228.0,1,3227.0,5
rb1805,20170713,20170712,211108500,3227.0,1004,83734,32350580.0,3228.0,1,3227.0,5
rb1805,20170713,20170712,211109500,3227.0,1004,83734,32350580.0,3228.0,1,3227.0,5
rb1805,20170713,20170712,211110500,3227.0,1004,83734,32350580.0,3228.0,1,3227.0,5
rb1805,20170713,20170712,211111000,3227.0,1004,83734,32350580.0,3228.0,1,3227.0,5
rb1805,20170713,20170712,211111500,3227.0,1004,83734,32350580.0,3228.0,1,3227.0,5
rb1805,20170713,20170712,211112500,3227.0,1004,83734,32350580.0,3228.0,1,3227.0,5
rb1805,20170713,20170712,211113000,3227.0,1004,83734,32350580.0,3228.0,1,3227.0,5
rb1805,20170713,20170712,211114000,3227.0,1004,83734,32350580.0,3228.0,1,3227.0,5
rb1805,20170713,20170712,211114500,3228.0,1006,83736,32415140.0,3229.0,8,3227.0,5
rb1805,20170713,20170712,211115500,3228.0,1006,83736,32415140.0,3229.0,8,3227.0,5
rb1805,20170713,20170712,211116000,3227.0,1008,83736,32479680.0,3229.0,8,3227.0,4
rb1805,20170713,20170712,211117000,3227.0,1008,83736,32479680.0,3229.0,8,3227.0,4
rb1805,20170713,20170712,211119000,3227.0,1008,83736,32479680.0,3229.0,8,3227.0,4
rb1805,20170713,20170712,211119500,3227.0,1008,83736,32479680.0,3229.0,8,3227.0,4
rb1805,20170713,20170712,211120000,3227.0,1008,83736,32479680.0,3229.0,8,3227.0,4
rb1805,20170713,20170712,211121000,3229.0,1010,83736,32544260.0,3229.0,7,3227.0,4
rb1805,20170713,20170712,211122000,3229.0,1010,83736,32544260.0,3229.0,7,3227.0,4
rb1805,20170713,20170712,211122500,3229.0,1010,83736,32544260.0,3229.0,7,3227.0,4
rb1805,20170713,20170712,211124000,3229.0,1010,83736,32544260.0,3229.0,7,3227.0,4
rb1805,20170713,20170712,211125000,3229.0,1010,83736,32544260.0,3229.0,7,3227.0,4
rb1805,20170713,20170712,211126500,3229.0,1010,83736,32544260.0,3229.0,7,3227.0,4
rb1805,20170713,20170712,211127000,3229.0,1020,83726,32867160.0,3229.0,2,3227.0,4
rb1805,20170713,20170712,211127500,3229.0,1022,83724,32931740.0,3229.0,1,3227.0,4
rb1805,20170713,20170712,211128000,3229.0,1022,83724,32931740.0,3228.0,2,3227.0,4
rb1805,20170713,20170712,211128500,3229.0,1022,83724,32931740.0,3228.0,2,3227.0,4
rb1805,20170713,20170712,211129500,3229.0,1022,83724,32931740.0,3228.0,2,3227.0,4
rb1805,20170713,20170712,211130000,3229.0,1022,83724,32931740.0,3228.0,2,3227.0,4
rb1805,20170713,20170712,211131000,3229.0,1022,83724,32931740.0,3228.0,2,3227.0,4
rb1805,20170713,20170712,211133500,3227.0,1030,83730,33189900.0,3227.0,17,3226.0,1
rb1805,20170713,20170712,211134000,3227.0,1032,83732,33254440.0,3227.0,10,3226.0,1
rb1805,20170713,20170712,211134500,3227.0,1032,83732,33254440.0,3227.0,6,3226.0,1
rb1805,20170713,20170712,211135000,3227.0,1034,83734,33318980.0,3227.0,5,3226.0,1
rb1805,20170713,20170712,211135500,3227.0,1034,83734,33318980.0,3227.0,5,3226.0,1
rb1805,20170713,20170712,211136000,3227.0,1034,83734,33318980.0,3227.0,5,3226.0,1
rb1805,20170713,20170712,211136500,3227.0,1034,83734,33318980.0,3227.0,5,3226.0,1
rb1805,20170713,20170712,211137000,3227.0,1034,83734,33318980.0,3227.0,5,3226.0,1
rb1805,20170713,20170712,211137500,3227.0,1034,83734,33318980.0,3227.0,5,3226.0,1
rb1805,20170713,20170712,211138000,3227.0,1036,83734,33383520.0,3227.0,4,3226.0,1
rb1805,20170713,20170712,211138500,3227.0,1036,83734,33383520.0,3227.0,1,3226.0,1
rb1805,20170713,20170712,211139000,3227.0,1036,83734,33383520.0,3227.0,1,3226.0,1
rb1805,20170713,20170712,211140000,3227.0,1036,83734,33383520.0,3227.0,1,3226.0,1
rb1805,20170713,20170712,211140500,3227.0,1036,83734,33383520.0,3227.0,1,3226.0,1
rb1805,20170713,20170712,211141000,3227.0,1036,83734,33383520.0,3227.0,1,3226.0,1
rb1805,20170713,20170712,211141500,3227.0,1036,83734,33383520.0,3227.0,1,3226.0,1
rb1805,20170713,20170712,211142000,3227.0,1036,83734,33383520.0,3227.0,2,3226.0,1
rb1805,20170713,20170712,211143000,3227.0,1036,83734,33383520.0,3227.0,2,3226.0,1
rb1805,20170713,20170712,211145000,3227.0,1036,83734,33383520.0,3227.0,2,3226.0,1
rb1805,20170713,20170712,211145500,3227.0,1036,83734,33383520.0,3227.0,2,3225.0,5
rb1805,20170713,20170712,211146500,3227.0,1036,83734,33383520.0,3227.0,6,3225.0,5
rb1805,20170713,20170712,211147500,3227.0,1054,83744,33964380.0,3228.0,3,3227.0,1
rb1805,20170713,20170712,211148000,3227.0,1056,83744,34028920.0,3226.0,8,3225.0,5
rb1805,20170713,20170712,211148500,3227.0,1056,83744,34028920.0,3227.0,5,3224.0,15
rb1805,20170713,20170712,211149000,3227.0,1056,83744,34028920.0,3226.0,1,3224.0,20
rb1805,20170713,20170712,211149500,3227.0,1056,83744,34028920.0,3226.0,1,3224.0,20
rb1805,20170713,20170712,211150000,3227.0,1056,83744,34028920.0,3225.0,1,3224.0,20
rb1805,20170713,20170712,211150500,3227.0,1056,83744,34028920.0,3225.0,1,3224.0,15
rb1805,20170713,20170712,211151500,3225.0,1058,83744,34093420.0,3226.0,1,3225.0,3
rb1805,20170713,20170712,211152000,3225.0,1058,83744,34093420.0,3226.0,1,3225.0,3
rb1805,20170713,20170712,211153000,3225.0,1058,83744,34093420.0,3226.0,1,3225.0,3
rb1805,20170713,20170712,211153500,3225.0,1058,83744,34093420.0,3226.0,1,3225.0,3
rb1805,20170713,20170712,211154000,3225.0,1058,83744,34093420.0,3226.0,1,3225.0,23
rb1805,20170713,20170712,211155000,3225.0,1058,83744,34093420.0,3226.0,1,3225.0,24
rb1805,20170713,20170712,211155500,3225.0,1058,83744,34093420.0,3226.0,1,3225.0,24
rb1805,20170713,20170712,211156500,3225.0,1068,83748,34415920.0,3226.0,1,3225.0,19
rb1805,20170713,20170712,211157000,3225.0,1072,83748,34544920.0,3226.0,2,3225.0,17
rb1805,20170713,20170712,211158000,3225.0,1072,83748,34544920.0,3226.0,2,3225.0,17
rb1805,20170713,20170712,211158500,3225.0,1074,83748,34609420.0,3226.0,2,3225.0,16
rb1805,20170713,20170712,211159500,3225.0,1078,83750,34738420.0,3226.0,2,3225.0,14
rb1805,20170713,20170712,211200500,3225.0,1078,83750,34738420.0,3226.0,2,3225.0,14
rb1805,20170713,20170712,211201000,3225.0,1078,83750,34738420.0,3226.0,2,3225.0,14
rb1805,20170713,20170712,211202000,3225.0,1078,83750,34738420.0,3226.0,2,3225.0,19
rb1805,20170713,20170712,211203000,3225.0,1078,83750,34738420.0,3226.0,1,3225.0,19
rb1805,20170713,20170712,211204000,3226.0,1100,83770,35447940.0,3227.0,6,3226.0,2
rb1805,20170713,20170712,211204500,3226.0,1100,83770,35447940.0,3227.0,6,3226.0,5
rb1805,20170713,20170712,211205500,3226.0,1100,83770,35447940.0,3227.0,6,3226.0,2
rb1805,20170713,20170712,211206000,3226.0,1100,83770,35447940.0,3227.0,4,3226.0,2
rb1805,20170713,20170712,211207500,3226.0,1100,83770,35447940.0,3227.0,4,3226.0,2
rb1805,20170713,20170712,211208000,3226.0,1100,83770,35447940.0,3227.0,4,3226.0,2
rb1805,20170713,20170712,211208500,3226.0,1100,83770,35447940.0,3227.0,4,3226.0,2
rb1805,20170713,20170712,211209500,3226.0,1100,83770,35447940.0,3227.0,4,3226.0,2
rb1805,20170713,20170712,211210000,3226.0,1102,83768,35512460.0,3227.0,4,3226.0,1
rb1805,20170713,20170712,211210500,3226.0,1104,83766,35576980.0,3227.0,4,3225.0,9
rb1805,20170713,20170712,211211000,3226.0,1104,83766,35576980.0,3227.0,4,3226.0,4
rb1805,20170713,20170712,211211500,3226.0,1104,83766,35576980.0,3227.0,4,3226.0,7
rb1805,20170713,20170712,211212000,3226.0,1104,83766,35576980.0,3227.0,4,3226.0,7
rb1805,20170713,20170712,211212500,3226.0,1104,83766,35576980.0,3227.0,4,3226.0,7
rb1805,20170713,20170712,211213000,3226.0,1104,83766,35576980.0,3228.0,2,3226.0,7
rb1805,20170713,20170712,211216000,3226.0,1104,83766,35576980.0,3228.0,2,3226.0,12
rb1805,20170713,20170712,211216500,3226.0,1104,83766,35576980.0,3228.0,2,3226.0,12
rb1805,20170713,20170712,211217000,3226.0,1104,83766,35576980.0,3228.0,2,3226.0,12
rb1805,20170713,20170712,211217500,3226.0,1104,83766,35576980.0,3228.0,2,3226.0,12
rb1805,20170713,20170712,211218500,3226.0,1104,83766,35576980.0,3228.0,2,3226.0,12
rb1805,20170713,20170712,211220000,3226.0,1104,83766,35576980.0,3228.0,2,3226.0,12
rb1805,20170713,20170712,211220500,3226.0,1104,83766,35576980.0,3228.0,2,3226.0,12
rb1805,20170713,20170712,211221500,3226.0,1104,83766,35576980.0,3228.0,3,3226.0,12
rb1805,20170713,20170712,211222500,3226.0,1104,83766,35576980.0,3228.0,3,3226.0,12
rb1805,20170713,20170712,211223000,3226.0,1104,83766,35576980.0,3228.0,3,3226.0,12
rb1805,20170713,20170712,211223500,3226.0,1104,83766,35576980.0,3228.0,3,3226.0,13
rb1805,20170713,20170712,211224500,3226.0,1104,83766,35576980.0,3228.0,3,3226.0,13
rb1805,20170713,20170712,211225000,3226.0,1104,83766,35576980.0,3228.0,3,3227.0,1
rb1805,20170713,20170712,211225500,3227.0,1106,83768,35641520.0,3228.0,3,3226.0,12
rb1805,20170713,20170712,211226000,3227.0,1106,83768,35641520.0,3228.0,3,3226.0,12
rb1805,20170713,20170712,211226500,3226.0,1110,83768,35770560.0,3228.0,3,3226.0,10
rb1805,20170713,20170712,211227000,3226.0,1110,83768,35770560.0,3228.0,3,3226.0,7
rb1805,20170713,20170712,211228000,3226.0,1112,83768,35835080.0,3228.0,3,3226.0,6
rb1805,20170713,20170712,211228500,3226.0,1112,83768,35835080.0,3228.0,3,3226.0,6
rb1805,20170713,20170712,211229000,3226.0,1112,83768,35835080.0,3228.0,3,3226.0,6
rb1805,20170713,20170712,211231000,3226.0,1112,83768,35835080.0,3228.0,3,3226.0,6
rb1805,20170713,20170712,211231500,3226.0,1112,83768,35835080.0,3228.0,3,3226.0,6
rb1805,20170713,20170712,211234000,3226.0,1112,83768,35835080.0,3228.0,3,3226.0,6
rb1805,20170713,20170712,211236500,3226.0,1112,83768,35835080.0,3228.0,3,3227.0,1
rb1805,20170713,20170712,211238500,3226.0,1112,83768,35835080.0,3228.0,3,3227.0,1
rb1805,20170713,20170712,211239000,3226.0,1116,83768,35964140.0,3227.0,8,3226.0,5
rb1805,20170713,20170712,211239500,3226.0,1116,83768,35964140.0,3227.0,2,3226.0,5
rb1805,20170713,20170712,211240000,3226.0,1116,83768,35964140.0,3228.0,3,3226.0,5
rb1805,20170713,20170712,211240500,3226.0,1116,83768,35964140.0,3228.0,3,3226.0,5
rb1805,20170713,20170712,211241000,3226.0,1116,83768,35964140.0,3228.0,3,3226.0,5
rb1805,20170713,20170712,211241500,3226.0,1116,83768,35964140.0,3228.0,3,3226.0,5
rb1805,20170713,20170712,211242000,3226.0,1116,83768,35964140.0,3227.0,2,3226.0,5
rb1805,20170713,20170712,211247000,3226.0,1116,83768,35964140.0,3227.0,2,3226.0,5
rb1805,20170713,20170712,211247500,3226.0,1116,83768,35964140.0,3227.0,2,3226.0,5
rb1805,20170713,20170712,211248000,3226.0,1116,83768,35964140.0,3227.0,2,3226.0,5
rb1805,20170713,20170712,211248500,3227.0,1120,83768,36093220.0,3228.0,3,3227.0,3
rb1805,20170713,20170712,211249000,3227.0,1124,83770,36222300.0,3228.0,3,3227.0,1
rb1805,20170713,20170712,211249500,3227.0,1124,83770,36222300.0,3228.0,3,3227.0,1
rb1805,20170713,20170712,211250000,3227.0,1124,83770,36222300.0,3228.0,3,3227.0,1
rb1805,20170713,20170712,211250500,3227.0,1124,83770,36222300.0,3228.0,4,3227.0,1
rb1805,20170713,20170712,211251000,3227.0,1126,83772,36286840.0,3228.0,4,3226.0,5
rb1805,20170713,20170712,211251500,3227.0,1126,83772,36286840.0,3228.0,4,3226.0,5
rb1805,20170713,20170712,211252000,3227.0,1126,83772,36286840.0,3228.0,4,3226.0,5
rb1805,20170713,20170712,211253000,3227.0,1126,83772,36286840.0,3228.0,4,3227.0,5
rb1805,20170713,20170712,211256000,3227.0,1126,83772,36286840.0,3228.0,3,3227.0,5
rb1805,20170713,20170712,211259500,3227.0,1126,83772,36286840.0,3228.0,3,3227.0,5
rb1805,20170713,20170712,211300000,3227.0,1126,83772,36286840.0,3228.0,3,3227.0,5
rb1805,20170713,20170712,211300500,3227.0,1126,83772,36286840.0,3228.0,3,3227.0,5
rb1805,20170713,20170712,211301000,3227.0,1136,83772,36609540.0,3228.0,3,3226.0,5
rb1805,20170713,20170712,211302500,3227.0,1136,83772,36609540.0,3228.0,3,3226.0,5
rb1805,20170713,20170712,211303000,3227.0,1136,83772,36609540.0,3228.0,8,3226.0,5
rb1805,20170713,20170712,211304000,3227.0,1136,83772,36609540.0,3228.0,8,3226.0,5
rb1805,20170713,20170712,211304500,3227.0,1136,83772,36609540.0,3228.0,8,3226.0,5
rb1805,20170713,20170712,211306000,3227.0,1136,83772,36609540.0,3228.0,8,3226.0,6
rb1805,20170713,20170712,211309500,3227.0,1136,83772,36609540.0,3228.0,8,3226.0,6
rb1805,20170713,20170712,211310000,3226.0,1138,83774,36674060.0,3228.0,8,3226.0,5
rb1805,20170713,20170712,211311000,3226.0,1138,83774,36674060.0,3228.0,9,3226.0,5
rb1805,20170713,20170712,211311500,3226.0,1138,83774,36674060.0,3228.0,4,3226.0,5
rb1805,20170713,20170712,211312500,3226.0,1138,83774,36674060.0,3228.0,4,3226.0,5
rb1805,20170713,20170712,211315000,3226.0,1138,83774,36674060.0,3228.0,4,3226.0,5
rb1805,20170713,20170712,211315500,3226.0,1138,83774,36674060.0,3228.0,4,3226.0,5
rb1805,20170713,20170712,211316500,3228.0,1140,83774,36738620.0,3228.0,3,3226.0,5
rb1805,20170713,20170712,211317500,3228.0,1140,83774,36738620.0,3228.0,3,3226.0,5
rb1805,20170713,20170712,211319000,3228.0,1140,83774,36738620.0,3228.0,63,3226.0,5
rb1805,20170713,20170712,211320000,3228.0,1140,83774,36738620.0,3227.0,5,3226.0,5
rb1805,20170713,20170712,211321000,3228.0,1140,83774,36738620.0,3227.0,5,3226.0,8
rb1805,20170713,20170712,211322000,3227.0,1144,83770,36867700.0,3227.0,3,3226.0,8
rb1805,20170713,20170712,211324500,3227.0,1144,83770,36867700.0,3227.0,3,3226.0,5
rb1805,20170713,20170712,211325000,3226.0,1154,83770,37190300.0,3227.0,3,3225.0,10
rb1805,20170713,20170712,211325500,3226.0,1154,83770,37190300.0,3227.0,3,3226.0,3
rb1805,20170713,20170712,211328000,3227.0,1160,83764,37383920.0,3228.0,8,3227.0,3
rb1805,20170713,20170712,211331000,3227.0,1160,83764,37383920.0,3228.0,8,3227.0,3
rb1805,20170713,20170712,211331500,3227.0,1160,83764,37383920.0,3228.0,9,3227.0,8
rb1805,20170713,20170712,211332000,3227.0,1160,83764,37383920.0,3228.0,9,3227.0,5
rb1805,20170713,20170712,211332500,3228.0,1166,83768,37577600.0,3228.0,6,3227.0,5
rb1805,20170713,20170712,211333000,3228.0,1166,83768,37577600.0,3228.0,6,3226.0,5
rb1805,20170713,20170712,211336500,3228.0,1166,83768,37577600.0,3227.0,1,3226.0,5
rb1805,20170713,20170712,211337000,3227.0,1168,83766,37642140.0,3228.0,6,3227.0,5
rb1805,20170713,20170712,211337500,3226.0,1178,83766,37964800.0,3228.0,6,3226.0,3
rb1805,20170713,20170712,211339000,3226.0,1178,83766,37964800.0,3228.0,6,3226.0,3
rb1805,20170713,20170712,211341500,3226.0,1178,83766,37964800.0,3228.0,6,3226.0,5
rb1805,20170713,20170712,211342000,3226.0,1178,83766,37964800.0,3228.0,6,3226.0,5
rb1805,20170713,20170712,211342500,3226.0,1178,83766,37964800.0,3227.0,5,3226.0,5
rb1805,20170713,20170712,211344500,3226.0,1178,83766,37964800.0,3227.0,5,3226.0,6
rb1805,20170713,20170712,211346000,3226.0,1178,83766,37964800.0,3227.0,5,3226.0,6
rb1805,20170713,20170712,211347500,3226.0,1178,83766,37964800.0,3227.0,5,3226.0,6
rb1805,20170713,20170712,211349000,3226.0,1178,83766,37964800.0,3227.0,5,3226.0,3
rb1805,20170713,20170712,211350500,3226.0,1180,83766,38029320.0,3227.0,6,3226.0,2
rb1805,20170713,20170712,211352000,3226.0,1180,83766,38029320.0,3227.0,11,3226.0,2
rb1805,20170713,20170712,211353000,3226.0,1180,83766,38029320.0,3227.0,11,3226.0,2
rb1805,20170713,20170712,211354000,3226.0,1180,83766,38029320.0,3227.0,11,3226.0,2
rb1805,20170713,20170712,211355500,3226.0,1182,83768,38093840.0,3227.0,11,3226.0,1
rb1805,20170713,20170712,211356000,3226.0,1184,83768,38158360.0,3227.0,11,3225.0,11
rb1805,20170713,20170712,211356500,3226.0,1184,83768,38158360.0,3227.0,11,3226.0,3
rb1805,20170713,20170712,211357000,3226.0,1184,83768,38158360.0,3227.0,5,3226.0,3
rb1805,20170713,20170712,211400000,3226.0,1184,83768,38158360.0,3227.0,5,3226.0,3
rb1805,20170713,20170712,211400500,3226.0,1184,83768,38158360.0,3227.0,5,3226.0,3
rb1805,20170713,20170712,211404500,3226.0,1184,83768,38158360.0,3227.0,5,3226.0,3
rb1805,20170713,20170712,211405000,3226.0,1184,83768,38158360.0,3227.0,5,3226.0,3
rb1805,20170713,20170712,211405500,3226.0,1184,83768,38158360.0,3227.0,5,3226.0,3
rb1805,20170713,20170712,211406000,3226.0,1184,83768,38158360.0,3227.0,5,3226.0,3
rb1805,20170713,20170712,211406500,3226.0,1184,83768,38158360.0,3227.0,5,3226.0,5
rb1805,20170713,20170712,211408000,3226.0,1184,83768,38158360.0,3227.0,5,3226.0,5
rb1805,20170713,20170712,211409500,3226.0,1184,83768,38158360.0,3227.0,5,3226.0,5
rb1805,20170713,20170712,211412000,3226.0,1184,83768,38158360.0,3227.0,5,3226.0,5
rb1805,20170713,20170712,211412500,3226.0,1184,83768,38158360.0,3227.0,5,3226.0,5
rb1805,20170713,20170712,211413000,3227.0,1194,83768,38481060.0,3228.0,6,3227.0,5
rb1805,20170713,20170712,211413500,3226.0,1208,83768,38932800.0,3227.0,13,3226.0,3
rb1805,20170713,20170712,211414000,3226.0,1208,83768,38932800.0,3227.0,7,3226.0,3
rb1805,20170713,20170712,211414500,3226.0,1208,83768,38932800.0,3227.0,10,3225.0,11
rb1805,20170713,20170712,211415000,3226.0,1208,83768,38932800.0,3227.0,10,3225.0,6
rb1805,20170713,20170712,211415500,3226.0,1208,83768,38932800.0,3227.0,10,3225.0,5
rb1805,20170713,20170712,211416500,3226.0,1208,83768,38932800.0,3227.0,5,3226.0,4
rb1805,20170713,20170712,211417000,3226.0,1208,83768,38932800.0,3228.0,6,3226.0,4
rb1805,20170713,20170712,211417500,3226.0,1208,83768,38932800.0,3228.0,6,3226.0,7
rb1805,20170713,20170712,211418500,3226.0,1208,83768,38932800.0,3228.0,6,3226.0,9
rb1805,20170713,20170712,211419000,3226.0,1208,83768,38932800.0,3228.0,6,3226.0,6
rb1805,20170713,20170712,211420000,3226.0,1210,83768,38997320.0,3228.0,6,3226.0,5
rb1805,20170713,20170712,211422500,3226.0,1212,83768,39061840.0,3228.0,6,3226.0,4
rb1805,20170713,20170712,211425000,3230.0,1232,83760,39707580.0,3230.0,6,3226.0,4
rb1805,20170713,20170712,211425500,3230.0,1236,83756,39836780.0,3230.0,9,3226.0,4
rb1805,20170713,20170712,211426500,3230.0,1236,83756,39836780.0,3230.0,9,3227.0,5
rb1805,20170713,20170712,211427000,3230.0,1236,83756,39836780.0,3229.0,1,3227.0,7
rb1805,20170713,20170712,211427500,3230.0,1236,83756,39836780.0,3229.0,1,3228.0,1
rb1805,20170713,20170712,211429000,3230.0,1236,83756,39836780.0,3229.0,6,3228.0,1
rb1805,20170713,20170712,211429500,3228.0,1238,83756,39901340.0,3228.0,13,3227.0,7
rb1805,20170713,20170712,211430000,3228.0,1238,83756,39901340.0,3228.0,7,3227.0,5
rb1805,20170713,20170712,211430500,3228.0,1238,83756,39901340.0,3228.0,5,3227.0,5
rb1805,20170713,20170712,211432000,3229.0,1248,83758,40224160.0,3229.0,5,3227.0,7
rb1805,20170713,20170712,211434500,3229.0,1248,83758,40224160.0,3229.0,5,3227.0,7
rb1805,20170713,20170712,211435000,3229.0,1248,83758,40224160.0,3229.0,5,3227.0,7
rb1805,20170713,20170712,211435500,3229.0,1248,83758,40224160.0,3229.0,5,3227.0,7
rb1805,20170713,20170712,211436000,3229.0,1248,83758,40224160.0,3229.0,5,3227.0,7
rb1805,20170713,20170712,211436500,3229.0,1248,83758,40224160.0,3229.0,5,3227.0,7
rb1805,20170713,20170712,211437500,3229.0,1248,83758,40224160.0,3229.0,5,3228.0,5
rb1805,20170713,20170712,211441000,3229.0,1248,83758,40224160.0,3230.0,9,3228.0,5
rb1805,20170713,20170712,211441500,3229.0,1248,83758,40224160.0,3230.0,9,3228.0,7
rb1805,20170713,20170712,211442000,3228.0,1262,83750,40676080.0,3228.0,7,3227.0,2
rb1805,20170713,20170712,211442500,3228.0,1262,83750,40676080.0,3228.0,4,3226.0,5
rb1805,20170713,20170712,211443000,3228.0,1262,83750,40676080.0,3230.0,9,3226.0,5
rb1805,20170713,20170712,211445000,3228.0,1262,83750,40676080.0,3230.0,10,3226.0,5
rb1805,20170713,20170712,211445500,3228.0,1262,83750,40676080.0,3230.0,10,3226.0,5
rb1805,20170713,20170712,211446000,3228.0,1262,83750,40676080.0,3230.0,10,3227.0,6
rb1805,20170713,20170712,211447000,3228.0,1262,83750,40676080.0,3230.0,10,3227.0,6
rb1805,20170713,20170712,211447500,3228.0,1262,83750,40676080.0,3230.0,10,3228.0,2
rb1805,20170713,20170712,211448000,3228.0,1266,83754,40805200.0,3228.0,3,3227.0,6
rb1805,20170713,20170712,211448500,3228.0,1266,83754,40805200.0,3230.0,10,3227.0,6
rb1805,20170713,20170712,211449000,3228.0,1266,83754,40805200.0,3229.0,2,3227.0,6
rb1805,20170713,20170712,211450500,3228.0,1266,83754,40805200.0,3229.0,2,3227.0,6
rb1805,20170713,20170712,211451500,3228.0,1266,83754,40805200.0,3229.0,2,3227.0,7
rb1805,20170713,20170712,211452000,3228.0,1266,83754,40805200.0,3229.0,2,3227.0,7
rb1805,20170713,20170712,211452500,3228.0,1266,83754,40805200.0,3229.0,7,3227.0,7
rb1805,20170713,20170712,211453000,3228.0,1266,83754,40805200.0,3229.0,7,3227.0,7
rb1805,20170713,20170712,211453500,3227.0,1268,83756,40869740.0,3228.0,3,3227.0,6
rb1805,20170713,20170712,211454000,3227.0,1268,83756,40869740.0,3228.0,8,3227.0,6
rb1805,20170713,20170712,211454500,3228.0,1280,83766,41257000.0,3228.0,7,3227.0,1
rb1805,20170713,20170712,211455500,3227.0,1282,83768,41321540.0,3227.0,2,3226.0,5
rb1805,20170713,20170712,211456000,3227.0,1282,83768,41321540.0,3228.0,7,3226.0,5
rb1805,20170713,20170712,211456500,3227.0,1282,83768,41321540.0,3228.0,7,3227.0,1
rb1805,20170713,20170712,211457000,3227.0,1284,83770,41386080.0,3227.0,1,3226.0,5
rb1805,20170713,20170712,211457500,3227.0,1284,83770,41386080.0,3228.0,7,3226.0,5
rb1805,20170713,20170712,211458500,3226.0,1286,83770,41450600.0,3228.0,7,3226.0,4
rb1805,20170713,20170712,211459000,3226.0,1286,83770,41450600.0,3228.0,5,3226.0,4
rb1805,20170713,20170712,211500000,3226.0,1286,83770,41450600.0,3228.0,5,3226.0,4
rb1805,20170713,20170712,211500500,3226.0,1286,83770,41450600.0,3228.0,5,3226.0,4
rb1805,20170713,20170712,211501000,3226.0,1286,83770,41450600.0,3228.0,5,3226.0,4
rb1805,20170713,20170712,211501500,3226.0,1288,83770,41515120.0,3228.0,5,3226.0,7
rb1805,20170713,20170712,211502000,3226.0,1290,83768,41579640.0,3228.0,5,3226.0,5
rb1805,20170713,20170712,211502500,3226.0,1290,83768,41579640.0,3228.0,5,3226.0,5
rb1805,20170713,20170712,211503000,3226.0,1290,83768,41579640.0,3228.0,5,3226.0,5
rb1805,20170713,20170712,211504000,3226.0,1290,83768,41579640.0,3228.0,5,3226.0,5
rb1805,20170713,20170712,211504500,3226.0,1292,83768,41644160.0,3228.0,5,3226.0,4
rb1805,20170713,20170712,211506000,3226.0,1292,83768,41644160.0,3228.0,5,3226.0,4
rb1805,20170713,20170712,211506500,3226.0,1292,83768,41644160.0,3228.0,5,3226.0,7
rb1805,20170713,20170712,211507000,3226.0,1292,83768,41644160.0,3229.0,5,3226.0,7
rb1805,20170713,20170712,211509000,3226.0,1292,83768,41644160.0,3229.0,5,3226.0,7
rb1805,20170713,20170712,211509500,3226.0,1292,83768,41644160.0,3228.0,2,3226.0,7
rb1805,20170713,20170712,211510000,3226.0,1292,83768,41644160.0,3228.0,2,3227.0,1
rb1805,20170713,20170712,211511500,3228.0,1294,83766,41708720.0,3228.0,1,3227.0,1
rb1805,20170713,20170712,211512500,3228.0,1294,83766,41708720.0,3228.0,1,3227.0,1
rb1805,20170713,20170712,211513000,3228.0,1294,83766,41708720.0,3228.0,1,3227.0,1
rb1805,20170713,20170712,211514000,3228.0,1294,83766,41708720.0,3228.0,1,3227.0,1
rb1805,20170713,20170712,211515000,3228.0,1294,83766,41708720.0,3228.0,1,3227.0,1
rb1805,20170713,20170712,211516000,3228.0,1294,83766,41708720.0,3228.0,1,3227.0,1
rb1805,20170713,20170712,211516500,3228.0,1294,83766,41708720.0,3228.0,1,3227.0,1
rb1805,20170713,20170712,211517000,3228.0,1294,83766,41708720.0,3228.0,1,3227.0,1
rb1805,20170713,20170712,211517500,3228.0,1294,83766,41708720.0,3228.0,1,3227.0,1
rb1805,20170713,20170712,211518000,3228.0,1296,83766,41773280.0,3229.0,5,3227.0,1
rb1805,20170713,20170712,211518500,3228.0,1296,83766,41773280.0,3229.0,5,3227.0,3
rb1805,20170713,20170712,211519500,3228.0,1296,83766,41773280.0,3229.0,5,3227.0,3
rb1805,20170713,20170712,211522000,3228.0,1296,83766,41773280.0,3229.0,5,3227.0,3
rb1805,20170713,20170712,211523000,3228.0,1296,83766,41773280.0,3229.0,5,3227.0,3
rb1805,20170713,20170712,211524500,3228.0,1296,83766,41773280.0,3229.0,5,3227.0,3
rb1805,20170713,20170712,211525000,3228.0,1296,83766,41773280.0,3229.0,5,3227.0,3
rb1805,20170713,20170712,211526000,3228.0,1296,83766,41773280.0,3229.0,5,3227.0,3
rb1805,20170713,20170712,211527000,3228.0,1296,83766,41773280.0,3229.0,5,3227.0,3
rb1805,20170713,20170712,211528000,3228.0,1296,83766,41773280.0,3229.0,5,3227.0,3
rb1805,20170713,20170712,211528500,3228.0,1296,83766,41773280.0,3229.0,5,3227.0,3
rb1805,20170713,20170712,211529000,3228.0,1296,83766,41773280.0,3229.0,5,3227.0,3
rb1805,20170713,20170712,211532500,3228.0,1296,83766,41773280.0,3229.0,5,3227.0,3
rb1805,20170713,20170712,211533000,3228.0,1296,83766,41773280.0,3228.0,2,3227.0,3
rb1805,20170713,20170712,211533500,3228.0,1296,83766,41773280.0,3228.0,2,3227.0,3
rb1805,20170713,20170712,211534500,3228.0,1296,83766,41773280.0,3228.0,2,3227.0,3
rb1805,20170713,20170712,211535500,3228.0,1296,83766,41773280.0,3228.0,2,3226.0,9
rb1805,20170713,20170712,211536000,3227.0,1302,83766,41966900.0,3227.0,20,3226.0,9
rb1805,20170713,20170712,211536500,3227.0,1302,83766,41966900.0,3227.0,20,3226.0,6
rb1805,20170713,20170712,211537000,3227.0,1302,83766,41966900.0,3227.0,20,3226.0,6
rb1805,20170713,20170712,211537500,3227.0,1302,83766,41966900.0,3227.0,20,3226.0,6
rb1805,20170713,20170712,211539000,3227.0,1302,83766,41966900.0,3227.0,20,3226.0,4
rb1805,20170713,20170712,211540500,3227.0,1304,83768,42031440.0,3227.0,19,3226.0,4
rb1805,20170713,20170712,211543500,3227.0,1304,83768,42031440.0,3227.0,19,3226.0,5
rb1805,20170713,20170712,211549000,3227.0,1316,83772,42418680.0,3227.0,13,3226.0,5
rb1805,20170713,20170712,211549500,3227.0,1322,83778,42612300.0,3227.0,10,3226.0,5
rb1805,20170713,20170712,211551000,3227.0,1322,83778,42612300.0,3227.0,10,3226.0,8
rb1805,20170713,20170712,211551500,3228.0,1348,83776,43451380.0,3228.0,4,3226.0,8
rb1805,20170713,20170712,211552000,3228.0,1348,83776,43451380.0,3228.0,4,3227.0,2
rb1805,20170713,20170712,211552500,3228.0,1348,83776,43451380.0,3228.0,4,3227.0,3
rb1805,20170713,20170712,211553000,3228.0,1350,83776,43515940.0,3228.0,3,3227.0,3
rb1805,20170713,20170712,211555000,3228.0,1350,83776,43515940.0,3229.0,5,3227.0,3
rb1805,20170713,20170712,211557500,3228.0,1350,83776,43515940.0,3228.0,1,3227.0,3
rb1805,20170713,20170712,211558500,3228.0,1350,83776,43515940.0,3228.0,2,3227.0,3
rb1805,20170713,20170712,211559500,3228.0,1350,83776,43515940.0,3228.0,2,3227.0,3
rb1805,20170713,20170712,211601000,3228.0,1350,83776,43515940.0,3228.0,2,3227.0,3
rb1805,20170713,20170712,211601500,3228.0,1350,83776,43515940.0,3228.0,2,3227.0,3
rb1805,20170713,20170712,211602000,3228.0,1350,83776,43515940.0,3228.0,2,3227.0,3
rb1805,20170713,20170712,211605500,3228.0,1350,83776,43515940.0,3228.0,2,3227.0,3
rb1805,20170713,20170712,211606000,3228.0,1350,83776,43515940.0,3228.0,2,3227.0,1
rb1805,20170713,20170712,211607500,3228.0,1350,83776,43515940.0,3228.0,2,3227.0,1
rb1805,20170713,20170712,211608000,3228.0,1350,83776,43515940.0,3228.0,3,3227.0,1
rb1805,20170713,20170712,211609000,3228.0,1350,83776,43515940.0,3228.0,3,3227.0,1
rb1805,20170713,20170712,211610500,3228.0,1350,83776,43515940.0,3228.0,3,3227.0,1
rb1805,20170713,20170712,211611500,3228.0,1350,83776,43515940.0,3228.0,3,3227.0,1
rb1805,20170713,20170712,211612000,3228.0,1350,83776,43515940.0,3228.0,2,3227.0,11
rb1805,20170713,20170712,211612500,3228.0,1350,83776,43515940.0,3228.0,2,3227.0,11
rb1805,20170713,20170712,211613500,3228.0,1350,83776,43515940.0,3228.0,7,3227.0,11
rb1805,20170713,20170712,211614500,3228.0,1350,83776,43515940.0,3228.0,7,3227.0,11
rb1805,20170713,20170712,211615000,3228.0,1350,83776,43515940.0,3228.0,7,3227.0,11
rb1805,20170713,20170712,211616500,3228.0,1350,83776,43515940.0,3228.0,7,3227.0,12
rb1805,20170713,20170712,211618000,3228.0,1350,83776,43515940.0,3228.0,7,3227.0,12
rb1805,20170713,20170712,211618500,3228.0,1350,83776,43515940.0,3228.0,7,3227.0,12
rb1805,20170713,20170712,211619000,3228.0,1350,83776,43515940.0,3228.0,8,3227.0,12
rb1805,20170713,20170712,211619500,3228.0,1350,83776,43515940.0,3228.0,9,3227.0,12
rb1805,20170713,20170712,211620500,3228.0,1350,83776,43515940.0,3228.0,4,3227.0,12
rb1805,20170713,20170712,211621000,3228.0,1350,83776,43515940.0,3228.0,4,3227.0,12
rb1805,20170713,20170712,211623500,3228.0,1350,83776,43515940.0,3228.0,4,3227.0,12
rb1805,20170713,20170712,211624000,3228.0,1350,83776,43515940.0,3228.0,4,3227.0,12
rb1805,20170713,20170712,211624500,3228.0,1350,83776,43515940.0,3228.0,4,3227.0,2
rb1805,20170713,20170712,211625000,3228.0,1350,83776,43515940.0,3228.0,4,3227.0,2
rb1805,20170713,20170712,211625500,3228.0,1350,83776,43515940.0,3228.0,4,3227.0,7
rb1805,20170713,20170712,211627000,3228.0,1350,83776,43515940.0,3228.0,4,3227.0,7
rb1805,20170713,20170712,211628000,3228.0,1352,83774,43580500.0,3228.0,3,3227.0,7
rb1805,20170713,20170712,211630500,3228.0,1352,83774,43580500.0,3228.0,3,3227.0,2
rb1805,20170713,20170712,211631500,3228.0,1352,83774,43580500.0,3228.0,3,3227.0,2
