instrument,tradingday,calendarday,time,lastp,volume,openinterest,turnover,ask1,asksz1,bid1,bidsz1
rb1805,20170928,20170927,183920500,3520.0,0,484664,0.0,0.0,0,0.0,0
rb1805,20170928,20170927,205900500,3526.0,242,484618,8532920.0,3527.0,10,3526.0,121
rb1805,20170928,20170927,210000500,3528.0,424,484672,14953920.0,3529.0,1,3528.0,45
rb1805,20170928,20170927,210001000,3529.0,1368,484418,48269640.0,3535.0,87,3529.0,14
rb1805,20170928,20170927,210001500,3535.0,1822,484510,64315840.0,3537.0,59,3535.0,43
rb1805,20170928,20170927,210002000,3530.0,2062,484470,72796440.0,3532.0,1,3530.0,415
rb1805,20170928,20170927,210002500,3537.0,3146,484178,111088960.0,3537.0,301,3531.0,1
rb1805,20170928,20170927,210003000,3531.0,4266,483758,150680460.0,3531.0,3,3530.0,342
rb1805,20170928,20170927,210003500,3531.0,4976,483980,175747460.0,3533.0,8,3531.0,64
rb1805,20170928,20170927,210004000,3535.0,5108,484012,180411140.0,3535.0,189,3533.0,161
rb1805,20170928,20170927,210004500,3531.0,5482,484066,193624380.0,3534.0,4,3531.0,68
rb1805,20170928,20170927,210005000,3535.0,6416,484284,226634320.0,3536.0,56,3535.0,106
rb1805,20170928,20170927,210005500,3535.0,6502,484346,229674420.0,3536.0,72,3535.0,73
rb1805,20170928,20170927,210006000,3532.0,7080,484730,250107900.0,3534.0,1,3532.0,1
rb1805,20170928,20170927,210006500,3532.0,7164,484754,253075880.0,3534.0,79,3533.0,1
rb1805,20170928,20170927,210007000,3533.0,7180,484754,253641160.0,3533.0,9,3531.0,44
rb1805,20170928,20170927,210007500,3532.0,7204,484754,254488620.0,3532.0,2,3531.0,33
rb1805,20170928,20170927,210008000,3532.0,7240,484750,255759960.0,3532.0,5,3531.0,50
rb1805,20170928,20170927,210008500,3532.0,7318,484788,258514560.0,3533.0,51,3532.0,50
rb1805,20170928,20170927,210009000,3532.0,7404,484724,261552080.0,3533.0,59,3532.0,7
rb1805,20170928,20170927,210009500,3532.0,7450,484690,263177060.0,3532.0,13,3531.0,25
rb1805,20170928,20170927,210010000,3531.0,7716,484588,272569720.0,3531.0,60,3530.0,70
rb1805,20170928,20170927,210010500,3531.0,7878,484462,278289900.0,3531.0,2,3530.0,96
rb1805,20170928,20170927,210011000,3531.0,7946,484440,280691440.0,3532.0,4,3531.0,36
rb1805,20170928,20170927,210011500,3532.0,8012,484466,283022140.0,3533.0,33,3531.0,22
rb1805,20170928,20170927,210012000,3531.0,8026,484474,283516580.0,3532.0,19,3531.0,27
rb1805,20170928,20170927,210012500,3530.0,8096,484472,285987980.0,3531.0,5,3530.0,61
rb1805,20170928,20170927,210013000,3531.0,8120,484476,286835440.0,3532.0,23,3531.0,201
rb1805,20170928,20170927,210013500,3532.0,8172,484448,288672080.0,3532.0,54,3531.0,224
rb1805,20170928,20170927,210014000,3532.0,8342,484454,294676480.0,3533.0,32,3532.0,3
rb1805,20170928,20170927,210014500,3531.0,8368,484454,295594720.0,3532.0,2,3531.0,214
rb1805,20170928,20170927,210015000,3532.0,8386,484448,296230480.0,3533.0,33,3532.0,7
rb1805,20170928,20170927,210015500,3532.0,8418,484454,297360600.0,3532.0,28,3531.0,223
rb1805,20170928,20170927,210016000,3532.0,8486,484440,299762380.0,3533.0,35,3532.0,10
rb1805,20170928,20170927,210016500,3533.0,8664,484302,306052120.0,3534.0,13,3533.0,26
rb1805,20170928,20170927,210017000,3533.0,8778,484296,310079500.0,3534.0,18,3533.0,14
rb1805,20170928,20170927,210017500,3534.0,8826,484302,311775840.0,3535.0,182,3534.0,17
rb1805,20170928,20170927,210018000,3534.0,8838,484312,312199920.0,3535.0,183,3534.0,46
rb1805,20170928,20170927,210018500,3535.0,9276,484530,327683780.0,3537.0,49,3535.0,7
rb1805,20170928,20170927,210019000,3537.0,9294,484532,328320200.0,3537.0,51,3536.0,6
rb1805,20170928,20170927,210019500,3536.0,9418,484444,332705960.0,3537.0,2,3536.0,2
rb1805,20170928,20170927,210020000,3537.0,9450,484438,333837780.0,3538.0,111,3537.0,6
rb1805,20170928,20170927,210020500,3538.0,9626,484368,340064560.0,3538.0,29,3537.0,9
rb1805,20170928,20170927,210021000,3538.0,9826,484378,347140560.0,3538.0,117,3537.0,22
rb1805,20170928,20170927,210021500,3537.0,10108,484518,357117400.0,3539.0,112,3538.0,103
rb1805,20170928,20170927,210022000,3539.0,10352,484532,365752380.0,3540.0,113,3539.0,8
rb1805,20170928,20170927,210022500,3539.0,10430,484488,368512640.0,3539.0,22,3538.0,8
rb1805,20170928,20170927,210023000,3537.0,10472,484488,369998400.0,3537.0,6,3536.0,5
rb1805,20170928,20170927,210023500,3537.0,10526,484480,371908020.0,3537.0,17,3535.0,41
rb1805,20170928,20170927,210024000,3537.0,10592,484486,374242120.0,3537.0,12,3535.0,47
rb1805,20170928,20170927,210024500,3538.0,10660,484506,376647420.0,3538.0,29,3535.0,45
rb1805,20170928,20170927,210025000,3535.0,10666,484506,376859560.0,3537.0,17,3535.0,54
rb1805,20170928,20170927,210025500,3535.0,10682,484514,377425180.0,3536.0,1,3535.0,37
rb1805,20170928,20170927,210026000,3535.0,10756,484576,380041080.0,3535.0,22,3534.0,8
rb1805,20170928,20170927,210026500,3535.0,10800,484574,381596160.0,3535.0,16,3534.0,9
rb1805,20170928,20170927,210027000,3534.0,10854,484576,383505020.0,3535.0,24,3534.0,11
rb1805,20170928,20170927,210027500,3535.0,10916,484582,385696440.0,3535.0,92,3533.0,41
rb1805,20170928,20170927,210028000,3534.0,10962,484588,387322460.0,3535.0,78,3534.0,45
rb1805,20170928,20170927,210028500,3534.0,11180,484418,395028120.0,3535.0,5,3534.0,15
rb1805,20170928,20170927,210029000,3535.0,11222,484406,396512620.0,3535.0,9,3534.0,22
rb1805,20170928,20170927,210029500,3535.0,11254,484398,397643820.0,3535.0,22,3534.0,16
rb1805,20170928,20170927,210030000,3534.0,11344,484426,400824780.0,3535.0,12,3534.0,6
rb1805,20170928,20170927,210030500,3533.0,11360,484424,401390200.0,3534.0,13,3533.0,35
rb1805,20170928,20170927,210031000,3533.0,11406,484410,403015540.0,3534.0,5,3533.0,21
rb1805,20170928,20170927,210031500,3533.0,11408,484408,403086200.0,3534.0,32,3533.0,21
rb1805,20170928,20170927,210032000,3533.0,11468,484380,405206140.0,3534.0,28,3533.0,5
rb1805,20170928,20170927,210032500,3533.0,11494,484368,406124720.0,3533.0,18,3532.0,25
rb1805,20170928,20170927,210033000,3533.0,11544,484352,407891220.0,3533.0,1,3532.0,49
rb1805,20170928,20170927,210033500,3535.0,11818,484244,417575520.0,3536.0,5,3535.0,41
rb1805,20170928,20170927,210034000,3534.0,11920,484238,421181100.0,3535.0,47,3534.0,10
rb1805,20170928,20170927,210034500,3533.0,11942,484240,421958560.0,3534.0,48,3533.0,6
rb1805,20170928,20170927,210035000,3532.0,11958,484252,422523820.0,3533.0,21,3532.0,70
rb1805,20170928,20170927,210035500,3533.0,12080,484242,426833020.0,3533.0,13,3532.0,18
rb1805,20170928,20170927,210036000,3533.0,12106,484222,427751600.0,3534.0,17,3533.0,2
rb1805,20170928,20170927,210036500,3534.0,12136,484224,428811600.0,3533.0,2,3532.0,78
rb1805,20170928,20170927,210037000,3533.0,12146,484222,429164900.0,3533.0,12,3532.0,71
rb1805,20170928,20170927,210037500,3533.0,12240,484162,432485120.0,3533.0,5,3532.0,33
rb1805,20170928,20170927,210038000,3533.0,12258,484174,433121060.0,3534.0,29,3533.0,5
rb1805,20170928,20170927,210038500,3534.0,12282,484166,433969100.0,3534.0,21,3533.0,4
rb1805,20170928,20170927,210039000,3533.0,12284,484166,434039760.0,3534.0,23,3533.0,36
rb1805,20170928,20170927,210039500,3533.0,12288,484162,434181080.0,3534.0,24,3533.0,41
rb1805,20170928,20170927,210040000,3533.0,12364,484098,436866340.0,3534.0,22,3533.0,14
rb1805,20170928,20170927,210040500,3533.0,12392,484078,437855580.0,3534.0,24,3532.0,40
rb1805,20170928,20170927,210041000,3534.0,12426,484072,439057120.0,3534.0,10,3532.0,40
rb1805,20170928,20170927,210041500,3532.0,12428,484072,439127760.0,3533.0,1,3532.0,40
rb1805,20170928,20170927,210042000,3531.0,12510,484014,442023980.0,3532.0,2,3531.0,244
rb1805,20170928,20170927,210042500,3533.0,12528,484020,442659880.0,3534.0,76,3532.0,6
rb1805,20170928,20170927,210043000,3532.0,12544,484008,443225020.0,3533.0,11,3531.0,250
rb1805,20170928,20170927,210043500,3532.0,12550,484006,443436960.0,3533.0,10,3531.0,250
rb1805,20170928,20170927,210044000,3532.0,12560,484006,443790200.0,3533.0,2,3532.0,5
rb1805,20170928,20170927,210044500,3533.0,12582,483996,444567440.0,3533.0,8,3532.0,36
rb1805,20170928,20170927,210045000,3532.0,12584,483998,444638080.0,3533.0,13,3532.0,35
rb1805,20170928,20170927,210045500,3533.0,12594,484000,444991300.0,3533.0,13,3532.0,43
rb1805,20170928,20170927,210046000,3533.0,12606,484008,445415180.0,3533.0,16,3532.0,42
rb1805,20170928,20170927,210046500,3533.0,12638,484004,446545720.0,3533.0,1,3532.0,40
rb1805,20170928,20170927,210047000,3532.0,12672,483990,447746780.0,3534.0,78,3533.0,1
rb1805,20170928,20170927,210047500,3532.0,12732,483986,449866760.0,3533.0,7,3532.0,15
rb1805,20170928,20170927,210048000,3532.0,12736,483990,450008040.0,3533.0,21,3532.0,24
rb1805,20170928,20170927,210048500,3533.0,12790,483992,451915920.0,3534.0,60,3533.0,214
rb1805,20170928,20170927,210049000,3533.0,12802,483990,452339880.0,3534.0,61,3533.0,208
rb1805,20170928,20170927,210049500,3534.0,12974,483974,458418560.0,3535.0,111,3534.0,11
rb1805,20170928,20170927,210050000,3534.0,12980,483976,458630600.0,3535.0,111,3534.0,122
rb1805,20170928,20170927,210050500,3535.0,13004,483976,459478960.0,3535.0,101,3534.0,121
rb1805,20170928,20170927,210051000,3534.0,13072,484002,461882640.0,3535.0,73,3534.0,121
rb1805,20170928,20170927,210051500,3534.0,13106,483992,463084440.0,3535.0,61,3534.0,115
rb1805,20170928,20170927,210052000,3535.0,13234,484068,467609200.0,3536.0,23,3535.0,154
rb1805,20170928,20170927,210052500,3535.0,13238,484070,467750600.0,3536.0,26,3535.0,154
rb1805,20170928,20170927,210053000,3535.0,13246,484074,468033400.0,3536.0,26,3535.0,153
rb1805,20170928,20170927,210053500,3535.0,13246,484074,468033400.0,3536.0,26,3535.0,154
rb1805,20170928,20170927,210054000,3535.0,13246,484074,468033400.0,3536.0,26,3535.0,154
rb1805,20170928,20170927,210054500,3535.0,13248,484074,468104100.0,3536.0,29,3535.0,153
rb1805,20170928,20170927,210055000,3536.0,13250,484074,468174820.0,3536.0,38,3535.0,153
rb1805,20170928,20170927,210055500,3535.0,13260,484080,468528320.0,3536.0,39,3535.0,148
rb1805,20170928,20170927,210056000,3535.0,13284,484092,469376940.0,3536.0,28,3535.0,147
rb1805,20170928,20170927,210056500,3535.0,13340,484096,471356540.0,3536.0,30,3535.0,119
rb1805,20170928,20170927,210057000,3535.0,13350,484100,471710120.0,3536.0,36,3535.0,118
rb1805,20170928,20170927,210057500,3536.0,13450,484148,475246060.0,3537.0,37,3536.0,158
rb1805,20170928,20170927,210058000,3536.0,13464,484154,475741140.0,3537.0,35,3536.0,176
rb1805,20170928,20170927,210058500,3537.0,13552,484196,478852840.0,3537.0,38,3536.0,134
rb1805,20170928,20170927,210059000,3536.0,13556,484200,478994280.0,3537.0,39,3536.0,133
rb1805,20170928,20170927,210059500,3536.0,13558,484202,479065000.0,3537.0,41,3536.0,137
rb1805,20170928,20170927,210100000,3536.0,13562,484206,479206440.0,3537.0,56,3536.0,137
rb1805,20170928,20170927,210100500,3537.0,13704,484276,484228560.0,3537.0,24,3536.0,146
rb1805,20170928,20170927,210101000,3538.0,13776,484256,486775460.0,3538.0,66,3536.0,142
rb1805,20170928,20170927,210101500,3536.0,13860,484268,489746280.0,3537.0,1,3536.0,122
rb1805,20170928,20170927,210102000,3536.0,13864,484268,489887740.0,3537.0,11,3536.0,122
rb1805,20170928,20170927,210102500,3537.0,13884,484266,490595060.0,3537.0,14,3536.0,118
rb1805,20170928,20170927,210103000,3536.0,13888,484270,490736500.0,3537.0,33,3536.0,111
rb1805,20170928,20170927,210103500,3536.0,13900,484280,491160900.0,3537.0,25,3536.0,110
rb1805,20170928,20170927,210104000,3536.0,13908,484282,491443820.0,3537.0,34,3536.0,109
rb1805,20170928,20170927,210104500,3537.0,13934,484282,492363420.0,3537.0,51,3536.0,108
rb1805,20170928,20170927,210105000,3536.0,13942,484286,492646320.0,3537.0,58,3536.0,110
rb1805,20170928,20170927,210105500,3536.0,13978,484310,493919580.0,3537.0,46,3536.0,106
rb1805,20170928,20170927,210106000,3537.0,13998,484316,494626900.0,3537.0,41,3536.0,102
rb1805,20170928,20170927,210106500,3537.0,14060,484308,496819840.0,3537.0,12,3536.0,102
rb1805,20170928,20170927,210107000,3537.0,14096,484328,498093140.0,3538.0,54,3537.0,197
rb1805,20170928,20170927,210107500,3537.0,14102,484334,498305360.0,3538.0,57,3537.0,201
rb1805,20170928,20170927,210108000,3537.0,14108,484336,498517620.0,3538.0,57,3537.0,201
rb1805,20170928,20170927,210108500,3537.0,14174,484376,500852160.0,3538.0,51,3537.0,169
rb1805,20170928,20170927,210109000,3538.0,14326,484444,506228420.0,3538.0,61,3537.0,92
rb1805,20170928,20170927,210109500,3537.0,14512,484598,512807240.0,3537.0,22,3536.0,113
rb1805,20170928,20170927,210110000,3537.0,14524,484610,513231680.0,3537.0,16,3536.0,113
rb1805,20170928,20170927,210110500,3537.0,14546,484632,514009820.0,3537.0,52,3536.0,113
rb1805,20170928,20170927,210111000,3537.0,14582,484660,515283020.0,3537.0,42,3536.0,107
rb1805,20170928,20170927,210111500,3537.0,14590,484668,515565960.0,3537.0,49,3536.0,106
rb1805,20170928,20170927,210112000,3536.0,14610,484688,516273160.0,3537.0,50,3536.0,97
rb1805,20170928,20170927,210112500,3537.0,14662,484690,518112200.0,3537.0,45,3536.0,86
rb1805,20170928,20170927,210113000,3536.0,14716,484730,520021640.0,3537.0,48,3536.0,54
rb1805,20170928,20170927,210113500,3537.0,14842,484718,524477180.0,3537.0,53,3535.0,119
rb1805,20170928,20170927,210114000,3535.0,14856,484708,524972320.0,3536.0,3,3535.0,118
rb1805,20170928,20170927,210114500,3535.0,14922,484670,527306620.0,3536.0,9,3535.0,118
rb1805,20170928,20170927,210115000,3536.0,14964,484676,528791800.0,3537.0,104,3536.0,186
rb1805,20170928,20170927,210115500,3536.0,14972,484678,529074680.0,3537.0,108,3536.0,183
rb1805,20170928,20170927,210116000,3536.0,14992,484686,529781880.0,3537.0,113,3536.0,173
rb1805,20170928,20170927,210116500,3536.0,15076,484766,532752120.0,3537.0,115,3536.0,131
rb1805,20170928,20170927,210117000,3536.0,15104,484768,533742200.0,3537.0,118,3536.0,118
rb1805,20170928,20170927,210117500,3536.0,15346,484854,542299300.0,3536.0,8,3535.0,117
rb1805,20170928,20170927,210118000,3536.0,15356,484864,542652900.0,3536.0,28,3535.0,117
rb1805,20170928,20170927,210118500,3536.0,15372,484860,543218660.0,3536.0,35,3535.0,117
rb1805,20170928,20170927,210119000,3535.0,15376,484862,543360080.0,3536.0,42,3535.0,116
rb1805,20170928,20170927,210119500,3536.0,15384,484868,543642940.0,3536.0,40,3535.0,280
rb1805,20170928,20170927,210120000,3536.0,15438,484874,545552380.0,3536.0,16,3535.0,280
rb1805,20170928,20170927,210120500,3535.0,15442,484874,545693780.0,3536.0,17,3535.0,278
rb1805,20170928,20170927,210121000,3535.0,15514,484938,548239020.0,3536.0,22,3535.0,244
rb1805,20170928,20170927,210121500,3535.0,15544,484946,549299600.0,3536.0,33,3535.0,234
rb1805,20170928,20170927,210122000,3536.0,15556,484956,549723900.0,3536.0,31,3535.0,233
rb1805,20170928,20170927,210122500,3536.0,15556,484956,549723900.0,3536.0,40,3535.0,233
rb1805,20170928,20170927,210123000,3536.0,15642,485004,552764840.0,3537.0,144,3536.0,158
rb1805,20170928,20170927,210123500,3536.0,15700,485024,554815720.0,3537.0,149,3536.0,129
rb1805,20170928,20170927,210124000,3536.0,15942,485028,563372840.0,3537.0,162,3536.0,38
rb1805,20170928,20170927,210124500,3536.0,16028,484980,566413800.0,3536.0,132,3535.0,234
rb1805,20170928,20170927,210125000,3535.0,16138,484966,570302740.0,3536.0,69,3535.0,201
rb1805,20170928,20170927,210125500,3535.0,16182,484998,571858160.0,3536.0,72,3535.0,180
rb1805,20170928,20170927,210126000,3535.0,16186,485000,571999560.0,3536.0,88,3535.0,183
rb1805,20170928,20170927,210126500,3535.0,16190,485000,572140980.0,3536.0,58,3535.0,182
rb1805,20170928,20170927,210127000,3535.0,16200,484998,572494480.0,3536.0,70,3535.0,177
rb1805,20170928,20170927,210127500,3535.0,16292,484934,575747340.0,3536.0,44,3535.0,164
rb1805,20170928,20170927,210128000,3535.0,16304,484934,576171540.0,3536.0,50,3535.0,158
rb1805,20170928,20170927,210128500,3535.0,16316,484934,576595800.0,3536.0,40,3535.0,156
rb1805,20170928,20170927,210129000,3535.0,16326,484934,576949300.0,3536.0,40,3535.0,153
rb1805,20170928,20170927,210129500,3535.0,16348,484916,577727000.0,3536.0,50,3535.0,142
rb1805,20170928,20170927,210130000,3535.0,16350,484916,577797700.0,3536.0,50,3535.0,142
rb1805,20170928,20170927,210130500,3535.0,16372,484904,578575400.0,3536.0,60,3535.0,131
rb1805,20170928,20170927,210131000,3535.0,16386,484900,579070380.0,3536.0,61,3535.0,128
rb1805,20170928,20170927,210131500,3536.0,16410,484918,579918980.0,3536.0,53,3535.0,229
rb1805,20170928,20170927,210132000,3535.0,16432,484910,580696880.0,3536.0,39,3535.0,126
rb1805,20170928,20170927,210132500,3536.0,16450,484898,581333360.0,3536.0,31,3535.0,130
rb1805,20170928,20170927,210133000,3536.0,16462,484892,581757660.0,3536.0,32,3535.0,129
rb1805,20170928,20170927,210133500,3535.0,16468,484890,581969760.0,3536.0,43,3535.0,327
rb1805,20170928,20170927,210134000,3535.0,16476,484888,582252600.0,3536.0,52,3535.0,325
rb1805,20170928,20170927,210134500,3535.0,16480,484888,582394000.0,3536.0,55,3535.0,323
rb1805,20170928,20170927,210135000,3535.0,16488,484886,582676820.0,3536.0,56,3535.0,320
rb1805,20170928,20170927,210135500,3536.0,16494,484888,582888980.0,3536.0,73,3535.0,319
rb1805,20170928,20170927,210136000,3535.0,16618,484770,587272400.0,3536.0,74,3535.0,258
rb1805,20170928,20170927,210136500,3536.0,16624,484772,587484520.0,3536.0,85,3535.0,256
rb1805,20170928,20170927,210137000,3535.0,16630,484770,587696620.0,3536.0,85,3535.0,253
rb1805,20170928,20170927,210137500,3535.0,16642,484770,588120820.0,3536.0,86,3535.0,246
rb1805,20170928,20170927,210138000,3535.0,16652,484762,588474320.0,3536.0,87,3535.0,241
rb1805,20170928,20170927,210138500,3535.0,16658,484762,588686420.0,3536.0,87,3535.0,238
rb1805,20170928,20170927,210139000,3535.0,16736,484710,591443720.0,3536.0,89,3535.0,199
rb1805,20170928,20170927,210139500,3535.0,16744,484718,591726520.0,3536.0,90,3535.0,195
rb1805,20170928,20170927,210140000,3536.0,16772,484708,592716600.0,3536.0,75,3535.0,199
rb1805,20170928,20170927,210140500,3535.0,16774,484708,592787300.0,3536.0,75,3535.0,194
rb1805,20170928,20170927,210141000,3535.0,16780,484714,592999400.0,3536.0,82,3535.0,191
rb1805,20170928,20170927,210141500,3536.0,16970,484872,599717840.0,3537.0,163,3536.0,107
rb1805,20170928,20170927,210142000,3536.0,17078,484976,603536720.0,3537.0,163,3536.0,53
rb1805,20170928,20170927,210142500,3536.0,17184,485082,607284880.0,3536.0,28,3535.0,191
rb1805,20170928,20170927,210143000,3535.0,17256,485066,609830780.0,3537.0,168,3535.0,191
rb1805,20170928,20170927,210143500,3535.0,17256,485066,609830780.0,3536.0,5,3535.0,191
rb1805,20170928,20170927,210144000,3536.0,17266,485066,610184380.0,3536.0,16,3535.0,190
rb1805,20170928,20170927,210144500,3536.0,17372,485122,613932520.0,3537.0,170,3536.0,149
rb1805,20170928,20170927,210145000,3536.0,17670,485420,624469800.0,3537.0,170,3536.0,5
rb1805,20170928,20170927,210145500,3536.0,17728,485436,626520660.0,3537.0,172,3536.0,14
rb1805,20170928,20170927,210146000,3536.0,17764,485434,627793620.0,3537.0,172,3536.0,6
rb1805,20170928,20170927,210146500,3537.0,17788,485430,628642320.0,3537.0,170,3535.0,193
rb1805,20170928,20170927,210147000,3536.0,17796,485428,628925200.0,3536.0,19,3535.0,194
rb1805,20170928,20170927,210147500,3536.0,17800,485426,629066620.0,3536.0,26,3535.0,194
rb1805,20170928,20170927,210148000,3536.0,17802,485424,629137340.0,3536.0,26,3535.0,194
rb1805,20170928,20170927,210148500,3535.0,17812,485424,629490840.0,3536.0,27,3535.0,189
rb1805,20170928,20170927,210149000,3535.0,17818,485424,629702980.0,3536.0,29,3535.0,188
rb1805,20170928,20170927,210149500,3535.0,17818,485424,629702980.0,3536.0,30,3535.0,188
rb1805,20170928,20170927,210150000,3535.0,18040,485644,637550680.0,3536.0,41,3535.0,77
rb1805,20170928,20170927,210150500,3535.0,18196,485650,643065280.0,3535.0,1,3534.0,32
rb1805,20170928,20170927,210151000,3535.0,18196,485650,643065280.0,3535.0,1,3534.0,38
rb1805,20170928,20170927,210151500,3534.0,18264,485606,645469560.0,3535.0,1,3534.0,35
rb1805,20170928,20170927,210152000,3535.0,18286,485610,646247120.0,3536.0,59,3535.0,2
rb1805,20170928,20170927,210152500,3535.0,18290,485610,646388520.0,3535.0,8,3534.0,28
rb1805,20170928,20170927,210153000,3534.0,18294,485606,646529880.0,3535.0,11,3534.0,26
rb1805,20170928,20170927,210153500,3534.0,18310,485594,647095340.0,3535.0,23,3534.0,13
rb1805,20170928,20170927,210154000,3534.0,18316,485596,647307400.0,3535.0,63,3534.0,11
rb1805,20170928,20170927,210154500,3534.0,18344,485610,648297160.0,3535.0,51,3534.0,9
rb1805,20170928,20170927,210155000,3534.0,18346,485610,648367840.0,3535.0,59,3534.0,8
rb1805,20170928,20170927,210155500,3534.0,18350,485608,648509200.0,3535.0,63,3534.0,6
rb1805,20170928,20170927,210156000,3534.0,18370,485600,649216040.0,3534.0,27,3533.0,254
rb1805,20170928,20170927,210156500,3534.0,18374,485596,649357400.0,3534.0,22,3533.0,258
rb1805,20170928,20170927,210157000,3533.0,18402,485580,650346900.0,3534.0,11,3533.0,258
rb1805,20170928,20170927,210157500,3533.0,18412,485586,650700280.0,3534.0,15,3533.0,257
rb1805,20170928,20170927,210158000,3534.0,18440,485592,651689580.0,3534.0,12,3533.0,297
rb1805,20170928,20170927,210158500,3534.0,18440,485592,651689580.0,3534.0,12,3533.0,293
rb1805,20170928,20170927,210159000,3535.0,18476,485582,652961840.0,3535.0,71,3534.0,25
rb1805,20170928,20170927,210159500,3533.0,18486,485580,653315220.0,3534.0,1,3533.0,293
rb1805,20170928,20170927,210200000,3534.0,18514,485582,654304740.0,3535.0,72,3534.0,17
rb1805,20170928,20170927,210200500,3535.0,18690,485624,660526280.0,3536.0,66,3535.0,113
rb1805,20170928,20170927,210201000,3536.0,18792,485664,664132080.0,3536.0,62,3535.0,70
rb1805,20170928,20170927,210201500,3534.0,18938,485656,669293180.0,3535.0,1,3534.0,8
rb1805,20170928,20170927,210202000,3534.0,18942,485660,669434540.0,3535.0,2,3534.0,22
rb1805,20170928,20170927,210202500,3535.0,18946,485662,669575940.0,3536.0,64,3535.0,44
rb1805,20170928,20170927,210203000,3535.0,18948,485664,669646640.0,3536.0,67,3535.0,49
rb1805,20170928,20170927,210203500,3535.0,18950,485664,669717340.0,3536.0,75,3535.0,50
rb1805,20170928,20170927,210204000,3535.0,18956,485664,669929440.0,3536.0,75,3535.0,53
rb1805,20170928,20170927,210204500,3536.0,18964,485664,670212260.0,3536.0,74,3535.0,55
rb1805,20170928,20170927,210205000,3536.0,19122,485708,675799080.0,3537.0,206,3536.0,424
rb1805,20170928,20170927,210205500,3537.0,19366,485690,684429180.0,3537.0,93,3536.0,421
rb1805,20170928,20170927,210206000,3537.0,19570,485664,691644660.0,3538.0,127,3537.0,52
rb1805,20170928,20170927,210206500,3537.0,19648,485718,694403640.0,3538.0,146,3537.0,144
rb1805,20170928,20170927,210207000,3536.0,20042,485562,708340220.0,3537.0,8,3536.0,415
rb1805,20170928,20170927,210207500,3537.0,20052,485556,708693920.0,3537.0,22,3536.0,420
rb1805,20170928,20170927,210208000,3537.0,20056,485554,708835400.0,3537.0,90,3536.0,420
rb1805,20170928,20170927,210208500,3536.0,20070,485556,709330520.0,3537.0,86,3536.0,417
rb1805,20170928,20170927,210209000,3537.0,20086,485558,709896320.0,3537.0,86,3536.0,411
rb1805,20170928,20170927,210209500,3537.0,20108,485564,710674460.0,3537.0,82,3536.0,411
rb1805,20170928,20170927,210210000,3536.0,20126,485566,711310940.0,3537.0,105,3536.0,402
rb1805,20170928,20170927,210210500,3536.0,20184,485540,713362240.0,3537.0,92,3536.0,394
rb1805,20170928,20170927,210211000,3536.0,20192,485548,713645120.0,3537.0,105,3536.0,390
rb1805,20170928,20170927,210211500,3536.0,20198,485554,713857280.0,3537.0,108,3536.0,387
rb1805,20170928,20170927,210212000,3537.0,20250,485560,715696020.0,3537.0,123,3536.0,361
rb1805,20170928,20170927,210212500,3536.0,20264,485566,716191100.0,3537.0,121,3536.0,356
rb1805,20170928,20170927,210213000,3537.0,20332,485500,718596260.0,3537.0,92,3536.0,359
rb1805,20170928,20170927,210213500,3537.0,20344,485488,719020700.0,3537.0,87,3536.0,359
rb1805,20170928,20170927,210214000,3537.0,20348,485488,719162160.0,3537.0,86,3536.0,358
rb1805,20170928,20170927,210214500,3537.0,20356,485484,719445080.0,3537.0,85,3536.0,358
rb1805,20170928,20170927,210215000,3537.0,20366,485484,719798780.0,3537.0,80,3536.0,558
rb1805,20170928,20170927,210215500,3537.0,20366,485484,719798780.0,3537.0,82,3536.0,558
rb1805,20170928,20170927,210216000,3536.0,20384,485482,720435280.0,3537.0,86,3536.0,550
rb1805,20170928,20170927,210216500,3537.0,20404,485476,721142540.0,3537.0,167,3536.0,543
rb1805,20170928,20170927,210217000,3536.0,20468,485486,723405620.0,3537.0,182,3536.0,513
rb1805,20170928,20170927,210217500,3537.0,20628,485618,729063380.0,3537.0,174,3536.0,442
rb1805,20170928,20170927,210218000,3536.0,20736,485620,732882260.0,3537.0,173,3536.0,388
rb1805,20170928,20170927,210218500,3536.0,20824,485632,735994020.0,3537.0,204,3536.0,396
rb1805,20170928,20170927,210219000,3537.0,21360,485774,754950340.0,3538.0,73,3537.0,33
rb1805,20170928,20170927,210219500,3536.0,21634,485932,764639820.0,3537.0,137,3536.0,235
rb1805,20170928,20170927,210220000,3536.0,21774,485932,769590220.0,3537.0,71,3536.0,170
rb1805,20170928,20170927,210220500,3536.0,21774,485932,769590220.0,3537.0,36,3536.0,170
rb1805,20170928,20170927,210221000,3536.0,21776,485932,769660940.0,3537.0,58,3536.0,169
rb1805,20170928,20170927,210221500,3536.0,22098,485884,781048260.0,3537.0,22,3536.0,78
rb1805,20170928,20170927,210222000,3536.0,22126,485910,782038340.0,3537.0,66,3536.0,65
rb1805,20170928,20170927,210222500,3536.0,22260,485906,786776580.0,3536.0,28,3535.0,10
rb1805,20170928,20170927,210223000,3535.0,22294,485900,787978480.0,3535.0,3,3534.0,45
rb1805,20170928,20170927,210223500,3536.0,22310,485902,788544140.0,3536.0,51,3535.0,10
rb1805,20170928,20170927,210224000,3535.0,22330,485896,789251160.0,3536.0,46,3535.0,1
rb1805,20170928,20170927,210224500,3535.0,22334,485894,789392560.0,3535.0,16,3534.0,45
rb1805,20170928,20170927,210225000,3535.0,22336,485894,789463260.0,3535.0,37,3534.0,39
rb1805,20170928,20170927,210225500,3534.0,22358,485872,790240740.0,3535.0,47,3534.0,27
rb1805,20170928,20170927,210226000,3534.0,22360,485870,790311420.0,3535.0,47,3534.0,23
rb1805,20170928,20170927,210226500,3534.0,22380,485878,791018220.0,3535.0,45,3534.0,13
rb1805,20170928,20170927,210227000,3534.0,22398,485878,791654360.0,3535.0,44,3534.0,9
rb1805,20170928,20170927,210227500,3535.0,22420,485876,792431960.0,3535.0,38,3534.0,1
rb1805,20170928,20170927,210228000,3535.0,22420,485876,792431960.0,3535.0,46,3534.0,2
rb1805,20170928,20170927,210228500,3534.0,22422,485876,792502640.0,3535.0,48,3534.0,1
rb1805,20170928,20170927,210229000,3534.0,22436,485874,792997460.0,3535.0,55,3534.0,1
rb1805,20170928,20170927,210229500,3534.0,22444,485874,793280200.0,3535.0,54,3534.0,3
rb1805,20170928,20170927,210230000,3534.0,22452,485872,793562920.0,3535.0,64,3534.0,20
rb1805,20170928,20170927,210230500,3534.0,22492,485832,794976520.0,3534.0,12,3533.0,127
rb1805,20170928,20170927,210231000,3534.0,22496,485828,795117880.0,3534.0,64,3533.0,128
rb1805,20170928,20170927,210231500,3534.0,22498,485826,795188560.0,3534.0,68,3533.0,128
rb1805,20170928,20170927,210232000,3534.0,22502,485822,795329920.0,3534.0,72,3533.0,128
rb1805,20170928,20170927,210232500,3535.0,23066,486078,815260760.0,3536.0,96,3535.0,346
rb1805,20170928,20170927,210233000,3535.0,23592,486160,833854860.0,3536.0,123,3535.0,83
rb1805,20170928,20170927,210233500,3533.0,23762,486272,839864300.0,3534.0,6,3532.0,47
rb1805,20170928,20170927,210234000,3535.0,23778,486266,840429740.0,3535.0,56,3534.0,12
rb1805,20170928,20170927,210234500,3535.0,23790,486268,840853840.0,3535.0,20,3534.0,7
rb1805,20170928,20170927,210235000,3535.0,23792,486270,840924540.0,3535.0,56,3534.0,9
rb1805,20170928,20170927,210235500,3534.0,23810,486266,841560660.0,3534.0,9,3533.0,19
rb1805,20170928,20170927,210236000,3534.0,23834,486250,842408820.0,3535.0,59,3533.0,35
rb1805,20170928,20170927,210236500,3534.0,23836,486248,842479500.0,3535.0,56,3534.0,18
rb1805,20170928,20170927,210237000,3535.0,23962,486318,846933640.0,3536.0,101,3534.0,33
rb1805,20170928,20170927,210237500,3535.0,23970,486318,847216440.0,3536.0,107,3535.0,21
rb1805,20170928,20170927,210238000,3535.0,23972,486318,847287140.0,3536.0,107,3535.0,20
rb1805,20170928,20170927,210238500,3535.0,24012,486302,848701140.0,3535.0,10,3534.0,46
rb1805,20170928,20170927,210239000,3535.0,24050,486270,850044460.0,3536.0,109,3535.0,30
rb1805,20170928,20170927,210239500,3535.0,24058,486262,850327260.0,3536.0,110,3535.0,12
rb1805,20170928,20170927,210240000,3535.0,24092,486272,851529160.0,3535.0,2,3534.0,42
rb1805,20170928,20170927,210240500,3535.0,24092,486272,851529160.0,3535.0,2,3534.0,7
rb1805,20170928,20170927,210241000,3534.0,24106,486258,852023920.0,3534.0,13,3533.0,29
rb1805,20170928,20170927,210241500,3534.0,24108,486258,852094600.0,3534.0,24,3533.0,10
rb1805,20170928,20170927,210242000,3534.0,24110,486258,852165280.0,3534.0,23,3533.0,45
rb1805,20170928,20170927,210242500,3534.0,24114,486260,852306640.0,3534.0,25,3533.0,51
rb1805,20170928,20170927,210243000,3534.0,24114,486260,852306640.0,3534.0,25,3533.0,62
rb1805,20170928,20170927,210243500,3533.0,24136,486246,853083900.0,3534.0,21,3533.0,51
rb1805,20170928,20170927,210244000,3534.0,24142,486250,853295940.0,3534.0,18,3533.0,56
rb1805,20170928,20170927,210244500,3534.0,24152,486256,853649340.0,3534.0,11,3533.0,62
rb1805,20170928,20170927,210245000,3533.0,24154,486256,853720000.0,3534.0,13,3533.0,61
rb1805,20170928,20170927,210245500,3533.0,24170,486240,854285280.0,3534.0,22,3533.0,53
rb1805,20170928,20170927,210246000,3533.0,24170,486240,854285280.0,3534.0,27,3533.0,53
rb1805,20170928,20170927,210246500,3533.0,24172,486238,854355940.0,3534.0,38,3533.0,54
rb1805,20170928,20170927,210247000,3533.0,24172,486238,854355940.0,3534.0,38,3533.0,55
rb1805,20170928,20170927,210247500,3533.0,24174,486238,854426600.0,3534.0,38,3533.0,54
rb1805,20170928,20170927,210248000,3533.0,24180,486236,854638580.0,3534.0,45,3533.0,42
rb1805,20170928,20170927,210248500,3533.0,24248,486170,857041020.0,3534.0,47,3533.0,9
rb1805,20170928,20170927,210249000,3533.0,24270,486162,857818280.0,3534.0,47,3532.0,93
rb1805,20170928,20170927,210249500,3533.0,24274,486164,857959600.0,3534.0,58,3533.0,2
rb1805,20170928,20170927,210250000,3533.0,24274,486164,857959600.0,3534.0,60,3533.0,10
rb1805,20170928,20170927,210250500,3534.0,24282,486164,858242280.0,3534.0,58,3533.0,17
rb1805,20170928,20170927,210251000,3534.0,24286,486160,858383620.0,3534.0,57,3533.0,18
rb1805,20170928,20170927,210251500,3533.0,24308,486172,859160880.0,3534.0,57,3533.0,48
rb1805,20170928,20170927,210252000,3533.0,24310,486172,859231540.0,3534.0,111,3533.0,48
rb1805,20170928,20170927,210252500,3533.0,24312,486170,859302200.0,3534.0,111,3533.0,53
rb1805,20170928,20170927,210253000,3533.0,24418,486066,863047180.0,3533.0,3,3532.0,93
rb1805,20170928,20170927,210253500,3533.0,24418,486066,863047180.0,3533.0,17,3532.0,96
rb1805,20170928,20170927,210254000,3533.0,24602,486110,869547740.0,3534.0,83,3532.0,42
rb1805,20170928,20170927,210254500,3532.0,24630,486126,870537020.0,3533.0,3,3532.0,47
rb1805,20170928,20170927,210255000,3532.0,24632,486124,870607660.0,3533.0,18,3532.0,50
rb1805,20170928,20170927,210255500,3533.0,24636,486122,870748980.0,3533.0,16,3532.0,51
rb1805,20170928,20170927,210256000,3533.0,24680,486084,872303100.0,3533.0,21,3532.0,32
rb1805,20170928,20170927,210256500,3532.0,24684,486084,872444380.0,3533.0,22,3532.0,37
rb1805,20170928,20170927,210257000,3532.0,24720,486112,873716100.0,3533.0,16,3532.0,29
rb1805,20170928,20170927,210257500,3532.0,24720,486112,873716100.0,3533.0,25,3532.0,28
rb1805,20170928,20170927,210258000,3532.0,24746,486116,874634500.0,3533.0,22,3532.0,58
rb1805,20170928,20170927,210258500,3532.0,24748,486116,874705140.0,3533.0,22,3532.0,57
rb1805,20170928,20170927,210259000,3532.0,24812,486054,876965620.0,3533.0,15,3532.0,36
rb1805,20170928,20170927,210259500,3533.0,24854,486038,878449420.0,3534.0,69,3533.0,33
rb1805,20170928,20170927,210300000,3533.0,24864,486034,878802720.0,3534.0,69,3533.0,34
rb1805,20170928,20170927,210300500,3534.0,24906,485994,880286600.0,3534.0,68,3533.0,30
rb1805,20170928,20170927,210301000,3534.0,24912,485990,880498600.0,3534.0,77,3533.0,29
rb1805,20170928,20170927,210301500,3533.0,24916,485990,880639920.0,3534.0,77,3533.0,25
rb1805,20170928,20170927,210302000,3533.0,24918,485990,880710580.0,3534.0,77,3533.0,25
rb1805,20170928,20170927,210302500,3533.0,24922,485986,880851900.0,3534.0,77,3533.0,23
rb1805,20170928,20170927,210303000,3533.0,24922,485986,880851900.0,3534.0,77,3533.0,21
rb1805,20170928,20170927,210303500,3534.0,24924,485984,880922580.0,3534.0,75,3533.0,21
rb1805,20170928,20170927,210304000,3533.0,24942,485970,881558540.0,3534.0,76,3533.0,19
rb1805,20170928,20170927,210304500,3534.0,25134,485880,888343840.0,3535.0,61,3534.0,14
rb1805,20170928,20170927,210305000,3534.0,25136,485878,888414520.0,3535.0,53,3534.0,5
rb1805,20170928,20170927,210305500,3534.0,25138,485878,888485200.0,3535.0,53,3534.0,1
rb1805,20170928,20170927,210306000,3534.0,25140,485878,888555880.0,3535.0,55,3534.0,13
rb1805,20170928,20170927,210306500,3534.0,25146,485880,888767940.0,3535.0,49,3534.0,32
rb1805,20170928,20170927,210307000,3535.0,25246,485916,892302940.0,3536.0,97,3535.0,50
rb1805,20170928,20170927,210307500,3536.0,25252,485918,892515060.0,3536.0,96,3535.0,49
rb1805,20170928,20170927,210308000,3535.0,25476,485966,900435360.0,3536.0,7,3535.0,33
rb1805,20170928,20170927,210308500,3535.0,25626,486024,905738540.0,3535.0,132,3534.0,45
rb1805,20170928,20170927,210309000,3535.0,25658,486028,906869740.0,3535.0,116,3534.0,46
rb1805,20170928,20170927,210309500,3534.0,25666,486030,907152460.0,3535.0,116,3534.0,44
rb1805,20170928,20170927,210310000,3534.0,25668,486032,907223140.0,3535.0,118,3534.0,43
rb1805,20170928,20170927,210310500,3534.0,25748,485974,910050340.0,3534.0,30,3533.0,95
rb1805,20170928,20170927,210311000,3534.0,25754,485968,910262380.0,3534.0,33,3533.0,80
rb1805,20170928,20170927,210311500,3533.0,25810,485952,912240860.0,3534.0,33,3533.0,25
rb1805,20170928,20170927,210312000,3533.0,25862,485906,914078020.0,3534.0,46,3532.0,63
rb1805,20170928,20170927,210312500,3534.0,25866,485906,914219360.0,3534.0,18,3532.0,67
rb1805,20170928,20170927,210313000,3534.0,25870,485906,914360720.0,3534.0,22,3532.0,234
rb1805,20170928,20170927,210313500,3532.0,25874,485906,914502000.0,3534.0,27,3532.0,233
rb1805,20170928,20170927,210314000,3532.0,25876,485904,914572640.0,3534.0,27,3533.0,2
rb1805,20170928,20170927,210314500,3533.0,25894,485888,915208740.0,3534.0,23,3533.0,34
rb1805,20170928,20170927,210315000,3534.0,25942,485892,916905060.0,3535.0,138,3534.0,4
rb1805,20170928,20170927,210315500,3534.0,25944,485894,916975740.0,3535.0,138,3534.0,14
rb1805,20170928,20170927,210316000,3535.0,26028,485974,919945140.0,3535.0,97,3534.0,23
rb1805,20170928,20170927,210316500,3535.0,26028,485974,919945140.0,3535.0,98,3534.0,23
rb1805,20170928,20170927,210317000,3534.0,26034,485978,920157200.0,3535.0,97,3534.0,21
rb1805,20170928,20170927,210317500,3534.0,26036,485976,920227880.0,3535.0,97,3534.0,21
rb1805,20170928,20170927,210318000,3535.0,26046,485986,920581320.0,3535.0,107,3534.0,3
rb1805,20170928,20170927,210318500,3535.0,26086,486026,921995320.0,3535.0,88,3534.0,3
rb1805,20170928,20170927,210319000,3534.0,26090,486028,922136680.0,3535.0,89,3534.0,1
rb1805,20170928,20170927,210319500,3534.0,26104,486022,922631440.0,3535.0,89,3533.0,65
rb1805,20170928,20170927,210320000,3534.0,26106,486022,922702120.0,3535.0,113,3534.0,3
rb1805,20170928,20170927,210320500,3534.0,26128,486030,923479620.0,3534.0,42,3533.0,61
rb1805,20170928,20170927,210321000,3534.0,26134,486032,923691660.0,3534.0,39,3533.0,51
rb1805,20170928,20170927,210321500,3534.0,26134,486032,923691660.0,3534.0,41,3533.0,51
rb1805,20170928,20170927,210322000,3534.0,26136,486034,923762340.0,3534.0,49,3533.0,51
rb1805,20170928,20170927,210322500,3534.0,26138,486034,923833020.0,3534.0,50,3533.0,56
rb1805,20170928,20170927,210323000,3534.0,26172,486054,925034580.0,3534.0,34,3533.0,56
rb1805,20170928,20170927,210323500,3534.0,26172,486054,925034580.0,3534.0,35,3533.0,54
rb1805,20170928,20170927,210324000,3534.0,26192,486064,925741340.0,3534.0,28,3533.0,52
rb1805,20170928,20170927,210324500,3533.0,26210,486066,926377320.0,3534.0,35,3533.0,45
rb1805,20170928,20170927,210325000,3533.0,26214,486070,926518660.0,3534.0,34,3533.0,44
rb1805,20170928,20170927,210325500,3533.0,26254,486070,927931860.0,3534.0,35,3533.0,24
rb1805,20170928,20170927,210326000,3534.0,26258,486072,928073200.0,3534.0,35,3533.0,23
rb1805,20170928,20170927,210326500,3533.0,26262,486072,928214520.0,3534.0,35,3533.0,21
rb1805,20170928,20170927,210327000,3534.0,26488,486108,936199840.0,3535.0,175,3534.0,16
rb1805,20170928,20170927,210327500,3534.0,26520,486136,937330720.0,3534.0,57,3532.0,80
rb1805,20170928,20170927,210328000,3534.0,26522,486138,937401400.0,3534.0,38,3532.0,86
rb1805,20170928,20170927,210328500,3534.0,26522,486138,937401400.0,3534.0,38,3533.0,82
rb1805,20170928,20170927,210329000,3534.0,26626,486222,941075740.0,3534.0,37,3533.0,33
rb1805,20170928,20170927,210329500,3534.0,26664,486184,942418660.0,3534.0,20,3533.0,33
rb1805,20170928,20170927,210330000,3534.0,26664,486184,942418660.0,3534.0,28,3533.0,33
rb1805,20170928,20170927,210330500,3534.0,26664,486184,942418660.0,3534.0,28,3533.0,39
rb1805,20170928,20170927,210331000,3534.0,26664,486184,942418660.0,3534.0,39,3533.0,49
rb1805,20170928,20170927,210331500,3533.0,26666,486186,942489320.0,3534.0,40,3533.0,49
rb1805,20170928,20170927,210332000,3534.0,26676,486188,942842660.0,3534.0,40,3533.0,46
rb1805,20170928,20170927,210332500,3533.0,26678,486190,942913320.0,3534.0,40,3533.0,45
rb1805,20170928,20170927,210333000,3533.0,26768,486242,946093020.0,3533.0,1,3532.0,81
rb1805,20170928,20170927,210333500,3534.0,26918,486346,951393660.0,3535.0,139,3534.0,25
rb1805,20170928,20170927,210334000,3533.0,26972,486394,953301980.0,3534.0,93,3532.0,88
rb1805,20170928,20170927,210334500,3533.0,26972,486394,953301980.0,3533.0,1,3532.0,91
rb1805,20170928,20170927,210335000,3533.0,26972,486394,953301980.0,3533.0,26,3532.0,91
rb1805,20170928,20170927,210335500,3533.0,26978,486396,953513960.0,3534.0,55,3532.0,92
rb1805,20170928,20170927,210336000,3532.0,26990,486386,953937880.0,3534.0,54,3532.0,64
rb1805,20170928,20170927,210336500,3534.0,27044,486384,955846180.0,3534.0,31,3533.0,2
rb1805,20170928,20170927,210337000,3533.0,27052,486388,956128820.0,3533.0,37,3532.0,72
rb1805,20170928,20170927,210337500,3533.0,27052,486388,956128820.0,3533.0,40,3532.0,72
rb1805,20170928,20170927,210338000,3532.0,27058,486382,956340740.0,3533.0,53,3532.0,69
rb1805,20170928,20170927,210338500,3532.0,27068,486382,956693980.0,3533.0,51,3532.0,66
rb1805,20170928,20170927,210339000,3532.0,27074,486382,956905900.0,3533.0,53,3532.0,64
rb1805,20170928,20170927,210339500,3533.0,27102,486394,957894980.0,3533.0,48,3532.0,56
rb1805,20170928,20170927,210340000,3533.0,27106,486398,958036280.0,3533.0,47,3532.0,65
rb1805,20170928,20170927,210340500,3532.0,27236,486344,962627880.0,3533.0,47,3531.0,123
rb1805,20170928,20170927,210341000,3532.0,27238,486344,962698520.0,3532.0,1,3531.0,123
rb1805,20170928,20170927,210341500,3532.0,27242,486342,962839800.0,3532.0,4,3531.0,123
rb1805,20170928,20170927,210342000,3532.0,27266,486336,963687500.0,3533.0,53,3532.0,28
rb1805,20170928,20170927,210342500,3532.0,27266,486336,963687500.0,3533.0,58,3532.0,86
rb1805,20170928,20170927,210343000,3533.0,27280,486342,964182080.0,3533.0,48,3532.0,85
rb1805,20170928,20170927,210343500,3532.0,27282,486342,964252720.0,3533.0,40,3532.0,86
rb1805,20170928,20170927,210344000,3533.0,27290,486342,964535340.0,3533.0,37,3532.0,94
rb1805,20170928,20170927,210344500,3532.0,27300,486342,964888540.0,3533.0,37,3532.0,134
rb1805,20170928,20170927,210345000,3532.0,27300,486342,964888540.0,3533.0,40,3532.0,134
rb1805,20170928,20170927,210345500,3532.0,27300,486342,964888540.0,3533.0,41,3532.0,134
rb1805,20170928,20170927,210346000,3532.0,27312,486342,965312400.0,3533.0,41,3532.0,130
rb1805,20170928,20170927,210346500,3532.0,27314,486342,965383040.0,3533.0,55,3532.0,129
rb1805,20170928,20170927,210347000,3533.0,27318,486342,965524340.0,3533.0,54,3532.0,148
rb1805,20170928,20170927,210347500,3532.0,27332,486330,966018840.0,3533.0,54,3532.0,142
rb1805,20170928,20170927,210348000,3532.0,27342,486322,966372040.0,3533.0,54,3532.0,137
rb1805,20170928,20170927,210348500,3533.0,27350,486326,966654680.0,3533.0,50,3532.0,138
rb1805,20170928,20170927,210349000,3532.0,27358,486320,966937240.0,3533.0,50,3532.0,134
rb1805,20170928,20170927,210349500,3532.0,27424,486266,969268420.0,3533.0,47,3532.0,104
rb1805,20170928,20170927,210350000,3532.0,27438,486252,969762900.0,3533.0,47,3532.0,99
rb1805,20170928,20170927,210350500,3532.0,27452,486264,970257500.0,3533.0,41,3532.0,99
rb1805,20170928,20170927,210351000,3532.0,27456,486264,970398780.0,3533.0,41,3532.0,97
rb1805,20170928,20170927,210351500,3533.0,27470,486254,970893280.0,3533.0,40,3532.0,91
rb1805,20170928,20170927,210352000,3533.0,27518,486228,972588700.0,3533.0,44,3532.0,72
rb1805,20170928,20170927,210352500,3533.0,27524,486228,972800680.0,3533.0,41,3532.0,72
rb1805,20170928,20170927,210353000,3532.0,27540,486224,973365800.0,3533.0,41,3532.0,66
rb1805,20170928,20170927,210353500,3533.0,27548,486224,973648440.0,3533.0,60,3532.0,66
rb1805,20170928,20170927,210354000,3532.0,27610,486174,975838380.0,3533.0,57,3532.0,44
rb1805,20170928,20170927,210354500,3532.0,27638,486176,976827340.0,3533.0,57,3532.0,31
rb1805,20170928,20170927,210355000,3533.0,27680,486174,978310800.0,3533.0,57,3532.0,11
rb1805,20170928,20170927,210355500,3532.0,27774,486136,981631760.0,3533.0,21,3532.0,20
rb1805,20170928,20170927,210356000,3532.0,27776,486134,981702400.0,3533.0,26,3532.0,19
rb1805,20170928,20170927,210356500,3532.0,27780,486132,981843680.0,3533.0,27,3532.0,56
rb1805,20170928,20170927,210357000,3532.0,27786,486134,982055600.0,3533.0,27,3532.0,55
rb1805,20170928,20170927,210357500,3533.0,27796,486134,982408900.0,3533.0,23,3532.0,57
rb1805,20170928,20170927,210358000,3533.0,27796,486134,982408900.0,3533.0,24,3532.0,62
rb1805,20170928,20170927,210358500,3533.0,27800,486134,982550220.0,3533.0,22,3532.0,63
rb1805,20170928,20170927,210359000,3533.0,27800,486134,982550220.0,3533.0,22,3532.0,75
rb1805,20170928,20170927,210359500,3533.0,27800,486134,982550220.0,3533.0,22,3532.0,75
rb1805,20170928,20170927,210400000,3533.0,27844,486126,984104740.0,3534.0,50,3533.0,135
rb1805,20170928,20170927,210400500,3533.0,27846,486124,984175400.0,3534.0,50,3533.0,135
rb1805,20170928,20170927,210401000,3533.0,27850,486124,984316720.0,3534.0,50,3533.0,134
rb1805,20170928,20170927,210401500,3533.0,27850,486124,984316720.0,3534.0,63,3533.0,151
rb1805,20170928,20170927,210402000,3534.0,27882,486134,985447540.0,3534.0,19,3533.0,155
rb1805,20170928,20170927,210402500,3533.0,27904,486120,986224880.0,3534.0,16,3533.0,149
rb1805,20170928,20170927,210403000,3534.0,27910,486120,986436920.0,3534.0,13,3533.0,149
rb1805,20170928,20170927,210403500,3533.0,27918,486114,986719560.0,3534.0,28,3533.0,145
rb1805,20170928,20170927,210404000,3534.0,27920,486112,986790240.0,3534.0,32,3533.0,183
rb1805,20170928,20170927,210404500,3534.0,27924,486110,986931600.0,3534.0,37,3533.0,181
rb1805,20170928,20170927,210405000,3534.0,27926,486110,987002280.0,3534.0,50,3533.0,181
rb1805,20170928,20170927,210405500,3533.0,27980,486064,988910100.0,3534.0,50,3533.0,154
rb1805,20170928,20170927,210406000,3533.0,28060,486004,991736500.0,3534.0,77,3533.0,115
rb1805,20170928,20170927,210406500,3533.0,28072,486004,992160460.0,3534.0,77,3533.0,109
rb1805,20170928,20170927,210407000,3533.0,28092,486004,992867060.0,3534.0,44,3533.0,100
rb1805,20170928,20170927,210407500,3534.0,28102,486004,993220460.0,3534.0,59,3533.0,100
rb1805,20170928,20170927,210408000,3533.0,28164,485942,995410920.0,3534.0,59,3533.0,69
rb1805,20170928,20170927,210408500,3533.0,28216,485978,997248080.0,3534.0,59,3533.0,43
rb1805,20170928,20170927,210409000,3534.0,28290,485944,999862880.0,3534.0,32,3533.0,25
rb1805,20170928,20170927,210409500,3534.0,28360,485898,1002336680.0,3535.0,159,3534.0,5
rb1805,20170928,20170927,210410000,3533.0,28374,485886,1002831400.0,3534.0,12,3533.0,23
rb1805,20170928,20170927,210410500,3533.0,28374,485886,1002831400.0,3534.0,51,3533.0,23
rb1805,20170928,20170927,210411000,3535.0,28866,486186,1020222220.0,3536.0,120,3535.0,257
rb1805,20170928,20170927,210411500,3533.0,29382,486290,1038462780.0,3535.0,20,3533.0,27
rb1805,20170928,20170927,210412000,3533.0,29382,486290,1038462780.0,3534.0,12,3533.0,20
rb1805,20170928,20170927,210412500,3534.0,29406,486266,1039310940.0,3535.0,4,3534.0,13
rb1805,20170928,20170927,210413000,3535.0,29410,486264,1039452320.0,3535.0,3,3534.0,33
rb1805,20170928,20170927,210413500,3534.0,29418,486258,1039735100.0,3536.0,124,3534.0,33
rb1805,20170928,20170927,210414000,3535.0,29426,486256,1040017900.0,3535.0,27,3534.0,34
rb1805,20170928,20170927,210414500,3535.0,29432,486258,1040229980.0,3535.0,25,3534.0,33
rb1805,20170928,20170927,210415000,3535.0,29534,486168,1043835660.0,3535.0,3,3534.0,42
rb1805,20170928,20170927,210415500,3534.0,29538,486168,1043977020.0,3535.0,6,3534.0,41
rb1805,20170928,20170927,210416000,3534.0,29540,486166,1044047700.0,3535.0,6,3534.0,40
rb1805,20170928,20170927,210416500,3534.0,29542,486164,1044118380.0,3535.0,6,3534.0,39
rb1805,20170928,20170927,210417000,3534.0,29566,486154,1044966640.0,3535.0,2,3534.0,32
rb1805,20170928,20170927,210417500,3534.0,29566,486154,1044966640.0,3535.0,3,3534.0,32
rb1805,20170928,20170927,210418000,3535.0,29590,486136,1045814840.0,3535.0,3,3534.0,22
rb1805,20170928,20170927,210418500,3535.0,29596,486134,1046026940.0,3536.0,194,3534.0,22
rb1805,20170928,20170927,210419000,3534.0,29616,486132,1046733740.0,3535.0,25,3534.0,12
rb1805,20170928,20170927,210419500,3534.0,29622,486136,1046945800.0,3535.0,24,3534.0,10
rb1805,20170928,20170927,210420000,3534.0,29628,486142,1047157840.0,3535.0,25,3534.0,12
rb1805,20170928,20170927,210420500,3534.0,29644,486142,1047723340.0,3535.0,33,3534.0,7
rb1805,20170928,20170927,210421000,3534.0,29644,486142,1047723340.0,3535.0,34,3534.0,7
rb1805,20170928,20170927,210421500,3534.0,29654,486134,1048076740.0,3535.0,44,3534.0,2
rb1805,20170928,20170927,210422000,3534.0,29658,486130,1048218100.0,3534.0,4,3533.0,44
rb1805,20170928,20170927,210422500,3534.0,29668,486130,1048571500.0,3535.0,47,3534.0,17
rb1805,20170928,20170927,210423000,3535.0,29776,486190,1052389300.0,3536.0,190,3535.0,446
rb1805,20170928,20170927,210423500,3535.0,29794,486198,1053025600.0,3536.0,225,3535.0,446
rb1805,20170928,20170927,210424000,3535.0,29804,486200,1053379160.0,3536.0,240,3535.0,444
rb1805,20170928,20170927,210424500,3535.0,29818,486200,1053874140.0,3536.0,240,3535.0,442
rb1805,20170928,20170927,210425000,3535.0,30212,486348,1067802040.0,3536.0,204,3535.0,245
rb1805,20170928,20170927,210425500,3535.0,30222,486354,1068155540.0,3536.0,133,3535.0,240
rb1805,20170928,20170927,210426000,3535.0,30222,486354,1068155540.0,3536.0,164,3535.0,240
rb1805,20170928,20170927,210426500,3536.0,30300,486416,1070913600.0,3536.0,88,3535.0,239
rb1805,20170928,20170927,210427000,3536.0,30508,486454,1078268640.0,3537.0,119,3536.0,1
rb1805,20170928,20170927,210427500,3536.0,30582,486438,1080885380.0,3537.0,105,3536.0,13
rb1805,20170928,20170927,210428000,3536.0,30592,486444,1081239060.0,3537.0,101,3536.0,18
rb1805,20170928,20170927,210428500,3537.0,30598,486446,1081451260.0,3537.0,106,3536.0,21
rb1805,20170928,20170927,210429000,3536.0,30628,486454,1082512200.0,3537.0,104,3536.0,14
rb1805,20170928,20170927,210429500,3537.0,30634,486458,1082724420.0,3537.0,101,3536.0,17
rb1805,20170928,20170927,210430000,3537.0,30650,486464,1083290340.0,3537.0,94,3536.0,14
rb1805,20170928,20170927,210430500,3536.0,30652,486462,1083361060.0,3537.0,99,3536.0,11
rb1805,20170928,20170927,210431000,3536.0,30654,486462,1083431780.0,3537.0,99,3536.0,11
rb1805,20170928,20170927,210431500,3537.0,30662,486466,1083714720.0,3537.0,96,3536.0,10
rb1805,20170928,20170927,210432000,3536.0,30680,486472,1084351220.0,3537.0,97,3536.0,1
rb1805,20170928,20170927,210432500,3536.0,30682,486470,1084421940.0,3537.0,99,3536.0,21
rb1805,20170928,20170927,210433000,3536.0,30724,486432,1085907060.0,3537.0,98,3535.0,245
rb1805,20170928,20170927,210433500,3535.0,30738,486446,1086401960.0,3537.0,97,3535.0,243
rb1805,20170928,20170927,210434000,3536.0,30758,486446,1087109160.0,3536.0,73,3535.0,243
rb1805,20170928,20170927,210434500,3536.0,30910,486428,1092483880.0,3537.0,125,3536.0,25
rb1805,20170928,20170927,210435000,3536.0,30916,486432,1092696040.0,3537.0,115,3536.0,68
rb1805,20170928,20170927,210435500,3537.0,30998,486478,1095596380.0,3537.0,74,3536.0,41
rb1805,20170928,20170927,210436000,3536.0,31014,486482,1096162200.0,3537.0,71,3536.0,38
rb1805,20170928,20170927,210436500,3537.0,31034,486494,1096869580.0,3537.0,64,3536.0,38
rb1805,20170928,20170927,210437000,3537.0,31044,486492,1097223220.0,3537.0,63,3536.0,35
rb1805,20170928,20170927,210437500,3537.0,31076,486486,1098354880.0,3537.0,60,3536.0,23
rb1805,20170928,20170927,210438000,3537.0,31084,486490,1098637820.0,3537.0,58,3536.0,26
rb1805,20170928,20170927,210438500,3537.0,31088,486492,1098779280.0,3537.0,57,3536.0,15
rb1805,20170928,20170927,210439000,3536.0,31100,486496,1099203640.0,3537.0,77,3536.0,7
rb1805,20170928,20170927,210439500,3536.0,31100,486496,1099203640.0,3537.0,77,3536.0,7
rb1805,20170928,20170927,210440000,3536.0,31132,486500,1100335400.0,3537.0,65,3536.0,12
rb1805,20170928,20170927,210440500,3536.0,31142,486506,1100689040.0,3537.0,65,3536.0,11
rb1805,20170928,20170927,210441000,3536.0,31142,486506,1100689040.0,3537.0,65,3536.0,12
rb1805,20170928,20170927,210441500,3536.0,31152,486506,1101042640.0,3537.0,65,3536.0,7
rb1805,20170928,20170927,210442000,3536.0,31152,486506,1101042640.0,3537.0,67,3536.0,5
rb1805,20170928,20170927,210442500,3536.0,31160,486510,1101325520.0,3537.0,67,3536.0,8
rb1805,20170928,20170927,210443000,3536.0,31198,486486,1102669560.0,3537.0,49,3536.0,11
rb1805,20170928,20170927,210443500,3537.0,31216,486492,1103306220.0,3537.0,41,3536.0,27
rb1805,20170928,20170927,210444000,3536.0,31236,486512,1104013420.0,3537.0,44,3536.0,23
rb1805,20170928,20170927,210444500,3536.0,31292,486550,1105993580.0,3536.0,3,3535.0,243
rb1805,20170928,20170927,210445000,3536.0,31300,486552,1106276460.0,3537.0,59,3536.0,1
rb1805,20170928,20170927,210445500,3536.0,31300,486552,1106276460.0,3537.0,60,3536.0,1
rb1805,20170928,20170927,210446000,3536.0,31300,486552,1106276460.0,3537.0,61,3536.0,26
rb1805,20170928,20170927,210446500,3536.0,31308,486560,1106559340.0,3537.0,63,3536.0,22
rb1805,20170928,20170927,210447000,3536.0,31364,486552,1108539500.0,3536.0,28,3535.0,236
rb1805,20170928,20170927,210447500,3536.0,31368,486552,1108680940.0,3536.0,27,3535.0,236
rb1805,20170928,20170927,210448000,3535.0,31370,486554,1108751640.0,3536.0,27,3535.0,235
rb1805,20170928,20170927,210448500,3536.0,31380,486554,1109105240.0,3536.0,23,3535.0,235
rb1805,20170928,20170927,210449000,3536.0,31392,486554,1109529560.0,3536.0,4,3535.0,235
rb1805,20170928,20170927,210449500,3536.0,31394,486552,1109600280.0,3536.0,10,3535.0,235
rb1805,20170928,20170927,210450000,3536.0,31432,486570,1110943960.0,3537.0,80,3536.0,484
rb1805,20170928,20170927,210450500,3536.0,31432,486570,1110943960.0,3537.0,80,3536.0,491
rb1805,20170928,20170927,210451000,3536.0,31442,486572,1111297560.0,3537.0,80,3536.0,497
rb1805,20170928,20170927,210451500,3536.0,31444,486572,1111368280.0,3537.0,80,3536.0,496
rb1805,20170928,20170927,210452000,3536.0,31444,486572,1111368280.0,3537.0,80,3536.0,497
rb1805,20170928,20170927,210452500,3536.0,31476,486584,1112499800.0,3537.0,80,3536.0,481
rb1805,20170928,20170927,210453000,3536.0,31482,486590,1112711960.0,3537.0,80,3536.0,478
rb1805,20170928,20170927,210453500,3537.0,31650,486664,1118654080.0,3538.0,101,3537.0,418
rb1805,20170928,20170927,210454000,3537.0,31698,486680,1120352240.0,3538.0,85,3537.0,422
rb1805,20170928,20170927,210454500,3537.0,31712,486694,1120847520.0,3538.0,103,3537.0,430
rb1805,20170928,20170927,210455000,3538.0,31714,486694,1120918280.0,3538.0,102,3537.0,431
rb1805,20170928,20170927,210455500,3537.0,31716,486696,1120989020.0,3538.0,107,3537.0,434
rb1805,20170928,20170927,210456000,3537.0,31718,486698,1121059760.0,3538.0,107,3537.0,433
rb1805,20170928,20170927,210456500,3537.0,31720,486698,1121130500.0,3538.0,102,3537.0,433
rb1805,20170928,20170927,210457000,3538.0,31750,486700,1122191900.0,3538.0,88,3537.0,433
rb1805,20170928,20170927,210457500,3538.0,31788,486694,1123536320.0,3538.0,70,3537.0,432
rb1805,20170928,20170927,210458000,3538.0,31858,486736,1126012920.0,3538.0,11,3537.0,451
rb1805,20170928,20170927,210458500,3538.0,31858,486736,1126012920.0,3538.0,21,3537.0,451
rb1805,20170928,20170927,210459000,3537.0,31930,486754,1128559840.0,3538.0,10,3537.0,431
rb1805,20170928,20170927,210459500,3538.0,31944,486756,1129055160.0,3538.0,5,3537.0,431
rb1805,20170928,20170927,210500000,3538.0,32134,486664,1135779140.0,3539.0,39,3538.0,23
rb1805,20170928,20170927,210500500,3538.0,32238,486712,1139458240.0,3538.0,4,3537.0,404
rb1805,20170928,20170927,210501000,3538.0,32252,486714,1139953560.0,3539.0,50,3537.0,405
rb1805,20170928,20170927,210501500,3538.0,32252,486714,1139953560.0,3539.0,45,3538.0,1
rb1805,20170928,20170927,210502000,3538.0,32258,486716,1140165840.0,3539.0,50,3537.0,405
rb1805,20170928,20170927,210502500,3538.0,32280,486704,1140944180.0,3539.0,60,3538.0,5
rb1805,20170928,20170927,210503000,3538.0,32348,486724,1143350040.0,3539.0,60,3537.0,404
rb1805,20170928,20170927,210503500,3538.0,32370,486724,1144128420.0,3538.0,1,3537.0,404
rb1805,20170928,20170927,210504000,3537.0,32374,486726,1144269920.0,3538.0,71,3537.0,404
rb1805,20170928,20170927,210504500,3537.0,32374,486726,1144269920.0,3538.0,81,3537.0,405
rb1805,20170928,20170927,210505000,3538.0,32418,486684,1145826640.0,3538.0,60,3537.0,406
rb1805,20170928,20170927,210505500,3537.0,32432,486676,1146321920.0,3538.0,56,3537.0,404
rb1805,20170928,20170927,210506000,3537.0,32436,486680,1146463400.0,3538.0,67,3537.0,409
rb1805,20170928,20170927,210506500,3537.0,32444,486688,1146746360.0,3538.0,67,3537.0,424
rb1805,20170928,20170927,210507000,3538.0,32460,486690,1147312420.0,3538.0,60,3537.0,423
rb1805,20170928,20170927,210507500,3539.0,32590,486568,1151911840.0,3539.0,60,3538.0,1
rb1805,20170928,20170927,210508000,3538.0,32606,486554,1152478020.0,3539.0,60,3538.0,18
rb1805,20170928,20170927,210508500,3538.0,32622,486568,1153044120.0,3539.0,61,3538.0,14
rb1805,20170928,20170927,210509000,3538.0,32630,486568,1153327180.0,3539.0,60,3538.0,22
rb1805,20170928,20170927,210509500,3538.0,32644,486582,1153822500.0,3539.0,100,3538.0,15
rb1805,20170928,20170927,210510000,3538.0,32656,486592,1154247060.0,3539.0,100,3538.0,9
rb1805,20170928,20170927,210510500,3539.0,32660,486588,1154388620.0,3539.0,100,3538.0,9
rb1805,20170928,20170927,210511000,3538.0,32690,486588,1155450180.0,3539.0,93,3538.0,15
rb1805,20170928,20170927,210511500,3538.0,32696,486588,1155662480.0,3539.0,94,3538.0,33
rb1805,20170928,20170927,210512000,3538.0,32708,486592,1156087040.0,3539.0,98,3538.0,45
rb1805,20170928,20170927,210512500,3538.0,32714,486594,1156299340.0,3539.0,98,3538.0,50
rb1805,20170928,20170927,210513000,3539.0,32726,486596,1156723980.0,3539.0,97,3538.0,50
rb1805,20170928,20170927,210513500,3538.0,32832,486650,1160475280.0,3539.0,46,3538.0,54
rb1805,20170928,20170927,210514000,3539.0,32900,486584,1162881780.0,3539.0,15,3538.0,53
rb1805,20170928,20170927,210514500,3539.0,32910,486594,1163235680.0,3539.0,11,3538.0,55
rb1805,20170928,20170927,210515000,3539.0,32946,486564,1164509620.0,3540.0,326,3539.0,7
rb1805,20170928,20170927,210515500,3539.0,32960,486556,1165005080.0,3539.0,4,3538.0,50
rb1805,20170928,20170927,210516000,3539.0,32972,486564,1165429760.0,3539.0,1,3538.0,53
rb1805,20170928,20170927,210516500,3538.0,33006,486540,1166632740.0,3539.0,6,3538.0,43
rb1805,20170928,20170927,210517000,3539.0,33050,486530,1168189900.0,3539.0,5,3538.0,56
rb1805,20170928,20170927,210517500,3538.0,33082,486542,1169322420.0,3539.0,1,3538.0,154
rb1805,20170928,20170927,210518000,3539.0,33090,486544,1169605540.0,3539.0,8,3538.0,154
rb1805,20170928,20170927,210518500,3539.0,33110,486552,1170313320.0,3540.0,328,3538.0,153
rb1805,20170928,20170927,210519000,3539.0,33110,486552,1170313320.0,3540.0,329,3539.0,1
rb1805,20170928,20170927,210519500,3539.0,33120,486554,1170667240.0,3539.0,6,3538.0,173
rb1805,20170928,20170927,210520000,3539.0,33134,486566,1171162700.0,3540.0,328,3539.0,21
rb1805,20170928,20170927,210520500,3540.0,33142,486572,1171445860.0,3540.0,326,3539.0,25
rb1805,20170928,20170927,210521000,3540.0,33256,486548,1175481320.0,3540.0,297,3539.0,29
rb1805,20170928,20170927,210521500,3539.0,33320,486564,1177746660.0,3540.0,278,3539.0,45
rb1805,20170928,20170927,210522000,3539.0,33410,486552,1180932380.0,3540.0,251,3539.0,32
rb1805,20170928,20170927,210522500,3539.0,33414,486550,1181073940.0,3540.0,251,3539.0,30
rb1805,20170928,20170927,210523000,3540.0,33426,486556,1181498720.0,3540.0,247,3539.0,72
rb1805,20170928,20170927,210523500,3540.0,33426,486556,1181498720.0,3540.0,227,3539.0,74
rb1805,20170928,20170927,210524000,3540.0,33486,486544,1183622660.0,3540.0,205,3539.0,71
rb1805,20170928,20170927,210524500,3539.0,33494,486546,1183905780.0,3540.0,205,3539.0,68
rb1805,20170928,20170927,210525000,3540.0,33508,486540,1184401360.0,3540.0,202,3539.0,70
rb1805,20170928,20170927,210525500,3539.0,33546,486564,1185746280.0,3540.0,198,3539.0,57
rb1805,20170928,20170927,210526000,3540.0,33570,486552,1186595760.0,3540.0,199,3539.0,51
rb1805,20170928,20170927,210526500,3540.0,33576,486552,1186808140.0,3540.0,206,3539.0,51
rb1805,20170928,20170927,210527000,3540.0,33712,486494,1191621340.0,3540.0,198,3538.0,178
rb1805,20170928,20170927,210527500,3540.0,33740,486486,1192612340.0,3540.0,201,3538.0,178
rb1805,20170928,20170927,210528000,3540.0,33744,486490,1192753940.0,3539.0,5,3538.0,169
rb1805,20170928,20170927,210528500,3538.0,33756,486494,1193178560.0,3539.0,12,3538.0,186
rb1805,20170928,20170927,210529000,3539.0,33772,486492,1193744800.0,3539.0,48,3538.0,186
rb1805,20170928,20170927,210529500,3538.0,33778,486488,1193957120.0,3539.0,56,3538.0,185
rb1805,20170928,20170927,210530000,3539.0,33780,486490,1194027900.0,3539.0,60,3538.0,185
rb1805,20170928,20170927,210530500,3538.0,33790,486492,1194381740.0,3539.0,59,3538.0,176
rb1805,20170928,20170927,210531000,3539.0,33794,486494,1194523300.0,3539.0,57,3538.0,173
rb1805,20170928,20170927,210531500,3538.0,33798,486492,1194664840.0,3539.0,56,3538.0,173
rb1805,20170928,20170927,210532000,3539.0,33816,486474,1195301860.0,3539.0,47,3538.0,174
rb1805,20170928,20170927,210532500,3538.0,33818,486476,1195372620.0,3539.0,49,3538.0,174
rb1805,20170928,20170927,210533000,3538.0,33864,486470,1197000160.0,3539.0,52,3538.0,154
rb1805,20170928,20170927,210533500,3539.0,33868,486472,1197141700.0,3539.0,51,3538.0,153
rb1805,20170928,20170927,210534000,3539.0,33890,486472,1197920280.0,3539.0,79,3538.0,153
rb1805,20170928,20170927,210534500,3539.0,34052,486400,1203653460.0,3540.0,212,3539.0,29
rb1805,20170928,20170927,210535000,3539.0,34064,486412,1204078140.0,3540.0,201,3539.0,26
rb1805,20170928,20170927,210535500,3539.0,34078,486424,1204573640.0,3540.0,199,3539.0,34
rb1805,20170928,20170927,210536000,3539.0,34086,486432,1204856760.0,3540.0,200,3539.0,30
rb1805,20170928,20170927,210536500,3539.0,34146,486428,1206980320.0,3540.0,192,3539.0,13
rb1805,20170928,20170927,210537000,3540.0,34540,486586,1220927920.0,3541.0,100,3540.0,304
rb1805,20170928,20170927,210537500,3540.0,34546,486592,1221140320.0,3541.0,132,3540.0,301
rb1805,20170928,20170927,210538000,3541.0,34570,486600,1221989940.0,3541.0,131,3540.0,290
rb1805,20170928,20170927,210538500,3540.0,35222,486780,1245071460.0,3540.0,6,3539.0,14
rb1805,20170928,20170927,210539000,3539.0,35232,486778,1245425400.0,3540.0,31,3539.0,24
rb1805,20170928,20170927,210539500,3540.0,35276,486806,1246983000.0,3540.0,39,3539.0,30
rb1805,20170928,20170927,210540000,3540.0,35292,486812,1247549400.0,3540.0,64,3539.0,30
rb1805,20170928,20170927,210540500,3540.0,35308,486814,1248115760.0,3540.0,58,3539.0,28
rb1805,20170928,20170927,210541000,3540.0,35310,486814,1248186560.0,3540.0,67,3539.0,28
rb1805,20170928,20170927,210541500,3539.0,35314,486814,1248328140.0,3540.0,118,3539.0,21
rb1805,20170928,20170927,210542000,3540.0,35318,486812,1248469720.0,3540.0,119,3539.0,20
rb1805,20170928,20170927,210542500,3540.0,35556,486836,1256894920.0,3541.0,110,3540.0,383
rb1805,20170928,20170927,210543000,3540.0,35630,486846,1259514520.0,3541.0,137,3540.0,346
rb1805,20170928,20170927,210543500,3540.0,35674,486880,1261072160.0,3541.0,146,3540.0,328
rb1805,20170928,20170927,210544000,3540.0,35722,486920,1262771760.0,3541.0,109,3540.0,335
rb1805,20170928,20170927,210544500,3540.0,35780,486922,1264825240.0,3541.0,95,3540.0,322
rb1805,20170928,20170927,210545000,3540.0,35796,486928,1265391660.0,3541.0,105,3540.0,315
rb1805,20170928,20170927,210545500,3541.0,35802,486932,1265604100.0,3541.0,103,3540.0,316
rb1805,20170928,20170927,210546000,3540.0,35850,486944,1267303300.0,3541.0,103,3540.0,293
rb1805,20170928,20170927,210546500,3541.0,35858,486944,1267586540.0,3541.0,301,3540.0,294
rb1805,20170928,20170927,210547000,3540.0,35864,486948,1267798980.0,3541.0,313,3540.0,313
rb1805,20170928,20170927,210547500,3541.0,35880,486946,1268365460.0,3541.0,309,3540.0,320
rb1805,20170928,20170927,210548000,3541.0,35890,486956,1268719520.0,3541.0,309,3540.0,321
rb1805,20170928,20170927,210548500,3540.0,35894,486958,1268861140.0,3541.0,308,3540.0,320
rb1805,20170928,20170927,210549000,3541.0,35982,487024,1271976480.0,3541.0,302,3540.0,299
rb1805,20170928,20170927,210549500,3541.0,36002,487034,1272684580.0,3541.0,311,3540.0,294
rb1805,20170928,20170927,210550000,3540.0,36406,487252,1286986220.0,3541.0,302,3540.0,96
rb1805,20170928,20170927,210550500,3540.0,36512,487316,1290738720.0,3541.0,319,3540.0,48
rb1805,20170928,20170927,210551000,3540.0,36586,487340,1293358480.0,3541.0,313,3540.0,19
rb1805,20170928,20170927,210551500,3541.0,37262,487890,1317295340.0,3542.0,303,3541.0,180
rb1805,20170928,20170927,210552000,3541.0,37510,487968,1326077040.0,3542.0,319,3541.0,62
rb1805,20170928,20170927,210552500,3541.0,37530,487970,1326785300.0,3542.0,320,3541.0,57
rb1805,20170928,20170927,210553000,3541.0,37538,487976,1327068580.0,3542.0,325,3541.0,55
rb1805,20170928,20170927,210553500,3541.0,37650,488058,1331034500.0,3542.0,326,3540.0,8
rb1805,20170928,20170927,210554000,3540.0,37652,488058,1331105300.0,3541.0,1,3540.0,14
rb1805,20170928,20170927,210554500,3540.0,37660,488060,1331388560.0,3541.0,62,3540.0,9
rb1805,20170928,20170927,210555000,3541.0,37674,488054,1331884280.0,3541.0,73,3540.0,8
rb1805,20170928,20170927,210555500,3540.0,37678,488056,1332025900.0,3541.0,74,3540.0,7
rb1805,20170928,20170927,210556000,3541.0,37704,488046,1332946560.0,3541.0,61,3540.0,7
rb1805,20170928,20170927,210556500,3540.0,37714,488052,1333300560.0,3541.0,62,3540.0,2
rb1805,20170928,20170927,210557000,3541.0,37722,488052,1333583840.0,3541.0,60,3540.0,2
rb1805,20170928,20170927,210557500,3540.0,37726,488056,1333725440.0,3541.0,65,3540.0,1
rb1805,20170928,20170927,210558000,3540.0,37812,487986,1336770660.0,3540.0,39,3539.0,24
rb1805,20170928,20170927,210558500,3539.0,37862,487988,1338540600.0,3540.0,37,3539.0,35
rb1805,20170928,20170927,210559000,3540.0,37926,488014,1340806200.0,3540.0,10,3539.0,50
rb1805,20170928,20170927,210559500,3540.0,37948,488010,1341585000.0,3541.0,29,3540.0,10
rb1805,20170928,20170927,210600000,3540.0,37948,488010,1341585000.0,3541.0,47,3540.0,10
rb1805,20170928,20170927,210600500,3540.0,38026,488030,1344346400.0,3541.0,40,3540.0,6
rb1805,20170928,20170927,210601000,3540.0,38042,488026,1344912840.0,3540.0,3,3539.0,48
rb1805,20170928,20170927,210601500,3540.0,38056,488024,1345408500.0,3541.0,69,3539.0,48
rb1805,20170928,20170927,210602000,3540.0,38064,488030,1345691680.0,3540.0,2,3539.0,47
rb1805,20170928,20170927,210602500,3541.0,38076,488028,1346116500.0,3540.0,1,3539.0,43
rb1805,20170928,20170927,210603000,3541.0,38090,488030,1346612240.0,3541.0,83,3539.0,43
rb1805,20170928,20170927,210603500,3539.0,38100,488028,1346966140.0,3540.0,47,3539.0,38
rb1805,20170928,20170927,210604000,3539.0,38110,488034,1347320080.0,3540.0,49,3539.0,29
rb1805,20170928,20170927,210604500,3540.0,38118,488040,1347603260.0,3540.0,74,3539.0,28
rb1805,20170928,20170927,210605000,3540.0,38128,488042,1347957260.0,3540.0,70,3539.0,28
rb1805,20170928,20170927,210605500,3540.0,38136,488040,1348240440.0,3540.0,67,3539.0,30
rb1805,20170928,20170927,210606000,3540.0,38178,488064,1349726840.0,3540.0,72,3539.0,8
rb1805,20170928,20170927,210606500,3540.0,38202,488054,1350576420.0,3540.0,70,3539.0,11
rb1805,20170928,20170927,210607000,3539.0,38210,488054,1350859540.0,3540.0,76,3539.0,7
rb1805,20170928,20170927,210607500,3540.0,38244,488086,1352063080.0,3540.0,163,3539.0,4
rb1805,20170928,20170927,210608000,3540.0,38244,488086,1352063080.0,3540.0,166,3539.0,4
rb1805,20170928,20170927,210608500,3539.0,38264,488080,1352770880.0,3539.0,28,3538.0,194
rb1805,20170928,20170927,210609000,3539.0,38264,488080,1352770880.0,3539.0,43,3538.0,194
rb1805,20170928,20170927,210609500,3539.0,38268,488080,1352912420.0,3539.0,45,3538.0,293
rb1805,20170928,20170927,210610000,3539.0,38274,488074,1353124760.0,3539.0,39,3538.0,293
rb1805,20170928,20170927,210610500,3539.0,38274,488074,1353124760.0,3539.0,39,3538.0,292
rb1805,20170928,20170927,210611000,3538.0,38284,488082,1353478580.0,3539.0,38,3538.0,288
rb1805,20170928,20170927,210611500,3538.0,38286,488084,1353549340.0,3539.0,38,3538.0,287
rb1805,20170928,20170927,210612000,3539.0,38334,488084,1355247660.0,3539.0,35,3538.0,267
rb1805,20170928,20170927,210612500,3538.0,38368,488090,1356450580.0,3539.0,39,3538.0,251
rb1805,20170928,20170927,210613000,3538.0,38390,488072,1357229140.0,3539.0,29,3538.0,250
rb1805,20170928,20170927,210613500,3538.0,38422,488074,1358361340.0,3539.0,30,3538.0,236
rb1805,20170928,20170927,210614000,3539.0,38502,488054,1361192520.0,3540.0,202,3539.0,6
rb1805,20170928,20170927,210614500,3539.0,38514,488042,1361617200.0,3539.0,11,3538.0,235
rb1805,20170928,20170927,210615000,3538.0,38530,488056,1362183300.0,3539.0,11,3538.0,229
rb1805,20170928,20170927,210615500,3538.0,38532,488058,1362254060.0,3539.0,63,3538.0,231
rb1805,20170928,20170927,210616000,3538.0,38532,488058,1362254060.0,3539.0,64,3538.0,232
rb1805,20170928,20170927,210616500,3538.0,38536,488058,1362395580.0,3539.0,63,3538.0,230
rb1805,20170928,20170927,210617000,3538.0,38546,488058,1362749380.0,3539.0,64,3538.0,227
rb1805,20170928,20170927,210617500,3538.0,38556,488062,1363103200.0,3539.0,65,3538.0,223
rb1805,20170928,20170927,210618000,3539.0,38564,488068,1363386260.0,3539.0,66,3538.0,220
rb1805,20170928,20170927,210618500,3539.0,38574,488078,1363740160.0,3539.0,64,3538.0,220
rb1805,20170928,20170927,210619000,3538.0,38578,488080,1363881700.0,3539.0,64,3538.0,219
rb1805,20170928,20170927,210619500,3538.0,38598,488086,1364589340.0,3539.0,70,3538.0,211
rb1805,20170928,20170927,210620000,3539.0,38622,488084,1365438500.0,3539.0,70,3538.0,201
rb1805,20170928,20170927,210620500,3538.0,38626,488082,1365580020.0,3539.0,70,3538.0,199
rb1805,20170928,20170927,210621000,3538.0,38640,488068,1366075340.0,3539.0,72,3538.0,192
rb1805,20170928,20170927,210621500,3538.0,38658,488056,1366712180.0,3539.0,74,3538.0,183
rb1805,20170928,20170927,210622000,3538.0,38740,488074,1369613340.0,3539.0,85,3538.0,142
rb1805,20170928,20170927,210622500,3538.0,38740,488074,1369613340.0,3539.0,81,3538.0,142
rb1805,20170928,20170927,210623000,3539.0,38748,488074,1369896460.0,3539.0,78,3538.0,142
rb1805,20170928,20170927,210623500,3539.0,38748,488074,1369896460.0,3539.0,84,3538.0,142
rb1805,20170928,20170927,210624000,3538.0,38856,488108,1373717500.0,3539.0,98,3538.0,133
rb1805,20170928,20170927,210624500,3538.0,38870,488122,1374212820.0,3539.0,98,3538.0,126
rb1805,20170928,20170927,210625000,3538.0,38948,488128,1376972460.0,3539.0,98,3538.0,87
rb1805,20170928,20170927,210625500,3538.0,38948,488128,1376972460.0,3539.0,99,3538.0,87
rb1805,20170928,20170927,210626000,3538.0,38950,488130,1377043220.0,3539.0,102,3538.0,86
rb1805,20170928,20170927,210626500,3538.0,39010,488130,1379166020.0,3539.0,103,3538.0,56
rb1805,20170928,20170927,210627000,3538.0,39024,488134,1379661340.0,3539.0,103,3538.0,50
rb1805,20170928,20170927,210627500,3538.0,39044,488134,1380368940.0,3539.0,109,3538.0,40
rb1805,20170928,20170927,210628000,3538.0,39066,488148,1381147300.0,3539.0,146,3538.0,30
rb1805,20170928,20170927,210628500,3538.0,39126,488188,1383270100.0,3538.0,27,3537.0,432
rb1805,20170928,20170927,210629000,3538.0,39126,488188,1383270100.0,3538.0,69,3537.0,437
rb1805,20170928,20170927,210629500,3538.0,39126,488188,1383270100.0,3538.0,84,3537.0,439
rb1805,20170928,20170927,210630000,3538.0,39126,488188,1383270100.0,3538.0,91,3537.0,440
rb1805,20170928,20170927,210630500,3538.0,39128,488188,1383340860.0,3538.0,103,3537.0,440
rb1805,20170928,20170927,210631000,3537.0,39140,488190,1383765300.0,3538.0,108,3537.0,433
rb1805,20170928,20170927,210631500,3538.0,39142,488190,1383836060.0,3538.0,108,3537.0,433
rb1805,20170928,20170927,210632000,3537.0,39144,488190,1383906800.0,3538.0,109,3537.0,432
rb1805,20170928,20170927,210632500,3537.0,39148,488190,1384048280.0,3538.0,114,3537.0,430
rb1805,20170928,20170927,210633000,3538.0,39256,488198,1387868320.0,3538.0,110,3537.0,380
rb1805,20170928,20170927,210633500,3538.0,39256,488198,1387868320.0,3538.0,111,3537.0,380
rb1805,20170928,20170927,210634000,3537.0,39258,488198,1387939060.0,3538.0,110,3537.0,380
rb1805,20170928,20170927,210634500,3538.0,39270,488198,1388363600.0,3538.0,105,3537.0,377
rb1805,20170928,20170927,210635000,3538.0,39306,488232,1389637020.0,3538.0,101,3537.0,366
rb1805,20170928,20170927,210635500,3537.0,39308,488234,1389707760.0,3538.0,103,3537.0,366
rb1805,20170928,20170927,210636000,3538.0,39318,488242,1390061520.0,3538.0,103,3537.0,364
rb1805,20170928,20170927,210636500,3537.0,39324,488244,1390273740.0,3538.0,104,3537.0,361
rb1805,20170928,20170927,210637000,3537.0,39326,488246,1390344480.0,3538.0,117,3537.0,360
rb1805,20170928,20170927,210637500,3537.0,39326,488246,1390344480.0,3538.0,118,3537.0,360
rb1805,20170928,20170927,210638000,3537.0,39332,488252,1390556740.0,3538.0,118,3537.0,359
rb1805,20170928,20170927,210638500,3537.0,39360,488276,1391547140.0,3538.0,111,3537.0,347
rb1805,20170928,20170927,210639000,3538.0,39366,488280,1391759380.0,3538.0,115,3537.0,345
rb1805,20170928,20170927,210639500,3537.0,39372,488282,1391971600.0,3538.0,140,3537.0,343
rb1805,20170928,20170927,210640000,3537.0,39378,488288,1392183860.0,3538.0,140,3537.0,342
rb1805,20170928,20170927,210640500,3537.0,39428,488298,1393952360.0,3538.0,148,3537.0,317
rb1805,20170928,20170927,210641000,3538.0,39436,488306,1394235360.0,3538.0,140,3537.0,315
rb1805,20170928,20170927,210641500,3537.0,39452,488316,1394801280.0,3538.0,138,3537.0,306
rb1805,20170928,20170927,210642000,3537.0,39454,488316,1394872020.0,3538.0,138,3537.0,305
rb1805,20170928,20170927,210642500,3537.0,39454,488316,1394872020.0,3538.0,142,3537.0,328
rb1805,20170928,20170927,210643000,3537.0,39458,488320,1395013500.0,3538.0,157,3537.0,331
rb1805,20170928,20170927,210643500,3537.0,39464,488326,1395225720.0,3538.0,152,3537.0,332
rb1805,20170928,20170927,210644000,3537.0,39464,488326,1395225720.0,3538.0,138,3537.0,332
rb1805,20170928,20170927,210644500,3538.0,39470,488326,1395438000.0,3538.0,136,3537.0,332
rb1805,20170928,20170927,210645000,3538.0,39748,488386,1405273640.0,3539.0,140,3538.0,5
rb1805,20170928,20170927,210645500,3538.0,39758,488392,1405627440.0,3539.0,155,3538.0,45
rb1805,20170928,20170927,210646000,3538.0,39786,488384,1406618080.0,3539.0,155,3538.0,79
rb1805,20170928,20170927,210646500,3538.0,39988,488398,1413765540.0,3539.0,106,3538.0,36
rb1805,20170928,20170927,210647000,3539.0,40008,488418,1414473340.0,3539.0,95,3538.0,45
rb1805,20170928,20170927,210647500,3539.0,40202,488332,1421339000.0,3540.0,87,3539.0,149
rb1805,20170928,20170927,210648000,3539.0,40218,488324,1421905240.0,3540.0,87,3539.0,130
rb1805,20170928,20170927,210648500,3539.0,40220,488322,1421976020.0,3540.0,95,3539.0,130
rb1805,20170928,20170927,210649000,3539.0,40230,488322,1422329940.0,3540.0,82,3539.0,126
rb1805,20170928,20170927,210649500,3540.0,40238,488324,1422613080.0,3540.0,96,3539.0,167
rb1805,20170928,20170927,210650000,3539.0,40278,488350,1424028980.0,3540.0,93,3539.0,163
rb1805,20170928,20170927,210650500,3539.0,40384,488250,1427780320.0,3540.0,87,3539.0,110
rb1805,20170928,20170927,210651000,3540.0,40388,488252,1427921900.0,3540.0,93,3539.0,109
rb1805,20170928,20170927,210651500,3540.0,40394,488254,1428134300.0,3540.0,91,3539.0,109
rb1805,20170928,20170927,210652000,3539.0,40396,488254,1428205080.0,3540.0,89,3539.0,108
rb1805,20170928,20170927,210652500,3540.0,40406,488256,1428559040.0,3540.0,92,3539.0,107
rb1805,20170928,20170927,210653000,3540.0,40406,488256,1428559040.0,3540.0,92,3539.0,107
rb1805,20170928,20170927,210653500,3539.0,40416,488246,1428912940.0,3540.0,92,3539.0,102
rb1805,20170928,20170927,210654000,3539.0,40416,488246,1428912940.0,3540.0,93,3539.0,102
rb1805,20170928,20170927,210654500,3540.0,40418,488248,1428983740.0,3540.0,92,3539.0,102
rb1805,20170928,20170927,210655000,3539.0,40420,488248,1429054520.0,3540.0,92,3539.0,101
rb1805,20170928,20170927,210655500,3539.0,40420,488248,1429054520.0,3540.0,93,3539.0,101
rb1805,20170928,20170927,210656000,3539.0,40422,488248,1429125300.0,3540.0,95,3539.0,101
rb1805,20170928,20170927,210656500,3539.0,40440,488232,1429762320.0,3540.0,113,3539.0,92
rb1805,20170928,20170927,210657000,3539.0,40442,488232,1429833100.0,3540.0,113,3539.0,91
rb1805,20170928,20170927,210657500,3539.0,40450,488226,1430116240.0,3540.0,113,3539.0,88
rb1805,20170928,20170927,210658000,3539.0,40626,488230,1436344880.0,3539.0,9,3538.0,61
rb1805,20170928,20170927,210658500,3539.0,40626,488230,1436344880.0,3539.0,17,3538.0,56
rb1805,20170928,20170927,210659000,3539.0,40626,488230,1436344880.0,3539.0,24,3538.0,56
rb1805,20170928,20170927,210659500,3538.0,40636,488230,1436698680.0,3539.0,24,3538.0,50
rb1805,20170928,20170927,210700000,3538.0,40738,488274,1440307440.0,3538.0,85,3537.0,308
rb1805,20170928,20170927,210700500,3538.0,40740,488276,1440378200.0,3538.0,78,3537.0,308
rb1805,20170928,20170927,210701000,3538.0,40754,488290,1440873500.0,3538.0,72,3537.0,307
rb1805,20170928,20170927,210701500,3538.0,40768,488302,1441368820.0,3538.0,50,3537.0,307
rb1805,20170928,20170927,210702000,3538.0,40772,488306,1441510340.0,3538.0,48,3537.0,307
rb1805,20170928,20170927,210702500,3537.0,40776,488310,1441651840.0,3538.0,47,3537.0,307
rb1805,20170928,20170927,210703000,3538.0,40780,488314,1441793360.0,3538.0,17,3537.0,322
rb1805,20170928,20170927,210703500,3537.0,40782,488314,1441864100.0,3538.0,17,3537.0,322
rb1805,20170928,20170927,210704000,3538.0,40798,488322,1442430140.0,3538.0,11,3537.0,319
rb1805,20170928,20170927,210704500,3538.0,40798,488322,1442430140.0,3538.0,21,3537.0,319
rb1805,20170928,20170927,210705000,3537.0,40800,488322,1442500880.0,3538.0,27,3537.0,318
rb1805,20170928,20170927,210705500,3537.0,40806,488324,1442713120.0,3538.0,38,3537.0,316
rb1805,20170928,20170927,210706000,3537.0,40808,488324,1442783860.0,3538.0,41,3537.0,316
rb1805,20170928,20170927,210706500,3537.0,40810,488326,1442854600.0,3538.0,47,3537.0,315
rb1805,20170928,20170927,210707000,3537.0,40824,488328,1443349780.0,3538.0,41,3537.0,308
rb1805,20170928,20170927,210707500,3537.0,40832,488336,1443632740.0,3538.0,43,3537.0,304
rb1805,20170928,20170927,210708000,3538.0,40834,488336,1443703500.0,3538.0,48,3537.0,304
rb1805,20170928,20170927,210708500,3537.0,40836,488336,1443774240.0,3538.0,48,3537.0,303
rb1805,20170928,20170927,210709000,3537.0,40840,488338,1443915720.0,3538.0,52,3537.0,301
rb1805,20170928,20170927,210709500,3537.0,40860,488358,1444623120.0,3538.0,52,3537.0,291
rb1805,20170928,20170927,210710000,3537.0,40900,488398,1446037920.0,3538.0,55,3537.0,271
rb1805,20170928,20170927,210710500,3537.0,40910,488398,1446391620.0,3538.0,55,3537.0,266
rb1805,20170928,20170927,210711000,3537.0,40958,488400,1448089440.0,3538.0,52,3537.0,246
rb1805,20170928,20170927,210711500,3537.0,40960,488402,1448160180.0,3538.0,53,3537.0,244
rb1805,20170928,20170927,210712000,3537.0,40962,488404,1448230920.0,3538.0,63,3537.0,243
rb1805,20170928,20170927,210712500,3538.0,40966,488406,1448372420.0,3538.0,64,3537.0,242
rb1805,20170928,20170927,210713000,3537.0,40974,488410,1448655380.0,3538.0,63,3537.0,238
rb1805,20170928,20170927,210713500,3537.0,41018,488414,1450211660.0,3538.0,63,3537.0,216
rb1805,20170928,20170927,210714000,3537.0,41282,488560,1459549340.0,3538.0,93,3537.0,84
rb1805,20170928,20170927,210714500,3537.0,41446,488566,1465350020.0,3538.0,66,3537.0,2
rb1805,20170928,20170927,210715000,3537.0,41450,488566,1465491500.0,3537.0,17,3536.0,512
rb1805,20170928,20170927,210715500,3536.0,41460,488570,1465845180.0,3537.0,10,3536.0,511
rb1805,20170928,20170927,210716000,3537.0,41484,488592,1466694060.0,3538.0,95,3537.0,12
rb1805,20170928,20170927,210716500,3537.0,41486,488592,1466764800.0,3537.0,6,3536.0,511
rb1805,20170928,20170927,210717000,3537.0,41506,488578,1467472200.0,3538.0,95,3537.0,1
rb1805,20170928,20170927,210717500,3536.0,41514,488580,1467755100.0,3537.0,1,3536.0,509
rb1805,20170928,20170927,210718000,3537.0,41546,488588,1468886860.0,3538.0,111,3537.0,9
rb1805,20170928,20170927,210718500,3537.0,41546,488588,1468886860.0,3538.0,56,3537.0,9
rb1805,20170928,20170927,210719000,3537.0,41552,488588,1469099080.0,3538.0,67,3537.0,6
rb1805,20170928,20170927,210719500,3537.0,41558,488584,1469311320.0,3538.0,138,3537.0,9
rb1805,20170928,20170927,210720000,3537.0,41560,488582,1469382060.0,3538.0,126,3537.0,8
rb1805,20170928,20170927,210720500,3537.0,41570,488576,1469735760.0,3538.0,127,3537.0,4
rb1805,20170928,20170927,210721000,3537.0,41588,488576,1470372580.0,3538.0,121,3537.0,9
rb1805,20170928,20170927,210721500,3537.0,41600,488570,1470797020.0,3538.0,134,3537.0,4
rb1805,20170928,20170927,210722000,3537.0,41600,488570,1470797020.0,3538.0,134,3537.0,4
rb1805,20170928,20170927,210722500,3537.0,41606,488570,1471009240.0,3538.0,136,3537.0,1
rb1805,20170928,20170927,210723000,3537.0,41608,488568,1471079980.0,3537.0,1,3536.0,506
rb1805,20170928,20170927,210723500,3537.0,41612,488566,1471221460.0,3538.0,130,3537.0,24
rb1805,20170928,20170927,210724000,3537.0,41616,488566,1471362940.0,3538.0,142,3537.0,15
rb1805,20170928,20170927,210724500,3537.0,41624,488560,1471645900.0,3538.0,142,3537.0,11
rb1805,20170928,20170927,210725000,3537.0,41632,488558,1471928860.0,3538.0,142,3537.0,17
rb1805,20170928,20170927,210725500,3537.0,41638,488556,1472141080.0,3538.0,144,3537.0,14
rb1805,20170928,20170927,210726000,3537.0,41658,488570,1472848480.0,3538.0,145,3537.0,5
rb1805,20170928,20170927,210726500,3537.0,41664,488574,1473060700.0,3538.0,146,3537.0,3
rb1805,20170928,20170927,210727000,3537.0,41668,488578,1473202180.0,3538.0,148,3537.0,4
rb1805,20170928,20170927,210727500,3537.0,41668,488578,1473202180.0,3538.0,148,3537.0,14
rb1805,20170928,20170927,210728000,3537.0,41682,488574,1473697360.0,3538.0,138,3537.0,9
rb1805,20170928,20170927,210728500,3538.0,41782,488624,1477235360.0,3538.0,95,3537.0,27
rb1805,20170928,20170927,210729000,3537.0,41822,488610,1478650160.0,3538.0,95,3537.0,8
rb1805,20170928,20170927,210729500,3537.0,41834,488600,1479074600.0,3538.0,95,3537.0,2
rb1805,20170928,20170927,210730000,3537.0,41834,488600,1479074600.0,3538.0,95,3537.0,2
rb1805,20170928,20170927,210730500,3537.0,41840,488602,1479286820.0,3537.0,5,3536.0,513
rb1805,20170928,20170927,210731000,3537.0,41920,488538,1482116420.0,3538.0,95,3537.0,6
rb1805,20170928,20170927,210731500,3538.0,41922,488538,1482187180.0,3538.0,96,3537.0,6
rb1805,20170928,20170927,210732000,3537.0,41924,488538,1482257920.0,3538.0,98,3537.0,5
rb1805,20170928,20170927,210732500,3537.0,41934,488548,1482611620.0,3538.0,87,3536.0,513
rb1805,20170928,20170927,210733000,3537.0,41936,488548,1482682360.0,3538.0,87,3537.0,8
rb1805,20170928,20170927,210733500,3537.0,41940,488546,1482823860.0,3538.0,86,3537.0,16
rb1805,20170928,20170927,210734000,3537.0,41940,488546,1482823860.0,3538.0,96,3537.0,16
rb1805,20170928,20170927,210734500,3537.0,41954,488546,1483319040.0,3538.0,96,3537.0,11
rb1805,20170928,20170927,210735000,3537.0,41954,488546,1483319040.0,3538.0,97,3537.0,11
rb1805,20170928,20170927,210735500,3537.0,41956,488548,1483389780.0,3538.0,127,3537.0,10
rb1805,20170928,20170927,210736000,3537.0,41978,488562,1484167920.0,3537.0,31,3536.0,499
rb1805,20170928,20170927,210736500,3537.0,41990,488556,1484592360.0,3538.0,143,3537.0,14
rb1805,20170928,20170927,210737000,3537.0,41996,488552,1484804580.0,3538.0,148,3537.0,11
rb1805,20170928,20170927,210737500,3537.0,41998,488552,1484875320.0,3538.0,148,3537.0,10
rb1805,20170928,20170927,210738000,3537.0,42000,488550,1484946060.0,3538.0,149,3537.0,9
rb1805,20170928,20170927,210738500,3537.0,42012,488538,1485370500.0,3538.0,144,3537.0,3
rb1805,20170928,20170927,210739000,3537.0,42026,488538,1485865680.0,3537.0,73,3536.0,502
rb1805,20170928,20170927,210739500,3537.0,42178,488684,1491241940.0,3538.0,126,3537.0,2
rb1805,20170928,20170927,210740000,3537.0,42178,488684,1491241940.0,3537.0,5,3536.0,506
rb1805,20170928,20170927,210740500,3537.0,42192,488684,1491737120.0,3538.0,128,3537.0,10
rb1805,20170928,20170927,210741000,3537.0,42418,488742,1499732780.0,3538.0,26,3537.0,48
rb1805,20170928,20170927,210741500,3538.0,42490,488740,1502280140.0,3539.0,35,3538.0,17
rb1805,20170928,20170927,210742000,3538.0,42490,488740,1502280140.0,3539.0,37,3538.0,41
rb1805,20170928,20170927,210742500,3538.0,42498,488732,1502563180.0,3539.0,25,3538.0,18
rb1805,20170928,20170927,210743000,3538.0,42498,488732,1502563180.0,3539.0,26,3538.0,18
rb1805,20170928,20170927,210743500,3538.0,42500,488730,1502633940.0,3539.0,26,3538.0,17
rb1805,20170928,20170927,210744000,3538.0,42502,488730,1502704700.0,3539.0,26,3538.0,16
rb1805,20170928,20170927,210744500,3538.0,42534,488730,1503836860.0,3538.0,36,3537.0,60
rb1805,20170928,20170927,210745000,3538.0,42546,488738,1504261400.0,3538.0,32,3537.0,64
rb1805,20170928,20170927,210745500,3537.0,42550,488738,1504402900.0,3538.0,31,3537.0,64
rb1805,20170928,20170927,210746000,3537.0,42550,488738,1504402900.0,3538.0,31,3537.0,64
rb1805,20170928,20170927,210746500,3538.0,42614,488750,1506667220.0,3539.0,31,3538.0,58
rb1805,20170928,20170927,210747000,3538.0,42626,488752,1507091780.0,3539.0,42,3538.0,52
rb1805,20170928,20170927,210747500,3539.0,42630,488756,1507233340.0,3539.0,40,3538.0,52
rb1805,20170928,20170927,210748000,3538.0,42650,488776,1507940940.0,3539.0,40,3538.0,42
rb1805,20170928,20170927,210748500,3538.0,42658,488784,1508223980.0,3539.0,41,3538.0,38
rb1805,20170928,20170927,210749000,3538.0,42668,488784,1508577780.0,3539.0,41,3538.0,33
rb1805,20170928,20170927,210749500,3538.0,42670,488784,1508648540.0,3539.0,41,3538.0,32
rb1805,20170928,20170927,210750000,3538.0,42692,488802,1509426900.0,3539.0,41,3538.0,27
rb1805,20170928,20170927,210750500,3538.0,42694,488804,1509497660.0,3539.0,41,3538.0,26
rb1805,20170928,20170927,210751000,3538.0,42708,488818,1509993000.0,3539.0,41,3538.0,20
rb1805,20170928,20170927,210751500,3539.0,42790,488862,1512894980.0,3540.0,153,3539.0,460
rb1805,20170928,20170927,210752000,3539.0,42864,488910,1515513860.0,3540.0,163,3539.0,424
rb1805,20170928,20170927,210752500,3539.0,42874,488920,1515867760.0,3540.0,162,3539.0,419
rb1805,20170928,20170927,210753000,3539.0,42910,488956,1517141800.0,3540.0,163,3539.0,401
rb1805,20170928,20170927,210753500,3540.0,42944,488990,1518345080.0,3540.0,164,3539.0,385
rb1805,20170928,20170927,210754000,3539.0,42950,488996,1518557440.0,3540.0,170,3539.0,383
rb1805,20170928,20170927,210754500,3539.0,42956,489002,1518769780.0,3540.0,170,3539.0,380
rb1805,20170928,20170927,210755000,3539.0,42956,489002,1518769780.0,3540.0,172,3539.0,380
rb1805,20170928,20170927,210755500,3539.0,42958,489004,1518840560.0,3540.0,171,3539.0,379
rb1805,20170928,20170927,210756000,3539.0,42958,489004,1518840560.0,3540.0,170,3539.0,379
rb1805,20170928,20170927,210756500,3539.0,42958,489004,1518840560.0,3540.0,174,3539.0,379
rb1805,20170928,20170927,210757000,3540.0,43054,488986,1522238940.0,3540.0,142,3539.0,378
rb1805,20170928,20170927,210757500,3539.0,43080,489012,1523159080.0,3540.0,142,3539.0,365
rb1805,20170928,20170927,210758000,3539.0,43100,489020,1523866980.0,3540.0,138,3539.0,360
rb1805,20170928,20170927,210758500,3539.0,43102,489022,1523937760.0,3540.0,138,3539.0,359
rb1805,20170928,20170927,210759000,3540.0,43104,489022,1524008560.0,3540.0,138,3539.0,359
rb1805,20170928,20170927,210759500,3540.0,43306,488962,1531159360.0,3540.0,37,3539.0,359
rb1805,20170928,20170927,210800000,3539.0,43348,488974,1532646140.0,3540.0,33,3539.0,378
rb1805,20170928,20170927,210800500,3539.0,43402,489006,1534557540.0,3540.0,17,3539.0,368
rb1805,20170928,20170927,210801000,3540.0,43416,489010,1535053060.0,3540.0,18,3539.0,374
rb1805,20170928,20170927,210801500,3540.0,43458,488996,1536539860.0,3540.0,28,3539.0,374
rb1805,20170928,20170927,210802000,3540.0,43486,489022,1537531060.0,3540.0,24,3539.0,375
rb1805,20170928,20170927,210802500,3540.0,43598,489018,1541494820.0,3540.0,24,3539.0,323
rb1805,20170928,20170927,210803000,3540.0,43598,489018,1541494820.0,3540.0,24,3539.0,323
rb1805,20170928,20170927,210803500,3539.0,43600,489018,1541565600.0,3540.0,37,3539.0,325
rb1805,20170928,20170927,210804000,3540.0,43602,489016,1541636400.0,3540.0,42,3539.0,325
rb1805,20170928,20170927,210804500,3540.0,43614,489014,1542061200.0,3540.0,37,3539.0,343
rb1805,20170928,20170927,210805000,3539.0,43626,489024,1542485880.0,3540.0,37,3539.0,337
rb1805,20170928,20170927,210805500,3540.0,43726,489004,1546025880.0,3540.0,8,3539.0,342
rb1805,20170928,20170927,210806000,3540.0,43754,489004,1547017080.0,3540.0,44,3539.0,342
rb1805,20170928,20170927,210806500,3540.0,43842,488982,1550132280.0,3541.0,132,3540.0,27
rb1805,20170928,20170927,210807000,3540.0,43858,488984,1550698680.0,3541.0,133,3540.0,28
rb1805,20170928,20170927,210807500,3540.0,43868,488986,1551052680.0,3541.0,143,3540.0,31
rb1805,20170928,20170927,210808000,3540.0,43892,488986,1551902280.0,3541.0,143,3540.0,25
rb1805,20170928,20170927,210808500,3540.0,43906,488984,1552397880.0,3541.0,143,3540.0,13
rb1805,20170928,20170927,210809000,3540.0,43924,488986,1553035080.0,3541.0,141,3540.0,4
rb1805,20170928,20170927,210809500,3540.0,43928,488990,1553176680.0,3541.0,141,3540.0,10
rb1805,20170928,20170927,210810000,3540.0,43928,488990,1553176680.0,3541.0,141,3540.0,10
rb1805,20170928,20170927,210810500,3541.0,43954,488990,1554097120.0,3541.0,144,3540.0,1
rb1805,20170928,20170927,210811000,3540.0,43960,488992,1554309520.0,3540.0,6,3539.0,342
rb1805,20170928,20170927,210811500,3540.0,43976,488990,1554875920.0,3541.0,146,3540.0,25
rb1805,20170928,20170927,210812000,3541.0,44076,488906,1558416920.0,3541.0,97,3540.0,23
rb1805,20170928,20170927,210812500,3540.0,44078,488904,1558487720.0,3541.0,98,3540.0,63
rb1805,20170928,20170927,210813000,3540.0,44160,488884,1561391300.0,3541.0,48,3540.0,65
rb1805,20170928,20170927,210813500,3541.0,44260,488852,1564932300.0,3541.0,18,3540.0,91
rb1805,20170928,20170927,210814000,3541.0,44308,488848,1566631980.0,3542.0,325,3541.0,18
rb1805,20170928,20170927,210814500,3541.0,44340,488842,1567765180.0,3542.0,333,3541.0,6
rb1805,20170928,20170927,210815000,3541.0,44342,488840,1567836000.0,3541.0,1,3540.0,83
rb1805,20170928,20170927,210815500,3541.0,44346,488838,1567977640.0,3542.0,333,3541.0,18
rb1805,20170928,20170927,210816000,3541.0,44360,488840,1568473380.0,3542.0,293,3541.0,1
rb1805,20170928,20170927,210816500,3541.0,44366,488838,1568685820.0,3542.0,293,3541.0,12
rb1805,20170928,20170927,210817000,3541.0,44378,488838,1569110820.0,3542.0,299,3541.0,23
rb1805,20170928,20170927,210817500,3541.0,44380,488838,1569181640.0,3542.0,299,3541.0,21
rb1805,20170928,20170927,210818000,3541.0,44394,488830,1569677460.0,3542.0,295,3541.0,21
rb1805,20170928,20170927,210818500,3541.0,44414,488830,1570385800.0,3542.0,289,3541.0,27
rb1805,20170928,20170927,210819000,3541.0,44706,488840,1580728380.0,3542.0,133,3541.0,64
rb1805,20170928,20170927,210819500,3541.0,44780,488864,1583349400.0,3542.0,135,3541.0,69
rb1805,20170928,20170927,210820000,3541.0,44886,488836,1587103900.0,3542.0,91,3541.0,69
rb1805,20170928,20170927,210820500,3541.0,44888,488834,1587174720.0,3542.0,93,3541.0,89
rb1805,20170928,20170927,210821000,3542.0,44892,488832,1587316400.0,3542.0,95,3541.0,89
rb1805,20170928,20170927,210821500,3542.0,45112,488742,1595107880.0,3542.0,31,3541.0,43
rb1805,20170928,20170927,210822000,3542.0,45202,488690,1598295640.0,3542.0,10,3541.0,41
rb1805,20170928,20170927,210822500,3542.0,45210,488694,1598579000.0,3542.0,6,3541.0,53
rb1805,20170928,20170927,210823000,3541.0,45216,488700,1598791500.0,3542.0,4,3541.0,52
rb1805,20170928,20170927,210823500,3542.0,45234,488690,1599429060.0,3542.0,9,3541.0,55
rb1805,20170928,20170927,210824000,3542.0,45258,488678,1600279140.0,3542.0,4,3541.0,55
rb1805,20170928,20170927,210824500,3542.0,45262,488674,1600420820.0,3542.0,10,3541.0,55
rb1805,20170928,20170927,210825000,3542.0,45270,488672,1600704180.0,3542.0,7,3541.0,55
rb1805,20170928,20170927,210825500,3542.0,45280,488666,1601058380.0,3542.0,3,3541.0,55
rb1805,20170928,20170927,210826000,3542.0,45388,488688,1604882960.0,3543.0,144,3542.0,4
rb1805,20170928,20170927,210826500,3542.0,45460,488716,1607433100.0,3543.0,153,3542.0,6
rb1805,20170928,20170927,210827000,3543.0,45466,488718,1607645660.0,3543.0,152,3542.0,7
rb1805,20170928,20170927,210827500,3542.0,45586,488744,1611897100.0,3543.0,100,3542.0,4
rb1805,20170928,20170927,210828000,3541.0,45606,488748,1612605480.0,3543.0,95,3542.0,26
rb1805,20170928,20170927,210828500,3543.0,45642,488778,1613880920.0,3543.0,151,3542.0,52
rb1805,20170928,20170927,210829000,3543.0,45758,488790,1617990800.0,3543.0,83,3542.0,63
rb1805,20170928,20170927,210829500,3543.0,45826,488782,1620400040.0,3543.0,59,3542.0,64
rb1805,20170928,20170927,210830000,3543.0,45944,488726,1624580780.0,3544.0,190,3543.0,29
rb1805,20170928,20170927,210830500,3543.0,45966,488746,1625360240.0,3544.0,199,3543.0,43
rb1805,20170928,20170927,210831000,3543.0,45974,488754,1625643700.0,3544.0,198,3543.0,40
rb1805,20170928,20170927,210831500,3544.0,45988,488742,1626139860.0,3544.0,192,3543.0,41
rb1805,20170928,20170927,210832000,3544.0,46010,488732,1626919480.0,3544.0,185,3543.0,44
rb1805,20170928,20170927,210832500,3543.0,46044,488706,1628124380.0,3544.0,171,3543.0,41
rb1805,20170928,20170927,210833000,3543.0,46134,488730,1631313740.0,3544.0,138,3543.0,27
rb1805,20170928,20170927,210833500,3544.0,46166,488728,1632447780.0,3544.0,124,3543.0,26
rb1805,20170928,20170927,210834000,3544.0,46186,488744,1633156420.0,3544.0,123,3543.0,17
rb1805,20170928,20170927,210834500,3543.0,46190,488748,1633298140.0,3544.0,125,3543.0,19
rb1805,20170928,20170927,210835000,3543.0,46194,488750,1633439880.0,3544.0,125,3543.0,16
rb1805,20170928,20170927,210835500,3544.0,46204,488754,1633794220.0,3544.0,127,3543.0,13
rb1805,20170928,20170927,210836000,3543.0,46232,488776,1634786500.0,3544.0,117,3543.0,16
rb1805,20170928,20170927,210836500,3543.0,46242,488774,1635140880.0,3544.0,113,3543.0,22
rb1805,20170928,20170927,210837000,3543.0,46274,488790,1636274920.0,3544.0,99,3543.0,22
rb1805,20170928,20170927,210837500,3543.0,46280,488796,1636487500.0,3544.0,102,3543.0,19
rb1805,20170928,20170927,210838000,3543.0,46324,488786,1638046580.0,3544.0,94,3543.0,8
rb1805,20170928,20170927,210838500,3544.0,46326,488786,1638117460.0,3544.0,173,3543.0,7
rb1805,20170928,20170927,210839000,3544.0,46326,488786,1638117460.0,3544.0,194,3543.0,8
rb1805,20170928,20170927,210839500,3543.0,46332,488782,1638330040.0,3544.0,194,3543.0,5
rb1805,20170928,20170927,210840000,3543.0,46334,488782,1638400900.0,3544.0,185,3543.0,44
rb1805,20170928,20170927,210840500,3544.0,46358,488770,1639251420.0,3544.0,178,3543.0,43
rb1805,20170928,20170927,210841000,3543.0,46362,488772,1639393140.0,3544.0,178,3543.0,41
rb1805,20170928,20170927,210841500,3544.0,46364,488772,1639464020.0,3544.0,177,3543.0,43
rb1805,20170928,20170927,210842000,3543.0,46366,488774,1639534880.0,3544.0,177,3543.0,43
rb1805,20170928,20170927,210842500,3544.0,46392,488770,1640456220.0,3544.0,171,3543.0,38
rb1805,20170928,20170927,210843000,3544.0,46398,488770,1640668860.0,3544.0,168,3543.0,42
rb1805,20170928,20170927,210843500,3543.0,46404,488772,1640881460.0,3544.0,168,3543.0,43
rb1805,20170928,20170927,210844000,3543.0,46404,488772,1640881460.0,3544.0,169,3543.0,44
rb1805,20170928,20170927,210844500,3544.0,46406,488772,1640952340.0,3544.0,169,3543.0,45
rb1805,20170928,20170927,210845000,3544.0,46414,488768,1641235840.0,3544.0,169,3543.0,40
rb1805,20170928,20170927,210845500,3544.0,46418,488766,1641377600.0,3544.0,168,3543.0,40
rb1805,20170928,20170927,210846000,3544.0,46426,488768,1641661080.0,3544.0,166,3543.0,38
rb1805,20170928,20170927,210846500,3544.0,46430,488764,1641802840.0,3544.0,168,3543.0,38
rb1805,20170928,20170927,210847000,3544.0,46434,488760,1641944600.0,3544.0,166,3543.0,38
rb1805,20170928,20170927,210847500,3543.0,46438,488764,1642086320.0,3544.0,167,3543.0,36
rb1805,20170928,20170927,210848000,3543.0,46450,488774,1642511500.0,3544.0,167,3543.0,31
rb1805,20170928,20170927,210848500,3544.0,46452,488772,1642582380.0,3544.0,168,3543.0,55
rb1805,20170928,20170927,210849000,3543.0,46454,488774,1642653240.0,3544.0,168,3543.0,56
rb1805,20170928,20170927,210849500,3543.0,46464,488774,1643007600.0,3544.0,166,3543.0,54
rb1805,20170928,20170927,210850000,3544.0,46466,488774,1643078480.0,3544.0,165,3543.0,54
rb1805,20170928,20170927,210850500,3544.0,46484,488770,1643716260.0,3544.0,164,3543.0,43
rb1805,20170928,20170927,210851000,3544.0,46486,488768,1643787140.0,3544.0,173,3543.0,45
rb1805,20170928,20170927,210851500,3544.0,46490,488770,1643928880.0,3544.0,173,3543.0,44
rb1805,20170928,20170927,210852000,3543.0,46574,488722,1646905020.0,3544.0,172,3543.0,3
rb1805,20170928,20170927,210852500,3543.0,46684,488706,1650801520.0,3543.0,82,3542.0,95
rb1805,20170928,20170927,210853000,3543.0,46826,488638,1655832180.0,3543.0,29,3542.0,75
rb1805,20170928,20170927,210853500,3543.0,46826,488638,1655832180.0,3543.0,46,3542.0,75
rb1805,20170928,20170927,210854000,3542.0,46832,488642,1656044720.0,3543.0,57,3542.0,74
rb1805,20170928,20170927,210854500,3543.0,46834,488644,1656115580.0,3543.0,78,3542.0,76
rb1805,20170928,20170927,210855000,3543.0,46834,488644,1656115580.0,3543.0,78,3542.0,77
rb1805,20170928,20170927,210855500,3543.0,46844,488648,1656469840.0,3543.0,75,3542.0,75
rb1805,20170928,20170927,210856000,3543.0,46846,488650,1656540700.0,3543.0,76,3542.0,76
rb1805,20170928,20170927,210856500,3543.0,46846,488650,1656540700.0,3543.0,77,3542.0,77
rb1805,20170928,20170927,210857000,3543.0,46914,488618,1658949320.0,3543.0,85,3542.0,46
rb1805,20170928,20170927,210857500,3542.0,47006,488614,1662207960.0,3542.0,95,3541.0,69
rb1805,20170928,20170927,210858000,3542.0,47036,488586,1663270560.0,3542.0,45,3541.0,67
rb1805,20170928,20170927,210858500,3542.0,47058,488604,1664049600.0,3542.0,39,3541.0,57
rb1805,20170928,20170927,210859000,3541.0,47068,488598,1664403780.0,3542.0,39,3541.0,61
rb1805,20170928,20170927,210859500,3541.0,47092,488598,1665253820.0,3542.0,33,3541.0,59
rb1805,20170928,20170927,210900000,3542.0,47094,488598,1665324660.0,3542.0,38,3541.0,59
rb1805,20170928,20170927,210900500,3542.0,47098,488598,1665466340.0,3542.0,33,3541.0,59
rb1805,20170928,20170927,210901000,3542.0,47098,488598,1665466340.0,3542.0,33,3541.0,59
rb1805,20170928,20170927,210901500,3542.0,47098,488598,1665466340.0,3542.0,38,3541.0,59
rb1805,20170928,20170927,210902000,3542.0,47098,488598,1665466340.0,3542.0,38,3541.0,59
rb1805,20170928,20170927,210902500,3542.0,47100,488596,1665537180.0,3542.0,41,3541.0,59
rb1805,20170928,20170927,210903000,3542.0,47100,488596,1665537180.0,3542.0,48,3541.0,59
rb1805,20170928,20170927,210903500,3542.0,47102,488594,1665608020.0,3542.0,47,3541.0,59
rb1805,20170928,20170927,210904000,3542.0,47102,488594,1665608020.0,3542.0,47,3541.0,59
rb1805,20170928,20170927,210904500,3542.0,47102,488594,1665608020.0,3542.0,55,3541.0,60
rb1805,20170928,20170927,210905000,3542.0,47102,488594,1665608020.0,3542.0,55,3541.0,60
rb1805,20170928,20170927,210905500,3542.0,47106,488598,1665749680.0,3542.0,55,3541.0,59
rb1805,20170928,20170927,210906000,3541.0,47108,488598,1665820500.0,3542.0,59,3541.0,58
rb1805,20170928,20170927,210906500,3541.0,47120,488598,1666245420.0,3542.0,59,3541.0,52
rb1805,20170928,20170927,210907000,3541.0,47124,488600,1666387080.0,3542.0,59,3541.0,51
rb1805,20170928,20170927,210907500,3541.0,47164,488630,1667803480.0,3542.0,61,3541.0,32
rb1805,20170928,20170927,210908000,3542.0,47312,488508,1673045160.0,3542.0,15,3541.0,8
rb1805,20170928,20170927,210908500,3541.0,47328,488516,1673611720.0,3542.0,28,3540.0,69
rb1805,20170928,20170927,210909000,3542.0,47330,488518,1673682560.0,3542.0,32,3540.0,78
rb1805,20170928,20170927,210909500,3540.0,47334,488516,1673824160.0,3542.0,33,3540.0,76
rb1805,20170928,20170927,210910000,3540.0,47362,488496,1674815360.0,3541.0,3,3540.0,62
rb1805,20170928,20170927,210910500,3541.0,47396,488516,1676019500.0,3542.0,99,3541.0,43
rb1805,20170928,20170927,210911000,3542.0,47496,488550,1679561500.0,3542.0,50,3541.0,43
rb1805,20170928,20170927,210911500,3542.0,47496,488550,1679561500.0,3542.0,50,3541.0,44
rb1805,20170928,20170927,210912000,3542.0,47498,488548,1679632340.0,3542.0,58,3541.0,44
rb1805,20170928,20170927,210912500,3541.0,47500,488550,1679703160.0,3542.0,58,3541.0,43
rb1805,20170928,20170927,210913000,3541.0,47500,488550,1679703160.0,3542.0,58,3541.0,43
rb1805,20170928,20170927,210913500,3541.0,47500,488550,1679703160.0,3542.0,58,3541.0,43
rb1805,20170928,20170927,210914000,3541.0,47506,488550,1679915640.0,3542.0,57,3541.0,41
rb1805,20170928,20170927,210914500,3541.0,47506,488550,1679915640.0,3542.0,58,3541.0,41
rb1805,20170928,20170927,210915000,3541.0,47508,488552,1679986460.0,3542.0,58,3541.0,40
rb1805,20170928,20170927,210915500,3541.0,47508,488552,1679986460.0,3542.0,59,3541.0,40
rb1805,20170928,20170927,210916000,3542.0,47524,488540,1680553160.0,3542.0,55,3541.0,39
rb1805,20170928,20170927,210916500,3542.0,47524,488540,1680553160.0,3542.0,59,3541.0,40
rb1805,20170928,20170927,210917000,3541.0,47612,488546,1683669380.0,3542.0,20,3541.0,3
rb1805,20170928,20170927,210917500,3541.0,47612,488546,1683669380.0,3542.0,30,3541.0,8
rb1805,20170928,20170927,210918000,3541.0,47630,488540,1684306760.0,3542.0,39,3541.0,19
rb1805,20170928,20170927,210918500,3541.0,47630,488540,1684306760.0,3542.0,34,3541.0,19
rb1805,20170928,20170927,210919000,3542.0,47632,488542,1684377600.0,3542.0,33,3541.0,24
rb1805,20170928,20170927,210919500,3542.0,47632,488542,1684377600.0,3542.0,39,3541.0,24
rb1805,20170928,20170927,210920000,3542.0,47632,488542,1684377600.0,3542.0,33,3541.0,30
rb1805,20170928,20170927,210920500,3542.0,47634,488542,1684448440.0,3542.0,32,3541.0,26
rb1805,20170928,20170927,210921000,3541.0,47648,488540,1684944180.0,3542.0,37,3541.0,19
rb1805,20170928,20170927,210921500,3541.0,47678,488516,1686006500.0,3541.0,67,3540.0,64
rb1805,20170928,20170927,210922000,3541.0,47812,488468,1690751440.0,3542.0,41,3541.0,3
rb1805,20170928,20170927,210922500,3541.0,47812,488468,1690751440.0,3542.0,42,3541.0,9
rb1805,20170928,20170927,210923000,3541.0,47816,488466,1690893080.0,3542.0,38,3541.0,8
rb1805,20170928,20170927,210923500,3541.0,47820,488466,1691034720.0,3542.0,49,3541.0,6
rb1805,20170928,20170927,210924000,3541.0,47822,488464,1691105540.0,3542.0,45,3541.0,5
rb1805,20170928,20170927,210924500,3541.0,47828,488464,1691318020.0,3542.0,46,3541.0,3
rb1805,20170928,20170927,210925000,3541.0,47830,488466,1691388840.0,3542.0,46,3541.0,2
rb1805,20170928,20170927,210925500,3541.0,47830,488466,1691388840.0,3542.0,55,3541.0,1
rb1805,20170928,20170927,210926000,3541.0,47834,488466,1691530480.0,3541.0,4,3540.0,129
rb1805,20170928,20170927,210926500,3541.0,47842,488468,1691813760.0,3542.0,61,3541.0,31
rb1805,20170928,20170927,210927000,3541.0,47846,488468,1691955400.0,3542.0,61,3541.0,6
