instrument,tradingday,calendarday,time,lastp,volume,openinterest,turnover,ask1,asksz1,bid1,bidsz1
rb1805,20170831,20170830,183448500,3754.0,0,294400,0.0,0.0,0,0.0,0
rb1805,20170831,20170830,205900500,3745.0,502,294666,18799900.0,3745.0,4,3744.0,11
rb1805,20170831,20170830,210000500,3743.0,926,294690,34663240.0,3744.0,53,3743.0,6
rb1805,20170831,20170830,210001000,3737.0,1278,294680,47828120.0,3740.0,3,3736.0,56
rb1805,20170831,20170830,210001500,3728.0,2076,294372,77620960.0,3732.0,7,3728.0,6
rb1805,20170831,20170830,210002000,3729.0,2672,294398,99829460.0,3730.0,7,3729.0,15
rb1805,20170831,20170830,210002500,3722.0,3506,294412,130875680.0,3722.0,1,3711.0,32
rb1805,20170831,20170830,210003000,3722.0,4148,294590,154756260.0,3728.0,37,3722.0,3
rb1805,20170831,20170830,210003500,3726.0,4350,294526,162274680.0,3726.0,1,3722.0,1
rb1805,20170831,20170830,210004000,3726.0,4536,294494,169203360.0,3727.0,14,3726.0,7
rb1805,20170831,20170830,210004500,3726.0,4670,294516,174193600.0,3726.0,5,3722.0,100
rb1805,20170831,20170830,210005000,3726.0,4800,294482,179036880.0,3727.0,13,3726.0,49
rb1805,20170831,20170830,210005500,3726.0,5088,294446,189767800.0,3727.0,5,3726.0,2
rb1805,20170831,20170830,210006000,3728.0,5144,294426,191855140.0,3728.0,4,3727.0,45
rb1805,20170831,20170830,210006500,3732.0,5448,294490,203195500.0,3732.0,104,3731.0,5
rb1805,20170831,20170830,210007000,3730.0,5602,294496,208941720.0,3731.0,2,3729.0,1
rb1805,20170831,20170830,210007500,3731.0,5766,294430,215060320.0,3732.0,51,3731.0,21
rb1805,20170831,20170830,210008000,3730.0,5860,294390,218566980.0,3730.0,5,3729.0,8
rb1805,20170831,20170830,210008500,3732.0,5970,294342,222672620.0,3734.0,1,3732.0,19
rb1805,20170831,20170830,210009000,3734.0,6058,294288,225958220.0,3735.0,2,3734.0,55
rb1805,20170831,20170830,210009500,3734.0,6120,294266,228273700.0,3736.0,55,3734.0,41
rb1805,20170831,20170830,210010000,3736.0,6274,294204,234023560.0,3736.0,54,3732.0,16
rb1805,20170831,20170830,210010500,3735.0,6340,294190,236488180.0,3735.0,13,3732.0,11
rb1805,20170831,20170830,210011000,3734.0,6424,294168,239624020.0,3735.0,39,3734.0,96
rb1805,20170831,20170830,210011500,3734.0,6600,294144,246196480.0,3735.0,33,3734.0,43
rb1805,20170831,20170830,210012000,3734.0,6664,294116,248586480.0,3735.0,22,3734.0,26
rb1805,20170831,20170830,210012500,3734.0,6782,294054,252993320.0,3736.0,62,3734.0,11
rb1805,20170831,20170830,210013000,3734.0,6854,294044,255681160.0,3735.0,1,3734.0,2
rb1805,20170831,20170830,210013500,3735.0,6990,294058,260761240.0,3736.0,52,3735.0,4
rb1805,20170831,20170830,210014000,3733.0,7026,294042,262105580.0,3733.0,1,3732.0,31
rb1805,20170831,20170830,210014500,3734.0,7056,294028,263225840.0,3736.0,39,3735.0,1
rb1805,20170831,20170830,210015000,3736.0,7152,294046,266812120.0,3736.0,1,3735.0,17
rb1805,20170831,20170830,210015500,3736.0,7188,294042,268157100.0,3737.0,8,3736.0,5
rb1805,20170831,20170830,210016000,3737.0,7248,294002,270399140.0,3738.0,7,3737.0,2
rb1805,20170831,20170830,210016500,3737.0,7298,294002,272267880.0,3739.0,11,3737.0,3
rb1805,20170831,20170830,210017000,3736.0,7360,293980,274584760.0,3736.0,19,3735.0,41
rb1805,20170831,20170830,210017500,3736.0,7466,293996,278544980.0,3738.0,5,3736.0,23
rb1805,20170831,20170830,210018000,3736.0,7556,294004,281908660.0,3739.0,1,3738.0,1
rb1805,20170831,20170830,210018500,3738.0,7624,294008,284449600.0,3739.0,9,3738.0,11
rb1805,20170831,20170830,210019000,3737.0,7720,294020,288038020.0,3737.0,21,3736.0,2
rb1805,20170831,20170830,210019500,3737.0,7788,294008,290578800.0,3737.0,18,3735.0,68
rb1805,20170831,20170830,210020000,3735.0,7822,293994,291848840.0,3737.0,17,3736.0,31
rb1805,20170831,20170830,210020500,3737.0,7940,293962,296257040.0,3737.0,13,3735.0,12
rb1805,20170831,20170830,210021000,3735.0,7978,293942,297676940.0,3738.0,15,3736.0,1
rb1805,20170831,20170830,210021500,3738.0,7998,293924,298424380.0,3738.0,14,3737.0,11
rb1805,20170831,20170830,210022000,3735.0,8076,293928,301338620.0,3735.0,19,3734.0,25
rb1805,20170831,20170830,210022500,3734.0,8110,293902,302608500.0,3735.0,43,3734.0,24
rb1805,20170831,20170830,210023000,3737.0,8284,293760,309109060.0,3738.0,14,3737.0,115
rb1805,20170831,20170830,210023500,3737.0,8420,293690,314191380.0,3738.0,16,3737.0,48
rb1805,20170831,20170830,210024000,3737.0,8518,293664,317853660.0,3738.0,30,3737.0,1
rb1805,20170831,20170830,210024500,3737.0,8544,293674,318825180.0,3737.0,67,3736.0,8
rb1805,20170831,20170830,210025000,3736.0,8590,293708,320543720.0,3736.0,26,3735.0,55
rb1805,20170831,20170830,210025500,3736.0,8644,293712,322560860.0,3736.0,9,3735.0,40
rb1805,20170831,20170830,210026000,3735.0,8670,293710,323532160.0,3736.0,5,3735.0,37
rb1805,20170831,20170830,210026500,3735.0,8694,293706,324428900.0,3737.0,31,3735.0,39
rb1805,20170831,20170830,210027000,3735.0,8732,293738,325848220.0,3736.0,38,3735.0,21
rb1805,20170831,20170830,210027500,3735.0,8896,293652,331973020.0,3735.0,53,3734.0,5
rb1805,20170831,20170830,210028000,3734.0,8974,293648,334885700.0,3734.0,15,3732.0,13
rb1805,20170831,20170830,210028500,3734.0,8988,293650,335408460.0,3734.0,13,3732.0,13
rb1805,20170831,20170830,210029000,3734.0,9024,293644,336752700.0,3734.0,5,3732.0,13
rb1805,20170831,20170830,210029500,3734.0,9060,293630,338096640.0,3734.0,1,3732.0,6
rb1805,20170831,20170830,210030000,3734.0,9072,293634,338544680.0,3734.0,1,3732.0,6
rb1805,20170831,20170830,210030500,3732.0,9084,293638,338992680.0,3735.0,24,3732.0,9
rb1805,20170831,20170830,210031000,3734.0,9170,293616,342202300.0,3734.0,8,3733.0,1
rb1805,20170831,20170830,210031500,3733.0,9190,293614,342949000.0,3734.0,3,3733.0,19
rb1805,20170831,20170830,210032000,3733.0,9234,293638,344591580.0,3735.0,28,3734.0,7
rb1805,20170831,20170830,210032500,3735.0,9256,293638,345413120.0,3735.0,32,3733.0,7
rb1805,20170831,20170830,210033000,3734.0,9286,293620,346533120.0,3734.0,33,3733.0,1
rb1805,20170831,20170830,210033500,3734.0,9300,293628,347055760.0,3734.0,38,3733.0,13
rb1805,20170831,20170830,210034000,3734.0,9304,293626,347205120.0,3734.0,175,3733.0,18
rb1805,20170831,20170830,210034500,3733.0,9346,293632,348772980.0,3733.0,18,3732.0,20
rb1805,20170831,20170830,210035000,3733.0,9352,293634,348996960.0,3733.0,28,3732.0,21
rb1805,20170831,20170830,210035500,3734.0,9418,293640,351460760.0,3734.0,169,3733.0,1
rb1805,20170831,20170830,210036000,3733.0,9728,293402,363036100.0,3734.0,17,3733.0,5
rb1805,20170831,20170830,210036500,3734.0,9768,293420,364529680.0,3735.0,32,3733.0,7
rb1805,20170831,20170830,210037000,3734.0,9768,293420,364529680.0,3735.0,32,3734.0,2
rb1805,20170831,20170830,210037500,3733.0,9808,293436,366023220.0,3733.0,2,3732.0,96
rb1805,20170831,20170830,210038000,3733.0,9824,293432,366620500.0,3735.0,30,3734.0,23
rb1805,20170831,20170830,210038500,3735.0,9830,293428,366844560.0,3735.0,25,3734.0,22
rb1805,20170831,20170830,210039000,3734.0,9904,293408,369607720.0,3735.0,25,3734.0,6
rb1805,20170831,20170830,210039500,3734.0,9992,293366,372892940.0,3734.0,24,3733.0,1
rb1805,20170831,20170830,210040000,3734.0,10184,293550,380058440.0,3734.0,10,3733.0,4
rb1805,20170831,20170830,210040500,3734.0,10206,293540,380879840.0,3734.0,19,3731.0,17
rb1805,20170831,20170830,210041000,3733.0,10222,293542,381477260.0,3734.0,12,3732.0,2
rb1805,20170831,20170830,210041500,3733.0,10230,293546,381775880.0,3733.0,2,3732.0,6
rb1805,20170831,20170830,210042000,3732.0,10290,293548,384014640.0,3732.0,7,3730.0,45
rb1805,20170831,20170830,210042500,3732.0,10298,293550,384313160.0,3731.0,1,3730.0,44
rb1805,20170831,20170830,210043000,3731.0,10344,293564,386029040.0,3731.0,6,3730.0,25
rb1805,20170831,20170830,210043500,3732.0,10378,293554,387297660.0,3732.0,27,3731.0,33
rb1805,20170831,20170830,210044000,3731.0,10452,293514,390058660.0,3732.0,27,3731.0,19
rb1805,20170831,20170830,210044500,3732.0,10490,293514,391476580.0,3732.0,19,3731.0,12
rb1805,20170831,20170830,210045000,3731.0,10528,293532,392894260.0,3731.0,19,3730.0,22
rb1805,20170831,20170830,210045500,3730.0,10536,293530,393192700.0,3731.0,19,3730.0,20
rb1805,20170831,20170830,210046000,3731.0,10680,293616,398565340.0,3732.0,6,3731.0,49
rb1805,20170831,20170830,210046500,3732.0,10696,293606,399162460.0,3733.0,59,3732.0,4
rb1805,20170831,20170830,210047000,3731.0,10724,293614,400207380.0,3732.0,3,3731.0,30
rb1805,20170831,20170830,210047500,3731.0,10750,293624,401177680.0,3733.0,60,3731.0,29
rb1805,20170831,20170830,210048000,3732.0,10764,293614,401700160.0,3733.0,60,3732.0,1
rb1805,20170831,20170830,210048500,3733.0,10770,293618,401924140.0,3733.0,57,3732.0,7
rb1805,20170831,20170830,210049000,3733.0,10788,293618,402596060.0,3733.0,49,3732.0,21
rb1805,20170831,20170830,210049500,3734.0,10920,293616,407523820.0,3734.0,18,3733.0,17
rb1805,20170831,20170830,210050000,3732.0,10988,293602,410062480.0,3735.0,30,3733.0,4
rb1805,20170831,20170830,210050500,3732.0,10988,293602,410062480.0,3735.0,31,3734.0,3
rb1805,20170831,20170830,210051000,3734.0,10996,293608,410361160.0,3735.0,31,3733.0,8
rb1805,20170831,20170830,210051500,3733.0,10998,293606,410435820.0,3735.0,37,3733.0,10
rb1805,20170831,20170830,210052000,3733.0,11010,293604,410883940.0,3735.0,24,3733.0,8
rb1805,20170831,20170830,210052500,3733.0,11012,293604,410958600.0,3735.0,24,3733.0,9
rb1805,20170831,20170830,210053000,3733.0,11012,293604,410958600.0,3735.0,25,3733.0,10
rb1805,20170831,20170830,210053500,3734.0,11020,293604,411257260.0,3735.0,25,3733.0,12
rb1805,20170831,20170830,210054000,3735.0,11024,293604,411406660.0,3735.0,23,3733.0,13
rb1805,20170831,20170830,210054500,3733.0,11038,293596,411929480.0,3734.0,4,3733.0,9
rb1805,20170831,20170830,210055000,3733.0,11040,293596,412004140.0,3734.0,4,3733.0,29
rb1805,20170831,20170830,210055500,3735.0,11050,293592,412377560.0,3734.0,5,3733.0,31
rb1805,20170831,20170830,210056000,3735.0,11062,293592,412825660.0,3735.0,23,3734.0,1
rb1805,20170831,20170830,210056500,3735.0,11062,293592,412825660.0,3735.0,34,3734.0,2
rb1805,20170831,20170830,210057000,3735.0,11062,293592,412825660.0,3735.0,39,3734.0,5
rb1805,20170831,20170830,210057500,3734.0,11098,293584,414169700.0,3734.0,58,3733.0,21
rb1805,20170831,20170830,210058000,3734.0,11210,293618,418351360.0,3734.0,19,3733.0,5
rb1805,20170831,20170830,210058500,3734.0,11222,293624,418799420.0,3734.0,14,3733.0,5
rb1805,20170831,20170830,210059000,3734.0,11240,293624,419471540.0,3734.0,6,3733.0,5
rb1805,20170831,20170830,210059500,3735.0,11294,293646,421488320.0,3734.0,5,3733.0,5
rb1805,20170831,20170830,210100000,3733.0,11298,293650,421637640.0,3734.0,5,3733.0,4
rb1805,20170831,20170830,210100500,3733.0,11360,293650,423951780.0,3733.0,14,3732.0,16
rb1805,20170831,20170830,210101000,3732.0,11392,293628,425146020.0,3733.0,14,3731.0,51
rb1805,20170831,20170830,210101500,3731.0,11494,293552,428951640.0,3731.0,3,3730.0,84
rb1805,20170831,20170830,210102000,3731.0,11540,293560,430668180.0,3733.0,44,3731.0,10
rb1805,20170831,20170830,210102500,3732.0,11566,293566,431638540.0,3733.0,39,3732.0,10
rb1805,20170831,20170830,210103000,3733.0,11594,293580,432683780.0,3733.0,25,3732.0,17
rb1805,20170831,20170830,210103500,3733.0,11654,293588,434923620.0,3734.0,13,3733.0,19
rb1805,20170831,20170830,210104000,3733.0,11684,293608,436043800.0,3735.0,32,3733.0,28
rb1805,20170831,20170830,210104500,3734.0,11734,293612,437911200.0,3735.0,15,3733.0,30
rb1805,20170831,20170830,210105000,3735.0,11778,293634,439554600.0,3736.0,39,3735.0,1
rb1805,20170831,20170830,210105500,3736.0,11814,293642,440899420.0,3736.0,8,3735.0,36
rb1805,20170831,20170830,210106000,3736.0,11840,293648,441870820.0,3737.0,52,3736.0,15
rb1805,20170831,20170830,210106500,3737.0,11850,293652,442244500.0,3737.0,48,3736.0,12
rb1805,20170831,20170830,210107000,3736.0,11886,293682,443589480.0,3737.0,47,3736.0,6
rb1805,20170831,20170830,210107500,3736.0,11896,293682,443963080.0,3737.0,47,3736.0,22
rb1805,20170831,20170830,210108000,3737.0,11918,293688,444785060.0,3737.0,44,3736.0,14
rb1805,20170831,20170830,210108500,3737.0,11922,293688,444934540.0,3737.0,50,3736.0,19
rb1805,20170831,20170830,210109000,3736.0,11934,293690,445382880.0,3737.0,51,3736.0,15
rb1805,20170831,20170830,210109500,3736.0,11970,293718,446727840.0,3736.0,29,3735.0,46
rb1805,20170831,20170830,210110000,3737.0,12106,293786,451809880.0,3738.0,63,3737.0,1
rb1805,20170831,20170830,210110500,3736.0,12128,293790,452631820.0,3738.0,64,3737.0,18
rb1805,20170831,20170830,210111000,3737.0,12148,293782,453379240.0,3738.0,63,3737.0,9
rb1805,20170831,20170830,210111500,3737.0,12188,293764,454874040.0,3738.0,63,3737.0,3
rb1805,20170831,20170830,210112000,3737.0,12216,293764,455920400.0,3737.0,28,3736.0,5
rb1805,20170831,20170830,210112500,3736.0,12232,293768,456518160.0,3736.0,5,3735.0,47
rb1805,20170831,20170830,210113000,3736.0,12236,293772,456667600.0,3736.0,5,3735.0,44
rb1805,20170831,20170830,210113500,3735.0,12246,293778,457041180.0,3736.0,2,3735.0,43
rb1805,20170831,20170830,210114000,3736.0,12266,293776,457788400.0,3736.0,24,3735.0,43
rb1805,20170831,20170830,210114500,3736.0,12306,293776,459282800.0,3736.0,4,3735.0,44
rb1805,20170831,20170830,210115000,3735.0,12310,293776,459432220.0,3736.0,9,3735.0,21
rb1805,20170831,20170830,210115500,3736.0,12352,293748,461001260.0,3737.0,30,3736.0,3
rb1805,20170831,20170830,210116000,3736.0,12360,293742,461300140.0,3736.0,9,3735.0,31
rb1805,20170831,20170830,210116500,3736.0,12378,293744,461972620.0,3737.0,53,3735.0,31
rb1805,20170831,20170830,210117000,3737.0,12390,293742,462421060.0,3737.0,47,3735.0,31
rb1805,20170831,20170830,210117500,3736.0,12522,293830,467353860.0,3737.0,17,3736.0,24
rb1805,20170831,20170830,210118000,3737.0,12562,293848,468848660.0,3738.0,74,3737.0,14
rb1805,20170831,20170830,210118500,3737.0,12570,293856,469147640.0,3738.0,74,3737.0,63
rb1805,20170831,20170830,210119000,3738.0,12580,293856,469521440.0,3738.0,70,3737.0,61
rb1805,20170831,20170830,210119500,3737.0,12584,293858,469670940.0,3738.0,69,3737.0,61
rb1805,20170831,20170830,210120000,3737.0,12598,293858,470194180.0,3738.0,66,3737.0,58
rb1805,20170831,20170830,210120500,3738.0,12634,293840,471539860.0,3738.0,62,3737.0,58
rb1805,20170831,20170830,210121000,3737.0,12766,293942,476472820.0,3737.0,69,3736.0,33
rb1805,20170831,20170830,210121500,3737.0,12908,294062,481779380.0,3738.0,51,3737.0,1
rb1805,20170831,20170830,210122000,3737.0,12956,294028,483573560.0,3738.0,40,3737.0,23
rb1805,20170831,20170830,210122500,3738.0,13038,294040,486638700.0,3739.0,37,3737.0,42
rb1805,20170831,20170830,210123000,3737.0,13040,294042,486713440.0,3739.0,49,3738.0,2
rb1805,20170831,20170830,210123500,3738.0,13050,294038,487087240.0,3738.0,9,3737.0,32
rb1805,20170831,20170830,210124000,3737.0,13066,294040,487685200.0,3738.0,2,3737.0,36
rb1805,20170831,20170830,210124500,3737.0,13118,294084,489628440.0,3737.0,30,3736.0,34
rb1805,20170831,20170830,210125000,3737.0,13188,294086,492243660.0,3737.0,31,3735.0,49
rb1805,20170831,20170830,210125500,3737.0,13200,294098,492692100.0,3737.0,25,3736.0,3
rb1805,20170831,20170830,210126000,3736.0,13212,294104,493140420.0,3736.0,24,3735.0,48
rb1805,20170831,20170830,210126500,3736.0,13234,294084,493962320.0,3736.0,14,3735.0,73
rb1805,20170831,20170830,210127000,3736.0,13238,294084,494111760.0,3736.0,32,3735.0,73
rb1805,20170831,20170830,210127500,3736.0,13246,294082,494410640.0,3736.0,28,3735.0,73
rb1805,20170831,20170830,210128000,3736.0,13292,294056,496129200.0,3737.0,30,3736.0,9
rb1805,20170831,20170830,210128500,3737.0,13300,294064,496428160.0,3737.0,27,3736.0,31
rb1805,20170831,20170830,210129000,3737.0,13360,294108,498670360.0,3738.0,27,3737.0,5
rb1805,20170831,20170830,210129500,3737.0,13366,294114,498894580.0,3738.0,21,3737.0,13
rb1805,20170831,20170830,210130000,3738.0,13380,294112,499417900.0,3738.0,14,3737.0,34
rb1805,20170831,20170830,210130500,3738.0,13408,294118,500464540.0,3739.0,58,3738.0,5
rb1805,20170831,20170830,210131000,3737.0,13542,294066,505473540.0,3739.0,24,3738.0,27
rb1805,20170831,20170830,210131500,3739.0,13546,294070,505623100.0,3739.0,22,3738.0,37
rb1805,20170831,20170830,210132000,3739.0,13612,294040,508091020.0,3740.0,99,3739.0,1
rb1805,20170831,20170830,210132500,3740.0,13614,294038,508165820.0,3740.0,114,3739.0,1
rb1805,20170831,20170830,210133000,3739.0,13624,294034,508539720.0,3739.0,22,3738.0,40
rb1805,20170831,20170830,210133500,3739.0,13872,294054,517814440.0,3740.0,15,3739.0,107
rb1805,20170831,20170830,210134000,3740.0,13912,294020,519310420.0,3741.0,30,3740.0,15
rb1805,20170831,20170830,210134500,3739.0,13952,294000,520806340.0,3740.0,147,3739.0,223
rb1805,20170831,20170830,210135000,3739.0,13952,294000,520806340.0,3740.0,133,3739.0,223
rb1805,20170831,20170830,210135500,3740.0,14160,294086,528585480.0,3740.0,32,3739.0,220
rb1805,20170831,20170830,210136000,3739.0,14172,294076,529034260.0,3740.0,67,3739.0,222
rb1805,20170831,20170830,210136500,3740.0,14754,294436,550796540.0,3741.0,32,3740.0,38
rb1805,20170831,20170830,210137000,3740.0,14840,294436,554012940.0,3740.0,94,3738.0,55
rb1805,20170831,20170830,210137500,3740.0,14926,294460,557229340.0,3741.0,42,3740.0,60
rb1805,20170831,20170830,210138000,3740.0,14960,294460,558500940.0,3741.0,42,3740.0,149
rb1805,20170831,20170830,210138500,3740.0,14988,294460,559548180.0,3741.0,54,3740.0,146
rb1805,20170831,20170830,210139000,3741.0,15124,294466,564635940.0,3742.0,38,3741.0,33
rb1805,20170831,20170830,210139500,3741.0,15140,294476,565234520.0,3742.0,41,3741.0,150
rb1805,20170831,20170830,210140000,3741.0,15158,294480,565908060.0,3742.0,36,3741.0,149
rb1805,20170831,20170830,210140500,3741.0,15220,294434,568228040.0,3742.0,12,3741.0,147
rb1805,20170831,20170830,210141000,3742.0,15240,294436,568976420.0,3742.0,9,3741.0,148
rb1805,20170831,20170830,210141500,3742.0,15264,294438,569874440.0,3743.0,90,3742.0,12
rb1805,20170831,20170830,210142000,3743.0,15308,294438,571521260.0,3743.0,73,3742.0,8
rb1805,20170831,20170830,210142500,3742.0,15352,294418,573167980.0,3743.0,71,3742.0,16
rb1805,20170831,20170830,210143000,3742.0,15402,294432,575038900.0,3742.0,2,3741.0,143
rb1805,20170831,20170830,210143500,3742.0,15604,294468,582599620.0,3744.0,48,3742.0,4
rb1805,20170831,20170830,210144000,3743.0,15646,294470,584171340.0,3744.0,56,3741.0,144
rb1805,20170831,20170830,210144500,3741.0,15654,294476,584470660.0,3743.0,34,3741.0,143
rb1805,20170831,20170830,210145000,3742.0,15666,294476,584919640.0,3742.0,1,3741.0,139
rb1805,20170831,20170830,210145500,3742.0,15692,294496,585892540.0,3743.0,132,3742.0,27
rb1805,20170831,20170830,210146000,3742.0,15718,294512,586865460.0,3743.0,143,3742.0,29
rb1805,20170831,20170830,210146500,3743.0,15780,294496,589185540.0,3742.0,1,3741.0,137
rb1805,20170831,20170830,210147000,3741.0,15818,294490,590607160.0,3742.0,23,3741.0,119
rb1805,20170831,20170830,210147500,3741.0,15866,294528,592403300.0,3742.0,26,3741.0,20
rb1805,20170831,20170830,210148000,3742.0,15934,294524,594947900.0,3743.0,132,3742.0,110
rb1805,20170831,20170830,210148500,3743.0,16010,294492,597792300.0,3743.0,123,3742.0,97
rb1805,20170831,20170830,210149000,3742.0,16022,294496,598241340.0,3743.0,124,3742.0,96
rb1805,20170831,20170830,210149500,3742.0,16222,294582,605725320.0,3742.0,4,3741.0,25
rb1805,20170831,20170830,210150000,3742.0,16292,294608,608344040.0,3742.0,138,3740.0,42
rb1805,20170831,20170830,210150500,3742.0,16296,294606,608493720.0,3742.0,140,3740.0,43
rb1805,20170831,20170830,210151000,3742.0,16296,294606,608493720.0,3741.0,21,3740.0,43
rb1805,20170831,20170830,210151500,3741.0,16298,294606,608568540.0,3741.0,22,3740.0,43
rb1805,20170831,20170830,210152000,3740.0,16314,294606,609167080.0,3741.0,15,3740.0,43
rb1805,20170831,20170830,210152500,3740.0,16320,294602,609391480.0,3741.0,21,3740.0,35
rb1805,20170831,20170830,210153000,3740.0,16374,294574,611411100.0,3741.0,18,3740.0,9
rb1805,20170831,20170830,210153500,3740.0,16386,294568,611859960.0,3741.0,13,3740.0,8
rb1805,20170831,20170830,210154000,3740.0,16408,294578,612682820.0,3740.0,16,3739.0,9
rb1805,20170831,20170830,210154500,3740.0,16412,294580,612832420.0,3740.0,17,3739.0,9
rb1805,20170831,20170830,210155000,3740.0,16452,294586,614328440.0,3741.0,14,3740.0,58
rb1805,20170831,20170830,210155500,3741.0,16458,294590,614552880.0,3741.0,6,3740.0,57
rb1805,20170831,20170830,210156000,3740.0,16480,294600,615375860.0,3742.0,199,3740.0,53
rb1805,20170831,20170830,210156500,3742.0,16490,294610,615749980.0,3742.0,192,3740.0,52
rb1805,20170831,20170830,210157000,3742.0,16492,294608,615824820.0,3741.0,2,3740.0,53
rb1805,20170831,20170830,210157500,3741.0,16506,294618,616348500.0,3742.0,203,3741.0,4
rb1805,20170831,20170830,210158000,3740.0,16520,294620,616872180.0,3741.0,11,3740.0,48
rb1805,20170831,20170830,210158500,3740.0,16540,294620,617620180.0,3741.0,12,3740.0,38
rb1805,20170831,20170830,210159000,3741.0,16544,294620,617769820.0,3741.0,11,3740.0,38
rb1805,20170831,20170830,210159500,3742.0,16590,294642,619490860.0,3742.0,93,3740.0,37
rb1805,20170831,20170830,210200000,3740.0,16596,294646,619715260.0,3742.0,94,3741.0,1
rb1805,20170831,20170830,210200500,3741.0,16606,294642,620089320.0,3741.0,36,3740.0,18
rb1805,20170831,20170830,210201000,3741.0,16616,294636,620463380.0,3741.0,37,3740.0,6
rb1805,20170831,20170830,210201500,3739.0,16634,294628,621136520.0,3740.0,7,3739.0,108
rb1805,20170831,20170830,210202000,3740.0,16650,294624,621734880.0,3740.0,18,3739.0,99
rb1805,20170831,20170830,210202500,3740.0,16656,294630,621959280.0,3740.0,17,3739.0,101
rb1805,20170831,20170830,210203000,3740.0,16656,294630,621959280.0,3740.0,38,3739.0,101
rb1805,20170831,20170830,210203500,3740.0,16676,294636,622707260.0,3740.0,31,3739.0,100
rb1805,20170831,20170830,210204000,3739.0,16686,294638,623081220.0,3740.0,28,3739.0,110
rb1805,20170831,20170830,210204500,3740.0,16690,294640,623230800.0,3740.0,26,3739.0,109
rb1805,20170831,20170830,210205000,3740.0,16744,294690,625250400.0,3741.0,57,3740.0,24
rb1805,20170831,20170830,210205500,3740.0,16778,294724,626522000.0,3741.0,97,3740.0,23
rb1805,20170831,20170830,210206000,3740.0,16828,294720,628392000.0,3740.0,2,3739.0,109
rb1805,20170831,20170830,210206500,3739.0,16866,294750,629813180.0,3740.0,84,3739.0,108
rb1805,20170831,20170830,210207000,3739.0,16870,294750,629962760.0,3740.0,94,3739.0,107
rb1805,20170831,20170830,210207500,3739.0,16872,294750,630037540.0,3740.0,90,3739.0,108
rb1805,20170831,20170830,210208000,3739.0,16876,294750,630187100.0,3740.0,106,3739.0,106
rb1805,20170831,20170830,210208500,3739.0,16890,294748,630710600.0,3740.0,80,3739.0,101
rb1805,20170831,20170830,210209000,3739.0,17022,294732,635647100.0,3740.0,14,3739.0,86
rb1805,20170831,20170830,210209500,3740.0,17112,294728,639013100.0,3741.0,101,3740.0,60
rb1805,20170831,20170830,210210000,3740.0,17208,294740,642604220.0,3741.0,52,3740.0,55
rb1805,20170831,20170830,210210500,3740.0,17238,294756,643726500.0,3741.0,44,3740.0,57
rb1805,20170831,20170830,210211000,3740.0,17320,294794,646793900.0,3741.0,14,3740.0,106
rb1805,20170831,20170830,210211500,3741.0,17348,294802,647841380.0,3742.0,103,3740.0,106
rb1805,20170831,20170830,210212000,3740.0,17420,294824,650534400.0,3742.0,102,3741.0,1
rb1805,20170831,20170830,210212500,3740.0,17422,294826,650609200.0,3742.0,102,3741.0,12
rb1805,20170831,20170830,210213000,3740.0,17424,294826,650684000.0,3742.0,103,3741.0,16
rb1805,20170831,20170830,210213500,3742.0,17448,294816,651581880.0,3742.0,98,3741.0,59
rb1805,20170831,20170830,210214000,3741.0,17464,294818,652180480.0,3742.0,96,3741.0,58
rb1805,20170831,20170830,210214500,3741.0,17490,294812,653153300.0,3742.0,89,3741.0,53
rb1805,20170831,20170830,210215000,3741.0,17498,294808,653452620.0,3742.0,87,3741.0,51
rb1805,20170831,20170830,210215500,3741.0,17518,294798,654200820.0,3742.0,86,3741.0,52
rb1805,20170831,20170830,210216000,3741.0,17534,294782,654799380.0,3742.0,87,3741.0,32
rb1805,20170831,20170830,210216500,3742.0,17638,294774,658690400.0,3742.0,68,3740.0,96
rb1805,20170831,20170830,210217000,3742.0,17638,294774,658690400.0,3742.0,68,3741.0,24
rb1805,20170831,20170830,210217500,3741.0,17674,294802,660037240.0,3742.0,64,3741.0,14
rb1805,20170831,20170830,210218000,3742.0,17680,294804,660261740.0,3742.0,62,3741.0,15
rb1805,20170831,20170830,210218500,3741.0,17694,294804,660785480.0,3742.0,62,3741.0,8
rb1805,20170831,20170830,210219000,3741.0,17694,294804,660785480.0,3742.0,63,3741.0,8
rb1805,20170831,20170830,210219500,3742.0,17728,294820,662057760.0,3742.0,46,3741.0,6
rb1805,20170831,20170830,210220000,3742.0,17732,294816,662207440.0,3742.0,90,3741.0,5
rb1805,20170831,20170830,210220500,3742.0,17858,294884,666921760.0,3742.0,58,3740.0,98
rb1805,20170831,20170830,210221000,3742.0,17858,294884,666921760.0,3742.0,60,3741.0,5
rb1805,20170831,20170830,210221500,3741.0,17874,294890,667520320.0,3741.0,1,3740.0,131
rb1805,20170831,20170830,210222000,3741.0,17878,294892,667669960.0,3741.0,9,3740.0,131
rb1805,20170831,20170830,210222500,3741.0,17880,294894,667744780.0,3741.0,49,3740.0,128
rb1805,20170831,20170830,210223000,3741.0,17882,294896,667819600.0,3741.0,52,3740.0,128
rb1805,20170831,20170830,210223500,3741.0,17882,294896,667819600.0,3741.0,57,3740.0,128
rb1805,20170831,20170830,210224000,3740.0,17892,294904,668193680.0,3741.0,60,3740.0,129
rb1805,20170831,20170830,210224500,3740.0,17918,294894,669166200.0,3741.0,54,3740.0,122
rb1805,20170831,20170830,210225000,3740.0,17918,294894,669166200.0,3741.0,56,3740.0,128
rb1805,20170831,20170830,210225500,3740.0,17942,294906,670063820.0,3741.0,55,3740.0,118
rb1805,20170831,20170830,210226000,3740.0,17980,294926,671485120.0,3741.0,50,3740.0,106
rb1805,20170831,20170830,210226500,3741.0,17998,294940,672158420.0,3741.0,45,3740.0,102
rb1805,20170831,20170830,210227000,3740.0,18122,295034,676796680.0,3741.0,12,3740.0,76
rb1805,20170831,20170830,210227500,3741.0,18146,295040,677694520.0,3742.0,73,3741.0,51
rb1805,20170831,20170830,210228000,3741.0,18156,295044,678068620.0,3742.0,73,3741.0,67
rb1805,20170831,20170830,210228500,3741.0,18158,295046,678143440.0,3742.0,76,3741.0,66
rb1805,20170831,20170830,210229000,3741.0,18168,295056,678517540.0,3742.0,81,3741.0,61
rb1805,20170831,20170830,210229500,3741.0,18168,295056,678517540.0,3742.0,81,3741.0,64
rb1805,20170831,20170830,210230000,3741.0,18168,295056,678517540.0,3742.0,81,3741.0,65
rb1805,20170831,20170830,210230500,3741.0,18178,295056,678891640.0,3742.0,81,3741.0,62
rb1805,20170831,20170830,210231000,3742.0,18180,295056,678966480.0,3742.0,83,3741.0,63
rb1805,20170831,20170830,210231500,3742.0,18276,295144,682558800.0,3742.0,35,3741.0,63
rb1805,20170831,20170830,210232000,3742.0,18280,295146,682708480.0,3742.0,34,3741.0,63
rb1805,20170831,20170830,210232500,3742.0,18292,295158,683157520.0,3742.0,28,3741.0,63
rb1805,20170831,20170830,210233000,3742.0,18348,295156,685253040.0,3743.0,58,3742.0,35
rb1805,20170831,20170830,210233500,3742.0,18356,295150,685552400.0,3743.0,58,3742.0,32
rb1805,20170831,20170830,210234000,3742.0,18370,295158,686076280.0,3743.0,58,3742.0,57
rb1805,20170831,20170830,210234500,3742.0,18376,295164,686300800.0,3743.0,57,3742.0,55
rb1805,20170831,20170830,210235000,3742.0,18382,295166,686525360.0,3743.0,57,3742.0,56
rb1805,20170831,20170830,210235500,3742.0,18410,295172,687573140.0,3743.0,56,3742.0,43
rb1805,20170831,20170830,210236000,3742.0,18502,295170,691015780.0,3743.0,56,3741.0,66
rb1805,20170831,20170830,210236500,3741.0,18522,295190,691763980.0,3743.0,57,3741.0,57
rb1805,20170831,20170830,210237000,3742.0,18640,295226,696178440.0,3742.0,1,3741.0,2
rb1805,20170831,20170830,210237500,3741.0,18644,295226,696328080.0,3741.0,10,3740.0,89
rb1805,20170831,20170830,210238000,3741.0,18648,295226,696477720.0,3741.0,11,3740.0,87
rb1805,20170831,20170830,210238500,3741.0,18650,295226,696552540.0,3741.0,14,3740.0,87
rb1805,20170831,20170830,210239000,3741.0,18652,295224,696627360.0,3741.0,8,3740.0,88
rb1805,20170831,20170830,210239500,3741.0,18658,295222,696851820.0,3741.0,3,3740.0,88
rb1805,20170831,20170830,210240000,3742.0,18682,295222,697749800.0,3741.0,1,3740.0,87
rb1805,20170831,20170830,210240500,3741.0,18702,295228,698498160.0,3742.0,11,3741.0,2
rb1805,20170831,20170830,210241000,3740.0,18712,295226,698872220.0,3741.0,42,3740.0,105
rb1805,20170831,20170830,210241500,3740.0,18712,295226,698872220.0,3741.0,44,3740.0,105
rb1805,20170831,20170830,210242000,3741.0,18800,295314,702164300.0,3742.0,30,3741.0,7
rb1805,20170831,20170830,210242500,3741.0,18820,295324,702912500.0,3741.0,30,3740.0,102
rb1805,20170831,20170830,210243000,3740.0,18826,295326,703136940.0,3741.0,11,3740.0,101
rb1805,20170831,20170830,210243500,3741.0,18828,295324,703211760.0,3741.0,13,3740.0,101
rb1805,20170831,20170830,210244000,3740.0,18834,295324,703436160.0,3741.0,30,3740.0,99
rb1805,20170831,20170830,210244500,3740.0,18834,295324,703436160.0,3741.0,31,3740.0,101
rb1805,20170831,20170830,210245000,3740.0,18834,295324,703436160.0,3741.0,34,3740.0,98
rb1805,20170831,20170830,210245500,3740.0,18886,295312,705381360.0,3741.0,19,3740.0,97
rb1805,20170831,20170830,210246000,3741.0,18902,295328,705979920.0,3741.0,16,3740.0,97
rb1805,20170831,20170830,210246500,3741.0,18934,295326,707177040.0,3742.0,32,3741.0,1
rb1805,20170831,20170830,210247000,3740.0,18942,295330,707476260.0,3742.0,30,3740.0,95
rb1805,20170831,20170830,210247500,3741.0,18966,295332,708374100.0,3742.0,61,3741.0,5
rb1805,20170831,20170830,210248000,3741.0,18976,295342,708748200.0,3742.0,16,3740.0,97
rb1805,20170831,20170830,210248500,3741.0,18976,295342,708748200.0,3742.0,17,3740.0,97
rb1805,20170831,20170830,210249000,3741.0,18976,295342,708748200.0,3741.0,11,3740.0,97
rb1805,20170831,20170830,210249500,3741.0,18990,295338,709271940.0,3741.0,5,3740.0,97
rb1805,20170831,20170830,210250000,3740.0,19000,295340,709645980.0,3741.0,4,3740.0,94
rb1805,20170831,20170830,210250500,3741.0,19004,295340,709795620.0,3741.0,4,3740.0,94
rb1805,20170831,20170830,210251000,3740.0,19008,295338,709945240.0,3741.0,3,3740.0,93
rb1805,20170831,20170830,210251500,3740.0,19012,295342,710094860.0,3741.0,3,3740.0,92
rb1805,20170831,20170830,210252000,3740.0,19012,295342,710094860.0,3741.0,43,3740.0,92
rb1805,20170831,20170830,210252500,3740.0,19012,295342,710094860.0,3741.0,46,3740.0,123
rb1805,20170831,20170830,210253000,3740.0,19112,295314,713834860.0,3741.0,47,3740.0,73
rb1805,20170831,20170830,210253500,3741.0,19114,295316,713909680.0,3741.0,46,3740.0,73
rb1805,20170831,20170830,210254000,3740.0,19116,295316,713984480.0,3741.0,47,3740.0,72
rb1805,20170831,20170830,210254500,3741.0,19132,295330,714582940.0,3741.0,44,3740.0,68
rb1805,20170831,20170830,210255000,3741.0,19132,295330,714582940.0,3741.0,49,3740.0,68
rb1805,20170831,20170830,210255500,3740.0,19136,295334,714732540.0,3741.0,49,3740.0,66
rb1805,20170831,20170830,210256000,3740.0,19158,295356,715555340.0,3741.0,49,3740.0,55
rb1805,20170831,20170830,210256500,3740.0,19160,295358,715630140.0,3741.0,50,3740.0,55
rb1805,20170831,20170830,210257000,3741.0,19184,295358,716527980.0,3741.0,38,3740.0,56
rb1805,20170831,20170830,210257500,3740.0,19186,295360,716602780.0,3741.0,38,3740.0,55
rb1805,20170831,20170830,210258000,3740.0,19248,295372,718921580.0,3741.0,43,3740.0,28
rb1805,20170831,20170830,210258500,3740.0,19308,295388,721165580.0,3740.0,8,3739.0,29
rb1805,20170831,20170830,210259000,3739.0,19312,295392,721315160.0,3740.0,7,3739.0,28
rb1805,20170831,20170830,210259500,3740.0,19316,295396,721464740.0,3740.0,6,3739.0,28
rb1805,20170831,20170830,210300000,3740.0,19324,295400,721763940.0,3740.0,4,3739.0,28
rb1805,20170831,20170830,210300500,3739.0,19334,295406,722137840.0,3740.0,5,3739.0,23
rb1805,20170831,20170830,210301000,3739.0,19384,295444,724007360.0,3739.0,32,3738.0,46
rb1805,20170831,20170830,210301500,3739.0,19384,295444,724007360.0,3739.0,14,3738.0,46
rb1805,20170831,20170830,210302000,3739.0,19386,295444,724082140.0,3739.0,38,3738.0,46
rb1805,20170831,20170830,210302500,3738.0,19456,295482,726698740.0,3739.0,42,3738.0,11
rb1805,20170831,20170830,210303000,3739.0,19486,295462,727820220.0,3738.0,5,3737.0,39
rb1805,20170831,20170830,210303500,3738.0,19494,295458,728119260.0,3738.0,40,3737.0,40
rb1805,20170831,20170830,210304000,3738.0,19516,295446,728941600.0,3738.0,34,3737.0,39
rb1805,20170831,20170830,210304500,3738.0,19604,295408,732230800.0,3738.0,5,3737.0,28
rb1805,20170831,20170830,210305000,3737.0,19608,295410,732380280.0,3738.0,14,3737.0,34
rb1805,20170831,20170830,210305500,3737.0,19650,295396,733950340.0,3739.0,28,3738.0,4
rb1805,20170831,20170830,210306000,3738.0,19686,295388,735296000.0,3739.0,9,3738.0,30
rb1805,20170831,20170830,210306500,3738.0,19760,295388,738062080.0,3738.0,8,3737.0,29
rb1805,20170831,20170830,210307000,3738.0,19806,295406,739781320.0,3739.0,38,3738.0,4
rb1805,20170831,20170830,210307500,3738.0,19822,295418,740379340.0,3738.0,15,3737.0,15
rb1805,20170831,20170830,210308000,3737.0,19854,295396,741575180.0,3738.0,6,3736.0,34
rb1805,20170831,20170830,210308500,3736.0,19866,295402,742023580.0,3738.0,5,3736.0,34
rb1805,20170831,20170830,210309000,3736.0,19876,295410,742397220.0,3737.0,1,3736.0,31
rb1805,20170831,20170830,210309500,3736.0,19886,295402,742770820.0,3737.0,4,3736.0,14
rb1805,20170831,20170830,210310000,3737.0,19890,295402,742920300.0,3737.0,2,3736.0,24
rb1805,20170831,20170830,210310500,3738.0,19898,295406,743219260.0,3738.0,48,3736.0,24
rb1805,20170831,20170830,210311000,3737.0,19930,295406,744414960.0,3738.0,49,3736.0,14
rb1805,20170831,20170830,210311500,3737.0,19950,295420,745162380.0,3737.0,9,3736.0,15
rb1805,20170831,20170830,210312000,3737.0,19950,295420,745162380.0,3737.0,13,3736.0,17
rb1805,20170831,20170830,210312500,3737.0,19950,295420,745162380.0,3737.0,13,3736.0,17
rb1805,20170831,20170830,210313000,3736.0,19956,295420,745386580.0,3737.0,14,3736.0,16
rb1805,20170831,20170830,210313500,3736.0,19960,295420,745536020.0,3737.0,14,3736.0,21
rb1805,20170831,20170830,210314000,3737.0,19986,295426,746507580.0,3737.0,4,3736.0,18
rb1805,20170831,20170830,210314500,3737.0,19994,295428,746806500.0,3737.0,8,3736.0,16
rb1805,20170831,20170830,210315000,3737.0,19994,295428,746806500.0,3737.0,12,3736.0,17
rb1805,20170831,20170830,210315500,3736.0,20036,295406,748375620.0,3736.0,23,3735.0,46
rb1805,20170831,20170830,210316000,3736.0,20040,295406,748525040.0,3736.0,32,3735.0,45
rb1805,20170831,20170830,210316500,3736.0,20054,295394,749048080.0,3736.0,23,3735.0,45
rb1805,20170831,20170830,210317000,3736.0,20064,295392,749421660.0,3736.0,21,3735.0,44
rb1805,20170831,20170830,210317500,3736.0,20066,295390,749496380.0,3736.0,35,3735.0,44
rb1805,20170831,20170830,210318000,3736.0,20066,295390,749496380.0,3736.0,35,3735.0,44
rb1805,20170831,20170830,210318500,3736.0,20248,295478,756294780.0,3737.0,55,3736.0,154
rb1805,20170831,20170830,210319000,3736.0,20288,295494,757789180.0,3737.0,53,3736.0,135
rb1805,20170831,20170830,210319500,3737.0,20328,295476,759283880.0,3737.0,39,3736.0,131
rb1805,20170831,20170830,210320000,3736.0,20344,295484,759881680.0,3737.0,76,3736.0,125
rb1805,20170831,20170830,210320500,3736.0,20346,295486,759956400.0,3737.0,72,3736.0,125
rb1805,20170831,20170830,210321000,3736.0,20352,295490,760180560.0,3737.0,82,3736.0,123
rb1805,20170831,20170830,210321500,3736.0,20374,295492,761002500.0,3737.0,84,3736.0,115
rb1805,20170831,20170830,210322000,3736.0,20506,295556,765934340.0,3737.0,69,3736.0,65
rb1805,20170831,20170830,210322500,3736.0,20640,295680,770940580.0,3736.0,36,3735.0,9
rb1805,20170831,20170830,210323000,3735.0,20658,295668,771612880.0,3735.0,14,3734.0,34
rb1805,20170831,20170830,210323500,3734.0,20672,295662,772135700.0,3735.0,16,3734.0,43
rb1805,20170831,20170830,210324000,3734.0,20744,295646,774824900.0,3736.0,6,3734.0,42
rb1805,20170831,20170830,210324500,3736.0,20754,295640,775198420.0,3736.0,44,3735.0,34
rb1805,20170831,20170830,210325000,3735.0,20760,295640,775422540.0,3736.0,3,3735.0,32
rb1805,20170831,20170830,210325500,3736.0,20788,295636,776468360.0,3736.0,3,3735.0,21
rb1805,20170831,20170830,210326000,3735.0,20830,295670,778037060.0,3736.0,10,3735.0,15
rb1805,20170831,20170830,210326500,3735.0,20862,295660,779232520.0,3736.0,39,3735.0,16
rb1805,20170831,20170830,210327000,3736.0,20940,295634,782146600.0,3737.0,28,3736.0,30
rb1805,20170831,20170830,210327500,3736.0,21026,295572,785359500.0,3737.0,28,3736.0,2
rb1805,20170831,20170830,210328000,3736.0,21028,295574,785434220.0,3737.0,29,3736.0,8
rb1805,20170831,20170830,210328500,3736.0,21030,295576,785508940.0,3737.0,40,3736.0,3
rb1805,20170831,20170830,210329000,3736.0,21062,295552,786704440.0,3736.0,59,3735.0,48
rb1805,20170831,20170830,210329500,3736.0,21086,295540,787601080.0,3736.0,57,3735.0,62
rb1805,20170831,20170830,210330000,3736.0,21108,295528,788422920.0,3736.0,77,3735.0,56
rb1805,20170831,20170830,210330500,3735.0,21234,295436,793130260.0,3736.0,15,3735.0,55
rb1805,20170831,20170830,210331000,3736.0,21268,295434,794400520.0,3737.0,11,3736.0,47
rb1805,20170831,20170830,210331500,3737.0,21272,295434,794549980.0,3737.0,10,3736.0,30
rb1805,20170831,20170830,210332000,3736.0,21276,295434,794699420.0,3737.0,10,3736.0,45
rb1805,20170831,20170830,210332500,3736.0,21286,295426,795073020.0,3737.0,13,3736.0,51
rb1805,20170831,20170830,210333000,3736.0,21290,295426,795222460.0,3737.0,14,3736.0,62
rb1805,20170831,20170830,210333500,3737.0,21296,295426,795446660.0,3737.0,12,3736.0,61
rb1805,20170831,20170830,210334000,3737.0,21296,295426,795446660.0,3737.0,12,3736.0,63
rb1805,20170831,20170830,210334500,3737.0,21298,295428,795521400.0,3737.0,12,3736.0,69
rb1805,20170831,20170830,210335000,3736.0,21318,295418,796268600.0,3737.0,12,3736.0,62
rb1805,20170831,20170830,210335500,3737.0,21322,295416,796418080.0,3737.0,13,3736.0,62
rb1805,20170831,20170830,210336000,3737.0,21324,295416,796492820.0,3737.0,14,3736.0,62
rb1805,20170831,20170830,210336500,3736.0,21328,295420,796642260.0,3737.0,18,3736.0,60
rb1805,20170831,20170830,210337000,3736.0,21338,295422,797015860.0,3737.0,19,3736.0,55
rb1805,20170831,20170830,210337500,3736.0,21342,295424,797165300.0,3737.0,19,3736.0,53
rb1805,20170831,20170830,210338000,3737.0,21468,295386,801872900.0,3737.0,21,3736.0,2
rb1805,20170831,20170830,210338500,3735.0,21524,295396,803965320.0,3736.0,2,3735.0,63
rb1805,20170831,20170830,210339000,3735.0,21524,295396,803965320.0,3736.0,10,3735.0,53
rb1805,20170831,20170830,210339500,3736.0,21526,295398,804040040.0,3736.0,13,3735.0,53
rb1805,20170831,20170830,210340000,3736.0,21628,295368,807849760.0,3736.0,12,3735.0,3
rb1805,20170831,20170830,210340500,3735.0,21660,295380,809045060.0,3735.0,15,3734.0,42
rb1805,20170831,20170830,210341000,3735.0,21660,295380,809045060.0,3735.0,11,3734.0,43
rb1805,20170831,20170830,210341500,3736.0,21712,295406,810987540.0,3735.0,10,3734.0,43
rb1805,20170831,20170830,210342000,3735.0,21734,295404,811809240.0,3736.0,22,3735.0,19
rb1805,20170831,20170830,210342500,3735.0,21772,295406,813228540.0,3735.0,66,3734.0,43
rb1805,20170831,20170830,210343000,3735.0,21776,295406,813377940.0,3735.0,56,3734.0,43
rb1805,20170831,20170830,210343500,3734.0,21870,295478,816887900.0,3734.0,53,3733.0,51
rb1805,20170831,20170830,210344000,3734.0,21872,295480,816962580.0,3734.0,63,3733.0,31
rb1805,20170831,20170830,210344500,3734.0,21888,295494,817560020.0,3734.0,55,3733.0,35
rb1805,20170831,20170830,210345000,3733.0,21938,295522,819426560.0,3734.0,43,3733.0,12
rb1805,20170831,20170830,210345500,3732.0,21966,295526,820471780.0,3733.0,12,3732.0,48
rb1805,20170831,20170830,210346000,3733.0,21980,295524,820994400.0,3733.0,21,3732.0,29
rb1805,20170831,20170830,210346500,3733.0,21988,295516,821293020.0,3733.0,19,3732.0,38
rb1805,20170831,20170830,210347000,3732.0,22010,295510,822114080.0,3733.0,79,3732.0,28
rb1805,20170831,20170830,210347500,3732.0,22094,295552,825248940.0,3732.0,3,3731.0,67
rb1805,20170831,20170830,210348000,3732.0,22096,295552,825323580.0,3732.0,2,3731.0,68
rb1805,20170831,20170830,210348500,3732.0,22100,295552,825472860.0,3732.0,2,3731.0,68
rb1805,20170831,20170830,210349000,3731.0,22102,295554,825547480.0,3732.0,9,3731.0,67
rb1805,20170831,20170830,210349500,3731.0,22246,295650,830920120.0,3731.0,9,3730.0,151
rb1805,20170831,20170830,210350000,3731.0,22268,295638,831740920.0,3731.0,9,3730.0,151
rb1805,20170831,20170830,210350500,3731.0,22332,295670,834128620.0,3731.0,11,3730.0,126
rb1805,20170831,20170830,210351000,3731.0,22366,295680,835397180.0,3732.0,13,3730.0,126
rb1805,20170831,20170830,210351500,3732.0,22372,295682,835621060.0,3732.0,13,3731.0,2
rb1805,20170831,20170830,210352000,3732.0,22390,295682,836292640.0,3732.0,51,3730.0,123
rb1805,20170831,20170830,210352500,3732.0,22422,295686,837486580.0,3732.0,50,3731.0,2
rb1805,20170831,20170830,210353000,3731.0,22430,295692,837785060.0,3731.0,21,3730.0,124
rb1805,20170831,20170830,210353500,3730.0,22464,295678,839053500.0,3731.0,16,3730.0,121
rb1805,20170831,20170830,210354000,3730.0,22636,295548,845470020.0,3732.0,66,3731.0,3
rb1805,20170831,20170830,210354500,3730.0,22654,295538,846141580.0,3731.0,18,3730.0,82
rb1805,20170831,20170830,210355000,3730.0,22686,295526,847335400.0,3731.0,19,3730.0,77
rb1805,20170831,20170830,210355500,3731.0,22720,295504,848603840.0,3731.0,5,3730.0,76
rb1805,20170831,20170830,210356000,3732.0,22788,295524,851141340.0,3732.0,37,3731.0,29
rb1805,20170831,20170830,210356500,3731.0,22862,295460,853902280.0,3731.0,25,3730.0,77
rb1805,20170831,20170830,210357000,3731.0,22920,295438,856066260.0,3732.0,37,3731.0,130
rb1805,20170831,20170830,210357500,3732.0,23000,295454,859051880.0,3733.0,66,3732.0,63
rb1805,20170831,20170830,210358000,3732.0,23106,295544,863008800.0,3733.0,19,3732.0,95
rb1805,20170831,20170830,210358500,3733.0,23156,295582,864875300.0,3734.0,70,3733.0,23
rb1805,20170831,20170830,210359000,3733.0,23168,295582,865323280.0,3734.0,70,3733.0,49
rb1805,20170831,20170830,210359500,3733.0,23172,295582,865472600.0,3734.0,70,3733.0,58
rb1805,20170831,20170830,210400000,3733.0,23172,295582,865472600.0,3734.0,70,3733.0,58
rb1805,20170831,20170830,210400500,3734.0,23184,295576,865920600.0,3734.0,68,3733.0,52
rb1805,20170831,20170830,210401000,3733.0,23220,295562,867264500.0,3734.0,67,3733.0,37
rb1805,20170831,20170830,210401500,3733.0,23240,295562,868011220.0,3734.0,61,3733.0,35
rb1805,20170831,20170830,210402000,3733.0,23258,295558,868683200.0,3734.0,61,3733.0,29
rb1805,20170831,20170830,210402500,3734.0,23274,295554,869280540.0,3734.0,58,3733.0,64
rb1805,20170831,20170830,210403000,3734.0,23296,295544,870101860.0,3734.0,55,3733.0,56
rb1805,20170831,20170830,210403500,3733.0,23318,295554,870923220.0,3734.0,50,3733.0,58
rb1805,20170831,20170830,210404000,3733.0,23474,295644,876746700.0,3733.0,2,3732.0,87
rb1805,20170831,20170830,210404500,3733.0,23518,295682,878389520.0,3733.0,2,3732.0,86
rb1805,20170831,20170830,210405000,3733.0,23518,295682,878389520.0,3733.0,63,3732.0,86
rb1805,20170831,20170830,210405500,3733.0,23600,295658,881449780.0,3733.0,63,3732.0,46
rb1805,20170831,20170830,210406000,3733.0,23746,295650,886899020.0,3733.0,37,3731.0,87
rb1805,20170831,20170830,210406500,3732.0,23774,295664,887943980.0,3732.0,9,3731.0,80
rb1805,20170831,20170830,210407000,3732.0,23784,295674,888317180.0,3732.0,6,3731.0,80
rb1805,20170831,20170830,210407500,3732.0,23784,295674,888317180.0,3732.0,8,3731.0,80
rb1805,20170831,20170830,210408000,3732.0,23802,295684,888988920.0,3733.0,49,3731.0,75
rb1805,20170831,20170830,210408500,3733.0,23822,295692,889735300.0,3733.0,60,3731.0,71
rb1805,20170831,20170830,210409000,3731.0,23842,295712,890481500.0,3732.0,1,3731.0,61
rb1805,20170831,20170830,210409500,3732.0,23846,295714,890630760.0,3732.0,2,3731.0,60
rb1805,20170831,20170830,210410000,3733.0,23864,295724,891302520.0,3733.0,62,3732.0,34
rb1805,20170831,20170830,210410500,3732.0,23936,295792,893989560.0,3732.0,70,3731.0,59
rb1805,20170831,20170830,210411000,3731.0,23940,295796,894138800.0,3732.0,54,3731.0,59
rb1805,20170831,20170830,210411500,3731.0,24082,295846,899436820.0,3731.0,1,3730.0,106
rb1805,20170831,20170830,210412000,3731.0,24104,295866,900257660.0,3732.0,34,3730.0,107
rb1805,20170831,20170830,210412500,3731.0,24104,295866,900257660.0,3731.0,10,3730.0,107
rb1805,20170831,20170830,210413000,3731.0,24106,295866,900332280.0,3731.0,9,3730.0,111
rb1805,20170831,20170830,210413500,3731.0,24128,295868,901153100.0,3732.0,33,3731.0,10
rb1805,20170831,20170830,210414000,3732.0,24132,295868,901302380.0,3732.0,31,3731.0,20
rb1805,20170831,20170830,210414500,3731.0,24144,295878,901750100.0,3732.0,32,3731.0,8
rb1805,20170831,20170830,210415000,3731.0,24160,295862,902347060.0,3732.0,32,3731.0,3
rb1805,20170831,20170830,210415500,3731.0,24174,295868,902869380.0,3731.0,1,3730.0,107
rb1805,20170831,20170830,210416000,3731.0,24212,295888,904287500.0,3732.0,23,3731.0,30
rb1805,20170831,20170830,210416500,3732.0,24226,295892,904809900.0,3732.0,19,3731.0,23
rb1805,20170831,20170830,210417000,3731.0,24232,295898,905033760.0,3732.0,19,3731.0,22
rb1805,20170831,20170830,210417500,3731.0,24252,295918,905779960.0,3732.0,18,3731.0,26
rb1805,20170831,20170830,210418000,3732.0,24254,295920,905854600.0,3732.0,17,3731.0,31
rb1805,20170831,20170830,210418500,3732.0,24260,295916,906078520.0,3732.0,14,3731.0,39
rb1805,20170831,20170830,210419000,3731.0,24274,295920,906600860.0,3732.0,27,3731.0,27
rb1805,20170831,20170830,210419500,3731.0,24276,295920,906675480.0,3732.0,27,3731.0,30
rb1805,20170831,20170830,210420000,3731.0,24284,295924,906973960.0,3732.0,27,3731.0,26
rb1805,20170831,20170830,210420500,3732.0,24286,295922,907048600.0,3732.0,26,3731.0,28
rb1805,20170831,20170830,210421000,3732.0,24342,295920,909138520.0,3732.0,1,3731.0,28
rb1805,20170831,20170830,210421500,3732.0,24346,295918,909287800.0,3733.0,77,3732.0,8
rb1805,20170831,20170830,210422000,3732.0,24358,295910,909735640.0,3733.0,77,3732.0,2
rb1805,20170831,20170830,210422500,3732.0,24358,295910,909735640.0,3733.0,78,3732.0,29
rb1805,20170831,20170830,210423000,3732.0,24362,295910,909884920.0,3733.0,77,3732.0,46
rb1805,20170831,20170830,210423500,3732.0,24366,295914,910034200.0,3733.0,77,3732.0,45
rb1805,20170831,20170830,210424000,3733.0,24374,295914,910332840.0,3733.0,72,3732.0,46
rb1805,20170831,20170830,210424500,3733.0,24458,295962,913468540.0,3733.0,31,3732.0,47
rb1805,20170831,20170830,210425000,3733.0,24520,295960,915783000.0,3734.0,49,3733.0,24
rb1805,20170831,20170830,210425500,3733.0,24530,295960,916156300.0,3734.0,69,3732.0,52
rb1805,20170831,20170830,210426000,3733.0,24538,295960,916454940.0,3733.0,9,3732.0,54
rb1805,20170831,20170830,210426500,3733.0,24558,295978,917201540.0,3734.0,54,3733.0,3
rb1805,20170831,20170830,210427000,3734.0,24568,295982,917574860.0,3734.0,53,3733.0,2
rb1805,20170831,20170830,210427500,3732.0,24582,295980,918097460.0,3733.0,28,3732.0,58
rb1805,20170831,20170830,210428000,3733.0,24594,295980,918545420.0,3733.0,29,3732.0,61
rb1805,20170831,20170830,210428500,3733.0,24594,295980,918545420.0,3733.0,29,3732.0,62
rb1805,20170831,20170830,210429000,3733.0,24600,295978,918769400.0,3733.0,26,3732.0,62
rb1805,20170831,20170830,210429500,3732.0,24612,295980,919217260.0,3733.0,25,3732.0,57
rb1805,20170831,20170830,210430000,3733.0,24632,295976,919963840.0,3733.0,16,3732.0,59
rb1805,20170831,20170830,210430500,3733.0,24668,295978,921307720.0,3734.0,54,3732.0,59
rb1805,20170831,20170830,210431000,3734.0,24670,295978,921382400.0,3734.0,53,3733.0,2
rb1805,20170831,20170830,210431500,3733.0,24672,295978,921457060.0,3734.0,54,3733.0,6
rb1805,20170831,20170830,210432000,3733.0,24722,296004,923323880.0,3734.0,42,3733.0,10
rb1805,20170831,20170830,210432500,3733.0,24722,296004,923323880.0,3734.0,42,3733.0,23
rb1805,20170831,20170830,210433000,3733.0,24722,296004,923323880.0,3734.0,43,3733.0,33
rb1805,20170831,20170830,210433500,3734.0,24728,296002,923547880.0,3734.0,42,3733.0,34
rb1805,20170831,20170830,210434000,3733.0,24756,295996,924593240.0,3734.0,36,3733.0,36
rb1805,20170831,20170830,210434500,3733.0,24760,295996,924742560.0,3734.0,36,3733.0,34
rb1805,20170831,20170830,210435000,3734.0,24764,296000,924891920.0,3734.0,34,3733.0,34
rb1805,20170831,20170830,210435500,3733.0,24768,296002,925041260.0,3734.0,78,3733.0,38
rb1805,20170831,20170830,210436000,3733.0,24874,295972,928998240.0,3733.0,2,3732.0,76
rb1805,20170831,20170830,210436500,3733.0,24880,295976,929222220.0,3733.0,8,3732.0,66
rb1805,20170831,20170830,210437000,3733.0,24880,295976,929222220.0,3733.0,13,3732.0,66
rb1805,20170831,20170830,210437500,3732.0,24908,296004,930267180.0,3733.0,25,3732.0,53
rb1805,20170831,20170830,210438000,3732.0,25020,296022,934447020.0,3732.0,9,3731.0,43
rb1805,20170831,20170830,210438500,3732.0,25024,296024,934596300.0,3732.0,18,3731.0,24
rb1805,20170831,20170830,210439000,3731.0,25030,296030,934820160.0,3732.0,18,3731.0,20
rb1805,20170831,20170830,210439500,3731.0,25040,296028,935193260.0,3732.0,35,3731.0,15
rb1805,20170831,20170830,210440000,3731.0,25076,296048,936536420.0,3731.0,6,3730.0,104
rb1805,20170831,20170830,210440500,3731.0,25078,296048,936611040.0,3731.0,29,3730.0,105
rb1805,20170831,20170830,210441000,3731.0,25078,296048,936611040.0,3731.0,29,3730.0,105
rb1805,20170831,20170830,210441500,3731.0,25080,296048,936685660.0,3731.0,29,3730.0,105
rb1805,20170831,20170830,210442000,3731.0,25164,296020,939819700.0,3732.0,30,3731.0,10
rb1805,20170831,20170830,210442500,3731.0,25198,295994,941088240.0,3731.0,6,3730.0,104
rb1805,20170831,20170830,210443000,3730.0,25200,295992,941162840.0,3731.0,24,3730.0,103
rb1805,20170831,20170830,210443500,3731.0,25210,295998,941535940.0,3731.0,26,3730.0,104
rb1805,20170831,20170830,210444000,3730.0,25338,296018,946310600.0,3731.0,18,3730.0,53
rb1805,20170831,20170830,210444500,3731.0,25340,296016,946385220.0,3731.0,16,3730.0,53
rb1805,20170831,20170830,210445000,3731.0,25390,295968,948250720.0,3732.0,26,3731.0,25
rb1805,20170831,20170830,210445500,3731.0,25472,295974,951310180.0,3732.0,24,3731.0,9
rb1805,20170831,20170830,210446000,3731.0,25490,295992,951981760.0,3732.0,20,3731.0,28
rb1805,20170831,20170830,210446500,3731.0,25574,296068,955116300.0,3732.0,5,3731.0,13
rb1805,20170831,20170830,210447000,3731.0,25582,296074,955414780.0,3732.0,9,3731.0,9
rb1805,20170831,20170830,210447500,3731.0,25604,296092,956235600.0,3731.0,15,3730.0,61
rb1805,20170831,20170830,210448000,3731.0,25626,296102,957056220.0,3731.0,24,3730.0,51
rb1805,20170831,20170830,210448500,3731.0,25630,296104,957205460.0,3731.0,23,3730.0,54
rb1805,20170831,20170830,210449000,3731.0,25634,296104,957354700.0,3731.0,30,3730.0,54
rb1805,20170831,20170830,210449500,3731.0,25638,296104,957503940.0,3731.0,28,3730.0,54
rb1805,20170831,20170830,210450000,3731.0,25638,296104,957503940.0,3731.0,28,3730.0,54
rb1805,20170831,20170830,210450500,3730.0,25758,296062,961980040.0,3730.0,4,3729.0,64
rb1805,20170831,20170830,210451000,3730.0,25766,296054,962278440.0,3731.0,23,3730.0,3
rb1805,20170831,20170830,210451500,3731.0,25814,296050,964069080.0,3731.0,29,3729.0,123
rb1805,20170831,20170830,210452000,3729.0,25818,296050,964218240.0,3730.0,6,3729.0,121
rb1805,20170831,20170830,210452500,3729.0,25834,296052,964814960.0,3730.0,13,3729.0,117
rb1805,20170831,20170830,210453000,3729.0,25862,296038,965859280.0,3730.0,4,3729.0,113
rb1805,20170831,20170830,210453500,3729.0,25876,296052,966381340.0,3730.0,20,3729.0,106
rb1805,20170831,20170830,210454000,3730.0,25878,296050,966455940.0,3730.0,4,3729.0,107
rb1805,20170831,20170830,210455000,3730.0,26070,295990,973615660.0,3730.0,5,3729.0,16
rb1805,20170831,20170830,210455500,3729.0,26074,295990,973764840.0,3730.0,7,3729.0,16
rb1805,20170831,20170830,210456000,3729.0,26128,295980,975778700.0,3730.0,7,3728.0,37
rb1805,20170831,20170830,210456500,3730.0,26140,295984,976226300.0,3730.0,10,3728.0,57
rb1805,20170831,20170830,210457000,3730.0,26168,295970,977270600.0,3731.0,34,3730.0,7
rb1805,20170831,20170830,210457500,3730.0,26184,295956,977867400.0,3730.0,101,3729.0,11
rb1805,20170831,20170830,210458000,3730.0,26198,295948,978389560.0,3730.0,96,3729.0,9
rb1805,20170831,20170830,210458500,3729.0,26214,295950,978986200.0,3730.0,98,3729.0,1
rb1805,20170831,20170830,210459000,3730.0,26220,295950,979210000.0,3730.0,105,3729.0,32
rb1805,20170831,20170830,210459500,3730.0,26304,295948,982343200.0,3730.0,64,3729.0,94
rb1805,20170831,20170830,210500000,3729.0,26306,295950,982417780.0,3730.0,66,3729.0,106
rb1805,20170831,20170830,210500500,3730.0,26482,296006,988981020.0,3730.0,56,3729.0,27
rb1805,20170831,20170830,210501000,3730.0,26656,295966,995468420.0,3729.0,1,3727.0,55
rb1805,20170831,20170830,210501500,3727.0,26720,295972,997854320.0,3728.0,2,3727.0,37
rb1805,20170831,20170830,210502000,3728.0,26732,295974,998301680.0,3729.0,3,3728.0,5
rb1805,20170831,20170830,210502500,3728.0,26800,295934,1000836800.0,3729.0,6,3728.0,1
rb1805,20170831,20170830,210503000,3728.0,26828,295952,1001880420.0,3728.0,1,3727.0,26
rb1805,20170831,20170830,210503500,3728.0,26840,295952,1002327820.0,3729.0,36,3728.0,37
rb1805,20170831,20170830,210504000,3728.0,26920,295954,1005310220.0,3729.0,36,3728.0,10
rb1805,20170831,20170830,210504500,3728.0,26944,295978,1006204940.0,3728.0,23,3727.0,34
rb1805,20170831,20170830,210505000,3727.0,26972,295992,1007248560.0,3728.0,26,3727.0,23
rb1805,20170831,20170830,210505500,3727.0,27032,296008,1009484780.0,3727.0,54,3726.0,32
rb1805,20170831,20170830,210506000,3726.0,27096,296030,1011869440.0,3726.0,13,3725.0,155
rb1805,20170831,20170830,210506500,3726.0,27158,296060,1014179560.0,3727.0,31,3726.0,26
rb1805,20170831,20170830,210507000,3726.0,27174,296062,1014775760.0,3727.0,37,3726.0,28
rb1805,20170831,20170830,210507500,3726.0,27188,296052,1015297440.0,3727.0,32,3726.0,23
rb1805,20170831,20170830,210508000,3727.0,27232,296064,1016937220.0,3727.0,22,3726.0,39
rb1805,20170831,20170830,210508500,3726.0,27420,295986,1023943340.0,3728.0,42,3726.0,30
rb1805,20170831,20170830,210509000,3728.0,27478,295996,1026105380.0,3729.0,15,3728.0,10
rb1805,20170831,20170830,210509500,3728.0,27610,296008,1031026900.0,3730.0,68,3728.0,13
rb1805,20170831,20170830,210510000,3728.0,27620,296014,1031399700.0,3729.0,3,3728.0,9
rb1805,20170831,20170830,210510500,3728.0,27624,296018,1031548820.0,3729.0,3,3728.0,14
rb1805,20170831,20170830,210511000,3729.0,27648,296016,1032443820.0,3730.0,67,3729.0,6
rb1805,20170831,20170830,210511500,3729.0,27690,295976,1034010160.0,3730.0,61,3729.0,12
rb1805,20170831,20170830,210512000,3729.0,27788,295908,1037664560.0,3730.0,56,3729.0,16
rb1805,20170831,20170830,210512500,3729.0,27824,295904,1039006980.0,3729.0,4,3728.0,31
rb1805,20170831,20170830,210513000,3728.0,27888,295874,1041392980.0,3728.0,6,3727.0,27
rb1805,20170831,20170830,210513500,3729.0,27920,295864,1042586060.0,3729.0,10,3728.0,28
rb1805,20170831,20170830,210514000,3729.0,27942,295856,1043406240.0,3729.0,15,3728.0,7
rb1805,20170831,20170830,210514500,3729.0,27958,295850,1044002820.0,3729.0,11,3728.0,11
rb1805,20170831,20170830,210515000,3728.0,27978,295850,1044748460.0,3729.0,14,3728.0,6
rb1805,20170831,20170830,210515500,3728.0,27984,295848,1044972140.0,3728.0,6,3727.0,38
rb1805,20170831,20170830,210516000,3729.0,27998,295836,1045494080.0,3729.0,21,3728.0,11
rb1805,20170831,20170830,210516500,3729.0,28110,295784,1049669520.0,3729.0,19,3728.0,28
rb1805,20170831,20170830,210517000,3729.0,28120,295778,1050042340.0,3729.0,28,3728.0,30
rb1805,20170831,20170830,210517500,3729.0,28130,295778,1050415160.0,3729.0,52,3728.0,31
rb1805,20170831,20170830,210518000,3729.0,28144,295780,1050937100.0,3729.0,20,3728.0,25
rb1805,20170831,20170830,210518500,3729.0,28168,295760,1051831880.0,3729.0,44,3728.0,22
rb1805,20170831,20170830,210519000,3729.0,28174,295758,1052055620.0,3729.0,41,3728.0,30
rb1805,20170831,20170830,210519500,3729.0,28204,295754,1053174100.0,3729.0,41,3728.0,29
rb1805,20170831,20170830,210520000,3729.0,28224,295762,1053919720.0,3729.0,36,3728.0,32
rb1805,20170831,20170830,210520500,3729.0,28318,295796,1057424580.0,3729.0,9,3728.0,10
rb1805,20170831,20170830,210521000,3729.0,28334,295810,1058021220.0,3729.0,7,3728.0,12
rb1805,20170831,20170830,210521500,3728.0,28378,295824,1059661600.0,3728.0,4,3727.0,20
rb1805,20170831,20170830,210522000,3728.0,28386,295828,1059959840.0,3729.0,2,3728.0,24
rb1805,20170831,20170830,210522500,3729.0,28406,295812,1060705460.0,3729.0,5,3728.0,13
rb1805,20170831,20170830,210523000,3728.0,28416,295810,1061078260.0,3729.0,6,3728.0,15
rb1805,20170831,20170830,210523500,3729.0,28428,295800,1061525740.0,3730.0,82,3729.0,10
rb1805,20170831,20170830,210524000,3729.0,28470,295768,1063091920.0,3729.0,32,3728.0,10
rb1805,20170831,20170830,210524500,3729.0,28482,295766,1063539360.0,3729.0,22,3728.0,11
rb1805,20170831,20170830,210525000,3729.0,28490,295766,1063837680.0,3729.0,18,3728.0,11
rb1805,20170831,20170830,210525500,3729.0,28490,295766,1063837680.0,3729.0,12,3728.0,19
rb1805,20170831,20170830,210526000,3729.0,28494,295766,1063986840.0,3729.0,10,3728.0,31
rb1805,20170831,20170830,210526500,3729.0,28514,295766,1064732640.0,3730.0,84,3729.0,2
rb1805,20170831,20170830,210527000,3729.0,28518,295766,1064881800.0,3730.0,120,3729.0,9
rb1805,20170831,20170830,210527500,3729.0,28546,295770,1065925920.0,3729.0,11,3728.0,29
rb1805,20170831,20170830,210528000,3728.0,28548,295772,1066000480.0,3729.0,36,3728.0,35
rb1805,20170831,20170830,210528500,3728.0,28654,295748,1069952480.0,3728.0,47,3727.0,27
rb1805,20170831,20170830,210529000,3728.0,28748,295682,1073456800.0,3729.0,12,3728.0,12
rb1805,20170831,20170830,210529500,3729.0,28758,295678,1073829660.0,3729.0,28,3728.0,8
rb1805,20170831,20170830,210530000,3728.0,28788,295668,1074948260.0,3729.0,35,3728.0,8
rb1805,20170831,20170830,210530500,3728.0,28788,295668,1074948260.0,3729.0,39,3728.0,17
rb1805,20170831,20170830,210531000,3728.0,28820,295660,1076141220.0,3728.0,9,3727.0,39
rb1805,20170831,20170830,210531500,3728.0,28822,295658,1076215780.0,3728.0,8,3727.0,39
rb1805,20170831,20170830,210532000,3728.0,28834,295658,1076663140.0,3728.0,2,3727.0,39
rb1805,20170831,20170830,210532500,3728.0,28852,295646,1077334180.0,3729.0,46,3728.0,4
rb1805,20170831,20170830,210533000,3729.0,28866,295642,1077856100.0,3728.0,5,3727.0,38
rb1805,20170831,20170830,210533500,3728.0,28882,295642,1078452580.0,3729.0,46,3728.0,35
rb1805,20170831,20170830,210534000,3728.0,28890,295646,1078750820.0,3729.0,47,3728.0,38
rb1805,20170831,20170830,210534500,3729.0,28958,295684,1081285960.0,3729.0,42,3728.0,28
rb1805,20170831,20170830,210535000,3729.0,29004,295698,1083000860.0,3729.0,135,3728.0,8
rb1805,20170831,20170830,210535500,3728.0,29038,295710,1084268280.0,3728.0,78,3727.0,32
rb1805,20170831,20170830,210536000,3727.0,29042,295708,1084417380.0,3728.0,83,3727.0,31
rb1805,20170831,20170830,210536500,3728.0,29048,295706,1084641060.0,3728.0,77,3727.0,41
rb1805,20170831,20170830,210537000,3727.0,29054,295704,1084864720.0,3728.0,76,3727.0,40
rb1805,20170831,20170830,210537500,3727.0,29062,295702,1085162920.0,3728.0,72,3727.0,38
rb1805,20170831,20170830,210538000,3727.0,29062,295702,1085162920.0,3728.0,75,3727.0,39
rb1805,20170831,20170830,210538500,3728.0,29066,295700,1085312020.0,3728.0,74,3727.0,40
rb1805,20170831,20170830,210539000,3728.0,29072,295696,1085535700.0,3728.0,66,3727.0,40
rb1805,20170831,20170830,210539500,3728.0,29176,295742,1089412800.0,3728.0,15,3727.0,39
rb1805,20170831,20170830,210540000,3728.0,29222,295746,1091127680.0,3729.0,18,3728.0,21
rb1805,20170831,20170830,210540500,3728.0,29222,295746,1091127680.0,3729.0,20,3728.0,49
rb1805,20170831,20170830,210541000,3728.0,29286,295760,1093513780.0,3729.0,16,3728.0,27
rb1805,20170831,20170830,210541500,3728.0,29354,295758,1096048780.0,3729.0,54,3728.0,97
rb1805,20170831,20170830,210542000,3728.0,29356,295760,1096123340.0,3729.0,32,3728.0,96
rb1805,20170831,20170830,210542500,3729.0,29422,295720,1098584480.0,3730.0,90,3729.0,33
rb1805,20170831,20170830,210543000,3729.0,29428,295716,1098808220.0,3730.0,176,3729.0,30
rb1805,20170831,20170830,210543500,3729.0,29428,295716,1098808220.0,3730.0,179,3729.0,35
rb1805,20170831,20170830,210544000,3730.0,29500,295694,1101493560.0,3730.0,67,3729.0,24
rb1805,20170831,20170830,210544500,3730.0,29518,295692,1102164940.0,3730.0,63,3729.0,23
rb1805,20170831,20170830,210545000,3730.0,29530,295692,1102612440.0,3730.0,62,3729.0,25
rb1805,20170831,20170830,210545500,3730.0,29658,295708,1107386840.0,3731.0,8,3730.0,4
rb1805,20170831,20170830,210546000,3730.0,29672,295700,1107909040.0,3730.0,9,3729.0,25
rb1805,20170831,20170830,210546500,3731.0,29716,295694,1109550340.0,3731.0,33,3730.0,5
rb1805,20170831,20170830,210547000,3731.0,29716,295694,1109550340.0,3731.0,14,3730.0,10
rb1805,20170831,20170830,210547500,3731.0,29726,295690,1109923420.0,3731.0,4,3730.0,19
rb1805,20170831,20170830,210548000,3730.0,29740,295686,1110445720.0,3731.0,1,3730.0,22
rb1805,20170831,20170830,210548500,3730.0,29746,295690,1110669560.0,3732.0,31,3731.0,12
rb1805,20170831,20170830,210549000,3731.0,29772,295670,1111639620.0,3732.0,120,3731.0,4
rb1805,20170831,20170830,210549500,3731.0,29782,295678,1112012720.0,3731.0,16,3730.0,21
rb1805,20170831,20170830,210550000,3731.0,29794,295668,1112460420.0,3731.0,11,3730.0,16
rb1805,20170831,20170830,210550500,3731.0,29794,295668,1112460420.0,3731.0,28,3730.0,10
rb1805,20170831,20170830,210551000,3730.0,29812,295656,1113131820.0,3730.0,1,3729.0,18
rb1805,20170831,20170830,210551500,3730.0,29816,295660,1113281020.0,3730.0,3,3729.0,25
rb1805,20170831,20170830,210552000,3730.0,29816,295660,1113281020.0,3730.0,3,3729.0,25
rb1805,20170831,20170830,210552500,3731.0,29866,295662,1115146440.0,3731.0,64,3729.0,25
rb1805,20170831,20170830,210553000,3730.0,29884,295656,1115818000.0,3731.0,63,3729.0,81
rb1805,20170831,20170830,210553500,3730.0,29884,295656,1115818000.0,3731.0,48,3730.0,20
rb1805,20170831,20170830,210554000,3730.0,29898,295642,1116340200.0,3731.0,48,3730.0,20
rb1805,20170831,20170830,210554500,3730.0,30106,295662,1124096960.0,3730.0,59,3728.0,12
rb1805,20170831,20170830,210555000,3730.0,30108,295662,1124171560.0,3729.0,5,3728.0,12
rb1805,20170831,20170830,210555500,3729.0,30150,295642,1125737240.0,3729.0,14,3727.0,45
rb1805,20170831,20170830,210556000,3729.0,30156,295646,1125960980.0,3729.0,14,3727.0,45
rb1805,20170831,20170830,210556500,3729.0,30164,295650,1126259300.0,3729.0,10,3727.0,45
rb1805,20170831,20170830,210557000,3729.0,30180,295654,1126855940.0,3729.0,6,3727.0,46
rb1805,20170831,20170830,210557500,3729.0,30182,295656,1126930520.0,3729.0,8,3727.0,47
rb1805,20170831,20170830,210558000,3727.0,30184,295656,1127005060.0,3729.0,8,3727.0,47
rb1805,20170831,20170830,210558500,3727.0,30184,295656,1127005060.0,3728.0,8,3727.0,46
rb1805,20170831,20170830,210559000,3728.0,30190,295652,1127228700.0,3728.0,26,3727.0,45
rb1805,20170831,20170830,210559500,3729.0,30286,295718,1130808020.0,3728.0,2,3727.0,46
rb1805,20170831,20170830,210600000,3729.0,30296,295724,1131180920.0,3728.0,2,3727.0,46
rb1805,20170831,20170830,210600500,3727.0,30360,295748,1133566220.0,3728.0,1,3727.0,17
rb1805,20170831,20170830,210601000,3728.0,30396,295752,1134907960.0,3728.0,16,3727.0,1
rb1805,20170831,20170830,210601500,3727.0,30408,295754,1135355200.0,3727.0,13,3726.0,48
rb1805,20170831,20170830,210602000,3727.0,30484,295754,1138187020.0,3727.0,11,3726.0,13
rb1805,20170831,20170830,210602500,3726.0,30524,295766,1139677420.0,3726.0,8,3725.0,249
rb1805,20170831,20170830,210603000,3727.0,30556,295766,1140869620.0,3726.0,5,3725.0,243
rb1805,20170831,20170830,210603500,3727.0,30688,295720,1145788360.0,3728.0,16,3726.0,5
rb1805,20170831,20170830,210604000,3726.0,30778,295640,1149141420.0,3727.0,43,3726.0,2
rb1805,20170831,20170830,210604500,3726.0,30782,295638,1149290480.0,3727.0,50,3726.0,15
rb1805,20170831,20170830,210605000,3727.0,30786,295638,1149439540.0,3727.0,49,3726.0,80
rb1805,20170831,20170830,210605500,3726.0,30828,295618,1151004460.0,3727.0,23,3726.0,66
rb1805,20170831,20170830,210606000,3727.0,30982,295572,1156743060.0,3728.0,20,3727.0,19
rb1805,20170831,20170830,210606500,3727.0,31032,295534,1158606500.0,3727.0,71,3726.0,16
rb1805,20170831,20170830,210607000,3726.0,31038,295528,1158830100.0,3727.0,77,3726.0,23
rb1805,20170831,20170830,210607500,3727.0,31058,295522,1159575440.0,3727.0,28,3726.0,20
rb1805,20170831,20170830,210608000,3727.0,31074,295522,1160171760.0,3727.0,3,3726.0,21
rb1805,20170831,20170830,210608500,3726.0,31136,295566,1162482080.0,3726.0,25,3725.0,251
rb1805,20170831,20170830,210609000,3726.0,31144,295574,1162780160.0,3726.0,32,3725.0,254
rb1805,20170831,20170830,210609500,3726.0,31174,295602,1163897940.0,3726.0,21,3725.0,256
rb1805,20170831,20170830,210610000,3726.0,31176,295604,1163972460.0,3726.0,22,3725.0,257
rb1805,20170831,20170830,210610500,3726.0,31226,295644,1165835460.0,3727.0,12,3726.0,24
rb1805,20170831,20170830,210611000,3726.0,31282,295600,1167922020.0,3726.0,10,3725.0,259
rb1805,20170831,20170830,210611500,3727.0,31310,295606,1168965320.0,3727.0,15,3726.0,31
rb1805,20170831,20170830,210612000,3727.0,31312,295606,1169039860.0,3727.0,21,3726.0,36
rb1805,20170831,20170830,210612500,3727.0,31340,295622,1170083340.0,3727.0,6,3726.0,33
rb1805,20170831,20170830,210613000,3726.0,31374,295614,1171350260.0,3727.0,9,3726.0,31
rb1805,20170831,20170830,210613500,3726.0,31418,295620,1172989800.0,3727.0,13,3726.0,28
rb1805,20170831,20170830,210614000,3726.0,31476,295598,1175150880.0,3726.0,5,3725.0,267
rb1805,20170831,20170830,210614500,3726.0,31490,295604,1175672520.0,3726.0,7,3725.0,267
rb1805,20170831,20170830,210615000,3726.0,31496,295602,1175896060.0,3726.0,12,3725.0,266
rb1805,20170831,20170830,210615500,3726.0,31534,295626,1177311940.0,3727.0,15,3726.0,17
rb1805,20170831,20170830,210616000,3726.0,31544,295626,1177684540.0,3727.0,18,3726.0,13
rb1805,20170831,20170830,210616500,3727.0,31548,295626,1177833620.0,3727.0,11,3726.0,14
rb1805,20170831,20170830,210617000,3726.0,31564,295632,1178429780.0,3727.0,11,3726.0,29
rb1805,20170831,20170830,210617500,3727.0,31578,295638,1178951440.0,3727.0,11,3726.0,38
rb1805,20170831,20170830,210618000,3726.0,31606,295646,1179994920.0,3727.0,1,3726.0,51
rb1805,20170831,20170830,210618500,3727.0,31608,295646,1180069460.0,3728.0,20,3727.0,66
rb1805,20170831,20170830,210619000,3727.0,31612,295644,1180218540.0,3728.0,21,3727.0,63
rb1805,20170831,20170830,210619500,3727.0,31616,295646,1180367640.0,3728.0,20,3727.0,62
rb1805,20170831,20170830,210620000,3727.0,31738,295622,1184915800.0,3728.0,4,3727.0,73
rb1805,20170831,20170830,210620500,3727.0,31844,295660,1188866900.0,3729.0,60,3727.0,54
rb1805,20170831,20170830,210621000,3727.0,31844,295660,1188866900.0,3728.0,16,3727.0,54
rb1805,20170831,20170830,210621500,3727.0,31854,295654,1189239600.0,3728.0,21,3727.0,50
rb1805,20170831,20170830,210622000,3728.0,31882,295644,1190283180.0,3728.0,17,3727.0,37
rb1805,20170831,20170830,210622500,3727.0,31966,295626,1193413860.0,3727.0,78,3726.0,46
rb1805,20170831,20170830,210623000,3727.0,31966,295626,1193413860.0,3727.0,73,3726.0,46
rb1805,20170831,20170830,210623500,3727.0,32118,295586,1199078900.0,3728.0,110,3727.0,3
rb1805,20170831,20170830,210624000,3727.0,32128,295578,1199451600.0,3727.0,20,3726.0,50
rb1805,20170831,20170830,210624500,3727.0,32130,295576,1199526140.0,3727.0,17,3726.0,55
rb1805,20170831,20170830,210625000,3727.0,32140,295566,1199898840.0,3727.0,14,3726.0,55
rb1805,20170831,20170830,210625500,3727.0,32172,295568,1201091360.0,3727.0,9,3726.0,49
rb1805,20170831,20170830,210626000,3727.0,32174,295568,1201165900.0,3727.0,9,3726.0,51
rb1805,20170831,20170830,210626500,3726.0,32212,295546,1202581960.0,3727.0,6,3726.0,43
rb1805,20170831,20170830,210627000,3727.0,32236,295564,1203476320.0,3728.0,110,3727.0,6
rb1805,20170831,20170830,210627500,3727.0,32248,295552,1203923560.0,3727.0,73,3726.0,37
rb1805,20170831,20170830,210628000,3726.0,32260,295546,1204370760.0,3727.0,43,3726.0,35
rb1805,20170831,20170830,210628500,3727.0,32276,295540,1204966980.0,3727.0,36,3726.0,30
rb1805,20170831,20170830,210629000,3726.0,32280,295540,1205116040.0,3727.0,37,3726.0,29
rb1805,20170831,20170830,210629500,3726.0,32468,295488,1212121900.0,3726.0,7,3725.0,265
rb1805,20170831,20170830,210630000,3726.0,32474,295488,1212345460.0,3726.0,5,3725.0,265
rb1805,20170831,20170830,210630500,3726.0,32484,295482,1212718060.0,3727.0,6,3726.0,1
rb1805,20170831,20170830,210631000,3725.0,32530,295524,1214431960.0,3726.0,63,3725.0,262
rb1805,20170831,20170830,210631500,3726.0,32626,295582,1218008420.0,3726.0,37,3725.0,237
rb1805,20170831,20170830,210632000,3725.0,32816,295612,1225086940.0,3727.0,19,3725.0,213
rb1805,20170831,20170830,210632500,3725.0,33200,295804,1239391740.0,3726.0,12,3725.0,69
rb1805,20170831,20170830,210633000,3725.0,33400,295848,1246841480.0,3725.0,27,3724.0,21
rb1805,20170831,20170830,210633500,3723.0,33698,295962,1257936480.0,3723.0,5,3722.0,65
rb1805,20170831,20170830,210634000,3722.0,33828,295974,1262775980.0,3723.0,3,3722.0,39
rb1805,20170831,20170830,210634500,3722.0,33978,295996,1268358800.0,3722.0,6,3721.0,50
rb1805,20170831,20170830,210635000,3721.0,34162,295934,1275205940.0,3721.0,2,3720.0,175
rb1805,20170831,20170830,210635500,3719.0,34662,296058,1293807180.0,3719.0,3,3718.0,33
rb1805,20170831,20170830,210636000,3719.0,34862,296086,1301247200.0,3722.0,3,3719.0,54
rb1805,20170831,20170830,210636500,3718.0,35074,296054,1309132780.0,3721.0,1,3719.0,1
rb1805,20170831,20170830,210637000,3720.0,35328,295982,1318576980.0,3721.0,52,3719.0,41
rb1805,20170831,20170830,210637500,3718.0,35486,295936,1324451100.0,3718.0,6,3716.0,29
rb1805,20170831,20170830,210638000,3718.0,35664,295904,1331065840.0,3718.0,25,3716.0,5
rb1805,20170831,20170830,210638500,3718.0,35702,295898,1332478300.0,3718.0,19,3715.0,20
rb1805,20170831,20170830,210639000,3718.0,35884,295856,1339240460.0,3718.0,36,3716.0,3
rb1805,20170831,20170830,210639500,3719.0,35936,295884,1341173360.0,3719.0,5,3718.0,5
rb1805,20170831,20170830,210640000,3718.0,35992,295894,1343255320.0,3718.0,8,3717.0,5
rb1805,20170831,20170830,210640500,3718.0,36072,295844,1346228980.0,3718.0,29,3716.0,1
rb1805,20170831,20170830,210641000,3717.0,36108,295846,1347567220.0,3718.0,2,3717.0,2
rb1805,20170831,20170830,210641500,3718.0,36254,295892,1352991960.0,3716.0,6,3715.0,2
rb1805,20170831,20170830,210642000,3717.0,36300,295878,1354701520.0,3717.0,3,3716.0,29
rb1805,20170831,20170830,210642500,3717.0,36322,295884,1355519300.0,3718.0,8,3717.0,4
rb1805,20170831,20170830,210643000,3718.0,36340,295884,1356188560.0,3719.0,13,3718.0,5
rb1805,20170831,20170830,210643500,3717.0,36372,295864,1357378300.0,3718.0,16,3717.0,9
rb1805,20170831,20170830,210644000,3718.0,36438,295868,1359831940.0,3718.0,28,3717.0,19
rb1805,20170831,20170830,210644500,3717.0,36514,295830,1362657420.0,3718.0,12,3717.0,28
rb1805,20170831,20170830,210645000,3717.0,36566,295836,1364590500.0,3719.0,18,3718.0,6
rb1805,20170831,20170830,210645500,3718.0,36596,295842,1365705780.0,3718.0,4,3717.0,13
rb1805,20170831,20170830,210646000,3718.0,36704,295866,1369720760.0,3718.0,9,3717.0,5
rb1805,20170831,20170830,210646500,3718.0,36726,295874,1370538560.0,3717.0,2,3716.0,60
rb1805,20170831,20170830,210647000,3720.0,36826,295842,1374257000.0,3720.0,36,3719.0,1
rb1805,20170831,20170830,210647500,3718.0,36850,295828,1375149560.0,3719.0,2,3718.0,21
rb1805,20170831,20170830,210648000,3719.0,36876,295818,1376116320.0,3720.0,33,3718.0,20
rb1805,20170831,20170830,210648500,3718.0,36924,295850,1377901000.0,3719.0,3,3718.0,2
rb1805,20170831,20170830,210649000,3719.0,36960,295864,1379239920.0,3720.0,34,3719.0,6
rb1805,20170831,20170830,210649500,3720.0,36986,295878,1380206980.0,3720.0,35,3719.0,2
rb1805,20170831,20170830,210650000,3720.0,37054,295842,1382736360.0,3721.0,22,3718.0,33
rb1805,20170831,20170830,210650500,3719.0,37100,295822,1384447180.0,3720.0,5,3719.0,10
rb1805,20170831,20170830,210651000,3720.0,37146,295848,1386157980.0,3720.0,5,3719.0,9
rb1805,20170831,20170830,210651500,3719.0,37168,295842,1386976280.0,3720.0,2,3719.0,8
rb1805,20170831,20170830,210652000,3719.0,37212,295856,1388612760.0,3719.0,2,3718.0,76
rb1805,20170831,20170830,210652500,3719.0,37240,295860,1389654280.0,3720.0,11,3719.0,35
rb1805,20170831,20170830,210653000,3719.0,37250,295858,1390026220.0,3720.0,10,3719.0,23
rb1805,20170831,20170830,210653500,3720.0,37290,295836,1391514140.0,3721.0,26,3720.0,33
rb1805,20170831,20170830,210654000,3720.0,37314,295826,1392407020.0,3721.0,23,3720.0,36
rb1805,20170831,20170830,210654500,3721.0,37404,295788,1395755580.0,3722.0,18,3721.0,35
rb1805,20170831,20170830,210655000,3723.0,37478,295786,1398510000.0,3723.0,58,3722.0,15
rb1805,20170831,20170830,210655500,3725.0,37628,295766,1404094620.0,3725.0,21,3723.0,1
rb1805,20170831,20170830,210656000,3723.0,37644,295768,1404690460.0,3725.0,17,3723.0,90
rb1805,20170831,20170830,210656500,3725.0,37762,295854,1409083680.0,3725.0,48,3723.0,32
rb1805,20170831,20170830,210657000,3724.0,37830,295886,1411615360.0,3724.0,60,3722.0,27
rb1805,20170831,20170830,210657500,3724.0,37842,295878,1412062120.0,3724.0,16,3722.0,24
rb1805,20170831,20170830,210658000,3723.0,37868,295852,1413030180.0,3724.0,14,3723.0,21
rb1805,20170831,20170830,210658500,3723.0,37908,295820,1414519640.0,3724.0,18,3723.0,14
rb1805,20170831,20170830,210659000,3722.0,37942,295786,1415785400.0,3723.0,100,3722.0,27
rb1805,20170831,20170830,210659500,3721.0,38028,295792,1418986320.0,3722.0,1,3721.0,3
rb1805,20170831,20170830,210700000,3722.0,38040,295788,1419432920.0,3722.0,9,3721.0,1
rb1805,20170831,20170830,210700500,3721.0,38070,295790,1420549420.0,3721.0,15,3720.0,73
rb1805,20170831,20170830,210701000,3721.0,38080,295796,1420921500.0,3721.0,13,3720.0,72
rb1805,20170831,20170830,210701500,3720.0,38088,295792,1421219120.0,3721.0,12,3720.0,69
rb1805,20170831,20170830,210702000,3721.0,38190,295752,1425013560.0,3721.0,19,3720.0,20
rb1805,20170831,20170830,210702500,3720.0,38254,295752,1427394300.0,3720.0,28,3719.0,28
rb1805,20170831,20170830,210703000,3720.0,38278,295738,1428287080.0,3720.0,7,3719.0,27
rb1805,20170831,20170830,210703500,3720.0,38302,295744,1429179940.0,3721.0,19,3720.0,40
rb1805,20170831,20170830,210704000,3721.0,38306,295746,1429328760.0,3721.0,7,3720.0,40
rb1805,20170831,20170830,210704500,3721.0,38356,295722,1431189260.0,3722.0,23,3721.0,31
rb1805,20170831,20170830,210705000,3722.0,38416,295704,1433422460.0,3723.0,56,3722.0,29
rb1805,20170831,20170830,210705500,3722.0,38460,295706,1435060400.0,3723.0,34,3721.0,54
rb1805,20170831,20170830,210706000,3723.0,38468,295706,1435358140.0,3723.0,24,3721.0,60
rb1805,20170831,20170830,210706500,3723.0,38468,295706,1435358140.0,3723.0,29,3721.0,65
rb1805,20170831,20170830,210707000,3723.0,38516,295730,1437144820.0,3723.0,29,3721.0,60
rb1805,20170831,20170830,210707500,3721.0,38546,295760,1438261140.0,3723.0,29,3721.0,46
rb1805,20170831,20170830,210708000,3723.0,38612,295742,1440718320.0,3723.0,3,3722.0,14
rb1805,20170831,20170830,210708500,3722.0,38650,295752,1442133040.0,3724.0,14,3723.0,2
rb1805,20170831,20170830,210709000,3723.0,38654,295754,1442281960.0,3724.0,14,3723.0,6
rb1805,20170831,20170830,210709500,3723.0,38664,295756,1442654300.0,3724.0,12,3723.0,7
rb1805,20170831,20170830,210710000,3723.0,38682,295762,1443324440.0,3724.0,14,3723.0,4
rb1805,20170831,20170830,210710500,3724.0,38690,295760,1443622340.0,3724.0,12,3723.0,14
rb1805,20170831,20170830,210711000,3724.0,38700,295766,1443994700.0,3724.0,11,3723.0,12
rb1805,20170831,20170830,210711500,3724.0,38724,295770,1444888460.0,3725.0,113,3724.0,7
rb1805,20170831,20170830,210712000,3724.0,38788,295790,1447271220.0,3725.0,115,3724.0,2
rb1805,20170831,20170830,210712500,3724.0,38800,295788,1447718100.0,3724.0,2,3723.0,11
rb1805,20170831,20170830,210713000,3724.0,38808,295784,1448016020.0,3725.0,115,3724.0,10
rb1805,20170831,20170830,210713500,3724.0,38840,295784,1449207640.0,3724.0,9,3723.0,16
rb1805,20170831,20170830,210714000,3724.0,38840,295784,1449207640.0,3724.0,19,3723.0,14
rb1805,20170831,20170830,210714500,3724.0,38872,295804,1450399300.0,3724.0,6,3723.0,13
rb1805,20170831,20170830,210715000,3724.0,38872,295804,1450399300.0,3724.0,8,3723.0,14
rb1805,20170831,20170830,210715500,3724.0,38902,295820,1451516480.0,3725.0,121,3724.0,2
rb1805,20170831,20170830,210716000,3724.0,38956,295814,1453527760.0,3725.0,105,3724.0,6
rb1805,20170831,20170830,210716500,3724.0,38962,295814,1453751200.0,3725.0,105,3724.0,7
rb1805,20170831,20170830,210717000,3723.0,39024,295856,1456059580.0,3723.0,10,3722.0,19
rb1805,20170831,20170830,210717500,3725.0,39038,295866,1456581020.0,3725.0,100,3724.0,1
rb1805,20170831,20170830,210718000,3723.0,39332,295846,1467531480.0,3724.0,3,3723.0,86
rb1805,20170831,20170830,210718500,3724.0,39346,295852,1468052840.0,3726.0,33,3724.0,31
rb1805,20170831,20170830,210719000,3725.0,39360,295854,1468574280.0,3726.0,32,3725.0,24
rb1805,20170831,20170830,210719500,3724.0,39424,295870,1470958140.0,3725.0,110,3724.0,22
rb1805,20170831,20170830,210720000,3724.0,39564,295734,1476173100.0,3725.0,44,3724.0,25
rb1805,20170831,20170830,210720500,3724.0,39646,295724,1479227540.0,3725.0,6,3724.0,24
rb1805,20170831,20170830,210721000,3725.0,39658,295716,1479674540.0,3726.0,36,3725.0,17
rb1805,20170831,20170830,210721500,3725.0,39668,295716,1480047040.0,3726.0,38,3725.0,12
rb1805,20170831,20170830,210722000,3726.0,39716,295746,1481835480.0,3726.0,14,3725.0,21
rb1805,20170831,20170830,210722500,3726.0,39726,295744,1482208060.0,3726.0,11,3725.0,25
rb1805,20170831,20170830,210723000,3725.0,39738,295746,1482655160.0,3726.0,8,3725.0,33
rb1805,20170831,20170830,210723500,3726.0,39744,295752,1482878680.0,3726.0,7,3725.0,32
rb1805,20170831,20170830,210724000,3725.0,39810,295794,1485337180.0,3725.0,7,3724.0,21
rb1805,20170831,20170830,210724500,3726.0,39830,295808,1486082220.0,3726.0,28,3724.0,24
rb1805,20170831,20170830,210725000,3726.0,39884,295780,1488093940.0,3726.0,19,3724.0,24
rb1805,20170831,20170830,210725500,3726.0,39890,295778,1488317500.0,3726.0,16,3724.0,26
rb1805,20170831,20170830,210726000,3726.0,39894,295778,1488466540.0,3726.0,22,3725.0,1
rb1805,20170831,20170830,210726500,3724.0,39902,295780,1488764480.0,3726.0,26,3724.0,28
rb1805,20170831,20170830,210727000,3725.0,39914,295770,1489211580.0,3726.0,40,3724.0,30
rb1805,20170831,20170830,210727500,3726.0,39954,295770,1490701980.0,3726.0,21,3724.0,32
rb1805,20170831,20170830,210728000,3724.0,39956,295770,1490776460.0,3725.0,1,3724.0,31
rb1805,20170831,20170830,210728500,3724.0,39960,295774,1490925440.0,3726.0,26,3724.0,28
rb1805,20170831,20170830,210729000,3724.0,39982,295774,1491744920.0,3726.0,23,3724.0,21
rb1805,20170831,20170830,210729500,3726.0,39990,295778,1492043000.0,3726.0,19,3725.0,1
rb1805,20170831,20170830,210730000,3725.0,39994,295782,1492192000.0,3726.0,20,3724.0,22
rb1805,20170831,20170830,210730500,3726.0,40008,295796,1492713620.0,3726.0,15,3725.0,3
rb1805,20170831,20170830,210731000,3725.0,40018,295804,1493086140.0,3726.0,16,3725.0,1
rb1805,20170831,20170830,210731500,3725.0,40032,295808,1493607640.0,3725.0,15,3724.0,23
rb1805,20170831,20170830,210732000,3725.0,40032,295808,1493607640.0,3725.0,21,3724.0,23
rb1805,20170831,20170830,210732500,3724.0,40102,295820,1496214440.0,3724.0,24,3723.0,45
rb1805,20170831,20170830,210733000,3724.0,40114,295820,1496661320.0,3724.0,20,3723.0,24
rb1805,20170831,20170830,210733500,3723.0,40142,295830,1497703760.0,3723.0,12,3722.0,28
rb1805,20170831,20170830,210734000,3723.0,40174,295850,1498895120.0,3723.0,10,3722.0,29
rb1805,20170831,20170830,210734500,3722.0,40232,295884,1501053880.0,3722.0,12,3721.0,57
rb1805,20170831,20170830,210735000,3722.0,40260,295894,1502095900.0,3722.0,28,3721.0,50
rb1805,20170831,20170830,210735500,3723.0,40400,295960,1507305620.0,3723.0,23,3722.0,1
rb1805,20170831,20170830,210736000,3721.0,40410,295960,1507677740.0,3721.0,7,3720.0,139
rb1805,20170831,20170830,210736500,3721.0,40412,295962,1507752160.0,3721.0,6,3720.0,139
rb1805,20170831,20170830,210737000,3721.0,40428,295954,1508347380.0,3721.0,14,3720.0,132
rb1805,20170831,20170830,210737500,3722.0,40506,295992,1511250040.0,3723.0,16,3722.0,18
rb1805,20170831,20170830,210738000,3722.0,40554,296038,1513036400.0,3722.0,39,3720.0,130
rb1805,20170831,20170830,210738500,3722.0,40554,296038,1513036400.0,3722.0,37,3720.0,126
rb1805,20170831,20170830,210739000,3720.0,40564,296038,1513408400.0,3721.0,4,3720.0,121
rb1805,20170831,20170830,210739500,3721.0,40576,296030,1513854920.0,3722.0,43,3721.0,9
rb1805,20170831,20170830,210740000,3722.0,40594,296020,1514524840.0,3722.0,36,3721.0,8
rb1805,20170831,20170830,210740500,3721.0,40612,296024,1515194620.0,3721.0,1,3720.0,124
rb1805,20170831,20170830,210741000,3722.0,40616,296026,1515343480.0,3722.0,35,3721.0,67
rb1805,20170831,20170830,210741500,3722.0,40692,296002,1518172200.0,3723.0,19,3722.0,35
rb1805,20170831,20170830,210742000,3722.0,40728,295990,1519512280.0,3723.0,2,3722.0,22
rb1805,20170831,20170830,210742500,3722.0,40728,295990,1519512280.0,3723.0,8,3722.0,22
rb1805,20170831,20170830,210743000,3722.0,40734,295990,1519735600.0,3723.0,9,3722.0,19
rb1805,20170831,20170830,210743500,3722.0,40734,295990,1519735600.0,3723.0,59,3722.0,19
rb1805,20170831,20170830,210744000,3722.0,40734,295990,1519735600.0,3723.0,59,3722.0,19
rb1805,20170831,20170830,210744500,3722.0,40740,295996,1519958920.0,3722.0,2,3721.0,83
rb1805,20170831,20170830,210745000,3722.0,40756,295994,1520554540.0,3723.0,55,3722.0,3
rb1805,20170831,20170830,210745500,3722.0,40784,296000,1521596960.0,3723.0,41,3722.0,21
rb1805,20170831,20170830,210746000,3723.0,40888,295966,1525468880.0,3724.0,106,3723.0,39
rb1805,20170831,20170830,210746500,3723.0,40916,295942,1526511560.0,3724.0,88,3723.0,24
rb1805,20170831,20170830,210747000,3723.0,40918,295942,1526586020.0,3724.0,88,3723.0,24
rb1805,20170831,20170830,210747500,3724.0,40960,295926,1528150040.0,3724.0,69,3723.0,23
rb1805,20170831,20170830,210748000,3724.0,40964,295924,1528299000.0,3724.0,67,3723.0,23
rb1805,20170831,20170830,210748500,3723.0,40970,295930,1528522380.0,3724.0,67,3723.0,18
rb1805,20170831,20170830,210749000,3723.0,41012,295922,1530086020.0,3724.0,67,3722.0,25
rb1805,20170831,20170830,210749500,3724.0,41058,295922,1531799060.0,3724.0,44,3722.0,25
rb1805,20170831,20170830,210750000,3722.0,41106,295922,1533585620.0,3722.0,2,3721.0,87
rb1805,20170831,20170830,210750500,3722.0,41130,295928,1534478840.0,3724.0,48,3722.0,8
rb1805,20170831,20170830,210751000,3722.0,41146,295916,1535074360.0,3722.0,7,3721.0,80
rb1805,20170831,20170830,210751500,3721.0,41150,295916,1535223200.0,3722.0,20,3721.0,78
rb1805,20170831,20170830,210752000,3721.0,41306,296004,1541027960.0,3721.0,21,3720.0,150
rb1805,20170831,20170830,210752500,3720.0,41328,296026,1541846380.0,3721.0,20,3720.0,141
rb1805,20170831,20170830,210753000,3721.0,41340,296028,1542292900.0,3721.0,16,3720.0,141
rb1805,20170831,20170830,210753500,3720.0,41346,296032,1542516100.0,3721.0,24,3720.0,139
rb1805,20170831,20170830,210754000,3721.0,41350,296036,1542664920.0,3721.0,23,3720.0,139
rb1805,20170831,20170830,210754500,3721.0,41376,296038,1543632380.0,3721.0,2,3720.0,139
rb1805,20170831,20170830,210755000,3721.0,41384,296040,1543930060.0,3721.0,6,3720.0,139
rb1805,20170831,20170830,210755500,3721.0,41396,296040,1544376580.0,3722.0,33,3721.0,35
rb1805,20170831,20170830,210756000,3721.0,41432,296040,1545716140.0,3722.0,31,3721.0,39
rb1805,20170831,20170830,210756500,3721.0,41432,296040,1545716140.0,3722.0,18,3721.0,41
rb1805,20170831,20170830,210757000,3721.0,41440,296040,1546013820.0,3722.0,18,3721.0,38
rb1805,20170831,20170830,210757500,3722.0,41476,296024,1547353740.0,3723.0,24,3721.0,44
rb1805,20170831,20170830,210758000,3722.0,41478,296024,1547428180.0,3723.0,21,3722.0,16
rb1805,20170831,20170830,210758500,3722.0,41478,296024,1547428180.0,3723.0,19,3722.0,16
rb1805,20170831,20170830,210759000,3722.0,41512,296026,1548693660.0,3722.0,37,3721.0,48
rb1805,20170831,20170830,210759500,3722.0,41554,296040,1550256500.0,3722.0,36,3721.0,30
rb1805,20170831,20170830,210800000,3722.0,41628,296100,1553010760.0,3723.0,35,3722.0,6
rb1805,20170831,20170830,210800500,3722.0,41634,296104,1553234080.0,3723.0,35,3722.0,11
rb1805,20170831,20170830,210801000,3722.0,41662,296116,1554276240.0,3722.0,1,3721.0,31
rb1805,20170831,20170830,210801500,3722.0,41686,296116,1555169540.0,3723.0,53,3722.0,12
rb1805,20170831,20170830,210802000,3723.0,41688,296116,1555244000.0,3723.0,52,3722.0,12
rb1805,20170831,20170830,210802500,3722.0,41690,296116,1555318440.0,3723.0,47,3722.0,16
rb1805,20170831,20170830,210803000,3722.0,41698,296112,1555616240.0,3723.0,43,3722.0,9
rb1805,20170831,20170830,210803500,3722.0,41698,296112,1555616240.0,3723.0,44,3722.0,7
rb1805,20170831,20170830,210804000,3723.0,41700,296114,1555690700.0,3723.0,43,3722.0,6
rb1805,20170831,20170830,210804500,3722.0,41730,296130,1556807300.0,3722.0,27,3721.0,32
rb1805,20170831,20170830,210805000,3722.0,41730,296130,1556807300.0,3722.0,32,3721.0,33
rb1805,20170831,20170830,210805500,3722.0,41732,296132,1556881740.0,3722.0,32,3721.0,34
rb1805,20170831,20170830,210806000,3722.0,41732,296132,1556881740.0,3722.0,34,3721.0,35
rb1805,20170831,20170830,210806500,3722.0,41744,296144,1557328380.0,3722.0,29,3721.0,36
rb1805,20170831,20170830,210807000,3721.0,41746,296146,1557402800.0,3722.0,30,3721.0,38
rb1805,20170831,20170830,210807500,3722.0,41806,296144,1559636000.0,3723.0,33,3722.0,42
rb1805,20170831,20170830,210808000,3722.0,41870,296158,1562018060.0,3723.0,58,3722.0,3
rb1805,20170831,20170830,210808500,3722.0,41872,296158,1562092500.0,3723.0,33,3722.0,4
rb1805,20170831,20170830,210809000,3723.0,41886,296150,1562613600.0,3723.0,32,3722.0,3
rb1805,20170831,20170830,210809500,3722.0,41902,296142,1563209120.0,3723.0,32,3722.0,9
rb1805,20170831,20170830,210810000,3722.0,41906,296142,1563358000.0,3723.0,38,3722.0,16
rb1805,20170831,20170830,210810500,3723.0,41912,296148,1563581380.0,3723.0,35,3722.0,20
rb1805,20170831,20170830,210811000,3722.0,41958,296132,1565293540.0,3722.0,59,3721.0,42
rb1805,20170831,20170830,210811500,3722.0,41960,296132,1565367980.0,3722.0,58,3721.0,43
rb1805,20170831,20170830,210812000,3721.0,41964,296134,1565516840.0,3722.0,57,3721.0,39
rb1805,20170831,20170830,210812500,3722.0,42054,296098,1568866640.0,3722.0,12,3721.0,38
rb1805,20170831,20170830,210813000,3723.0,42082,296082,1569908840.0,3723.0,37,3722.0,39
rb1805,20170831,20170830,210813500,3722.0,42086,296084,1570057720.0,3723.0,52,3722.0,34
rb1805,20170831,20170830,210814000,3722.0,42088,296084,1570132160.0,3723.0,52,3722.0,21
rb1805,20170831,20170830,210814500,3723.0,42118,296086,1571248940.0,3723.0,43,3722.0,6
rb1805,20170831,20170830,210815000,3722.0,42168,296114,1573109840.0,3723.0,65,3722.0,8
rb1805,20170831,20170830,210815500,3722.0,42194,296124,1574077560.0,3722.0,41,3721.0,35
rb1805,20170831,20170830,210816000,3722.0,42222,296144,1575119700.0,3722.0,14,3721.0,36
rb1805,20170831,20170830,210816500,3722.0,42228,296146,1575343000.0,3723.0,51,3721.0,35
rb1805,20170831,20170830,210817000,3721.0,42232,296148,1575491840.0,3722.0,38,3721.0,38
rb1805,20170831,20170830,210817500,3721.0,42320,296142,1578766440.0,3721.0,2,3720.0,190
rb1805,20170831,20170830,210818000,3722.0,42348,296126,1579808380.0,3722.0,32,3720.0,190
rb1805,20170831,20170830,210818500,3721.0,42352,296128,1579957200.0,3721.0,12,3720.0,189
rb1805,20170831,20170830,210819000,3721.0,42386,296138,1581222120.0,3721.0,41,3720.0,178
rb1805,20170831,20170830,210819500,3721.0,42744,296442,1594539740.0,3721.0,51,3720.0,5
rb1805,20170831,20170830,210820000,3719.0,42776,296424,1595729920.0,3720.0,78,3719.0,24
rb1805,20170831,20170830,210820500,3719.0,42780,296426,1595878700.0,3720.0,77,3719.0,24
rb1805,20170831,20170830,210821000,3719.0,42816,296456,1597217560.0,3720.0,27,3719.0,7
rb1805,20170831,20170830,210821500,3720.0,42872,296488,1599300640.0,3720.0,5,3719.0,1
rb1805,20170831,20170830,210822000,3719.0,42882,296492,1599672600.0,3720.0,9,3719.0,3
rb1805,20170831,20170830,210822500,3719.0,42944,296508,1601978900.0,3719.0,52,3718.0,39
rb1805,20170831,20170830,210823000,3719.0,43048,296558,1605846660.0,3721.0,18,3719.0,77
rb1805,20170831,20170830,210823500,3721.0,43050,296558,1605921080.0,3721.0,9,3720.0,1
rb1805,20170831,20170830,210824000,3721.0,43082,296580,1607111800.0,3722.0,14,3721.0,27
rb1805,20170831,20170830,210824500,3722.0,43112,296582,1608228400.0,3723.0,51,3722.0,1
rb1805,20170831,20170830,210825000,3721.0,43136,296584,1609121460.0,3723.0,68,3721.0,26
rb1805,20170831,20170830,210825500,3721.0,43136,296584,1609121460.0,3723.0,68,3722.0,10
rb1805,20170831,20170830,210826000,3720.0,43192,296584,1611205200.0,3721.0,13,3720.0,23
rb1805,20170831,20170830,210826500,3721.0,43238,296592,1612916860.0,3723.0,55,3721.0,31
rb1805,20170831,20170830,210827000,3721.0,43238,296592,1612916860.0,3722.0,4,3721.0,33
rb1805,20170831,20170830,210827500,3721.0,43240,296590,1612991280.0,3722.0,16,3721.0,34
rb1805,20170831,20170830,210828000,3722.0,43242,296590,1613065720.0,3722.0,15,3721.0,29
rb1805,20170831,20170830,210828500,3722.0,43250,296596,1613363480.0,3722.0,11,3721.0,30
rb1805,20170831,20170830,210829000,3722.0,43256,296596,1613586800.0,3722.0,15,3721.0,31
rb1805,20170831,20170830,210829500,3722.0,43260,296596,1613735660.0,3722.0,14,3721.0,30
rb1805,20170831,20170830,210830000,3721.0,43266,296592,1613958960.0,3722.0,12,3721.0,30
rb1805,20170831,20170830,210830500,3720.0,43390,296634,1618573180.0,3723.0,52,3720.0,22
rb1805,20170831,20170830,210831000,3720.0,43390,296634,1618573180.0,3722.0,4,3720.0,25
rb1805,20170831,20170830,210831500,3722.0,43408,296634,1619243040.0,3723.0,52,3722.0,2
rb1805,20170831,20170830,210832000,3722.0,43418,296628,1619615240.0,3722.0,46,3721.0,41
rb1805,20170831,20170830,210832500,3722.0,43420,296628,1619689680.0,3722.0,39,3721.0,41
rb1805,20170831,20170830,210833000,3722.0,43438,296630,1620359560.0,3722.0,33,3721.0,41
rb1805,20170831,20170830,210833500,3722.0,43500,296588,1622667200.0,3722.0,19,3721.0,41
rb1805,20170831,20170830,210834000,3722.0,43540,296550,1624156000.0,3723.0,52,3721.0,41
rb1805,20170831,20170830,210834500,3723.0,43628,296466,1627430540.0,3721.0,5,3720.0,27
rb1805,20170831,20170830,210835000,3721.0,43640,296468,1627877060.0,3723.0,54,3722.0,1
rb1805,20170831,20170830,210835500,3722.0,43652,296468,1628323700.0,3722.0,17,3721.0,29
rb1805,20170831,20170830,210836000,3722.0,43652,296468,1628323700.0,3722.0,17,3721.0,24
rb1805,20170831,20170830,210836500,3721.0,43654,296468,1628398120.0,3722.0,16,3721.0,23
rb1805,20170831,20170830,210837000,3722.0,43656,296468,1628472560.0,3722.0,15,3721.0,24
rb1805,20170831,20170830,210837500,3722.0,43656,296468,1628472560.0,3722.0,15,3721.0,24
rb1805,20170831,20170830,210838000,3722.0,43656,296468,1628472560.0,3722.0,13,3721.0,26
rb1805,20170831,20170830,210838500,3722.0,43682,296472,1629440280.0,3723.0,51,3722.0,3
rb1805,20170831,20170830,210839000,3721.0,43696,296474,1629961280.0,3722.0,6,3721.0,24
rb1805,20170831,20170830,210839500,3722.0,43758,296480,1632268440.0,3722.0,12,3721.0,1
rb1805,20170831,20170830,210840000,3721.0,43766,296478,1632566120.0,3721.0,34,3720.0,26
rb1805,20170831,20170830,210840500,3721.0,43772,296478,1632789380.0,3721.0,31,3720.0,23
rb1805,20170831,20170830,210841000,3721.0,43774,296480,1632863800.0,3721.0,37,3720.0,23
rb1805,20170831,20170830,210841500,3721.0,43794,296490,1633608000.0,3721.0,29,3720.0,52
rb1805,20170831,20170830,210842000,3720.0,43796,296488,1633682400.0,3721.0,29,3720.0,50
rb1805,20170831,20170830,210842500,3721.0,43806,296496,1634054480.0,3721.0,27,3720.0,50
rb1805,20170831,20170830,210843000,3721.0,43834,296494,1635096260.0,3721.0,19,3720.0,45
rb1805,20170831,20170830,210843500,3721.0,43834,296494,1635096260.0,3721.0,24,3720.0,45
rb1805,20170831,20170830,210844000,3721.0,43840,296498,1635319480.0,3721.0,23,3720.0,44
rb1805,20170831,20170830,210844500,3721.0,43840,296498,1635319480.0,3721.0,43,3720.0,45
rb1805,20170831,20170830,210845000,3720.0,43958,296506,1639709060.0,3720.0,55,3719.0,24
rb1805,20170831,20170830,210845500,3720.0,44044,296538,1642907900.0,3720.0,30,3718.0,62
rb1805,20170831,20170830,210846000,3720.0,44048,296542,1643056660.0,3720.0,29,3718.0,61
rb1805,20170831,20170830,210846500,3718.0,44130,296564,1646106760.0,3719.0,8,3718.0,58
rb1805,20170831,20170830,210847000,3719.0,44136,296562,1646329880.0,3719.0,6,3718.0,67
rb1805,20170831,20170830,210847500,3720.0,44152,296548,1646924940.0,3720.0,3,3719.0,1
rb1805,20170831,20170830,210848000,3719.0,44154,296546,1646999320.0,3719.0,23,3718.0,78
rb1805,20170831,20170830,210848500,3719.0,44206,296538,1648933200.0,3720.0,9,3719.0,66
rb1805,20170831,20170830,210849000,3720.0,44216,296534,1649305200.0,3720.0,1,3719.0,64
rb1805,20170831,20170830,210849500,3720.0,44220,296534,1649453980.0,3720.0,3,3719.0,42
rb1805,20170831,20170830,210850000,3720.0,44220,296534,1649453980.0,3720.0,4,3719.0,45
rb1805,20170831,20170830,210850500,3720.0,44242,296554,1650272180.0,3720.0,6,3719.0,24
rb1805,20170831,20170830,210851000,3720.0,44248,296554,1650495360.0,3720.0,31,3719.0,35
rb1805,20170831,20170830,210851500,3719.0,44250,296556,1650569740.0,3720.0,34,3719.0,34
rb1805,20170831,20170830,210852000,3719.0,44252,296558,1650644120.0,3720.0,34,3719.0,33
rb1805,20170831,20170830,210852500,3720.0,44282,296562,1651759860.0,3720.0,4,3719.0,20
rb1805,20170831,20170830,210853000,3719.0,44362,296584,1654735060.0,3719.0,14,3718.0,126
rb1805,20170831,20170830,210853500,3719.0,44372,296594,1655106960.0,3719.0,15,3718.0,139
rb1805,20170831,20170830,210854000,3720.0,44404,296624,1656297060.0,3720.0,21,3719.0,60
rb1805,20170831,20170830,210854500,3719.0,44450,296584,1658007800.0,3720.0,18,3719.0,12
rb1805,20170831,20170830,210855000,3719.0,44484,296586,1659272260.0,3720.0,24,3719.0,27
rb1805,20170831,20170830,210855500,3719.0,44488,296586,1659421020.0,3720.0,45,3719.0,37
rb1805,20170831,20170830,210856000,3719.0,44518,296576,1660536740.0,3720.0,55,3719.0,23
rb1805,20170831,20170830,210856500,3719.0,44598,296588,1663512000.0,3719.0,36,3718.0,146
rb1805,20170831,20170830,210857000,3719.0,44602,296592,1663660760.0,3719.0,53,3718.0,146
rb1805,20170831,20170830,210857500,3719.0,44712,296580,1667751660.0,3720.0,51,3719.0,2
rb1805,20170831,20170830,210858000,3720.0,44734,296600,1668570040.0,3720.0,47,3719.0,1
rb1805,20170831,20170830,210858500,3720.0,44830,296558,1672141240.0,3721.0,32,3720.0,47
rb1805,20170831,20170830,210859000,3720.0,44854,296544,1673034040.0,3721.0,32,3720.0,42
rb1805,20170831,20170830,210859500,3719.0,44872,296532,1673703620.0,3720.0,1,3719.0,8
rb1805,20170831,20170830,210900000,3720.0,44874,296534,1673778020.0,3721.0,32,3720.0,4
rb1805,20170831,20170830,210900500,3718.0,44906,296534,1674968160.0,3720.0,13,3718.0,151
rb1805,20170831,20170830,210901000,3718.0,44908,296534,1675042520.0,3719.0,8,3718.0,150
rb1805,20170831,20170830,210901500,3719.0,44916,296536,1675340040.0,3719.0,9,3718.0,150
rb1805,20170831,20170830,210902000,3719.0,44920,296538,1675488800.0,3719.0,9,3718.0,150
rb1805,20170831,20170830,210902500,3719.0,44936,296540,1676083820.0,3719.0,12,3718.0,149
rb1805,20170831,20170830,210903000,3719.0,44982,296572,1677794120.0,3719.0,26,3718.0,127
rb1805,20170831,20170830,210903500,3719.0,45146,296644,1683891660.0,3719.0,28,3718.0,46
rb1805,20170831,20170830,210904000,3718.0,45254,296630,1687907100.0,3718.0,129,3717.0,51
rb1805,20170831,20170830,210904500,3718.0,45366,296696,1692070940.0,3718.0,102,3717.0,35
rb1805,20170831,20170830,210905000,3716.0,45444,296720,1694970180.0,3717.0,63,3716.0,89
rb1805,20170831,20170830,210905500,3716.0,45614,296686,1701287520.0,3717.0,44,3716.0,12
rb1805,20170831,20170830,210906000,3716.0,45668,296716,1703294180.0,3716.0,30,3715.0,83
rb1805,20170831,20170830,210906500,3715.0,45710,296738,1704854720.0,3716.0,21,3715.0,74
rb1805,20170831,20170830,210907000,3716.0,45858,296738,1710353620.0,3716.0,2,3715.0,40
rb1805,20170831,20170830,210907500,3715.0,45936,296756,1713251820.0,3716.0,1,3715.0,18
rb1805,20170831,20170830,210908000,3716.0,45988,296782,1715183620.0,3716.0,6,3715.0,9
rb1805,20170831,20170830,210908500,3716.0,46064,296806,1718006960.0,3716.0,6,3714.0,5
rb1805,20170831,20170830,210909000,3716.0,46150,296868,1721202900.0,3715.0,6,3714.0,9
rb1805,20170831,20170830,210909500,3715.0,46182,296874,1722391640.0,3715.0,2,3714.0,6
rb1805,20170831,20170830,210910000,3716.0,46204,296886,1723209040.0,3716.0,5,3715.0,10
rb1805,20170831,20170830,210910500,3714.0,46230,296908,1724174880.0,3716.0,9,3715.0,5
rb1805,20170831,20170830,210911000,3716.0,46356,296968,1728855440.0,3717.0,17,3716.0,1
rb1805,20170831,20170830,210911500,3716.0,46438,296996,1731901740.0,3716.0,83,3715.0,16
rb1805,20170831,20170830,210912000,3715.0,46474,297020,1733239140.0,3715.0,1,3714.0,18
rb1805,20170831,20170830,210912500,3715.0,46516,297058,1734799820.0,3716.0,48,3715.0,2
rb1805,20170831,20170830,210913000,3715.0,46524,297054,1735097020.0,3715.0,1,3714.0,19
rb1805,20170831,20170830,210913500,3715.0,46532,297050,1735394240.0,3716.0,120,3715.0,4
rb1805,20170831,20170830,210914000,3721.0,47176,297096,1759335320.0,3719.0,1,3718.0,1
rb1805,20170831,20170830,210914500,3718.0,47236,297084,1761565820.0,3718.0,12,3716.0,50
rb1805,20170831,20170830,210915000,3716.0,47276,297082,1763052760.0,3717.0,1,3716.0,47
rb1805,20170831,20170830,210915500,3718.0,47334,297078,1765208740.0,3718.0,3,3717.0,42
rb1805,20170831,20170830,210916000,3718.0,47350,297062,1765803620.0,3719.0,12,3718.0,6
rb1805,20170831,20170830,210916500,3719.0,47386,297070,1767142460.0,3720.0,6,3719.0,19
rb1805,20170831,20170830,210917000,3719.0,47402,297072,1767737520.0,3720.0,17,3719.0,15
rb1805,20170831,20170830,210917500,3720.0,47484,297076,1770787920.0,3721.0,15,3720.0,9
rb1805,20170831,20170830,210918000,3719.0,47496,297068,1771234300.0,3721.0,16,3720.0,1
rb1805,20170831,20170830,210918500,3721.0,47528,297056,1772424840.0,3721.0,6,3720.0,1
rb1805,20170831,20170830,210919000,3720.0,47532,297056,1772573640.0,3721.0,6,3719.0,11
rb1805,20170831,20170830,210919500,3720.0,47542,297056,1772945600.0,3721.0,6,3720.0,308
rb1805,20170831,20170830,210920000,3721.0,47592,297010,1774805640.0,3721.0,4,3720.0,286
rb1805,20170831,20170830,210920500,3721.0,47756,296876,1780906560.0,3722.0,22,3720.0,210
rb1805,20170831,20170830,210921000,3720.0,48186,296874,1796902640.0,3720.0,1,3719.0,10
rb1805,20170831,20170830,210921500,3719.0,48218,296876,1798092720.0,3719.0,3,3718.0,103
rb1805,20170831,20170830,210922000,3720.0,48232,296866,1798613420.0,3720.0,3,3719.0,27
rb1805,20170831,20170830,210922500,3720.0,48238,296860,1798836620.0,3721.0,2,3720.0,6
rb1805,20170831,20170830,210923000,3721.0,48258,296864,1799580800.0,3721.0,11,3720.0,8
rb1805,20170831,20170830,210923500,3721.0,48296,296872,1800994640.0,3721.0,2,3720.0,1
rb1805,20170831,20170830,210924000,3721.0,48326,296872,1802110940.0,3722.0,13,3721.0,44
rb1805,20170831,20170830,210924500,3722.0,48362,296888,1803450860.0,3723.0,57,3722.0,5
rb1805,20170831,20170830,210925000,3723.0,48388,296888,1804418560.0,3722.0,4,3721.0,38
rb1805,20170831,20170830,210925500,3722.0,48502,296934,1808660540.0,3723.0,54,3722.0,1
rb1805,20170831,20170830,210926000,3721.0,48514,296942,1809107080.0,3722.0,6,3721.0,8
rb1805,20170831,20170830,210926500,3722.0,48520,296940,1809330400.0,3722.0,3,3721.0,19
rb1805,20170831,20170830,210927000,3721.0,48522,296942,1809404820.0,3722.0,5,3721.0,18
rb1805,20170831,20170830,210927500,3722.0,48524,296942,1809479260.0,3722.0,5,3721.0,18
rb1805,20170831,20170830,210928000,3721.0,48566,296978,1811042080.0,3721.0,16,3720.0,13
rb1805,20170831,20170830,210928500,3721.0,48574,296982,1811339760.0,3721.0,14,3720.0,16
rb1805,20170831,20170830,210929000,3721.0,48602,296978,1812381640.0,3722.0,6,3720.0,39
rb1805,20170831,20170830,210929500,3721.0,48624,296982,1813200360.0,3722.0,1,3720.0,37
rb1805,20170831,20170830,210930000,3722.0,48688,297018,1815581220.0,3722.0,3,3720.0,18
rb1805,20170831,20170830,210930500,3722.0,48696,297020,1815878980.0,3723.0,59,3722.0,2
rb1805,20170831,20170830,210931000,3720.0,48746,297038,1817739120.0,3721.0,52,3720.0,19
rb1805,20170831,20170830,210931500,3720.0,48794,297066,1819524720.0,3720.0,6,3719.0,6
rb1805,20170831,20170830,210932000,3720.0,48796,297066,1819599120.0,3720.0,14,3719.0,10
rb1805,20170831,20170830,210932500,3720.0,48830,297042,1820863600.0,3720.0,13,3718.0,96
rb1805,20170831,20170830,210933000,3720.0,48834,297046,1821012400.0,3719.0,15,3718.0,96
