instrument,tradingday,calendarday,time,lastp,volume,openinterest,turnover,ask1,asksz1,bid1,bidsz1
rb1805,20171204,20171201,205900500,3972.0,3354,2894284,133220880.0,3973.0,149,3972.0,41
rb1805,20171204,20171201,210000500,3974.0,4632,2894078,183997400.0,3975.0,142,3974.0,1
rb1805,20171204,20171201,210001000,3973.0,6640,2893758,263794340.0,3974.0,116,3973.0,655
rb1805,20171204,20171201,210001500,3974.0,8682,2894606,344931600.0,3975.0,135,3974.0,83
rb1805,20171204,20171201,210002000,3973.0,9346,2894892,371322820.0,3974.0,3,3973.0,173
rb1805,20171204,20171201,210002500,3973.0,9816,2895072,389997480.0,3973.0,428,3972.0,150
rb1805,20171204,20171201,210003000,3972.0,10206,2895104,405489820.0,3972.0,34,3971.0,114
rb1805,20171204,20171201,210003500,3973.0,10528,2895172,418279220.0,3973.0,387,3972.0,12
rb1805,20171204,20171201,210004000,3973.0,11224,2895116,445926540.0,3972.0,2,3971.0,53
rb1805,20171204,20171201,210004500,3973.0,11404,2895102,453075560.0,3973.0,286,3972.0,2
rb1805,20171204,20171201,210005000,3973.0,11666,2894974,463481980.0,3973.0,257,3972.0,2
rb1805,20171204,20171201,210005500,3971.0,12086,2895052,480163520.0,3971.0,1,3970.0,367
rb1805,20171204,20171201,210006000,3971.0,12644,2895168,502319200.0,3972.0,146,3971.0,5
rb1805,20171204,20171201,210006500,3972.0,12938,2895208,513992960.0,3972.0,121,3971.0,3
rb1805,20171204,20171201,210007000,3970.0,13260,2895142,526778980.0,3971.0,121,3969.0,85
rb1805,20171204,20171201,210007500,3968.0,13834,2895060,549562320.0,3970.0,95,3968.0,92
rb1805,20171204,20171201,210008000,3968.0,14336,2894864,569481940.0,3968.0,235,3967.0,195
rb1805,20171204,20171201,210008500,3967.0,14918,2894530,592573460.0,3968.0,68,3967.0,117
rb1805,20171204,20171201,210009000,3968.0,15460,2894606,614081960.0,3970.0,328,3968.0,10
rb1805,20171204,20171201,210009500,3968.0,15602,2894578,619717280.0,3969.0,3,3968.0,110
rb1805,20171204,20171201,210010000,3968.0,16434,2894742,652734180.0,3968.0,332,3967.0,80
rb1805,20171204,20171201,210010500,3967.0,16782,2894822,666539300.0,3967.0,720,3966.0,604
rb1805,20171204,20171201,210011000,3966.0,17190,2894822,682721780.0,3967.0,739,3966.0,462
rb1805,20171204,20171201,210011500,3966.0,18138,2894872,720320940.0,3967.0,524,3966.0,67
rb1805,20171204,20171201,210012000,3965.0,18458,2894888,733011160.0,3966.0,260,3965.0,134
rb1805,20171204,20171201,210012500,3963.0,19986,2894762,793584980.0,3965.0,18,3963.0,10
rb1805,20171204,20171201,210013000,3962.0,20702,2894926,821956580.0,3963.0,102,3962.0,138
rb1805,20171204,20171201,210013500,3962.0,21236,2894850,843114000.0,3962.0,200,3961.0,134
rb1805,20171204,20171201,210014000,3961.0,21662,2894590,859991060.0,3962.0,117,3961.0,165
rb1805,20171204,20171201,210014500,3963.0,22502,2894262,893273080.0,3963.0,3,3962.0,55
rb1805,20171204,20171201,210015000,3962.0,23244,2893932,922675640.0,3962.0,36,3961.0,221
rb1805,20171204,20171201,210015500,3963.0,23592,2894064,936464000.0,3964.0,18,3963.0,14
rb1805,20171204,20171201,210016000,3963.0,24260,2894488,962938180.0,3963.0,56,3962.0,370
rb1805,20171204,20171201,210016500,3964.0,24520,2894534,973242300.0,3965.0,32,3964.0,123
rb1805,20171204,20171201,210017000,3965.0,24700,2894496,980379060.0,3966.0,167,3965.0,52
rb1805,20171204,20171201,210017500,3965.0,25046,2894434,994099840.0,3965.0,43,3964.0,313
rb1805,20171204,20171201,210018000,3965.0,25270,2894370,1002983180.0,3966.0,30,3965.0,89
rb1805,20171204,20171201,210018500,3967.0,25364,2894360,1006711240.0,3967.0,454,3966.0,21
rb1805,20171204,20171201,210019000,3966.0,25762,2894518,1022495640.0,3967.0,455,3965.0,276
rb1805,20171204,20171201,210019500,3967.0,26094,2894404,1035662120.0,3967.0,414,3965.0,219
rb1805,20171204,20171201,210020000,3966.0,26586,2894150,1055171340.0,3966.0,39,3965.0,88
rb1805,20171204,20171201,210020500,3966.0,26900,2894196,1067623180.0,3967.0,387,3966.0,1
rb1805,20171204,20171201,210021000,3967.0,27020,2894236,1072383180.0,3967.0,349,3966.0,4
rb1805,20171204,20171201,210021500,3967.0,27212,2894254,1079999680.0,3967.0,261,3966.0,2
rb1805,20171204,20171201,210022000,3966.0,27350,2894278,1085472580.0,3966.0,121,3965.0,98
rb1805,20171204,20171201,210022500,3966.0,27620,2894306,1096180740.0,3967.0,262,3966.0,7
rb1805,20171204,20171201,210023000,3967.0,27818,2894448,1104035040.0,3967.0,182,3966.0,74
rb1805,20171204,20171201,210023500,3966.0,28434,2894462,1128467720.0,3967.0,22,3965.0,139
rb1805,20171204,20171201,210024000,3968.0,28522,2894450,1131958940.0,3968.0,252,3967.0,49
rb1805,20171204,20171201,210024500,3967.0,28578,2894436,1134180800.0,3968.0,163,3967.0,59
rb1805,20171204,20171201,210025000,3967.0,28804,2894576,1143146040.0,3967.0,122,3966.0,123
rb1805,20171204,20171201,210025500,3967.0,29036,2894558,1152347800.0,3967.0,132,3966.0,46
rb1805,20171204,20171201,210026000,3967.0,29366,2894718,1165434720.0,3967.0,118,3966.0,3
rb1805,20171204,20171201,210026500,3966.0,29616,2894846,1175351960.0,3967.0,35,3966.0,24
rb1805,20171204,20171201,210027000,3967.0,29932,2894734,1187887440.0,3967.0,182,3966.0,93
rb1805,20171204,20171201,210027500,3967.0,30036,2894690,1192013060.0,3967.0,160,3966.0,108
rb1805,20171204,20171201,210028000,3967.0,30454,2894890,1208591360.0,3967.0,141,3965.0,374
rb1805,20171204,20171201,210028500,3967.0,30586,2894808,1213827600.0,3967.0,95,3966.0,9
rb1805,20171204,20171201,210029000,3967.0,30734,2894820,1219698640.0,3967.0,30,3966.0,15
rb1805,20171204,20171201,210029500,3968.0,30822,2894838,1223189660.0,3968.0,146,3967.0,57
rb1805,20171204,20171201,210030000,3968.0,30848,2894834,1224221220.0,3968.0,139,3967.0,81
rb1805,20171204,20171201,210030500,3967.0,30946,2894858,1228109280.0,3968.0,124,3967.0,107
rb1805,20171204,20171201,210031000,3966.0,31370,2894924,1244929760.0,3968.0,109,3967.0,1
rb1805,20171204,20171201,210031500,3967.0,31496,2894882,1249928140.0,3967.0,74,3966.0,116
rb1805,20171204,20171201,210032000,3967.0,31738,2894916,1259528300.0,3967.0,156,3966.0,121
rb1805,20171204,20171201,210032500,3967.0,31834,2894908,1263336480.0,3967.0,126,3966.0,156
rb1805,20171204,20171201,210033000,3967.0,31856,2894900,1264209200.0,3967.0,123,3966.0,161
rb1805,20171204,20171201,210033500,3967.0,31932,2894894,1267224040.0,3967.0,111,3966.0,225
rb1805,20171204,20171201,210034000,3966.0,32536,2894964,1291179240.0,3966.0,3,3965.0,482
rb1805,20171204,20171201,210034500,3967.0,32622,2894926,1294590500.0,3967.0,129,3966.0,35
rb1805,20171204,20171201,210035000,3967.0,32814,2894844,1302206800.0,3967.0,236,3966.0,29
rb1805,20171204,20171201,210035500,3966.0,32884,2894816,1304983620.0,3967.0,207,3966.0,61
rb1805,20171204,20171201,210036000,3966.0,33196,2894818,1317360000.0,3967.0,86,3966.0,49
rb1805,20171204,20171201,210036500,3967.0,33262,2894860,1319977760.0,3967.0,83,3966.0,58
rb1805,20171204,20171201,210037000,3965.0,33438,2894980,1326957960.0,3966.0,142,3965.0,514
rb1805,20171204,20171201,210037500,3966.0,33642,2895018,1335048400.0,3966.0,60,3965.0,512
rb1805,20171204,20171201,210038000,3966.0,33840,2895074,1342901140.0,3966.0,8,3965.0,516
rb1805,20171204,20171201,210038500,3965.0,33902,2895076,1345360020.0,3967.0,84,3965.0,513
rb1805,20171204,20171201,210039000,3966.0,34042,2895142,1350912880.0,3967.0,117,3966.0,40
rb1805,20171204,20171201,210039500,3967.0,34076,2895170,1352261380.0,3967.0,124,3966.0,51
rb1805,20171204,20171201,210040000,3966.0,34260,2895258,1359558740.0,3966.0,34,3965.0,529
rb1805,20171204,20171201,210040500,3966.0,34382,2895240,1364397300.0,3967.0,130,3966.0,80
rb1805,20171204,20171201,210041000,3967.0,34708,2895252,1377326720.0,3967.0,121,3966.0,42
rb1805,20171204,20171201,210041500,3967.0,34760,2895226,1379389100.0,3967.0,126,3966.0,135
rb1805,20171204,20171201,210042000,3967.0,34796,2895240,1380817080.0,3967.0,115,3966.0,197
rb1805,20171204,20171201,210042500,3966.0,34930,2895254,1386132480.0,3967.0,68,3966.0,230
rb1805,20171204,20171201,210043000,3966.0,35436,2894992,1406200400.0,3966.0,80,3965.0,599
rb1805,20171204,20171201,210043500,3966.0,35674,2894960,1415639760.0,3967.0,114,3966.0,43
rb1805,20171204,20171201,210044000,3967.0,35922,2895078,1425477940.0,3968.0,134,3967.0,180
rb1805,20171204,20171201,210044500,3967.0,36070,2895212,1431349200.0,3968.0,225,3967.0,227
rb1805,20171204,20171201,210045000,3967.0,36120,2895262,1433332700.0,3968.0,225,3967.0,227
rb1805,20171204,20171201,210045500,3967.0,36364,2895264,1443012200.0,3968.0,225,3967.0,137
rb1805,20171204,20171201,210046000,3968.0,36654,2895406,1454516600.0,3968.0,220,3967.0,19
rb1805,20171204,20171201,210046500,3967.0,36728,2895370,1457452120.0,3967.0,14,3966.0,136
rb1805,20171204,20171201,210047000,3967.0,36796,2895366,1460149620.0,3967.0,18,3966.0,148
rb1805,20171204,20171201,210047500,3967.0,36866,2895408,1462926480.0,3967.0,1,3966.0,150
rb1805,20171204,20171201,210048000,3968.0,36932,2895442,1465544840.0,3968.0,295,3967.0,53
rb1805,20171204,20171201,210048500,3968.0,37124,2895446,1473162580.0,3968.0,240,3967.0,85
rb1805,20171204,20171201,210049000,3967.0,37354,2895612,1482286680.0,3967.0,8,3966.0,192
rb1805,20171204,20171201,210049500,3968.0,37460,2895668,1486491760.0,3968.0,238,3967.0,21
rb1805,20171204,20171201,210050000,3967.0,37514,2895698,1488634000.0,3968.0,235,3967.0,22
rb1805,20171204,20171201,210050500,3968.0,37568,2895732,1490776620.0,3968.0,208,3967.0,72
rb1805,20171204,20171201,210051000,3967.0,37826,2895916,1501014000.0,3968.0,83,3967.0,146
rb1805,20171204,20171201,210051500,3967.0,38104,2895894,1512043600.0,3968.0,16,3967.0,115
rb1805,20171204,20171201,210052000,3968.0,38354,2896062,1521961120.0,3968.0,21,3967.0,10
rb1805,20171204,20171201,210052500,3966.0,38442,2896118,1525451960.0,3967.0,16,3966.0,236
rb1805,20171204,20171201,210053000,3968.0,38650,2896006,1533704820.0,3969.0,107,3968.0,4
rb1805,20171204,20171201,210053500,3968.0,38884,2896038,1542987900.0,3968.0,81,3967.0,384
rb1805,20171204,20171201,210054000,3968.0,38920,2896034,1544416220.0,3968.0,81,3967.0,473
rb1805,20171204,20171201,210054500,3967.0,38990,2896012,1547193680.0,3968.0,62,3967.0,475
rb1805,20171204,20171201,210055000,3968.0,39338,2896230,1560999280.0,3968.0,47,3967.0,340
rb1805,20171204,20171201,210055500,3968.0,39608,2896340,1571712640.0,3969.0,116,3968.0,48
rb1805,20171204,20171201,210056000,3968.0,39656,2896362,1573617320.0,3969.0,111,3968.0,38
rb1805,20171204,20171201,210056500,3968.0,39754,2896406,1577505960.0,3968.0,18,3967.0,409
rb1805,20171204,20171201,210057000,3968.0,39792,2896422,1579013760.0,3968.0,51,3967.0,426
rb1805,20171204,20171201,210057500,3969.0,39982,2896416,1586553360.0,3969.0,92,3968.0,1
rb1805,20171204,20171201,210058000,3968.0,40094,2896502,1590997520.0,3968.0,70,3967.0,404
rb1805,20171204,20171201,210058500,3968.0,40254,2896610,1597346320.0,3969.0,95,3968.0,3
rb1805,20171204,20171201,210059000,3968.0,40282,2896628,1598457360.0,3968.0,37,3967.0,407
rb1805,20171204,20171201,210059500,3968.0,40386,2896678,1602583840.0,3969.0,101,3968.0,1
rb1805,20171204,20171201,210100000,3968.0,40410,2896678,1603536080.0,3969.0,125,3968.0,5
rb1805,20171204,20171201,210100500,3968.0,40552,2896672,1609171060.0,3969.0,93,3968.0,68
rb1805,20171204,20171201,210101000,3968.0,40658,2896718,1613377500.0,3969.0,90,3968.0,55
rb1805,20171204,20171201,210101500,3969.0,40748,2896752,1616949140.0,3969.0,69,3968.0,55
rb1805,20171204,20171201,210102000,3968.0,40914,2896834,1623537500.0,3970.0,265,3968.0,51
rb1805,20171204,20171201,210102500,3968.0,40954,2896816,1625124880.0,3969.0,27,3968.0,44
rb1805,20171204,20171201,210103000,3969.0,41040,2896840,1628538020.0,3970.0,273,3969.0,71
rb1805,20171204,20171201,210103500,3969.0,41228,2896874,1636001180.0,3970.0,201,3969.0,56
rb1805,20171204,20171201,210104000,3970.0,41372,2896950,1641716920.0,3970.0,183,3969.0,69
rb1805,20171204,20171201,210104500,3970.0,41456,2896894,1645051720.0,3970.0,147,3969.0,142
rb1805,20171204,20171201,210105000,3970.0,41482,2896890,1646083820.0,3970.0,140,3969.0,450
rb1805,20171204,20171201,210105500,3970.0,41720,2896796,1655532060.0,3970.0,46,3969.0,437
rb1805,20171204,20171201,210106000,3970.0,41846,2896780,1660534080.0,3971.0,84,3970.0,23
rb1805,20171204,20171201,210106500,3970.0,41876,2896770,1661725180.0,3971.0,80,3970.0,52
rb1805,20171204,20171201,210107000,3970.0,42022,2896812,1667521440.0,3970.0,4,3969.0,440
rb1805,20171204,20171201,210107500,3970.0,42148,2896762,1672523560.0,3971.0,74,3970.0,12
rb1805,20171204,20171201,210108000,3971.0,42160,2896764,1673000040.0,3971.0,72,3970.0,18
rb1805,20171204,20171201,210108500,3971.0,42344,2896670,1680306380.0,3971.0,32,3970.0,19
rb1805,20171204,20171201,210109000,3970.0,42442,2896676,1684197680.0,3971.0,21,3970.0,55
rb1805,20171204,20171201,210109500,3972.0,42506,2896652,1686739060.0,3972.0,142,3971.0,30
rb1805,20171204,20171201,210110000,3971.0,42588,2896598,1689995280.0,3971.0,205,3970.0,94
rb1805,20171204,20171201,210110500,3971.0,42754,2896608,1696586620.0,3971.0,171,3970.0,76
rb1805,20171204,20171201,210111000,3971.0,42852,2896658,1700478140.0,3971.0,154,3970.0,76
rb1805,20171204,20171201,210111500,3970.0,42936,2896660,1703813620.0,3971.0,122,3970.0,77
rb1805,20171204,20171201,210112000,3971.0,43012,2896704,1706831560.0,3971.0,186,3970.0,83
rb1805,20171204,20171201,210112500,3971.0,43164,2896758,1712867340.0,3971.0,117,3970.0,79
rb1805,20171204,20171201,210113000,3971.0,43302,2896740,1718346620.0,3971.0,92,3970.0,76
rb1805,20171204,20171201,210113500,3970.0,43386,2896756,1721681780.0,3971.0,76,3970.0,68
rb1805,20171204,20171201,210114000,3970.0,43464,2896746,1724778960.0,3971.0,58,3970.0,55
rb1805,20171204,20171201,210114500,3970.0,43546,2896760,1728034700.0,3971.0,53,3970.0,65
rb1805,20171204,20171201,210115000,3971.0,43768,2896882,1736850340.0,3972.0,205,3971.0,68
rb1805,20171204,20171201,210115500,3971.0,43842,2896952,1739788880.0,3972.0,158,3971.0,93
rb1805,20171204,20171201,210116000,3971.0,43982,2897036,1745348360.0,3972.0,154,3971.0,39
rb1805,20171204,20171201,210116500,3972.0,44074,2897084,1749002160.0,3972.0,136,3971.0,22
rb1805,20171204,20171201,210117000,3971.0,44118,2897122,1750749460.0,3972.0,133,3971.0,116
rb1805,20171204,20171201,210117500,3972.0,44200,2897168,1754006400.0,3972.0,100,3971.0,116
rb1805,20171204,20171201,210118000,3972.0,44240,2897192,1755595080.0,3972.0,98,3971.0,110
rb1805,20171204,20171201,210118500,3972.0,44324,2897180,1758931480.0,3972.0,69,3971.0,116
rb1805,20171204,20171201,210119000,3972.0,44438,2897248,1763458760.0,3972.0,103,3971.0,77
rb1805,20171204,20171201,210119500,3972.0,44672,2897264,1772753160.0,3973.0,136,3972.0,5
rb1805,20171204,20171201,210120000,3972.0,44784,2897228,1777201060.0,3972.0,73,3971.0,105
rb1805,20171204,20171201,210120500,3972.0,44824,2897236,1778789760.0,3972.0,63,3971.0,41
rb1805,20171204,20171201,210121000,3972.0,44936,2897266,1783238180.0,3972.0,31,3971.0,30
rb1805,20171204,20171201,210121500,3972.0,44998,2897226,1785700800.0,3972.0,13,3971.0,30
rb1805,20171204,20171201,210122000,3972.0,45116,2897278,1790387140.0,3973.0,153,3972.0,140
rb1805,20171204,20171201,210122500,3972.0,45168,2897320,1792452580.0,3973.0,104,3972.0,121
rb1805,20171204,20171201,210123000,3972.0,45202,2897340,1793803200.0,3973.0,97,3972.0,169
rb1805,20171204,20171201,210123500,3973.0,45428,2897334,1802781880.0,3974.0,143,3973.0,1
rb1805,20171204,20171201,210124000,3972.0,45480,2897326,1804847500.0,3973.0,113,3972.0,166
rb1805,20171204,20171201,210124500,3973.0,45570,2897368,1808422740.0,3973.0,96,3972.0,239
rb1805,20171204,20171201,210125000,3973.0,45640,2897422,1811203240.0,3973.0,98,3972.0,131
rb1805,20171204,20171201,210125500,3973.0,45648,2897418,1811521060.0,3973.0,97,3972.0,131
rb1805,20171204,20171201,210126000,3973.0,45694,2897378,1813348640.0,3973.0,95,3972.0,139
rb1805,20171204,20171201,210126500,3973.0,45762,2897382,1816050220.0,3973.0,97,3972.0,137
rb1805,20171204,20171201,210127000,3973.0,45806,2897358,1817798340.0,3973.0,76,3972.0,139
rb1805,20171204,20171201,210127500,3973.0,45972,2897352,1824393460.0,3974.0,165,3973.0,4
rb1805,20171204,20171201,210128000,3973.0,46070,2897402,1828287080.0,3973.0,4,3972.0,192
rb1805,20171204,20171201,210128500,3973.0,46104,2897428,1829637920.0,3974.0,159,3973.0,9
rb1805,20171204,20171201,210129000,3974.0,46202,2897446,1833531580.0,3974.0,154,3973.0,62
rb1805,20171204,20171201,210129500,3974.0,46566,2897224,1847996420.0,3975.0,406,3974.0,51
rb1805,20171204,20171201,210130000,3974.0,46846,2897124,1859124700.0,3975.0,357,3974.0,471
rb1805,20171204,20171201,210130500,3975.0,47048,2897256,1867153300.0,3975.0,302,3974.0,438
rb1805,20171204,20171201,210131000,3975.0,47474,2897404,1884084120.0,3975.0,226,3974.0,307
rb1805,20171204,20171201,210131500,3974.0,48012,2897662,1905465420.0,3975.0,175,3974.0,105
rb1805,20171204,20171201,210132000,3974.0,48234,2897648,1914287700.0,3974.0,22,3973.0,236
rb1805,20171204,20171201,210132500,3975.0,48410,2897544,1921282540.0,3975.0,154,3973.0,243
rb1805,20171204,20171201,210133000,3975.0,48550,2897472,1926846600.0,3975.0,147,3974.0,72
rb1805,20171204,20171201,210133500,3976.0,48896,2897700,1940600100.0,3976.0,272,3975.0,347
rb1805,20171204,20171201,210134000,3975.0,49080,2897740,1947914360.0,3976.0,267,3975.0,287
rb1805,20171204,20171201,210134500,3975.0,49114,2897748,1949265960.0,3976.0,274,3975.0,281
rb1805,20171204,20171201,210135000,3975.0,49404,2897692,1960794800.0,3976.0,227,3975.0,205
rb1805,20171204,20171201,210135500,3975.0,49602,2897788,1968665540.0,3976.0,215,3975.0,129
rb1805,20171204,20171201,210136000,3975.0,50124,2897870,1989415680.0,3976.0,193,3975.0,7
rb1805,20171204,20171201,210136500,3975.0,50178,2897882,1991562180.0,3975.0,58,3974.0,169
rb1805,20171204,20171201,210137000,3975.0,50306,2897890,1996649640.0,3975.0,65,3974.0,83
rb1805,20171204,20171201,210137500,3975.0,50374,2897916,1999352620.0,3975.0,90,3974.0,85
rb1805,20171204,20171201,210138000,3975.0,50434,2897938,2001737580.0,3975.0,119,3974.0,83
rb1805,20171204,20171201,210138500,3975.0,50642,2897832,2010005420.0,3975.0,56,3974.0,75
rb1805,20171204,20171201,210139000,3974.0,50678,2897828,2011436360.0,3975.0,45,3974.0,72
rb1805,20171204,20171201,210139500,3975.0,50710,2897824,2012708240.0,3975.0,35,3974.0,73
rb1805,20171204,20171201,210140000,3974.0,50866,2897828,2018908060.0,3975.0,23,3974.0,29
rb1805,20171204,20171201,210140500,3974.0,50890,2897844,2019861940.0,3975.0,31,3974.0,29
rb1805,20171204,20171201,210141000,3975.0,51030,2897828,2025426680.0,3976.0,276,3975.0,19
rb1805,20171204,20171201,210141500,3975.0,51226,2897832,2033216380.0,3975.0,67,3974.0,12
rb1805,20171204,20171201,210142000,3974.0,51276,2897852,2035203580.0,3975.0,110,3974.0,6
rb1805,20171204,20171201,210142500,3975.0,51300,2897870,2036157500.0,3975.0,152,3974.0,4
rb1805,20171204,20171201,210143000,3975.0,51424,2897876,2041085880.0,3975.0,136,3974.0,2
rb1805,20171204,20171201,210143500,3974.0,51514,2897900,2044662860.0,3974.0,5,3973.0,248
rb1805,20171204,20171201,210144000,3975.0,51844,2897940,2057779940.0,3975.0,14,3974.0,138
rb1805,20171204,20171201,210144500,3974.0,51924,2897992,2060959700.0,3975.0,9,3974.0,145
rb1805,20171204,20171201,210145000,3974.0,51952,2898016,2062072420.0,3975.0,70,3974.0,136
rb1805,20171204,20171201,210145500,3974.0,52080,2897940,2067160240.0,3975.0,51,3974.0,189
rb1805,20171204,20171201,210146000,3975.0,52128,2897980,2069067800.0,3975.0,42,3974.0,198
rb1805,20171204,20171201,210146500,3975.0,52190,2898002,2071532260.0,3975.0,64,3974.0,197
rb1805,20171204,20171201,210147000,3974.0,52532,2898280,2085123400.0,3975.0,515,3974.0,35
rb1805,20171204,20171201,210147500,3974.0,52656,2898384,2090051160.0,3974.0,512,3973.0,177
rb1805,20171204,20171201,210148000,3973.0,53098,2898656,2107611840.0,3973.0,64,3972.0,250
rb1805,20171204,20171201,210148500,3973.0,53664,2899012,2130093900.0,3973.0,111,3972.0,1
rb1805,20171204,20171201,210149000,3972.0,53674,2899010,2130491100.0,3972.0,72,3971.0,154
rb1805,20171204,20171201,210149500,3972.0,53862,2898914,2137958420.0,3973.0,141,3971.0,153
rb1805,20171204,20171201,210150000,3973.0,54168,2898718,2150115760.0,3974.0,521,3973.0,353
rb1805,20171204,20171201,210150500,3974.0,54226,2898714,2152420540.0,3974.0,501,3973.0,351
rb1805,20171204,20171201,210151000,3974.0,54550,2898722,2165293160.0,3974.0,498,3973.0,194
rb1805,20171204,20171201,210151500,3973.0,54700,2898574,2171252660.0,3974.0,499,3973.0,123
rb1805,20171204,20171201,210152000,3974.0,54776,2898578,2174272240.0,3974.0,560,3973.0,90
rb1805,20171204,20171201,210152500,3974.0,54932,2898468,2180470220.0,3974.0,555,3973.0,518
rb1805,20171204,20171201,210153000,3973.0,54948,2898472,2181105960.0,3974.0,495,3973.0,515
rb1805,20171204,20171201,210153500,3974.0,54998,2898508,2183092720.0,3974.0,416,3973.0,503
rb1805,20171204,20171201,210154000,3974.0,55018,2898516,2183887400.0,3974.0,469,3973.0,497
rb1805,20171204,20171201,210154500,3973.0,55194,2898552,2190881100.0,3974.0,428,3973.0,471
rb1805,20171204,20171201,210155000,3974.0,55382,2898482,2198350780.0,3974.0,412,3973.0,399
rb1805,20171204,20171201,210155500,3973.0,55448,2898472,2200973460.0,3974.0,388,3973.0,400
rb1805,20171204,20171201,210156000,3973.0,55466,2898464,2201688640.0,3974.0,391,3973.0,393
rb1805,20171204,20171201,210156500,3974.0,55508,2898446,2203357400.0,3974.0,386,3973.0,381
rb1805,20171204,20171201,210157000,3974.0,55526,2898448,2204072640.0,3974.0,383,3973.0,391
rb1805,20171204,20171201,210157500,3973.0,55532,2898442,2204311020.0,3974.0,386,3973.0,390
rb1805,20171204,20171201,210158000,3974.0,55642,2898476,2208681680.0,3974.0,368,3973.0,354
rb1805,20171204,20171201,210158500,3973.0,55662,2898474,2209476340.0,3974.0,370,3973.0,373
rb1805,20171204,20171201,210159000,3974.0,55672,2898482,2209873720.0,3974.0,376,3973.0,400
rb1805,20171204,20171201,210159500,3974.0,55680,2898480,2210191580.0,3974.0,377,3973.0,407
rb1805,20171204,20171201,210200000,3973.0,55806,2898462,2215198620.0,3974.0,351,3973.0,413
rb1805,20171204,20171201,210200500,3974.0,56038,2898524,2224417000.0,3974.0,323,3973.0,353
rb1805,20171204,20171201,210201000,3974.0,56132,2898548,2228152000.0,3974.0,309,3973.0,328
rb1805,20171204,20171201,210201500,3974.0,56176,2898540,2229900380.0,3974.0,297,3973.0,322
rb1805,20171204,20171201,210202000,3974.0,56202,2898546,2230933520.0,3974.0,295,3973.0,332
rb1805,20171204,20171201,210202500,3974.0,56336,2898438,2236258640.0,3974.0,232,3973.0,342
rb1805,20171204,20171201,210203000,3973.0,56752,2898314,2252789460.0,3974.0,395,3973.0,294
rb1805,20171204,20171201,210203500,3974.0,56772,2898322,2253584240.0,3974.0,392,3973.0,308
rb1805,20171204,20171201,210204000,3973.0,56820,2898318,2255491300.0,3974.0,419,3973.0,286
rb1805,20171204,20171201,210204500,3973.0,56928,2898296,2259782300.0,3974.0,464,3973.0,250
rb1805,20171204,20171201,210205000,3973.0,56936,2898300,2260100180.0,3974.0,493,3973.0,250
rb1805,20171204,20171201,210205500,3973.0,56952,2898298,2260735900.0,3974.0,497,3973.0,249
rb1805,20171204,20171201,210206000,3974.0,56978,2898300,2261769040.0,3974.0,511,3973.0,254
rb1805,20171204,20171201,210206500,3974.0,57094,2898218,2266378840.0,3974.0,455,3973.0,253
rb1805,20171204,20171201,210207000,3973.0,57208,2898174,2270908080.0,3974.0,466,3973.0,197
rb1805,20171204,20171201,210207500,3973.0,57272,2898222,2273450800.0,3974.0,469,3973.0,166
rb1805,20171204,20171201,210208000,3973.0,57346,2898228,2276390880.0,3974.0,470,3973.0,150
rb1805,20171204,20171201,210208500,3974.0,57386,2898226,2277980180.0,3974.0,465,3973.0,145
rb1805,20171204,20171201,210209000,3973.0,57446,2898274,2280364020.0,3974.0,465,3973.0,121
rb1805,20171204,20171201,210209500,3973.0,57492,2898278,2282191680.0,3974.0,472,3973.0,116
rb1805,20171204,20171201,210210000,3974.0,57710,2898174,2290854420.0,3974.0,392,3973.0,102
rb1805,20171204,20171201,210210500,3973.0,57832,2898182,2295701500.0,3974.0,393,3973.0,258
rb1805,20171204,20171201,210211000,3974.0,57850,2898178,2296416720.0,3974.0,389,3973.0,265
rb1805,20171204,20171201,210211500,3973.0,58514,2898298,2322803920.0,3974.0,65,3973.0,269
rb1805,20171204,20171201,210212000,3974.0,58678,2898344,2329321280.0,3975.0,537,3974.0,1388
rb1805,20171204,20171201,210212500,3975.0,59762,2898438,2372410300.0,3976.0,363,3975.0,150
rb1805,20171204,20171201,210213000,3975.0,60448,2898626,2399684940.0,3976.0,47,3975.0,174
rb1805,20171204,20171201,210213500,3976.0,60550,2898614,2403740460.0,3977.0,656,3976.0,65
rb1805,20171204,20171201,210214000,3977.0,60586,2898600,2405171980.0,3977.0,649,3976.0,111
rb1805,20171204,20171201,210214500,3977.0,60884,2898394,2417023100.0,3977.0,521,3976.0,101
rb1805,20171204,20171201,210215000,3977.0,60960,2898386,2420044940.0,3977.0,517,3976.0,88
rb1805,20171204,20171201,210215500,3976.0,61610,2898482,2445895080.0,3977.0,210,3976.0,70
rb1805,20171204,20171201,210216000,3977.0,61888,2898458,2456948720.0,3977.0,193,3976.0,28
rb1805,20171204,20171201,210216500,3976.0,61926,2898456,2458459840.0,3977.0,196,3976.0,122
rb1805,20171204,20171201,210217000,3977.0,61976,2898448,2460448000.0,3977.0,237,3976.0,116
rb1805,20171204,20171201,210217500,3977.0,62056,2898490,2463629440.0,3977.0,210,3976.0,119
rb1805,20171204,20171201,210218000,3976.0,62074,2898490,2464345180.0,3977.0,208,3976.0,78
rb1805,20171204,20171201,210218500,3977.0,62166,2898552,2468003400.0,3977.0,219,3976.0,101
rb1805,20171204,20171201,210219000,3977.0,62442,2898610,2478979200.0,3977.0,121,3976.0,70
rb1805,20171204,20171201,210219500,3977.0,62476,2898622,2480331260.0,3977.0,116,3976.0,84
rb1805,20171204,20171201,210220000,3976.0,62588,2898652,2484785480.0,3977.0,75,3976.0,87
rb1805,20171204,20171201,210220500,3976.0,62732,2898682,2490511940.0,3977.0,55,3976.0,80
rb1805,20171204,20171201,210221000,3977.0,62806,2898704,2493454900.0,3977.0,41,3976.0,85
rb1805,20171204,20171201,210221500,3977.0,62828,2898696,2494329780.0,3977.0,197,3976.0,112
rb1805,20171204,20171201,210222000,3976.0,62900,2898740,2497192820.0,3977.0,284,3976.0,92
rb1805,20171204,20171201,210222500,3977.0,63000,2898700,2501169760.0,3977.0,240,3976.0,97
rb1805,20171204,20171201,210223000,3977.0,63262,2898620,2511589380.0,3977.0,122,3976.0,139
rb1805,20171204,20171201,210223500,3977.0,63348,2898570,2515009460.0,3977.0,46,3976.0,145
rb1805,20171204,20171201,210224000,3977.0,63496,2898582,2520895420.0,3978.0,556,3977.0,279
rb1805,20171204,20171201,210224500,3977.0,63560,2898622,2523440800.0,3978.0,556,3977.0,266
rb1805,20171204,20171201,210225000,3978.0,63874,2898834,2535929620.0,3978.0,504,3977.0,168
rb1805,20171204,20171201,210225500,3978.0,63914,2898826,2537520680.0,3978.0,492,3977.0,190
rb1805,20171204,20171201,210226000,3978.0,64136,2898946,2546350680.0,3978.0,442,3977.0,159
rb1805,20171204,20171201,210226500,3978.0,64240,2898966,2550487200.0,3978.0,423,3977.0,155
rb1805,20171204,20171201,210227000,3978.0,64386,2899000,2556293940.0,3978.0,413,3977.0,122
rb1805,20171204,20171201,210227500,3977.0,64896,2898570,2576581480.0,3978.0,173,3977.0,124
rb1805,20171204,20171201,210228000,3978.0,65106,2898618,2584933720.0,3978.0,152,3977.0,56
rb1805,20171204,20171201,210228500,3977.0,65332,2898638,2593922040.0,3977.0,8,3976.0,183
rb1805,20171204,20171201,210229000,3977.0,65428,2898654,2597740260.0,3977.0,26,3976.0,199
rb1805,20171204,20171201,210229500,3977.0,65506,2898654,2600842320.0,3977.0,29,3976.0,195
rb1805,20171204,20171201,210230000,3977.0,65550,2898646,2602592200.0,3977.0,10,3976.0,212
rb1805,20171204,20171201,210230500,3978.0,65636,2898656,2606012640.0,3978.0,211,3977.0,120
rb1805,20171204,20171201,210231000,3977.0,65704,2898674,2608717240.0,3978.0,210,3977.0,167
rb1805,20171204,20171201,210231500,3977.0,65810,2898628,2612933240.0,3978.0,196,3977.0,154
rb1805,20171204,20171201,210232000,3978.0,66056,2898574,2622718800.0,3978.0,88,3977.0,165
rb1805,20171204,20171201,210232500,3977.0,66090,2898550,2624071280.0,3978.0,77,3977.0,186
rb1805,20171204,20171201,210233000,3978.0,66260,2898456,2630833880.0,3979.0,448,3978.0,274
rb1805,20171204,20171201,210233500,3978.0,66340,2898442,2634016880.0,3979.0,418,3978.0,276
rb1805,20171204,20171201,210234000,3979.0,66414,2898432,2636960660.0,3979.0,426,3978.0,249
rb1805,20171204,20171201,210234500,3978.0,66542,2898382,2642053020.0,3979.0,400,3978.0,218
rb1805,20171204,20171201,210235000,3979.0,66624,2898376,2645315180.0,3979.0,401,3978.0,198
rb1805,20171204,20171201,210235500,3979.0,66650,2898366,2646349720.0,3979.0,388,3978.0,205
rb1805,20171204,20171201,210236000,3979.0,66834,2898260,2653670900.0,3979.0,308,3978.0,204
rb1805,20171204,20171201,210236500,3979.0,66992,2898246,2659956620.0,3979.0,286,3978.0,148
rb1805,20171204,20171201,210237000,3978.0,67038,2898240,2661786640.0,3979.0,279,3978.0,163
rb1805,20171204,20171201,210237500,3978.0,67094,2898242,2664014840.0,3979.0,255,3978.0,161
rb1805,20171204,20171201,210238000,3978.0,67114,2898232,2664810560.0,3979.0,292,3978.0,155
rb1805,20171204,20171201,210238500,3979.0,67172,2898192,2667118180.0,3979.0,280,3978.0,150
rb1805,20171204,20171201,210239000,3979.0,67298,2898216,2672131080.0,3979.0,257,3978.0,120
rb1805,20171204,20171201,210239500,3979.0,67878,2897820,2695209140.0,3980.0,1159,3979.0,241
rb1805,20171204,20171201,210240000,3979.0,67932,2897810,2697357820.0,3980.0,1165,3979.0,346
rb1805,20171204,20171201,210240500,3979.0,67960,2897814,2698471980.0,3980.0,1169,3979.0,351
rb1805,20171204,20171201,210241000,3979.0,69438,2898238,2757291760.0,3980.0,663,3979.0,133
rb1805,20171204,20171201,210241500,3979.0,69716,2898242,2768356060.0,3980.0,537,3979.0,133
rb1805,20171204,20171201,210242000,3980.0,70780,2898550,2810703040.0,3980.0,17,3979.0,174
rb1805,20171204,20171201,210242500,3980.0,71040,2898632,2821051180.0,3981.0,398,3980.0,657
rb1805,20171204,20171201,210243000,3981.0,71128,2898662,2824553920.0,3981.0,383,3980.0,657
rb1805,20171204,20171201,210243500,3980.0,71302,2898606,2831480000.0,3981.0,341,3980.0,662
rb1805,20171204,20171201,210244000,3981.0,71328,2898602,2832514960.0,3981.0,334,3980.0,685
rb1805,20171204,20171201,210244500,3981.0,71420,2898612,2836176880.0,3981.0,321,3980.0,753
rb1805,20171204,20171201,210245000,3981.0,72098,2898894,2863167900.0,3982.0,915,3981.0,41
rb1805,20171204,20171201,210245500,3982.0,72226,2898934,2868264200.0,3982.0,885,3981.0,71
rb1805,20171204,20171201,210246000,3982.0,72382,2898956,2874474880.0,3982.0,955,3981.0,28
rb1805,20171204,20171201,210246500,3981.0,72640,2898892,2884745520.0,3981.0,35,3980.0,783
rb1805,20171204,20171201,210247000,3981.0,72824,2898972,2892071280.0,3981.0,237,3980.0,782
rb1805,20171204,20171201,210247500,3981.0,72974,2899120,2898042740.0,3981.0,247,3980.0,781
rb1805,20171204,20171201,210248000,3981.0,73266,2899174,2909666040.0,3981.0,166,3980.0,716
rb1805,20171204,20171201,210248500,3980.0,73318,2899202,2911735920.0,3981.0,171,3980.0,650
rb1805,20171204,20171201,210249000,3981.0,73504,2899258,2919139400.0,3981.0,188,3980.0,593
rb1805,20171204,20171201,210249500,3981.0,73654,2899398,2925109720.0,3981.0,192,3980.0,536
rb1805,20171204,20171201,210250000,3981.0,74606,2900046,2963000000.0,3981.0,214,3980.0,109
rb1805,20171204,20171201,210250500,3980.0,74896,2900198,2974541960.0,3980.0,1237,3979.0,162
rb1805,20171204,20171201,210251000,3979.0,75274,2900382,2989582680.0,3979.0,524,3978.0,289
rb1805,20171204,20171201,210251500,3978.0,76050,2900600,3020451900.0,3978.0,79,3977.0,177
rb1805,20171204,20171201,210252000,3978.0,76658,2900566,3044634620.0,3978.0,125,3976.0,202
rb1805,20171204,20171201,210252500,3976.0,76778,2900518,3049407080.0,3978.0,119,3976.0,201
rb1805,20171204,20171201,210253000,3978.0,76956,2900490,3056487640.0,3978.0,40,3977.0,1
rb1805,20171204,20171201,210253500,3976.0,76978,2900484,3057362700.0,3977.0,56,3976.0,196
rb1805,20171204,20171201,210254000,3977.0,77062,2900438,3060703240.0,3977.0,47,3976.0,191
rb1805,20171204,20171201,210254500,3977.0,77168,2900388,3064918880.0,3978.0,51,3977.0,50
rb1805,20171204,20171201,210255000,3977.0,77442,2900466,3075816280.0,3978.0,8,3977.0,9
rb1805,20171204,20171201,210255500,3978.0,77512,2900432,3078600320.0,3978.0,11,3977.0,37
rb1805,20171204,20171201,210256000,3977.0,77570,2900436,3080907120.0,3978.0,14,3977.0,19
rb1805,20171204,20171201,210256500,3977.0,77712,2900460,3086554780.0,3977.0,24,3976.0,209
rb1805,20171204,20171201,210257000,3977.0,77760,2900498,3088463740.0,3977.0,60,3976.0,216
rb1805,20171204,20171201,210257500,3977.0,77810,2900496,3090451780.0,3977.0,121,3976.0,204
rb1805,20171204,20171201,210258000,3977.0,77866,2900516,3092678640.0,3977.0,97,3976.0,197
rb1805,20171204,20171201,210258500,3977.0,77960,2900526,3096416900.0,3977.0,58,3976.0,194
rb1805,20171204,20171201,210259000,3976.0,78002,2900534,3098087080.0,3977.0,22,3976.0,193
rb1805,20171204,20171201,210259500,3977.0,78064,2900542,3100552880.0,3978.0,100,3977.0,17
rb1805,20171204,20171201,210300000,3977.0,78120,2900552,3102779880.0,3977.0,59,3976.0,268
rb1805,20171204,20171201,210300500,3977.0,78238,2900518,3107472620.0,3977.0,88,3976.0,271
rb1805,20171204,20171201,210301000,3977.0,78316,2900580,3110574620.0,3977.0,54,3976.0,279
rb1805,20171204,20171201,210301500,3976.0,78646,2900756,3123696700.0,3978.0,132,3977.0,1
rb1805,20171204,20171201,210302000,3977.0,78722,2900770,3126719220.0,3977.0,36,3976.0,205
rb1805,20171204,20171201,210302500,3977.0,78748,2900786,3127753160.0,3977.0,54,3976.0,206
rb1805,20171204,20171201,210303000,3976.0,78826,2900798,3130855000.0,3977.0,36,3976.0,196
rb1805,20171204,20171201,210303500,3978.0,78942,2900770,3135468460.0,3977.0,56,3976.0,195
rb1805,20171204,20171201,210304000,3976.0,78988,2900792,3137297620.0,3977.0,52,3976.0,182
rb1805,20171204,20171201,210304500,3976.0,79014,2900804,3138331520.0,3977.0,49,3976.0,178
rb1805,20171204,20171201,210305000,3977.0,79172,2900898,3144615160.0,3978.0,145,3977.0,36
rb1805,20171204,20171201,210305500,3977.0,79192,2900914,3145410560.0,3978.0,67,3977.0,72
rb1805,20171204,20171201,210306000,3978.0,79198,2900916,3145649200.0,3978.0,50,3977.0,179
rb1805,20171204,20171201,210306500,3977.0,79314,2900944,3150263520.0,3978.0,1,3977.0,215
rb1805,20171204,20171201,210307000,3978.0,79346,2900934,3151536500.0,3979.0,227,3978.0,90
rb1805,20171204,20171201,210307500,3978.0,79368,2900928,3152411680.0,3979.0,229,3978.0,84
rb1805,20171204,20171201,210308000,3978.0,79400,2900928,3153684700.0,3979.0,238,3978.0,77
rb1805,20171204,20171201,210308500,3978.0,79418,2900940,3154400800.0,3979.0,237,3978.0,86
rb1805,20171204,20171201,210309000,3978.0,79452,2900974,3155753540.0,3979.0,228,3978.0,84
rb1805,20171204,20171201,210309500,3978.0,79526,2900968,3158697720.0,3979.0,208,3978.0,76
rb1805,20171204,20171201,210310000,3978.0,79634,2900962,3162994100.0,3979.0,211,3978.0,36
rb1805,20171204,20171201,210310500,3979.0,79806,2901048,3169836960.0,3979.0,178,3978.0,8
rb1805,20171204,20171201,210311000,3977.0,79896,2901060,3173416560.0,3978.0,7,3977.0,287
rb1805,20171204,20171201,210311500,3978.0,79918,2901082,3174291720.0,3978.0,7,3977.0,289
rb1805,20171204,20171201,210312000,3979.0,79940,2901098,3175166960.0,3979.0,190,3978.0,5
rb1805,20171204,20171201,210312500,3979.0,80156,2901112,3183759760.0,3979.0,168,3978.0,1
rb1805,20171204,20171201,210313000,3978.0,80158,2901112,3183839320.0,3978.0,21,3977.0,289
rb1805,20171204,20171201,210313500,3977.0,80264,2901132,3188055500.0,3979.0,173,3978.0,9
rb1805,20171204,20171201,210314000,3978.0,80386,2901214,3192909780.0,3979.0,140,3978.0,11
rb1805,20171204,20171201,210314500,3979.0,80402,2901228,3193546340.0,3979.0,136,3978.0,80
rb1805,20171204,20171201,210315000,3979.0,80442,2901232,3195137640.0,3979.0,132,3978.0,88
rb1805,20171204,20171201,210315500,3978.0,80506,2901192,3197683700.0,3979.0,127,3978.0,97
rb1805,20171204,20171201,210316000,3978.0,80556,2901216,3199673080.0,3979.0,111,3978.0,97
rb1805,20171204,20171201,210316500,3978.0,80646,2901230,3203253780.0,3979.0,98,3978.0,80
rb1805,20171204,20171201,210317000,3978.0,80698,2901246,3205322840.0,3979.0,75,3978.0,82
rb1805,20171204,20171201,210317500,3979.0,80708,2901246,3205720720.0,3979.0,72,3978.0,88
rb1805,20171204,20171201,210318000,3978.0,80962,2901216,3215825000.0,3979.0,84,3978.0,19
rb1805,20171204,20171201,210318500,3979.0,81034,2901266,3218689640.0,3979.0,63,3978.0,11
rb1805,20171204,20171201,210319000,3979.0,81194,2901298,3225055940.0,3979.0,28,3978.0,42
rb1805,20171204,20171201,210319500,3979.0,81310,2901302,3229671000.0,3980.0,662,3979.0,31
rb1805,20171204,20171201,210320000,3979.0,81400,2901348,3233252300.0,3980.0,652,3979.0,56
rb1805,20171204,20171201,210320500,3980.0,81490,2901426,3236833620.0,3980.0,641,3979.0,29
rb1805,20171204,20171201,210321000,3979.0,81572,2901494,3240096860.0,3980.0,622,3979.0,72
rb1805,20171204,20171201,210321500,3979.0,81654,2901552,3243359900.0,3980.0,609,3979.0,49
rb1805,20171204,20171201,210322000,3979.0,81816,2901710,3249805880.0,3979.0,46,3978.0,63
rb1805,20171204,20171201,210322500,3979.0,81888,2901734,3252670520.0,3979.0,36,3978.0,51
rb1805,20171204,20171201,210323000,3979.0,81916,2901738,3253784620.0,3979.0,116,3978.0,55
rb1805,20171204,20171201,210323500,3979.0,81932,2901730,3254421260.0,3979.0,143,3978.0,55
rb1805,20171204,20171201,210324000,3978.0,82122,2901640,3261979500.0,3978.0,212,3977.0,324
rb1805,20171204,20171201,210324500,3978.0,82216,2901628,3265718800.0,3978.0,169,3977.0,282
rb1805,20171204,20171201,210325000,3978.0,82430,2901548,3274229720.0,3978.0,167,3977.0,185
rb1805,20171204,20171201,210325500,3978.0,82514,2901560,3277570600.0,3978.0,164,3977.0,155
rb1805,20171204,20171201,210326000,3977.0,82540,2901554,3278604820.0,3978.0,161,3977.0,154
rb1805,20171204,20171201,210326500,3978.0,82596,2901542,3280832100.0,3978.0,154,3977.0,135
rb1805,20171204,20171201,210327000,3977.0,82714,2901532,3285525120.0,3978.0,167,3977.0,123
rb1805,20171204,20171201,210327500,3977.0,82720,2901532,3285763780.0,3978.0,170,3977.0,128
rb1805,20171204,20171201,210328000,3978.0,82812,2901494,3289422940.0,3978.0,186,3977.0,109
rb1805,20171204,20171201,210328500,3978.0,83012,2901448,3297377560.0,3978.0,162,3977.0,42
rb1805,20171204,20171201,210329000,3977.0,83030,2901444,3298093460.0,3978.0,161,3977.0,35
rb1805,20171204,20171201,210329500,3976.0,83312,2901492,3309310580.0,3977.0,67,3976.0,304
rb1805,20171204,20171201,210330000,3977.0,83356,2901506,3311060420.0,3977.0,69,3976.0,303
rb1805,20171204,20171201,210330500,3977.0,83362,2901512,3311299040.0,3977.0,76,3976.0,304
rb1805,20171204,20171201,210331000,3977.0,83550,2901378,3318774080.0,3977.0,83,3976.0,221
rb1805,20171204,20171201,210331500,3977.0,83562,2901388,3319251280.0,3977.0,116,3976.0,219
rb1805,20171204,20171201,210332000,3977.0,83602,2901410,3320841740.0,3977.0,179,3976.0,203
rb1805,20171204,20171201,210332500,3977.0,83626,2901432,3321796160.0,3977.0,335,3976.0,200
rb1805,20171204,20171201,210333000,3976.0,83976,2901672,3335714200.0,3977.0,233,3976.0,127
rb1805,20171204,20171201,210333500,3976.0,84372,2902032,3351460820.0,3977.0,163,3976.0,15
rb1805,20171204,20171201,210334000,3976.0,84454,2902070,3354721100.0,3976.0,425,3975.0,248
rb1805,20171204,20171201,210334500,3975.0,84676,2902030,3363545600.0,3976.0,440,3975.0,138
rb1805,20171204,20171201,210335000,3976.0,84960,2901926,3374834740.0,3976.0,451,3975.0,3
rb1805,20171204,20171201,210335500,3975.0,84992,2901924,3376106720.0,3975.0,197,3974.0,312
rb1805,20171204,20171201,210336000,3975.0,85062,2901940,3378889180.0,3975.0,150,3974.0,228
rb1805,20171204,20171201,210336500,3974.0,85124,2901940,3381353620.0,3975.0,133,3974.0,226
rb1805,20171204,20171201,210337000,3975.0,85200,2901920,3384374400.0,3975.0,106,3974.0,227
rb1805,20171204,20171201,210337500,3975.0,85348,2901890,3390256740.0,3975.0,73,3974.0,204
rb1805,20171204,20171201,210338000,3975.0,85360,2901890,3390733700.0,3975.0,71,3974.0,203
rb1805,20171204,20171201,210338500,3974.0,85408,2901900,3392641540.0,3975.0,57,3974.0,224
rb1805,20171204,20171201,210339000,3975.0,85524,2901842,3397252220.0,3975.0,69,3974.0,223
rb1805,20171204,20171201,210339500,3974.0,85704,2901866,3404407000.0,3976.0,58,3975.0,5
rb1805,20171204,20171201,210340000,3976.0,85774,2901866,3407189600.0,3976.0,42,3975.0,84
rb1805,20171204,20171201,210340500,3976.0,85852,2901816,3410290440.0,3976.0,35,3975.0,144
rb1805,20171204,20171201,210341000,3976.0,85954,2901816,3414345460.0,3976.0,10,3975.0,176
rb1805,20171204,20171201,210341500,3975.0,86020,2901796,3416969460.0,3976.0,4,3975.0,163
rb1805,20171204,20171201,210342000,3975.0,86116,2901766,3420785520.0,3976.0,6,3975.0,123
rb1805,20171204,20171201,210342500,3976.0,86222,2901854,3424999940.0,3977.0,53,3976.0,18
rb1805,20171204,20171201,210343000,3975.0,86518,2901922,3436766300.0,3977.0,131,3976.0,2
rb1805,20171204,20171201,210343500,3975.0,86564,2901938,3438595080.0,3976.0,28,3975.0,1
rb1805,20171204,20171201,210344000,3975.0,86674,2901896,3442967580.0,3976.0,47,3975.0,3
rb1805,20171204,20171201,210344500,3975.0,86708,2901916,3444319120.0,3975.0,2,3974.0,308
rb1805,20171204,20171201,210345000,3976.0,86740,2901948,3445591260.0,3976.0,54,3975.0,15
rb1805,20171204,20171201,210345500,3975.0,86810,2901974,3448374160.0,3976.0,55,3975.0,24
rb1805,20171204,20171201,210346000,3975.0,86854,2901974,3450123200.0,3976.0,82,3975.0,7
rb1805,20171204,20171201,210346500,3975.0,86894,2901980,3451713260.0,3976.0,100,3975.0,40
rb1805,20171204,20171201,210347000,3975.0,86906,2901978,3452190260.0,3976.0,138,3975.0,41
rb1805,20171204,20171201,210347500,3976.0,86926,2901984,3452985360.0,3976.0,144,3975.0,43
rb1805,20171204,20171201,210348000,3975.0,86962,2901984,3454416400.0,3976.0,149,3975.0,38
rb1805,20171204,20171201,210348500,3975.0,87086,2902068,3459344980.0,3975.0,32,3974.0,301
rb1805,20171204,20171201,210349000,3975.0,87108,2902076,3460219480.0,3975.0,459,3974.0,304
rb1805,20171204,20171201,210349500,3975.0,87200,2902094,3463875840.0,3975.0,445,3974.0,254
rb1805,20171204,20171201,210350000,3975.0,87222,2902104,3464750340.0,3975.0,430,3974.0,254
rb1805,20171204,20171201,210350500,3974.0,87298,2902164,3467770660.0,3975.0,436,3974.0,220
rb1805,20171204,20171201,210351000,3974.0,87324,2902162,3468803960.0,3975.0,453,3974.0,211
rb1805,20171204,20171201,210351500,3975.0,87386,2902164,3471268280.0,3975.0,535,3974.0,202
rb1805,20171204,20171201,210352000,3974.0,87816,2902416,3488356520.0,3974.0,1,3973.0,463
rb1805,20171204,20171201,210352500,3973.0,87996,2902424,3495510380.0,3975.0,490,3973.0,464
rb1805,20171204,20171201,210353000,3974.0,88008,2902424,3495987260.0,3974.0,10,3973.0,464
rb1805,20171204,20171201,210353500,3973.0,88024,2902438,3496622940.0,3974.0,226,3973.0,456
rb1805,20171204,20171201,210354000,3974.0,88058,2902430,3497973980.0,3974.0,216,3973.0,446
rb1805,20171204,20171201,210354500,3974.0,88082,2902428,3498927540.0,3974.0,241,3973.0,443
rb1805,20171204,20171201,210355000,3974.0,88900,2902136,3531427240.0,3974.0,219,3973.0,71
rb1805,20171204,20171201,210355500,3973.0,89060,2902162,3537783960.0,3973.0,124,3972.0,216
rb1805,20171204,20171201,210356000,3973.0,89070,2902168,3538181260.0,3973.0,183,3972.0,218
rb1805,20171204,20171201,210356500,3973.0,89084,2902174,3538737400.0,3973.0,186,3972.0,216
rb1805,20171204,20171201,210357000,3972.0,89128,2902186,3540485180.0,3973.0,385,3972.0,201
rb1805,20171204,20171201,210357500,3973.0,89200,2902174,3543345120.0,3973.0,385,3972.0,231
rb1805,20171204,20171201,210358000,3972.0,89212,2902180,3543821840.0,3973.0,328,3972.0,230
rb1805,20171204,20171201,210358500,3973.0,89278,2902200,3546443500.0,3973.0,378,3972.0,374
rb1805,20171204,20171201,210359000,3972.0,89380,2902264,3550495740.0,3973.0,336,3972.0,368
rb1805,20171204,20171201,210359500,3973.0,89924,2901876,3572108720.0,3973.0,74,3972.0,374
rb1805,20171204,20171201,210400000,3973.0,90112,2901980,3579577960.0,3974.0,281,3973.0,801
rb1805,20171204,20171201,210400500,3974.0,90784,2902222,3606283440.0,3975.0,342,3974.0,624
rb1805,20171204,20171201,210401000,3975.0,91596,2901978,3638561180.0,3976.0,110,3975.0,512
rb1805,20171204,20171201,210401500,3976.0,91840,2901888,3648262600.0,3977.0,84,3976.0,325
rb1805,20171204,20171201,210402000,3976.0,91874,2901884,3649614600.0,3977.0,102,3976.0,333
rb1805,20171204,20171201,210402500,3976.0,91934,2901878,3652000480.0,3977.0,116,3976.0,317
rb1805,20171204,20171201,210403000,3976.0,91960,2901878,3653034240.0,3977.0,116,3976.0,305
rb1805,20171204,20171201,210403500,3976.0,91970,2901870,3653431860.0,3977.0,134,3976.0,158
rb1805,20171204,20171201,210404000,3976.0,92288,2901830,3666075540.0,3976.0,345,3975.0,327
rb1805,20171204,20171201,210404500,3975.0,92482,2901884,3673787060.0,3976.0,349,3975.0,231
rb1805,20171204,20171201,210405000,3975.0,92662,2901934,3680942080.0,3976.0,349,3975.0,140
rb1805,20171204,20171201,210405500,3975.0,93242,2902222,3703997080.0,3975.0,33,3974.0,515
rb1805,20171204,20171201,210406000,3975.0,93278,2902188,3705428080.0,3975.0,35,3974.0,515
rb1805,20171204,20171201,210406500,3975.0,93296,2902188,3706143560.0,3975.0,41,3974.0,514
rb1805,20171204,20171201,210407000,3975.0,93368,2902204,3709005540.0,3976.0,368,3975.0,19
rb1805,20171204,20171201,210407500,3974.0,93408,2902236,3710595520.0,3975.0,7,3974.0,515
rb1805,20171204,20171201,210408000,3975.0,93530,2902318,3715445000.0,3975.0,33,3974.0,509
rb1805,20171204,20171201,210408500,3975.0,94564,2902274,3756536280.0,3974.0,4,3973.0,449
rb1805,20171204,20171201,210409000,3974.0,94676,2902232,3760986980.0,3974.0,20,3973.0,439
rb1805,20171204,20171201,210409500,3975.0,94742,2902252,3763609860.0,3975.0,118,3973.0,436
rb1805,20171204,20171201,210410000,3975.0,94744,2902254,3763689360.0,3974.0,1,3973.0,438
rb1805,20171204,20171201,210410500,3974.0,94806,2902256,3766153260.0,3975.0,149,3974.0,71
rb1805,20171204,20171201,210411000,3974.0,94816,2902254,3766550660.0,3975.0,81,3974.0,74
rb1805,20171204,20171201,210411500,3975.0,94844,2902280,3767663640.0,3975.0,69,3974.0,249
rb1805,20171204,20171201,210412000,3975.0,94908,2902276,3770207400.0,3975.0,65,3974.0,646
rb1805,20171204,20171201,210412500,3975.0,95064,2902192,3776408400.0,3976.0,380,3975.0,324
rb1805,20171204,20171201,210413000,3976.0,95066,2902190,3776487920.0,3976.0,385,3975.0,408
rb1805,20171204,20171201,210413500,3976.0,95512,2902186,3794220820.0,3976.0,164,3975.0,473
rb1805,20171204,20171201,210414000,3976.0,95876,2902008,3808693460.0,3977.0,158,3976.0,143
rb1805,20171204,20171201,210414500,3977.0,96072,2901872,3816488160.0,3977.0,73,3976.0,136
rb1805,20171204,20171201,210415000,3976.0,96086,2901874,3817044840.0,3977.0,75,3976.0,197
rb1805,20171204,20171201,210415500,3976.0,96114,2901896,3818158160.0,3977.0,76,3976.0,185
rb1805,20171204,20171201,210416000,3977.0,96134,2901898,3818953560.0,3977.0,67,3976.0,139
rb1805,20171204,20171201,210416500,3977.0,96146,2901900,3819430740.0,3977.0,84,3976.0,194
rb1805,20171204,20171201,210417000,3977.0,96148,2901900,3819510280.0,3977.0,96,3976.0,198
rb1805,20171204,20171201,210417500,3977.0,96274,2901802,3824520180.0,3977.0,110,3976.0,146
rb1805,20171204,20171201,210418000,3976.0,96276,2901802,3824599700.0,3977.0,109,3976.0,145
rb1805,20171204,20171201,210418500,3976.0,96282,2901800,3824838280.0,3977.0,116,3976.0,133
rb1805,20171204,20171201,210419000,3976.0,96344,2901824,3827304000.0,3977.0,86,3976.0,134
rb1805,20171204,20171201,210419500,3977.0,96366,2901826,3828178860.0,3977.0,88,3976.0,135
rb1805,20171204,20171201,210420000,3976.0,96374,2901826,3828496960.0,3977.0,89,3976.0,136
rb1805,20171204,20171201,210420500,3977.0,96426,2901830,3830565000.0,3977.0,73,3976.0,136
rb1805,20171204,20171201,210421000,3977.0,96436,2901834,3830962700.0,3977.0,60,3976.0,149
rb1805,20171204,20171201,210421500,3977.0,96516,2901790,3834144300.0,3977.0,20,3976.0,149
rb1805,20171204,20171201,210422000,3977.0,96580,2901776,3836689580.0,3977.0,15,3976.0,153
rb1805,20171204,20171201,210422500,3977.0,96586,2901776,3836928160.0,3977.0,14,3976.0,151
rb1805,20171204,20171201,210423000,3977.0,96644,2901784,3839234760.0,3978.0,232,3977.0,1
rb1805,20171204,20171201,210423500,3977.0,96662,2901782,3839950620.0,3977.0,21,3976.0,149
rb1805,20171204,20171201,210424000,3977.0,96684,2901782,3840825560.0,3977.0,15,3976.0,215
rb1805,20171204,20171201,210424500,3977.0,96688,2901782,3840984640.0,3977.0,13,3976.0,205
rb1805,20171204,20171201,210425000,3977.0,96694,2901782,3841223260.0,3977.0,55,3976.0,212
rb1805,20171204,20171201,210425500,3976.0,96786,2901712,3844881560.0,3977.0,94,3976.0,185
rb1805,20171204,20171201,210426000,3976.0,97094,2901738,3857127980.0,3977.0,87,3976.0,53
rb1805,20171204,20171201,210426500,3976.0,97224,2901710,3862296780.0,3976.0,247,3975.0,209
rb1805,20171204,20171201,210427000,3976.0,97310,2901748,3865716140.0,3976.0,207,3975.0,114
rb1805,20171204,20171201,210427500,3975.0,97318,2901750,3866034160.0,3976.0,205,3975.0,113
rb1805,20171204,20171201,210428000,3975.0,97352,2901770,3867385760.0,3976.0,199,3975.0,101
rb1805,20171204,20171201,210428500,3975.0,97364,2901774,3867862820.0,3976.0,197,3975.0,98
rb1805,20171204,20171201,210429000,3976.0,97412,2901772,3869771280.0,3976.0,184,3975.0,111
rb1805,20171204,20171201,210429500,3976.0,97540,2901696,3874860540.0,3976.0,93,3975.0,109
rb1805,20171204,20171201,210430000,3976.0,97560,2901706,3875655620.0,3976.0,89,3975.0,118
rb1805,20171204,20171201,210430500,3976.0,97564,2901704,3875814640.0,3976.0,88,3975.0,115
rb1805,20171204,20171201,210431000,3976.0,97636,2901702,3878677360.0,3976.0,52,3975.0,119
rb1805,20171204,20171201,210431500,3976.0,97648,2901700,3879154440.0,3976.0,48,3975.0,121
rb1805,20171204,20171201,210432000,3977.0,97776,2901748,3884244040.0,3977.0,209,3976.0,3
rb1805,20171204,20171201,210432500,3976.0,97784,2901744,3884562120.0,3977.0,224,3976.0,1
rb1805,20171204,20171201,210433000,3975.0,97834,2901788,3886549680.0,3976.0,30,3975.0,134
rb1805,20171204,20171201,210433500,3976.0,97854,2901804,3887344880.0,3976.0,28,3975.0,146
rb1805,20171204,20171201,210434000,3976.0,97922,2901804,3890048460.0,3977.0,163,3975.0,141
rb1805,20171204,20171201,210434500,3975.0,97926,2901804,3890207460.0,3977.0,178,3976.0,10
rb1805,20171204,20171201,210435000,3976.0,97942,2901820,3890843660.0,3977.0,177,3976.0,6
rb1805,20171204,20171201,210435500,3976.0,97946,2901824,3891002720.0,3977.0,166,3976.0,6
rb1805,20171204,20171201,210436000,3977.0,97948,2901824,3891082260.0,3977.0,163,3976.0,106
rb1805,20171204,20171201,210436500,3977.0,97966,2901832,3891798040.0,3977.0,160,3976.0,104
rb1805,20171204,20171201,210437000,3976.0,98044,2901898,3894899340.0,3977.0,169,3976.0,66
rb1805,20171204,20171201,210437500,3977.0,98122,2901902,3898001340.0,3977.0,133,3976.0,77
rb1805,20171204,20171201,210438000,3976.0,98146,2901918,3898955620.0,3977.0,141,3976.0,68
rb1805,20171204,20171201,210438500,3977.0,98218,2901934,3901818860.0,3977.0,115,3976.0,59
rb1805,20171204,20171201,210439000,3976.0,98282,2901994,3904363540.0,3977.0,114,3976.0,32
rb1805,20171204,20171201,210439500,3976.0,98358,2902042,3907385360.0,3976.0,18,3975.0,188
rb1805,20171204,20171201,210440000,3976.0,98396,2902076,3908896240.0,3976.0,3,3975.0,193
rb1805,20171204,20171201,210440500,3976.0,98440,2902108,3910645780.0,3977.0,108,3976.0,25
rb1805,20171204,20171201,210441000,3977.0,98450,2902108,3911043460.0,3977.0,104,3976.0,48
rb1805,20171204,20171201,210441500,3977.0,98474,2902116,3911997820.0,3977.0,100,3976.0,44
rb1805,20171204,20171201,210442000,3976.0,98506,2902138,3913270260.0,3977.0,96,3976.0,44
rb1805,20171204,20171201,210442500,3977.0,98544,2902166,3914781320.0,3977.0,87,3976.0,54
rb1805,20171204,20171201,210443000,3977.0,98610,2902194,3917406040.0,3977.0,58,3976.0,141
rb1805,20171204,20171201,210443500,3977.0,98632,2902194,3918280900.0,3977.0,52,3976.0,137
rb1805,20171204,20171201,210444000,3977.0,98662,2902212,3919473980.0,3977.0,38,3976.0,136
rb1805,20171204,20171201,210444500,3976.0,98680,2902210,3920189740.0,3977.0,37,3976.0,131
rb1805,20171204,20171201,210445000,3977.0,98686,2902208,3920428360.0,3977.0,35,3976.0,132
rb1805,20171204,20171201,210445500,3977.0,99158,2902218,3939195680.0,3976.0,1,3975.0,323
rb1805,20171204,20171201,210446000,3978.0,99200,2902234,3940866040.0,3978.0,290,3977.0,8
rb1805,20171204,20171201,210446500,3977.0,99236,2902222,3942297760.0,3978.0,290,3977.0,2
rb1805,20171204,20171201,210447000,3977.0,99294,2902236,3944604040.0,3977.0,49,3976.0,76
rb1805,20171204,20171201,210447500,3977.0,99318,2902250,3945558520.0,3977.0,37,3976.0,67
rb1805,20171204,20171201,210448000,3976.0,99332,2902258,3946115280.0,3977.0,63,3976.0,53
rb1805,20171204,20171201,210448500,3977.0,99338,2902256,3946353880.0,3977.0,64,3976.0,44
rb1805,20171204,20171201,210449000,3977.0,99478,2902310,3951921680.0,3978.0,278,3977.0,81
rb1805,20171204,20171201,210449500,3977.0,99546,2902368,3954626060.0,3978.0,290,3977.0,49
rb1805,20171204,20171201,210450000,3977.0,99560,2902376,3955182860.0,3978.0,289,3977.0,69
rb1805,20171204,20171201,210450500,3977.0,99570,2902376,3955580580.0,3978.0,288,3977.0,67
rb1805,20171204,20171201,210451000,3977.0,99576,2902378,3955819220.0,3978.0,288,3977.0,79
rb1805,20171204,20171201,210451500,3977.0,99610,2902382,3957171600.0,3978.0,278,3977.0,72
rb1805,20171204,20171201,210452000,3978.0,99620,2902384,3957569340.0,3978.0,277,3977.0,80
rb1805,20171204,20171201,210452500,3978.0,99642,2902398,3958444380.0,3978.0,273,3977.0,80
rb1805,20171204,20171201,210453000,3978.0,99694,2902396,3960512840.0,3978.0,257,3977.0,75
rb1805,20171204,20171201,210453500,3977.0,99698,2902398,3960671940.0,3978.0,264,3977.0,75
rb1805,20171204,20171201,210454000,3977.0,99710,2902398,3961149280.0,3978.0,260,3977.0,75
rb1805,20171204,20171201,210454500,3977.0,99810,2902402,3965126800.0,3978.0,243,3977.0,51
rb1805,20171204,20171201,210455000,3977.0,99810,2902402,3965126800.0,3978.0,250,3977.0,51
rb1805,20171204,20171201,210455500,3977.0,99810,2902402,3965126800.0,3978.0,250,3977.0,53
rb1805,20171204,20171201,210456000,3977.0,99966,2902426,3971330960.0,3977.0,24,3976.0,141
rb1805,20171204,20171201,210456500,3978.0,100044,2902456,3974433020.0,3978.0,240,3977.0,8
rb1805,20171204,20171201,210457000,3977.0,100062,2902450,3975148900.0,3977.0,6,3976.0,154
rb1805,20171204,20171201,210457500,3977.0,100106,2902450,3976898980.0,3977.0,10,3976.0,154
rb1805,20171204,20171201,210458000,3977.0,100116,2902448,3977296740.0,3977.0,48,3976.0,214
rb1805,20171204,20171201,210458500,3977.0,100122,2902444,3977535320.0,3977.0,52,3976.0,214
rb1805,20171204,20171201,210459000,3977.0,100140,2902444,3978251180.0,3977.0,55,3976.0,214
rb1805,20171204,20171201,210459500,3977.0,100218,2902440,3981352840.0,3977.0,41,3976.0,196
rb1805,20171204,20171201,210500000,3976.0,100300,2902472,3984613240.0,3977.0,93,3976.0,141
rb1805,20171204,20171201,210500500,3977.0,100412,2902518,3989066680.0,3977.0,90,3976.0,110
rb1805,20171204,20171201,210501000,3977.0,100432,2902510,3989862060.0,3977.0,129,3976.0,162
rb1805,20171204,20171201,210501500,3977.0,100436,2902510,3990021140.0,3977.0,162,3976.0,164
rb1805,20171204,20171201,210502000,3976.0,100770,2902638,4003302600.0,3977.0,84,3976.0,78
rb1805,20171204,20171201,210502500,3976.0,101000,2902622,4012447300.0,3976.0,126,3975.0,384
rb1805,20171204,20171201,210503000,3975.0,101056,2902666,4014673840.0,3976.0,260,3975.0,349
rb1805,20171204,20171201,210503500,3975.0,101920,2903424,4049020120.0,3976.0,149,3975.0,31
rb1805,20171204,20171201,210504000,3974.0,101994,2903488,4051961520.0,3975.0,397,3974.0,789
rb1805,20171204,20171201,210504500,3975.0,102008,2903490,4052518000.0,3975.0,441,3974.0,567
rb1805,20171204,20171201,210505000,3975.0,102134,2903516,4057525340.0,3975.0,451,3974.0,511
rb1805,20171204,20171201,210505500,3975.0,102364,2903544,4066665720.0,3975.0,452,3974.0,404
rb1805,20171204,20171201,210506000,3974.0,102392,2903568,4067778500.0,3975.0,450,3974.0,394
rb1805,20171204,20171201,210506500,3975.0,102558,2903588,4074375580.0,3975.0,431,3974.0,326
rb1805,20171204,20171201,210507000,3975.0,102562,2903590,4074534560.0,3975.0,435,3974.0,327
rb1805,20171204,20171201,210507500,3975.0,102686,2903666,4079462700.0,3975.0,412,3974.0,285
rb1805,20171204,20171201,210508000,3975.0,102776,2903634,4083039880.0,3975.0,345,3974.0,270
rb1805,20171204,20171201,210508500,3975.0,102802,2903642,4084073240.0,3975.0,339,3974.0,272
rb1805,20171204,20171201,210509000,3974.0,102878,2903632,4087093900.0,3975.0,318,3974.0,258
rb1805,20171204,20171201,210509500,3975.0,102888,2903634,4087491380.0,3975.0,312,3974.0,297
rb1805,20171204,20171201,210510000,3975.0,102928,2903632,4089081060.0,3975.0,310,3974.0,281
rb1805,20171204,20171201,210510500,3975.0,102960,2903646,4090352760.0,3975.0,311,3974.0,272
rb1805,20171204,20171201,210511000,3974.0,103010,2903686,4092339840.0,3975.0,360,3974.0,320
rb1805,20171204,20171201,210511500,3974.0,103016,2903688,4092578300.0,3975.0,359,3974.0,322
rb1805,20171204,20171201,210512000,3975.0,103028,2903682,4093055260.0,3975.0,355,3974.0,324
rb1805,20171204,20171201,210512500,3975.0,103038,2903684,4093452700.0,3975.0,354,3974.0,323
rb1805,20171204,20171201,210513000,3975.0,103046,2903686,4093770660.0,3975.0,353,3974.0,317
rb1805,20171204,20171201,210513500,3975.0,103076,2903688,4094963100.0,3975.0,347,3974.0,317
rb1805,20171204,20171201,210514000,3975.0,103146,2903716,4097745060.0,3975.0,338,3974.0,291
rb1805,20171204,20171201,210514500,3975.0,103156,2903712,4098142520.0,3975.0,336,3974.0,289
rb1805,20171204,20171201,210515000,3975.0,103156,2903712,4098142520.0,3975.0,320,3974.0,328
rb1805,20171204,20171201,210515500,3974.0,103166,2903714,4098540000.0,3975.0,332,3974.0,349
rb1805,20171204,20171201,210516000,3975.0,103842,2904046,4125404360.0,3975.0,358,3974.0,28
rb1805,20171204,20171201,210516500,3974.0,103904,2904016,4127868240.0,3974.0,171,3973.0,605
rb1805,20171204,20171201,210517000,3974.0,103906,2904016,4127947720.0,3974.0,186,3973.0,531
rb1805,20171204,20171201,210517500,3974.0,103914,2904008,4128265640.0,3974.0,184,3973.0,531
rb1805,20171204,20171201,210518000,3974.0,103930,2903996,4128901460.0,3974.0,187,3973.0,530
rb1805,20171204,20171201,210518500,3973.0,103990,2903990,4131285420.0,3974.0,179,3973.0,509
rb1805,20171204,20171201,210519000,3974.0,104010,2903980,4132080160.0,3974.0,172,3973.0,507
rb1805,20171204,20171201,210519500,3973.0,104044,2903960,4133431180.0,3974.0,162,3973.0,500
rb1805,20171204,20171201,210520000,3973.0,104072,2903956,4134543820.0,3974.0,154,3973.0,496
rb1805,20171204,20171201,210520500,3973.0,104094,2903948,4135417900.0,3974.0,201,3973.0,503
rb1805,20171204,20171201,210521000,3973.0,104096,2903948,4135497360.0,3974.0,205,3973.0,429
rb1805,20171204,20171201,210521500,3974.0,104104,2903946,4135815220.0,3974.0,215,3973.0,427
rb1805,20171204,20171201,210522000,3973.0,104144,2903924,4137404760.0,3974.0,198,3973.0,426
rb1805,20171204,20171201,210522500,3974.0,104150,2903922,4137643180.0,3974.0,197,3973.0,425
rb1805,20171204,20171201,210523000,3973.0,104162,2903918,4138120000.0,3974.0,194,3973.0,426
rb1805,20171204,20171201,210523500,3974.0,104238,2903910,4141140140.0,3974.0,162,3973.0,422
rb1805,20171204,20171201,210524000,3974.0,104252,2903908,4141696460.0,3974.0,160,3973.0,421
rb1805,20171204,20171201,210524500,3973.0,104276,2903892,4142650040.0,3974.0,157,3973.0,412
rb1805,20171204,20171201,210525000,3973.0,104320,2903878,4144398440.0,3974.0,200,3973.0,411
rb1805,20171204,20171201,210525500,3973.0,104424,2903796,4148531040.0,3974.0,168,3973.0,395
rb1805,20171204,20171201,210526000,3973.0,104448,2903796,4149484700.0,3974.0,163,3973.0,494
rb1805,20171204,20171201,210526500,3974.0,104570,2903698,4154331940.0,3974.0,154,3973.0,442
rb1805,20171204,20171201,210527000,3974.0,104604,2903678,4155683020.0,3974.0,142,3973.0,440
rb1805,20171204,20171201,210527500,3973.0,104646,2903656,4157351880.0,3974.0,132,3973.0,430
rb1805,20171204,20171201,210528000,3974.0,104680,2903654,4158702980.0,3974.0,130,3973.0,431
rb1805,20171204,20171201,210528500,3974.0,104972,2903742,4170307060.0,3975.0,380,3974.0,3
rb1805,20171204,20171201,210529000,3974.0,105036,2903804,4172851000.0,3975.0,377,3974.0,20
rb1805,20171204,20171201,210529500,3974.0,105048,2903802,4173327880.0,3975.0,377,3974.0,78
rb1805,20171204,20171201,210530000,3974.0,105252,2903774,4181434820.0,3974.0,22,3973.0,426
rb1805,20171204,20171201,210530500,3974.0,105326,2903716,4184375420.0,3975.0,378,3973.0,418
rb1805,20171204,20171201,210531000,3973.0,105430,2903734,4188507420.0,3974.0,7,3973.0,373
rb1805,20171204,20171201,210531500,3974.0,105458,2903736,4189620120.0,3975.0,376,3974.0,6
rb1805,20171204,20171201,210532000,3975.0,105470,2903738,4190097040.0,3975.0,376,3974.0,3
rb1805,20171204,20171201,210532500,3975.0,105476,2903742,4190335500.0,3975.0,377,3974.0,7
rb1805,20171204,20171201,210533000,3974.0,105482,2903740,4190573940.0,3975.0,377,3974.0,8
rb1805,20171204,20171201,210533500,3974.0,105498,2903754,4191209780.0,3974.0,48,3973.0,360
rb1805,20171204,20171201,210534000,3974.0,105526,2903780,4192322480.0,3974.0,35,3973.0,360
rb1805,20171204,20171201,210534500,3974.0,105726,2903762,4200269240.0,3974.0,14,3973.0,349
rb1805,20171204,20171201,210535000,3974.0,105730,2903762,4200428200.0,3974.0,64,3973.0,350
rb1805,20171204,20171201,210535500,3974.0,105736,2903762,4200666620.0,3974.0,67,3973.0,350
rb1805,20171204,20171201,210536000,3974.0,105880,2903740,4206389180.0,3975.0,389,3974.0,147
rb1805,20171204,20171201,210536500,3974.0,105924,2903730,4208137840.0,3975.0,384,3974.0,144
rb1805,20171204,20171201,210537000,3974.0,105928,2903728,4208296800.0,3975.0,385,3974.0,163
rb1805,20171204,20171201,210537500,3974.0,105934,2903728,4208535240.0,3975.0,397,3974.0,163
rb1805,20171204,20171201,210538000,3974.0,105974,2903702,4210124900.0,3975.0,395,3974.0,148
rb1805,20171204,20171201,210538500,3974.0,105974,2903702,4210124900.0,3975.0,391,3974.0,150
rb1805,20171204,20171201,210539000,3975.0,105990,2903710,4210760840.0,3975.0,388,3974.0,151
rb1805,20171204,20171201,210539500,3974.0,105994,2903710,4210919800.0,3975.0,392,3974.0,151
rb1805,20171204,20171201,210540000,3974.0,106202,2903542,4219185740.0,3975.0,389,3974.0,51
rb1805,20171204,20171201,210540500,3975.0,106256,2903536,4221331740.0,3975.0,387,3974.0,29
rb1805,20171204,20171201,210541000,3974.0,106288,2903548,4222603540.0,3975.0,382,3974.0,25
rb1805,20171204,20171201,210541500,3974.0,106302,2903546,4223159900.0,3975.0,383,3974.0,66
rb1805,20171204,20171201,210542000,3974.0,106342,2903532,4224749860.0,3975.0,365,3974.0,64
rb1805,20171204,20171201,210542500,3975.0,106380,2903526,4226260040.0,3975.0,367,3974.0,50
rb1805,20171204,20171201,210543000,3974.0,106506,2903618,4231267280.0,3974.0,70,3973.0,373
rb1805,20171204,20171201,210543500,3974.0,106508,2903620,4231346760.0,3974.0,69,3973.0,373
rb1805,20171204,20171201,210544000,3974.0,106516,2903626,4231664680.0,3974.0,142,3973.0,373
rb1805,20171204,20171201,210544500,3974.0,106528,2903628,4232141560.0,3974.0,158,3973.0,373
rb1805,20171204,20171201,210545000,3973.0,106552,2903652,4233095300.0,3974.0,149,3973.0,405
rb1805,20171204,20171201,210545500,3974.0,106702,2903774,4239055020.0,3974.0,156,3973.0,361
rb1805,20171204,20171201,210546000,3974.0,106712,2903784,4239452380.0,3974.0,156,3973.0,359
rb1805,20171204,20171201,210546500,3973.0,106726,2903790,4240008680.0,3974.0,154,3973.0,323
rb1805,20171204,20171201,210547000,3974.0,106778,2903838,4242075120.0,3974.0,131,3973.0,325
rb1805,20171204,20171201,210547500,3974.0,106838,2903824,4244459460.0,3974.0,104,3973.0,330
rb1805,20171204,20171201,210548000,3974.0,106848,2903822,4244856860.0,3974.0,100,3973.0,357
rb1805,20171204,20171201,210548500,3974.0,106876,2903816,4245969340.0,3974.0,103,3973.0,345
rb1805,20171204,20171201,210549000,3974.0,106894,2903806,4246684640.0,3974.0,95,3973.0,374
rb1805,20171204,20171201,210549500,3973.0,106906,2903812,4247161400.0,3974.0,90,3973.0,389
rb1805,20171204,20171201,210550000,3974.0,106920,2903812,4247717760.0,3974.0,75,3973.0,389
rb1805,20171204,20171201,210550500,3973.0,107002,2903794,4250975840.0,3974.0,95,3973.0,358
rb1805,20171204,20171201,210551000,3974.0,107006,2903792,4251134800.0,3974.0,93,3973.0,409
rb1805,20171204,20171201,210551500,3973.0,107040,2903790,4252485720.0,3974.0,95,3973.0,397
rb1805,20171204,20171201,210552000,3973.0,107084,2903780,4254233940.0,3974.0,109,3973.0,383
rb1805,20171204,20171201,210552500,3974.0,107338,2903866,4264325460.0,3974.0,107,3973.0,243
rb1805,20171204,20171201,210553000,3973.0,107824,2904124,4283634240.0,3973.0,23,3972.0,444
rb1805,20171204,20171201,210553500,3973.0,107948,2904132,4288560660.0,3973.0,228,3972.0,392
rb1805,20171204,20171201,210554000,3973.0,107994,2904178,4290388040.0,3973.0,246,3972.0,382
rb1805,20171204,20171201,210554500,3972.0,108032,2904208,4291897480.0,3973.0,243,3972.0,367
rb1805,20171204,20171201,210555000,3972.0,108070,2904232,4293406860.0,3973.0,236,3972.0,353
rb1805,20171204,20171201,210555500,3972.0,108156,2904254,4296822880.0,3973.0,231,3972.0,315
rb1805,20171204,20171201,210556000,3972.0,108182,2904250,4297855620.0,3973.0,250,3972.0,306
rb1805,20171204,20171201,210556500,3972.0,108268,2904260,4301271740.0,3973.0,242,3972.0,275
rb1805,20171204,20171201,210557000,3972.0,108704,2904418,4318589760.0,3973.0,236,3972.0,64
rb1805,20171204,20171201,210557500,3972.0,108920,2904486,4327168520.0,3972.0,162,3971.0,326
rb1805,20171204,20171201,210558000,3971.0,109016,2904498,4330980920.0,3972.0,186,3971.0,290
rb1805,20171204,20171201,210558500,3971.0,109090,2904482,4333919720.0,3972.0,186,3971.0,267
rb1805,20171204,20171201,210559000,3971.0,109212,2904414,4338764500.0,3972.0,183,3971.0,214
rb1805,20171204,20171201,210559500,3971.0,109294,2904372,4342021060.0,3972.0,168,3971.0,190
rb1805,20171204,20171201,210600000,3972.0,109310,2904360,4342656520.0,3972.0,192,3971.0,197
rb1805,20171204,20171201,210600500,3972.0,109382,2904368,4345515660.0,3972.0,193,3971.0,179
rb1805,20171204,20171201,210601000,3971.0,109416,2904368,4346865860.0,3972.0,180,3971.0,209
rb1805,20171204,20171201,210601500,3972.0,109472,2904402,4349089780.0,3972.0,175,3971.0,199
rb1805,20171204,20171201,210602000,3971.0,109518,2904428,4350916740.0,3972.0,131,3971.0,200
rb1805,20171204,20171201,210602500,3971.0,109560,2904428,4352584700.0,3972.0,126,3971.0,217
rb1805,20171204,20171201,210603000,3972.0,110026,2904432,4371090980.0,3972.0,59,3971.0,57
rb1805,20171204,20171201,210603500,3971.0,110220,2904582,4378794720.0,3971.0,120,3970.0,647
rb1805,20171204,20171201,210604000,3971.0,110490,2904564,4389516560.0,3972.0,69,3971.0,3
rb1805,20171204,20171201,210604500,3971.0,110796,2904400,4401671320.0,3971.0,30,3970.0,648
rb1805,20171204,20171201,210605000,3972.0,110870,2904468,4404609900.0,3972.0,65,3971.0,106
rb1805,20171204,20171201,210605500,3971.0,111308,2904260,4422009240.0,3973.0,120,3971.0,40
rb1805,20171204,20171201,210606000,3971.0,111338,2904256,4423200600.0,3972.0,57,3971.0,102
rb1805,20171204,20171201,210606500,3971.0,111362,2904248,4424153720.0,3972.0,62,3971.0,89
rb1805,20171204,20171201,210607000,3971.0,111424,2904248,4426615760.0,3972.0,16,3971.0,65
rb1805,20171204,20171201,210607500,3972.0,111442,2904250,4427330640.0,3972.0,64,3971.0,72
rb1805,20171204,20171201,210608000,3972.0,111476,2904256,4428680980.0,3972.0,86,3971.0,72
rb1805,20171204,20171201,210608500,3971.0,111552,2904248,4431699220.0,3972.0,74,3971.0,51
rb1805,20171204,20171201,210609000,3971.0,111566,2904252,4432255220.0,3972.0,142,3971.0,110
rb1805,20171204,20171201,210609500,3971.0,111612,2904284,4434081920.0,3972.0,165,3971.0,105
rb1805,20171204,20171201,210610000,3971.0,111884,2904382,4444885080.0,3972.0,66,3971.0,84
rb1805,20171204,20171201,210610500,3971.0,111992,2904298,4449173760.0,3972.0,78,3971.0,48
rb1805,20171204,20171201,210611000,3971.0,112080,2904246,4452668260.0,3972.0,76,3971.0,27
rb1805,20171204,20171201,210611500,3972.0,112140,2904260,4455051300.0,3972.0,60,3971.0,64
rb1805,20171204,20171201,210612000,3971.0,112192,2904292,4457116280.0,3972.0,83,3971.0,47
rb1805,20171204,20171201,210612500,3972.0,112200,2904286,4457434000.0,3972.0,250,3971.0,63
rb1805,20171204,20171201,210613000,3972.0,112220,2904282,4458228320.0,3972.0,475,3971.0,65
rb1805,20171204,20171201,210613500,3971.0,112434,2904414,4466728260.0,3972.0,376,3971.0,59
rb1805,20171204,20171201,210614000,3971.0,112592,2904410,4473003440.0,3972.0,343,3971.0,36
rb1805,20171204,20171201,210614500,3971.0,112642,2904416,4474989060.0,3972.0,341,3971.0,18
rb1805,20171204,20171201,210615000,3971.0,112662,2904424,4475783280.0,3972.0,344,3971.0,14
rb1805,20171204,20171201,210615500,3971.0,112744,2904424,4479039540.0,3972.0,347,3971.0,6
rb1805,20171204,20171201,210616000,3972.0,112770,2904432,4480072180.0,3972.0,339,3971.0,40
rb1805,20171204,20171201,210616500,3972.0,112796,2904454,4481104880.0,3972.0,343,3971.0,58
rb1805,20171204,20171201,210617000,3972.0,113026,2904388,4490238800.0,3972.0,310,3971.0,112
rb1805,20171204,20171201,210617500,3971.0,113370,2904346,4503901020.0,3972.0,211,3971.0,100
rb1805,20171204,20171201,210618000,3971.0,113394,2904344,4504854140.0,3972.0,211,3971.0,239
rb1805,20171204,20171201,210618500,3971.0,113836,2904496,4522410220.0,3973.0,197,3971.0,249
rb1805,20171204,20171201,210619000,3973.0,113842,2904496,4522648560.0,3973.0,173,3972.0,15
rb1805,20171204,20171201,210619500,3972.0,113902,2904452,4525031680.0,3973.0,174,3972.0,1
rb1805,20171204,20171201,210620000,3972.0,113930,2904476,4526143860.0,3973.0,171,3972.0,142
rb1805,20171204,20171201,210620500,3972.0,113958,2904480,4527256020.0,3973.0,170,3972.0,130
rb1805,20171204,20171201,210621000,3972.0,113980,2904500,4528129860.0,3973.0,161,3972.0,154
rb1805,20171204,20171201,210621500,3972.0,114008,2904526,4529242060.0,3973.0,185,3972.0,142
rb1805,20171204,20171201,210622000,3972.0,114010,2904528,4529321500.0,3973.0,192,3972.0,142
rb1805,20171204,20171201,210622500,3972.0,114100,2904592,4532896860.0,3973.0,166,3972.0,135
rb1805,20171204,20171201,210623000,3972.0,114180,2904652,4536074840.0,3973.0,147,3972.0,118
rb1805,20171204,20171201,210623500,3973.0,114186,2904654,4536313200.0,3973.0,146,3972.0,118
rb1805,20171204,20171201,210624000,3972.0,114242,2904694,4538537680.0,3973.0,119,3972.0,105
rb1805,20171204,20171201,210624500,3972.0,114346,2904782,4542668580.0,3973.0,119,3972.0,55
rb1805,20171204,20171201,210625000,3972.0,114372,2904786,4543701320.0,3973.0,118,3972.0,43
rb1805,20171204,20171201,210625500,3972.0,114460,2904766,4547196720.0,3973.0,117,3972.0,2
rb1805,20171204,20171201,210626000,3972.0,114556,2904764,4551010340.0,3972.0,85,3971.0,239
rb1805,20171204,20171201,210626500,3971.0,114568,2904762,4551486880.0,3972.0,101,3971.0,233
rb1805,20171204,20171201,210627000,3972.0,114704,2904630,4556888700.0,3972.0,131,3971.0,190
rb1805,20171204,20171201,210627500,3972.0,114752,2904636,4558795240.0,3972.0,116,3971.0,114
rb1805,20171204,20171201,210628000,3972.0,115140,2904882,4574205140.0,3972.0,33,3971.0,41
rb1805,20171204,20171201,210628500,3972.0,115230,2904940,4577779100.0,3972.0,31,3971.0,13
rb1805,20171204,20171201,210629000,3972.0,115238,2904942,4578096840.0,3972.0,33,3971.0,12
rb1805,20171204,20171201,210629500,3971.0,115272,2904956,4579447000.0,3971.0,96,3970.0,644
rb1805,20171204,20171201,210630000,3971.0,115276,2904956,4579605840.0,3971.0,141,3970.0,645
rb1805,20171204,20171201,210630500,3971.0,115298,2904942,4580479440.0,3971.0,206,3970.0,647
rb1805,20171204,20171201,210631000,3970.0,115348,2904936,4582464720.0,3971.0,218,3970.0,636
rb1805,20171204,20171201,210631500,3971.0,115558,2904736,4590801880.0,3971.0,219,3970.0,554
rb1805,20171204,20171201,210632000,3970.0,116660,2905326,4634551380.0,3971.0,217,3970.0,8
rb1805,20171204,20171201,210632500,3970.0,116712,2905352,4636615720.0,3970.0,844,3969.0,185
rb1805,20171204,20171201,210633000,3969.0,117156,2905240,4654238080.0,3969.0,100,3968.0,395
rb1805,20171204,20171201,210633500,3969.0,117228,2905206,4657095400.0,3969.0,91,3968.0,318
rb1805,20171204,20171201,210634000,3968.0,117274,2905196,4658920760.0,3969.0,91,3968.0,299
rb1805,20171204,20171201,210634500,3968.0,117454,2905140,4666063340.0,3969.0,83,3968.0,226
rb1805,20171204,20171201,210635000,3968.0,117516,2905138,4668523680.0,3969.0,101,3968.0,265
rb1805,20171204,20171201,210635500,3968.0,117584,2905112,4671221940.0,3969.0,250,3968.0,282
rb1805,20171204,20171201,210636000,3969.0,117628,2905116,4672968020.0,3969.0,242,3968.0,270
rb1805,20171204,20171201,210636500,3968.0,117816,2905076,4680427900.0,3969.0,262,3968.0,183
rb1805,20171204,20171201,210637000,3968.0,117876,2905106,4682808740.0,3969.0,265,3968.0,173
rb1805,20171204,20171201,210637500,3968.0,117942,2905116,4685427680.0,3969.0,271,3968.0,148
rb1805,20171204,20171201,210638000,3969.0,118008,2905112,4688046760.0,3969.0,262,3968.0,137
rb1805,20171204,20171201,210638500,3969.0,118102,2905058,4691776920.0,3969.0,279,3968.0,140
rb1805,20171204,20171201,210639000,3968.0,118126,2905054,4692729360.0,3969.0,272,3968.0,134
rb1805,20171204,20171201,210639500,3968.0,118210,2905090,4696062560.0,3969.0,274,3968.0,101
rb1805,20171204,20171201,210640000,3968.0,118350,2905122,4701617900.0,3969.0,268,3968.0,87
rb1805,20171204,20171201,210640500,3968.0,118554,2904978,4709712720.0,3968.0,541,3967.0,250
rb1805,20171204,20171201,210641000,3968.0,118590,2904968,4711141000.0,3968.0,554,3967.0,240
rb1805,20171204,20171201,210641500,3967.0,118638,2904972,4713045380.0,3968.0,568,3967.0,227
rb1805,20171204,20171201,210642000,3968.0,118800,2904960,4719472140.0,3968.0,570,3967.0,158
rb1805,20171204,20171201,210642500,3968.0,118946,2904908,4725264420.0,3968.0,575,3967.0,116
rb1805,20171204,20171201,210643000,3967.0,119084,2904896,4730739400.0,3968.0,556,3967.0,75
rb1805,20171204,20171201,210643500,3968.0,119202,2904854,4735420640.0,3968.0,553,3967.0,29
rb1805,20171204,20171201,210644000,3967.0,119304,2904814,4739467180.0,3967.0,38,3966.0,451
rb1805,20171204,20171201,210644500,3966.0,119444,2904762,4745020380.0,3967.0,92,3966.0,423
rb1805,20171204,20171201,210645000,3966.0,119632,2904760,4752476760.0,3967.0,93,3966.0,347
rb1805,20171204,20171201,210645500,3966.0,119688,2904744,4754697920.0,3967.0,98,3966.0,343
rb1805,20171204,20171201,210646000,3967.0,119854,2904734,4761281700.0,3967.0,91,3966.0,284
rb1805,20171204,20171201,210646500,3966.0,119912,2904738,4763582020.0,3967.0,106,3966.0,259
rb1805,20171204,20171201,210647000,3966.0,119972,2904740,4765961680.0,3967.0,137,3966.0,232
rb1805,20171204,20171201,210647500,3966.0,120236,2904598,4776432260.0,3967.0,122,3966.0,148
rb1805,20171204,20171201,210648000,3966.0,120290,2904620,4778573980.0,3967.0,119,3966.0,135
rb1805,20171204,20171201,210648500,3966.0,120384,2904670,4782302240.0,3967.0,108,3966.0,101
rb1805,20171204,20171201,210649000,3966.0,120514,2904670,4787458180.0,3967.0,142,3966.0,111
rb1805,20171204,20171201,210649500,3966.0,120696,2904644,4794677460.0,3967.0,87,3966.0,92
rb1805,20171204,20171201,210650000,3966.0,120820,2904638,4799596140.0,3967.0,48,3966.0,120
rb1805,20171204,20171201,210650500,3966.0,120916,2904622,4803403620.0,3967.0,42,3966.0,290
rb1805,20171204,20171201,210651000,3967.0,121026,2904614,4807767200.0,3968.0,556,3967.0,26
rb1805,20171204,20171201,210651500,3966.0,121124,2904616,4811654880.0,3968.0,556,3967.0,149
rb1805,20171204,20171201,210652000,3967.0,121442,2904912,4824269980.0,3968.0,553,3967.0,45
rb1805,20171204,20171201,210652500,3967.0,121482,2904896,4825856880.0,3968.0,547,3967.0,85
rb1805,20171204,20171201,210653000,3967.0,121578,2904902,4829665200.0,3968.0,547,3967.0,44
rb1805,20171204,20171201,210653500,3968.0,121726,2904928,4835536260.0,3968.0,539,3966.0,185
rb1805,20171204,20171201,210654000,3968.0,121766,2904942,4837122780.0,3968.0,541,3967.0,4
rb1805,20171204,20171201,210654500,3967.0,121916,2904872,4843071880.0,3967.0,49,3966.0,147
rb1805,20171204,20171201,210655000,3967.0,121948,2904860,4844341240.0,3967.0,49,3966.0,156
rb1805,20171204,20171201,210655500,3966.0,121986,2904846,4845848680.0,3967.0,37,3966.0,169
rb1805,20171204,20171201,210656000,3967.0,122112,2904908,4850847080.0,3968.0,541,3967.0,10
rb1805,20171204,20171201,210656500,3968.0,122170,2904914,4853148340.0,3968.0,524,3967.0,14
rb1805,20171204,20171201,210657000,3967.0,122242,2904882,4856005020.0,3968.0,502,3967.0,9
rb1805,20171204,20171201,210657500,3967.0,122348,2904858,4860210000.0,3967.0,51,3966.0,257
rb1805,20171204,20171201,210658000,3967.0,122468,2904834,4864969840.0,3967.0,27,3966.0,252
rb1805,20171204,20171201,210658500,3967.0,122528,2904814,4867349980.0,3967.0,28,3966.0,250
rb1805,20171204,20171201,210659000,3967.0,122550,2904828,4868222680.0,3967.0,71,3966.0,282
rb1805,20171204,20171201,210659500,3967.0,122602,2904862,4870285340.0,3967.0,68,3966.0,332
rb1805,20171204,20171201,210700000,3966.0,123544,2904388,4907646800.0,3966.0,16,3965.0,550
rb1805,20171204,20171201,210700500,3966.0,123654,2904368,4912010020.0,3968.0,169,3967.0,1
rb1805,20171204,20171201,210701000,3966.0,123940,2904380,4923354040.0,3967.0,34,3966.0,30
rb1805,20171204,20171201,210701500,3967.0,124286,2904492,4937077440.0,3966.0,2,3965.0,656
rb1805,20171204,20171201,210702000,3967.0,124426,2904466,4942630100.0,3967.0,101,3966.0,161
rb1805,20171204,20171201,210702500,3967.0,124644,2904286,4951278020.0,3968.0,170,3967.0,21
rb1805,20171204,20171201,210703000,3966.0,125164,2903924,4971901760.0,3966.0,262,3965.0,641
rb1805,20171204,20171201,210703500,3966.0,125730,2903532,4994349460.0,3967.0,180,3966.0,114
rb1805,20171204,20171201,210704000,3966.0,126046,2903776,5006885100.0,3967.0,14,3966.0,224
rb1805,20171204,20171201,210704500,3967.0,126132,2903748,5010296720.0,3968.0,178,3967.0,314
rb1805,20171204,20171201,210705000,3967.0,126520,2903572,5025692260.0,3969.0,219,3967.0,418
rb1805,20171204,20171201,210705500,3968.0,126574,2903578,5027834980.0,3969.0,219,3968.0,513
rb1805,20171204,20171201,210706000,3969.0,127086,2903518,5048155980.0,3969.0,16,3968.0,506
rb1805,20171204,20171201,210706500,3969.0,127170,2903474,5051489940.0,3970.0,285,3969.0,307
rb1805,20171204,20171201,210707000,3970.0,127806,2903710,5076739080.0,3971.0,164,3970.0,101
rb1805,20171204,20171201,210707500,3970.0,127940,2903612,5082060060.0,3971.0,255,3970.0,608
rb1805,20171204,20171201,210708000,3971.0,128482,2903560,5103582800.0,3971.0,146,3970.0,606
rb1805,20171204,20171201,210708500,3970.0,128734,2903514,5113589620.0,3971.0,29,3970.0,560
rb1805,20171204,20171201,210709000,3971.0,128816,2903466,5116845820.0,3972.0,122,3971.0,7
rb1805,20171204,20171201,210709500,3970.0,128926,2903416,5121213660.0,3971.0,114,3970.0,553
rb1805,20171204,20171201,210710000,3970.0,128978,2903442,5123278220.0,3971.0,128,3970.0,535
rb1805,20171204,20171201,210710500,3970.0,129086,2903454,5127565940.0,3971.0,137,3970.0,477
rb1805,20171204,20171201,210711000,3971.0,129498,2903054,5143922460.0,3971.0,148,3970.0,280
rb1805,20171204,20171201,210711500,3971.0,129652,2903004,5150036280.0,3971.0,158,3970.0,214
rb1805,20171204,20171201,210712000,3970.0,129718,2903000,5152656580.0,3971.0,155,3970.0,192
rb1805,20171204,20171201,210712500,3970.0,130104,2902674,5167980820.0,3971.0,164,3970.0,1
rb1805,20171204,20171201,210713000,3970.0,130238,2902674,5173300620.0,3970.0,121,3969.0,255
rb1805,20171204,20171201,210713500,3970.0,130276,2902672,5174809200.0,3970.0,70,3969.0,255
rb1805,20171204,20171201,210714000,3970.0,130384,2902672,5179096800.0,3970.0,18,3969.0,255
rb1805,20171204,20171201,210714500,3970.0,130454,2902654,5181875980.0,3971.0,201,3970.0,2
rb1805,20171204,20171201,210715000,3970.0,130474,2902654,5182670080.0,3971.0,197,3970.0,4
rb1805,20171204,20171201,210715500,3970.0,130476,2902656,5182749480.0,3971.0,203,3970.0,48
rb1805,20171204,20171201,210716000,3970.0,130590,2902568,5187275300.0,3971.0,207,3970.0,14
rb1805,20171204,20171201,210716500,3970.0,130608,2902564,5187989940.0,3971.0,211,3970.0,14
rb1805,20171204,20171201,210717000,3970.0,130674,2902526,5190610280.0,3970.0,2,3969.0,258
rb1805,20171204,20171201,210717500,3970.0,130698,2902530,5191563080.0,3971.0,218,3970.0,1
rb1805,20171204,20171201,210718000,3970.0,130704,2902532,5191801280.0,3971.0,228,3970.0,11
rb1805,20171204,20171201,210718500,3971.0,130748,2902556,5193548280.0,3971.0,223,3970.0,22
rb1805,20171204,20171201,210719000,3971.0,130792,2902556,5195295100.0,3971.0,282,3970.0,10
rb1805,20171204,20171201,210719500,3971.0,130796,2902558,5195453920.0,3971.0,282,3970.0,64
rb1805,20171204,20171201,210720000,3970.0,130908,2902548,5199900840.0,3971.0,258,3970.0,40
rb1805,20171204,20171201,210720500,3970.0,130928,2902564,5200694860.0,3971.0,264,3970.0,38
rb1805,20171204,20171201,210721000,3970.0,131012,2902612,5204029700.0,3971.0,281,3969.0,260
rb1805,20171204,20171201,210721500,3970.0,131014,2902614,5204109100.0,3970.0,1,3969.0,119
rb1805,20171204,20171201,210722000,3970.0,131026,2902618,5204585540.0,3971.0,295,3970.0,34
rb1805,20171204,20171201,210722500,3970.0,131216,2902664,5212129000.0,3971.0,264,3970.0,2
rb1805,20171204,20171201,210723000,3970.0,131240,2902682,5213081780.0,3970.0,70,3969.0,119
rb1805,20171204,20171201,210723500,3969.0,131420,2902586,5220226020.0,3970.0,94,3969.0,31
rb1805,20171204,20171201,210724000,3969.0,131566,2902564,5226020760.0,3969.0,68,3968.0,56
rb1805,20171204,20171201,210724500,3969.0,131572,2902562,5226258880.0,3969.0,96,3968.0,58
rb1805,20171204,20171201,210725000,3969.0,131592,2902558,5227052680.0,3969.0,82,3968.0,58
rb1805,20171204,20171201,210725500,3969.0,131608,2902550,5227687720.0,3969.0,47,3968.0,69
rb1805,20171204,20171201,210726000,3969.0,131620,2902548,5228164000.0,3969.0,57,3968.0,78
rb1805,20171204,20171201,210726500,3969.0,131670,2902546,5230148460.0,3969.0,36,3968.0,75
rb1805,20171204,20171201,210727000,3969.0,131698,2902534,5231259760.0,3969.0,23,3968.0,85
rb1805,20171204,20171201,210727500,3969.0,131720,2902524,5232132920.0,3969.0,14,3968.0,84
rb1805,20171204,20171201,210728000,3969.0,131732,2902518,5232609180.0,3969.0,10,3968.0,81
rb1805,20171204,20171201,210728500,3969.0,131766,2902540,5233958500.0,3970.0,236,3969.0,3
rb1805,20171204,20171201,210729000,3969.0,131804,2902544,5235466720.0,3970.0,234,3969.0,18
rb1805,20171204,20171201,210729500,3969.0,131846,2902580,5237133680.0,3969.0,2,3968.0,77
rb1805,20171204,20171201,210730000,3969.0,131878,2902600,5238403780.0,3970.0,245,3969.0,16
rb1805,20171204,20171201,210730500,3970.0,131890,2902608,5238880100.0,3970.0,240,3969.0,24
rb1805,20171204,20171201,210731000,3969.0,131950,2902612,5241261520.0,3969.0,127,3968.0,151
rb1805,20171204,20171201,210731500,3969.0,131962,2902616,5241737720.0,3969.0,127,3968.0,147
rb1805,20171204,20171201,210732000,3968.0,132018,2902668,5243960320.0,3969.0,102,3968.0,148
rb1805,20171204,20171201,210732500,3969.0,132036,2902682,5244674620.0,3969.0,101,3968.0,133
rb1805,20171204,20171201,210733000,3969.0,132062,2902688,5245706500.0,3969.0,91,3968.0,152
rb1805,20171204,20171201,210733500,3969.0,132070,2902690,5246023960.0,3969.0,92,3968.0,160
rb1805,20171204,20171201,210734000,3969.0,132084,2902702,5246579520.0,3969.0,91,3968.0,159
rb1805,20171204,20171201,210734500,3969.0,132302,2902692,5255231920.0,3970.0,247,3969.0,96
rb1805,20171204,20171201,210735000,3969.0,132308,2902694,5255470080.0,3970.0,242,3969.0,99
rb1805,20171204,20171201,210735500,3968.0,132518,2902684,5263804980.0,3970.0,257,3969.0,2
rb1805,20171204,20171201,210736000,3969.0,132526,2902690,5264122520.0,3970.0,263,3969.0,15
rb1805,20171204,20171201,210736500,3969.0,132532,2902694,5264360660.0,3970.0,266,3969.0,22
rb1805,20171204,20171201,210737000,3969.0,132556,2902708,5265313380.0,3970.0,259,3969.0,78
rb1805,20171204,20171201,210737500,3969.0,132586,2902736,5266504080.0,3970.0,270,3969.0,64
rb1805,20171204,20171201,210738000,3969.0,132632,2902748,5268330180.0,3970.0,254,3969.0,78
rb1805,20171204,20171201,210738500,3970.0,132636,2902750,5268488960.0,3970.0,275,3969.0,82
rb1805,20171204,20171201,210739000,3969.0,132772,2902866,5273886800.0,3970.0,269,3969.0,24
rb1805,20171204,20171201,210739500,3969.0,132836,2902906,5276426960.0,3969.0,5,3968.0,274
rb1805,20171204,20171201,210740000,3969.0,132848,2902904,5276903240.0,3970.0,270,3969.0,31
rb1805,20171204,20171201,210740500,3970.0,132860,2902902,5277379540.0,3970.0,290,3969.0,34
rb1805,20171204,20171201,210741000,3970.0,133064,2902748,5285477320.0,3970.0,242,3969.0,27
rb1805,20171204,20171201,210741500,3969.0,133084,2902746,5286271180.0,3970.0,240,3969.0,33
rb1805,20171204,20171201,210742000,3969.0,133186,2902778,5290319860.0,3970.0,281,3968.0,317
rb1805,20171204,20171201,210742500,3969.0,133276,2902782,5293892720.0,3970.0,261,3969.0,1
rb1805,20171204,20171201,210743000,3970.0,133302,2902798,5294924640.0,3969.0,13,3968.0,315
rb1805,20171204,20171201,210743500,3969.0,133352,2902786,5296909180.0,3970.0,269,3969.0,20
rb1805,20171204,20171201,210744000,3969.0,133370,2902784,5297623720.0,3970.0,265,3969.0,19
rb1805,20171204,20171201,210744500,3970.0,133376,2902782,5297861900.0,3970.0,265,3969.0,24
rb1805,20171204,20171201,210745000,3969.0,133404,2902788,5298973240.0,3970.0,267,3969.0,12
rb1805,20171204,20171201,210745500,3969.0,133478,2902790,5301909860.0,3969.0,77,3968.0,286
rb1805,20171204,20171201,210746000,3969.0,133484,2902784,5302148000.0,3969.0,76,3968.0,287
rb1805,20171204,20171201,210746500,3969.0,133494,2902782,5302544860.0,3969.0,74,3968.0,285
rb1805,20171204,20171201,210747000,3968.0,133512,2902782,5303259260.0,3969.0,71,3968.0,286
rb1805,20171204,20171201,210747500,3968.0,133536,2902794,5304211640.0,3969.0,69,3968.0,275
rb1805,20171204,20171201,210748000,3968.0,133642,2902758,5308418300.0,3969.0,42,3968.0,253
rb1805,20171204,20171201,210748500,3969.0,133726,2902780,5311751680.0,3969.0,41,3968.0,225
rb1805,20171204,20171201,210749000,3969.0,133834,2902842,5316038160.0,3969.0,8,3968.0,223
rb1805,20171204,20171201,210749500,3969.0,133872,2902858,5317546160.0,3969.0,7,3968.0,213
rb1805,20171204,20171201,210750000,3969.0,133924,2902890,5319609800.0,3970.0,313,3969.0,15
rb1805,20171204,20171201,210750500,3970.0,133942,2902876,5320324240.0,3970.0,312,3969.0,14
rb1805,20171204,20171201,210751000,3968.0,133982,2902876,5321911720.0,3969.0,36,3968.0,208
rb1805,20171204,20171201,210751500,3968.0,133988,2902878,5322149800.0,3969.0,142,3968.0,207
rb1805,20171204,20171201,210752000,3969.0,133992,2902880,5322308540.0,3969.0,166,3968.0,212
rb1805,20171204,20171201,210752500,3968.0,133994,2902882,5322387900.0,3969.0,197,3968.0,213
rb1805,20171204,20171201,210753000,3968.0,134096,2902912,5326435400.0,3969.0,195,3968.0,169
rb1805,20171204,20171201,210753500,3969.0,134140,2902908,5328181480.0,3969.0,305,3968.0,156
rb1805,20171204,20171201,210754000,3969.0,134242,2902956,5332229120.0,3969.0,298,3968.0,121
rb1805,20171204,20171201,210754500,3969.0,134266,2902968,5333181680.0,3969.0,286,3968.0,124
rb1805,20171204,20171201,210755000,3969.0,134336,2903022,5335959760.0,3969.0,274,3968.0,113
rb1805,20171204,20171201,210755500,3969.0,134368,2903020,5337229740.0,3969.0,265,3968.0,114
rb1805,20171204,20171201,210756000,3968.0,134398,2903032,5338420260.0,3969.0,259,3968.0,107
rb1805,20171204,20171201,210756500,3969.0,134438,2903018,5340007560.0,3969.0,254,3968.0,92
rb1805,20171204,20171201,210757000,3968.0,134448,2903026,5340404440.0,3969.0,251,3968.0,92
rb1805,20171204,20171201,210757500,3968.0,134470,2903028,5341277460.0,3969.0,248,3968.0,84
rb1805,20171204,20171201,210758000,3968.0,134504,2903038,5342626600.0,3969.0,250,3968.0,75
rb1805,20171204,20171201,210758500,3969.0,134616,2903044,5347070800.0,3969.0,256,3968.0,22
rb1805,20171204,20171201,210759000,3968.0,134856,2903196,5356596000.0,3969.0,179,3968.0,3
rb1805,20171204,20171201,210759500,3969.0,134884,2903198,5357707280.0,3969.0,167,3968.0,1
rb1805,20171204,20171201,210800000,3968.0,135034,2903282,5363659880.0,3968.0,7,3967.0,172
rb1805,20171204,20171201,210800500,3968.0,135094,2903314,5366040560.0,3969.0,148,3968.0,24
rb1805,20171204,20171201,210801000,3968.0,135122,2903326,5367151680.0,3969.0,157,3968.0,7
rb1805,20171204,20171201,210801500,3968.0,135150,2903334,5368262940.0,3969.0,150,3968.0,7
rb1805,20171204,20171201,210802000,3969.0,135208,2903382,5370564840.0,3969.0,188,3968.0,9
rb1805,20171204,20171201,210802500,3968.0,135290,2903408,5373818600.0,3968.0,19,3967.0,215
rb1805,20171204,20171201,210803000,3968.0,135298,2903412,5374136020.0,3968.0,85,3967.0,227
rb1805,20171204,20171201,210803500,3968.0,135314,2903426,5374770880.0,3968.0,106,3967.0,225
rb1805,20171204,20171201,210804000,3968.0,135322,2903432,5375088320.0,3968.0,125,3967.0,235
rb1805,20171204,20171201,210804500,3968.0,135330,2903434,5375405760.0,3968.0,131,3967.0,236
rb1805,20171204,20171201,210805000,3967.0,135362,2903430,5376675420.0,3968.0,137,3967.0,231
rb1805,20171204,20171201,210805500,3968.0,135376,2903436,5377230840.0,3968.0,135,3967.0,230
rb1805,20171204,20171201,210806000,3967.0,135566,2903528,5384768660.0,3968.0,154,3967.0,164
rb1805,20171204,20171201,210806500,3967.0,135838,2903424,5395558960.0,3968.0,154,3967.0,38
rb1805,20171204,20171201,210807000,3967.0,136020,2903502,5402778880.0,3967.0,81,3966.0,419
rb1805,20171204,20171201,210807500,3966.0,136706,2903310,5429985760.0,3967.0,180,3966.0,81
rb1805,20171204,20171201,210808000,3966.0,136858,2903288,5436014840.0,3967.0,211,3966.0,90
rb1805,20171204,20171201,210808500,3966.0,136912,2903298,5438156700.0,3967.0,202,3966.0,74
rb1805,20171204,20171201,210809000,3966.0,137124,2903364,5446565300.0,3967.0,178,3966.0,10
rb1805,20171204,20171201,210809500,3966.0,137278,2903344,5452672940.0,3967.0,174,3966.0,14
rb1805,20171204,20171201,210810000,3966.0,137438,2903342,5459018560.0,3966.0,473,3965.0,1320
rb1805,20171204,20171201,210810500,3966.0,137474,2903348,5460446280.0,3966.0,523,3965.0,1318
rb1805,20171204,20171201,210811000,3966.0,137542,2903350,5463143160.0,3966.0,494,3965.0,1311
rb1805,20171204,20171201,210811500,3965.0,137644,2903316,5467187820.0,3966.0,495,3965.0,1272
rb1805,20171204,20171201,210812000,3965.0,137834,2903290,5474721700.0,3966.0,495,3965.0,1216
rb1805,20171204,20171201,210812500,3966.0,137980,2903366,5480511200.0,3966.0,479,3965.0,1173
rb1805,20171204,20171201,210813000,3965.0,138050,2903398,5483287080.0,3966.0,462,3965.0,1161
rb1805,20171204,20171201,210813500,3965.0,138508,2903462,5501450840.0,3966.0,262,3965.0,1169
rb1805,20171204,20171201,210814000,3966.0,139176,2903852,5527943740.0,3967.0,81,3966.0,659
rb1805,20171204,20171201,210814500,3967.0,139446,2903994,5538655240.0,3968.0,26,3967.0,277
rb1805,20171204,20171201,210815000,3967.0,139524,2904056,5541749620.0,3968.0,21,3967.0,288
rb1805,20171204,20171201,210815500,3967.0,139556,2904072,5543019140.0,3968.0,20,3967.0,285
rb1805,20171204,20171201,210816000,3967.0,139586,2904088,5544209240.0,3968.0,31,3967.0,271
rb1805,20171204,20171201,210816500,3967.0,139630,2904076,5545954720.0,3968.0,72,3967.0,250
rb1805,20171204,20171201,210817000,3968.0,139762,2904090,5551191280.0,3968.0,78,3967.0,190
rb1805,20171204,20171201,210817500,3967.0,139790,2904102,5552302040.0,3968.0,118,3967.0,326
rb1805,20171204,20171201,210818000,3967.0,139826,2904106,5553730160.0,3968.0,109,3967.0,310
rb1805,20171204,20171201,210818500,3967.0,139842,2904104,5554364920.0,3968.0,107,3967.0,330
rb1805,20171204,20171201,210819000,3967.0,139846,2904106,5554523620.0,3968.0,158,3967.0,334
rb1805,20171204,20171201,210819500,3967.0,139870,2904100,5555475860.0,3968.0,152,3967.0,330
rb1805,20171204,20171201,210820000,3968.0,139882,2904100,5555951920.0,3968.0,96,3967.0,351
rb1805,20171204,20171201,210820500,3968.0,139890,2904100,5556269300.0,3968.0,66,3967.0,351
rb1805,20171204,20171201,210821000,3968.0,139906,2904090,5556904080.0,3968.0,83,3967.0,347
rb1805,20171204,20171201,210821500,3967.0,139986,2904086,5560077820.0,3968.0,97,3967.0,323
rb1805,20171204,20171201,210822000,3967.0,140050,2904086,5562616700.0,3968.0,109,3967.0,293
rb1805,20171204,20171201,210822500,3967.0,140160,2904084,5566980560.0,3968.0,111,3967.0,276
rb1805,20171204,20171201,210823000,3968.0,140198,2904104,5568488400.0,3968.0,108,3967.0,276
rb1805,20171204,20171201,210823500,3967.0,140530,2904158,5581660060.0,3968.0,47,3967.0,172
rb1805,20171204,20171201,210824000,3967.0,140670,2904160,5587214080.0,3968.0,37,3967.0,154
rb1805,20171204,20171201,210824500,3967.0,141090,2904182,5603879120.0,3968.0,50,3967.0,128
rb1805,20171204,20171201,210825000,3968.0,141112,2904200,5604752060.0,3968.0,102,3967.0,127
rb1805,20171204,20171201,210825500,3968.0,141128,2904210,5605386860.0,3968.0,150,3967.0,157
rb1805,20171204,20171201,210826000,3967.0,141154,2904218,5606418400.0,3968.0,156,3967.0,153
rb1805,20171204,20171201,210826500,3967.0,141156,2904218,5606497740.0,3968.0,182,3967.0,159
rb1805,20171204,20171201,210827000,3967.0,141180,2904230,5607449880.0,3968.0,193,3967.0,212
rb1805,20171204,20171201,210827500,3967.0,141188,2904238,5607767240.0,3968.0,197,3967.0,221
rb1805,20171204,20171201,210828000,3968.0,141464,2904166,5618716840.0,3968.0,166,3967.0,117
rb1805,20171204,20171201,210828500,3967.0,141566,2904210,5622763180.0,3968.0,166,3967.0,68
rb1805,20171204,20171201,210829000,3968.0,141570,2904212,5622921880.0,3968.0,166,3967.0,78
rb1805,20171204,20171201,210829500,3967.0,141578,2904214,5623239260.0,3968.0,180,3967.0,76
rb1805,20171204,20171201,210830000,3967.0,141670,2904276,5626888980.0,3968.0,177,3967.0,52
rb1805,20171204,20171201,210830500,3967.0,141682,2904284,5627365040.0,3968.0,182,3967.0,60
rb1805,20171204,20171201,210831000,3967.0,141790,2904232,5631650240.0,3968.0,144,3967.0,110
rb1805,20171204,20171201,210831500,3968.0,141806,2904238,5632285000.0,3968.0,133,3967.0,108
rb1805,20171204,20171201,210832000,3967.0,141916,2904274,5636648740.0,3968.0,133,3967.0,86
rb1805,20171204,20171201,210832500,3968.0,141926,2904276,5637045480.0,3968.0,131,3967.0,118
rb1805,20171204,20171201,210833000,3967.0,141958,2904294,5638314940.0,3968.0,132,3967.0,104
rb1805,20171204,20171201,210833500,3967.0,141966,2904294,5638632300.0,3968.0,183,3967.0,126
rb1805,20171204,20171201,210834000,3968.0,141988,2904286,5639505240.0,3968.0,173,3967.0,125
rb1805,20171204,20171201,210834500,3968.0,142074,2904284,5642916960.0,3968.0,168,3967.0,89
rb1805,20171204,20171201,210835000,3967.0,142160,2904286,5646328700.0,3968.0,162,3967.0,55
rb1805,20171204,20171201,210835500,3968.0,142498,2904442,5659740460.0,3968.0,1,3967.0,77
rb1805,20171204,20171201,210836000,3967.0,142604,2904498,5663946440.0,3969.0,299,3968.0,4
rb1805,20171204,20171201,210836500,3968.0,142850,2904660,5673705060.0,3969.0,299,3968.0,1
rb1805,20171204,20171201,210837000,3968.0,142858,2904660,5674022480.0,3968.0,42,3967.0,10
rb1805,20171204,20171201,210837500,3968.0,142894,2904650,5675450860.0,3968.0,62,3967.0,16
rb1805,20171204,20171201,210838000,3968.0,142898,2904646,5675609560.0,3968.0,64,3967.0,10
rb1805,20171204,20171201,210838500,3967.0,143078,2904664,5682751760.0,3967.0,33,3966.0,477
rb1805,20171204,20171201,210839000,3968.0,143190,2904694,5687195040.0,3969.0,299,3968.0,2
rb1805,20171204,20171201,210839500,3968.0,143204,2904688,5687750560.0,3968.0,24,3967.0,247
rb1805,20171204,20171201,210840000,3967.0,143450,2904688,5697509380.0,3968.0,23,3967.0,153
rb1805,20171204,20171201,210840500,3968.0,143512,2904672,5699969320.0,3968.0,58,3967.0,132
rb1805,20171204,20171201,210841000,3968.0,143590,2904732,5703064300.0,3968.0,45,3967.0,116
rb1805,20171204,20171201,210841500,3968.0,143594,2904736,5703223020.0,3968.0,94,3967.0,144
rb1805,20171204,20171201,210842000,3967.0,143782,2904618,5710681040.0,3968.0,109,3967.0,64
rb1805,20171204,20171201,210842500,3967.0,143950,2904702,5717345600.0,3967.0,75,3966.0,482
rb1805,20171204,20171201,210843000,3967.0,143984,2904724,5718694380.0,3967.0,69,3966.0,487
rb1805,20171204,20171201,210843500,3967.0,143996,2904726,5719170400.0,3967.0,72,3966.0,492
rb1805,20171204,20171201,210844000,3967.0,144110,2904818,5723692780.0,3967.0,19,3966.0,491
rb1805,20171204,20171201,210844500,3967.0,144154,2904784,5725438280.0,3968.0,117,3967.0,28
rb1805,20171204,20171201,210845000,3967.0,144222,2904790,5728135760.0,3967.0,2,3966.0,493
rb1805,20171204,20171201,210845500,3967.0,144238,2904780,5728770520.0,3968.0,132,3967.0,37
rb1805,20171204,20171201,210846000,3966.0,144344,2904880,5732975400.0,3968.0,146,3967.0,1
rb1805,20171204,20171201,210846500,3967.0,144346,2904878,5733054740.0,3968.0,153,3967.0,1
rb1805,20171204,20171201,210847000,3967.0,144636,2904942,5744561440.0,3968.0,33,3967.0,42
rb1805,20171204,20171201,210847500,3967.0,144642,2904946,5744799480.0,3968.0,33,3967.0,67
rb1805,20171204,20171201,210848000,3967.0,144792,2905054,5750750180.0,3967.0,10,3966.0,577
rb1805,20171204,20171201,210848500,3966.0,144864,2905096,5753605800.0,3967.0,8,3966.0,637
rb1805,20171204,20171201,210849000,3967.0,144888,2905082,5754557840.0,3967.0,30,3966.0,648
rb1805,20171204,20171201,210849500,3967.0,144994,2905106,5758763200.0,3967.0,15,3966.0,644
rb1805,20171204,20171201,210850000,3967.0,145048,2905128,5760905420.0,3968.0,168,3967.0,27
rb1805,20171204,20171201,210850500,3968.0,145060,2905134,5761381480.0,3968.0,177,3967.0,40
rb1805,20171204,20171201,210851000,3967.0,145080,2905146,5762174940.0,3968.0,186,3967.0,44
rb1805,20171204,20171201,210851500,3967.0,145088,2905152,5762492300.0,3968.0,252,3967.0,50
rb1805,20171204,20171201,210852000,3967.0,145090,2905152,5762571640.0,3968.0,252,3967.0,40
rb1805,20171204,20171201,210852500,3968.0,145098,2905160,5762889060.0,3968.0,250,3967.0,43
rb1805,20171204,20171201,210853000,3967.0,145198,2905110,5766856060.0,3967.0,26,3966.0,700
rb1805,20171204,20171201,210853500,3967.0,145226,2905100,5767966800.0,3967.0,16,3966.0,700
rb1805,20171204,20171201,210854000,3966.0,145246,2905098,5768760180.0,3967.0,8,3966.0,705
rb1805,20171204,20171201,210854500,3967.0,145272,2905110,5769791600.0,3967.0,20,3966.0,704
rb1805,20171204,20171201,210855000,3967.0,145300,2905130,5770902360.0,3967.0,6,3966.0,704
rb1805,20171204,20171201,210855500,3967.0,145314,2905124,5771457680.0,3967.0,4,3966.0,704
rb1805,20171204,20171201,210856000,3967.0,145350,2905110,5772885600.0,3968.0,268,3967.0,58
rb1805,20171204,20171201,210856500,3967.0,145354,2905114,5773044300.0,3968.0,268,3967.0,261
rb1805,20171204,20171201,210857000,3968.0,145452,2905128,5776932120.0,3968.0,257,3967.0,233
rb1805,20171204,20171201,210857500,3967.0,145486,2905140,5778280900.0,3968.0,248,3967.0,224
rb1805,20171204,20171201,210858000,3968.0,145544,2905138,5780581880.0,3968.0,237,3967.0,214
rb1805,20171204,20171201,210858500,3967.0,145642,2905068,5784470180.0,3968.0,209,3967.0,252
rb1805,20171204,20171201,210859000,3968.0,146356,2904814,5812798780.0,3969.0,270,3968.0,51
rb1805,20171204,20171201,210859500,3968.0,146430,2904820,5815735220.0,3969.0,263,3968.0,39
rb1805,20171204,20171201,210900000,3968.0,146436,2904822,5815973320.0,3969.0,262,3968.0,39
rb1805,20171204,20171201,210900500,3968.0,146514,2904810,5819068380.0,3969.0,261,3968.0,2
rb1805,20171204,20171201,210901000,3967.0,146532,2904802,5819782480.0,3969.0,263,3968.0,449
rb1805,20171204,20171201,210901500,3968.0,146594,2904822,5822243060.0,3969.0,250,3968.0,441
rb1805,20171204,20171201,210902000,3969.0,146644,2904830,5824227360.0,3969.0,235,3968.0,431
rb1805,20171204,20171201,210902500,3969.0,146650,2904830,5824465460.0,3969.0,229,3968.0,430
rb1805,20171204,20171201,210903000,3969.0,146670,2904840,5825259240.0,3969.0,223,3968.0,429
rb1805,20171204,20171201,210903500,3968.0,146680,2904846,5825656060.0,3969.0,222,3968.0,425
rb1805,20171204,20171201,210904000,3969.0,146708,2904874,5826767120.0,3969.0,221,3968.0,415
rb1805,20171204,20171201,210904500,3969.0,146712,2904878,5826925860.0,3969.0,222,3968.0,8
rb1805,20171204,20171201,210905000,3969.0,146766,2904882,5829068800.0,3969.0,211,3968.0,19
rb1805,20171204,20171201,210905500,3968.0,146866,2904864,5833037240.0,3969.0,191,3968.0,80
rb1805,20171204,20171201,210906000,3969.0,146908,2904846,5834704180.0,3969.0,171,3968.0,113
rb1805,20171204,20171201,210906500,3969.0,146918,2904856,5835101080.0,3969.0,166,3968.0,141
rb1805,20171204,20171201,210907000,3969.0,146940,2904872,5835974220.0,3969.0,162,3968.0,146
rb1805,20171204,20171201,210907500,3969.0,146960,2904880,5836767940.0,3969.0,156,3968.0,144
rb1805,20171204,20171201,210908000,3968.0,147054,2904924,5840498340.0,3969.0,132,3968.0,129
rb1805,20171204,20171201,210908500,3969.0,147066,2904918,5840974620.0,3969.0,128,3968.0,132
rb1805,20171204,20171201,210909000,3969.0,147084,2904930,5841688920.0,3969.0,126,3968.0,128
rb1805,20171204,20171201,210909500,3969.0,147090,2904926,5841927040.0,3969.0,127,3968.0,165
rb1805,20171204,20171201,210910000,3969.0,147136,2904896,5843752760.0,3969.0,106,3968.0,172
rb1805,20171204,20171201,210910500,3969.0,147140,2904896,5843911520.0,3969.0,107,3968.0,176
