instrument,tradingday,calendarday,time,lastp,volume,openinterest,turnover,ask1,asksz1,bid1,bidsz1
rb1805,20170809,20170808,183211500,3722.0,0,158432,0.0,0.0,0,0.0,0
rb1805,20170809,20170808,205900500,3723.0,30,158408,1116900.0,3725.0,5,3722.0,1
rb1805,20170809,20170808,210000500,3723.0,114,158414,4245820.0,3723.0,113,3722.0,1
rb1805,20170809,20170808,210001000,3723.0,238,158398,8862300.0,3723.0,53,3722.0,3
rb1805,20170809,20170808,210001500,3723.0,262,158398,9755820.0,3723.0,41,3722.0,6
rb1805,20170809,20170808,210002000,3723.0,270,158400,10053640.0,3723.0,38,3722.0,5
rb1805,20170809,20170808,210002500,3723.0,298,158400,11096080.0,3723.0,24,3722.0,5
rb1805,20170809,20170808,210003000,3723.0,346,158396,12883120.0,3725.0,3,3723.0,5
rb1805,20170809,20170808,210003500,3726.0,358,158404,13330180.0,3727.0,1,3724.0,1
rb1805,20170809,20170808,210004000,3727.0,360,158404,13404720.0,3728.0,1,3727.0,1
rb1805,20170809,20170808,210004500,3727.0,366,158402,13628360.0,3727.0,9,3725.0,3
rb1805,20170809,20170808,210005000,3729.0,386,158402,14373800.0,3730.0,1,3728.0,4
rb1805,20170809,20170808,210005500,3730.0,390,158404,14522980.0,3731.0,1,3730.0,1
rb1805,20170809,20170808,210006000,3734.0,400,158404,14896260.0,3735.0,2,3732.0,2
rb1805,20170809,20170808,210006500,3739.0,426,158400,15867660.0,3740.0,39,3738.0,7
rb1805,20170809,20170808,210007000,3738.0,464,158404,17288100.0,3738.0,2,3736.0,3
rb1805,20170809,20170808,210007500,3739.0,470,158406,17512400.0,3740.0,4,3738.0,2
rb1805,20170809,20170808,210008000,3738.0,504,158402,18784060.0,3742.0,9,3736.0,2
rb1805,20170809,20170808,210008500,3737.0,522,158402,19457400.0,3739.0,1,3737.0,2
rb1805,20170809,20170808,210009000,3742.0,530,158402,19756660.0,3742.0,5,3739.0,7
rb1805,20170809,20170808,210009500,3742.0,538,158400,20056020.0,3742.0,1,3739.0,5
rb1805,20170809,20170808,210010000,3742.0,554,158404,20654440.0,3743.0,1,3742.0,2
rb1805,20170809,20170808,210010500,3740.0,564,158404,21028540.0,3741.0,4,3740.0,1
rb1805,20170809,20170808,210011000,3738.0,572,158402,21327640.0,3740.0,1,3738.0,7
rb1805,20170809,20170808,210011500,3737.0,618,158396,23047200.0,3738.0,1,3737.0,1
rb1805,20170809,20170808,210012000,3737.0,624,158398,23271400.0,3738.0,5,3736.0,1
rb1805,20170809,20170808,210012500,3737.0,624,158398,23271400.0,3737.0,2,3736.0,1
rb1805,20170809,20170808,210013000,3736.0,626,158398,23346120.0,3736.0,1,3731.0,21
rb1805,20170809,20170808,210013500,3736.0,626,158398,23346120.0,3736.0,1,3732.0,4
rb1805,20170809,20170808,210014000,3736.0,628,158398,23420840.0,3737.0,1,3736.0,2
rb1805,20170809,20170808,210014500,3738.0,630,158400,23495600.0,3738.0,2,3732.0,6
rb1805,20170809,20170808,210015000,3738.0,630,158400,23495600.0,3736.0,3,3732.0,3
rb1805,20170809,20170808,210015500,3738.0,630,158400,23495600.0,3736.0,1,3732.0,3
rb1805,20170809,20170808,210016000,3738.0,630,158400,23495600.0,3736.0,1,3732.0,3
rb1805,20170809,20170808,210016500,3738.0,630,158400,23495600.0,3735.0,6,3732.0,4
rb1805,20170809,20170808,210017000,3738.0,632,158400,23570360.0,3734.0,3,3732.0,1
rb1805,20170809,20170808,210017500,3734.0,638,158394,23794400.0,3735.0,6,3734.0,5
rb1805,20170809,20170808,210018000,3732.0,648,158390,24167720.0,3735.0,6,3732.0,1
rb1805,20170809,20170808,210018500,3732.0,648,158390,24167720.0,3734.0,1,3731.0,11
rb1805,20170809,20170808,210019000,3734.0,650,158388,24242400.0,3735.0,8,3734.0,1
rb1805,20170809,20170808,210019500,3735.0,670,158402,24989360.0,3736.0,5,3731.0,13
rb1805,20170809,20170808,210020000,3735.0,680,158404,25362780.0,3736.0,6,3731.0,12
rb1805,20170809,20170808,210020500,3735.0,680,158404,25362780.0,3735.0,6,3734.0,50
rb1805,20170809,20170808,210021000,3734.0,772,158474,28798060.0,3735.0,1,3734.0,4
rb1805,20170809,20170808,210021500,3734.0,784,158482,29246140.0,3735.0,1,3731.0,12
rb1805,20170809,20170808,210022000,3735.0,788,158480,29395540.0,3736.0,6,3732.0,9
rb1805,20170809,20170808,210022500,3735.0,788,158480,29395540.0,3736.0,7,3733.0,2
rb1805,20170809,20170808,210023000,3735.0,788,158480,29395540.0,3735.0,9,3733.0,2
rb1805,20170809,20170808,210023500,3735.0,788,158480,29395540.0,3734.0,1,3732.0,6
rb1805,20170809,20170808,210024000,3732.0,804,158472,29992820.0,3734.0,2,3732.0,3
rb1805,20170809,20170808,210024500,3734.0,810,158466,30216860.0,3735.0,7,3734.0,6
rb1805,20170809,20170808,210025000,3735.0,822,158458,30665020.0,3736.0,8,3734.0,3
rb1805,20170809,20170808,210025500,3735.0,822,158458,30665020.0,3736.0,10,3735.0,2
rb1805,20170809,20170808,210026000,3736.0,840,158440,31337420.0,3736.0,9,3734.0,8
rb1805,20170809,20170808,210026500,3735.0,856,158428,31934920.0,3736.0,3,3734.0,3
rb1805,20170809,20170808,210027000,3734.0,858,158426,32009600.0,3736.0,3,3735.0,2
rb1805,20170809,20170808,210027500,3734.0,858,158426,32009600.0,3736.0,3,3735.0,2
rb1805,20170809,20170808,210028000,3735.0,860,158426,32084300.0,3736.0,3,3735.0,1
rb1805,20170809,20170808,210028500,3735.0,872,158428,32532420.0,3735.0,1,3732.0,5
rb1805,20170809,20170808,210029000,3732.0,892,158416,33279160.0,3736.0,7,3732.0,3
rb1805,20170809,20170808,210029500,3732.0,892,158416,33279160.0,3735.0,3,3732.0,3
rb1805,20170809,20170808,210030000,3732.0,892,158416,33279160.0,3736.0,15,3733.0,2
rb1805,20170809,20170808,210030500,3732.0,892,158416,33279160.0,3735.0,6,3733.0,2
rb1805,20170809,20170808,210031000,3732.0,892,158416,33279160.0,3735.0,9,3733.0,2
rb1805,20170809,20170808,210031500,3732.0,892,158416,33279160.0,3735.0,11,3733.0,2
rb1805,20170809,20170808,210032000,3732.0,892,158416,33279160.0,3735.0,11,3732.0,4
rb1805,20170809,20170808,210032500,3732.0,892,158416,33279160.0,3735.0,12,3733.0,2
rb1805,20170809,20170808,210033000,3732.0,892,158416,33279160.0,3735.0,12,3734.0,2
rb1805,20170809,20170808,210033500,3735.0,902,158406,33652660.0,3735.0,4,3734.0,2
rb1805,20170809,20170808,210034000,3733.0,914,158402,34100660.0,3735.0,6,3732.0,4
rb1805,20170809,20170808,210034500,3735.0,916,158402,34175360.0,3735.0,6,3732.0,4
rb1805,20170809,20170808,210035000,3735.0,916,158402,34175360.0,3733.0,5,3732.0,4
rb1805,20170809,20170808,210035500,3733.0,926,158402,34548660.0,3735.0,7,3733.0,5
rb1805,20170809,20170808,210036000,3733.0,926,158402,34548660.0,3735.0,7,3734.0,1
rb1805,20170809,20170808,210036500,3733.0,928,158400,34623320.0,3735.0,4,3733.0,12
rb1805,20170809,20170808,210037000,3735.0,948,158414,35370320.0,3734.0,2,3733.0,15
rb1805,20170809,20170808,210037500,3734.0,952,158418,35519680.0,3736.0,34,3734.0,3
rb1805,20170809,20170808,210038000,3735.0,954,158416,35594380.0,3736.0,37,3735.0,1
rb1805,20170809,20170808,210038500,3735.0,956,158416,35669080.0,3736.0,33,3734.0,7
rb1805,20170809,20170808,210039000,3735.0,956,158416,35669080.0,3735.0,1,3734.0,7
rb1805,20170809,20170808,210039500,3735.0,956,158416,35669080.0,3735.0,2,3734.0,7
rb1805,20170809,20170808,210040000,3735.0,962,158412,35893180.0,3736.0,34,3735.0,1
rb1805,20170809,20170808,210040500,3735.0,968,158406,36117280.0,3736.0,33,3734.0,17
rb1805,20170809,20170808,210041000,3736.0,992,158424,37013520.0,3736.0,32,3735.0,1
rb1805,20170809,20170808,210041500,3736.0,998,158422,37237640.0,3736.0,30,3732.0,4
rb1805,20170809,20170808,210042000,3735.0,1000,158422,37312340.0,3736.0,31,3733.0,10
rb1805,20170809,20170808,210042500,3736.0,1008,158422,37611220.0,3734.0,1,3733.0,11
rb1805,20170809,20170808,210043000,3734.0,1010,158420,37685900.0,3736.0,27,3734.0,6
rb1805,20170809,20170808,210043500,3734.0,1010,158420,37685900.0,3736.0,27,3734.0,4
rb1805,20170809,20170808,210044000,3734.0,1010,158420,37685900.0,3736.0,28,3734.0,4
rb1805,20170809,20170808,210044500,3734.0,1010,158420,37685900.0,3736.0,28,3734.0,4
rb1805,20170809,20170808,210045000,3734.0,1012,158420,37760580.0,3735.0,1,3734.0,3
rb1805,20170809,20170808,210045500,3734.0,1012,158420,37760580.0,3735.0,1,3734.0,4
rb1805,20170809,20170808,210046000,3734.0,1012,158420,37760580.0,3735.0,1,3734.0,4
rb1805,20170809,20170808,210046500,3734.0,1012,158420,37760580.0,3735.0,1,3734.0,4
rb1805,20170809,20170808,210047000,3734.0,1012,158420,37760580.0,3735.0,2,3734.0,4
rb1805,20170809,20170808,210047500,3734.0,1014,158422,37835260.0,3735.0,3,3734.0,2
rb1805,20170809,20170808,210048000,3734.0,1018,158422,37984620.0,3734.0,4,3733.0,9
rb1805,20170809,20170808,210048500,3734.0,1020,158420,38059300.0,3734.0,3,3733.0,9
rb1805,20170809,20170808,210049000,3734.0,1022,158420,38133980.0,3734.0,3,3733.0,9
rb1805,20170809,20170808,210049500,3734.0,1022,158420,38133980.0,3734.0,4,3733.0,9
rb1805,20170809,20170808,210050000,3734.0,1022,158420,38133980.0,3734.0,3,3733.0,9
rb1805,20170809,20170808,210050500,3734.0,1022,158420,38133980.0,3734.0,4,3733.0,9
rb1805,20170809,20170808,210051000,3734.0,1022,158420,38133980.0,3734.0,4,3733.0,10
rb1805,20170809,20170808,210051500,3734.0,1030,158420,38432700.0,3735.0,3,3733.0,4
rb1805,20170809,20170808,210052000,3734.0,1030,158420,38432700.0,3734.0,1,3733.0,3
rb1805,20170809,20170808,210052500,3734.0,1030,158420,38432700.0,3734.0,4,3733.0,3
rb1805,20170809,20170808,210053000,3733.0,1036,158420,38656680.0,3733.0,16,3732.0,4
rb1805,20170809,20170808,210053500,3733.0,1042,158418,38880660.0,3733.0,13,3732.0,4
rb1805,20170809,20170808,210054000,3733.0,1048,158424,39104640.0,3733.0,7,3732.0,7
rb1805,20170809,20170808,210054500,3733.0,1052,158424,39253940.0,3733.0,6,3732.0,6
rb1805,20170809,20170808,210055000,3733.0,1052,158424,39253940.0,3733.0,9,3732.0,3
rb1805,20170809,20170808,210055500,3733.0,1052,158424,39253940.0,3733.0,9,3732.0,3
rb1805,20170809,20170808,210056000,3733.0,1052,158424,39253940.0,3733.0,6,3732.0,3
rb1805,20170809,20170808,210056500,3733.0,1076,158432,40149800.0,3734.0,6,3733.0,12
rb1805,20170809,20170808,210057000,3733.0,1076,158432,40149800.0,3734.0,5,3733.0,12
rb1805,20170809,20170808,210057500,3733.0,1076,158432,40149800.0,3734.0,5,3733.0,12
rb1805,20170809,20170808,210058000,3733.0,1076,158432,40149800.0,3734.0,5,3733.0,12
rb1805,20170809,20170808,210058500,3733.0,1076,158432,40149800.0,3734.0,5,3733.0,12
rb1805,20170809,20170808,210059000,3733.0,1078,158432,40224460.0,3734.0,5,3733.0,11
rb1805,20170809,20170808,210059500,3733.0,1100,158454,41045720.0,3733.0,1,3732.0,4
rb1805,20170809,20170808,210100000,3733.0,1100,158454,41045720.0,3733.0,1,3732.0,1
rb1805,20170809,20170808,210100500,3734.0,1104,158454,41195060.0,3734.0,4,3733.0,2
rb1805,20170809,20170808,210101000,3734.0,1178,158418,43957520.0,3734.0,7,3733.0,3
rb1805,20170809,20170808,210101500,3733.0,1184,158412,44181500.0,3734.0,7,3732.0,1
rb1805,20170809,20170808,210102000,3733.0,1188,158412,44330820.0,3733.0,1,3732.0,9
rb1805,20170809,20170808,210102500,3733.0,1190,158412,44405480.0,3734.0,6,3733.0,1
rb1805,20170809,20170808,210103000,3733.0,1200,158422,44778780.0,3734.0,11,3732.0,10
rb1805,20170809,20170808,210103500,3733.0,1200,158422,44778780.0,3734.0,6,3732.0,9
rb1805,20170809,20170808,210104000,3734.0,1212,158424,45226860.0,3735.0,12,3734.0,1
rb1805,20170809,20170808,210104500,3734.0,1214,158424,45301540.0,3734.0,2,3733.0,6
rb1805,20170809,20170808,210105000,3735.0,1228,158418,45824300.0,3735.0,11,3733.0,8
rb1805,20170809,20170808,210105500,3733.0,1236,158418,46123060.0,3735.0,4,3733.0,8
rb1805,20170809,20170808,210106000,3733.0,1238,158418,46197720.0,3735.0,4,3733.0,9
rb1805,20170809,20170808,210106500,3733.0,1238,158418,46197720.0,3735.0,4,3734.0,1
rb1805,20170809,20170808,210107000,3733.0,1238,158418,46197720.0,3735.0,4,3734.0,2
rb1805,20170809,20170808,210107500,3733.0,1238,158418,46197720.0,3735.0,4,3734.0,2
rb1805,20170809,20170808,210108500,3735.0,1246,158424,46496520.0,3735.0,1,3734.0,2
rb1805,20170809,20170808,210109000,3734.0,1250,158422,46645880.0,3734.0,3,3733.0,14
rb1805,20170809,20170808,210109500,3735.0,1258,158418,46944620.0,3735.0,3,3734.0,5
rb1805,20170809,20170808,210110000,3734.0,1260,158416,47019300.0,3735.0,3,3734.0,4
rb1805,20170809,20170808,210110500,3734.0,1270,158416,47392700.0,3735.0,9,3734.0,4
rb1805,20170809,20170808,210111000,3734.0,1270,158416,47392700.0,3735.0,9,3734.0,6
rb1805,20170809,20170808,210111500,3734.0,1280,158424,47766100.0,3735.0,9,3734.0,1
rb1805,20170809,20170808,210112000,3734.0,1280,158424,47766100.0,3735.0,9,3733.0,13
rb1805,20170809,20170808,210112500,3735.0,1288,158428,48064900.0,3736.0,28,3734.0,12
rb1805,20170809,20170808,210113000,3736.0,1308,158428,48812100.0,3736.0,18,3733.0,18
rb1805,20170809,20170808,210113500,3736.0,1308,158428,48812100.0,3736.0,23,3735.0,1
rb1805,20170809,20170808,210114000,3736.0,1328,158428,49559300.0,3736.0,8,3735.0,1
rb1805,20170809,20170808,210114500,3736.0,1330,158428,49634020.0,3736.0,6,3735.0,1
rb1805,20170809,20170808,210115000,3736.0,1330,158428,49634020.0,3736.0,6,3735.0,1
rb1805,20170809,20170808,210115500,3736.0,1330,158428,49634020.0,3736.0,6,3735.0,1
rb1805,20170809,20170808,210116000,3736.0,1330,158428,49634020.0,3736.0,6,3735.0,1
rb1805,20170809,20170808,210116500,3736.0,1330,158428,49634020.0,3736.0,11,3735.0,1
rb1805,20170809,20170808,210117000,3735.0,1332,158426,49708720.0,3735.0,4,3733.0,18
rb1805,20170809,20170808,210117500,3735.0,1332,158426,49708720.0,3735.0,6,3733.0,14
rb1805,20170809,20170808,210118000,3733.0,1334,158426,49783380.0,3734.0,2,3733.0,5
rb1805,20170809,20170808,210118500,3733.0,1334,158426,49783380.0,3734.0,9,3733.0,5
rb1805,20170809,20170808,210119000,3734.0,1336,158426,49858060.0,3734.0,4,3733.0,6
rb1805,20170809,20170808,210119500,3734.0,1338,158426,49932740.0,3734.0,3,3733.0,6
rb1805,20170809,20170808,210120000,3734.0,1338,158426,49932740.0,3734.0,7,3733.0,6
rb1805,20170809,20170808,210120500,3734.0,1338,158426,49932740.0,3734.0,7,3733.0,6
rb1805,20170809,20170808,210121000,3734.0,1342,158430,50082100.0,3734.0,5,3733.0,6
rb1805,20170809,20170808,210122000,3734.0,1342,158430,50082100.0,3734.0,5,3733.0,6
rb1805,20170809,20170808,210122500,3734.0,1342,158430,50082100.0,3734.0,5,3733.0,6
rb1805,20170809,20170808,210123000,3734.0,1344,158430,50156780.0,3734.0,4,3733.0,6
rb1805,20170809,20170808,210124000,3734.0,1344,158430,50156780.0,3734.0,5,3733.0,6
rb1805,20170809,20170808,210124500,3733.0,1356,158422,50604740.0,3734.0,5,3732.0,6
rb1805,20170809,20170808,210125000,3732.0,1358,158422,50679380.0,3734.0,5,3732.0,5
rb1805,20170809,20170808,210125500,3732.0,1358,158422,50679380.0,3734.0,5,3732.0,5
rb1805,20170809,20170808,210126000,3732.0,1358,158422,50679380.0,3734.0,6,3732.0,8
rb1805,20170809,20170808,210126500,3732.0,1358,158422,50679380.0,3733.0,2,3732.0,8
rb1805,20170809,20170808,210127000,3732.0,1358,158422,50679380.0,3733.0,8,3732.0,8
rb1805,20170809,20170808,210127500,3733.0,1376,158416,51351300.0,3734.0,3,3732.0,7
rb1805,20170809,20170808,210128000,3732.0,1386,158408,51724500.0,3734.0,3,3732.0,2
rb1805,20170809,20170808,210128500,3732.0,1396,158408,52097700.0,3734.0,1,3733.0,8
rb1805,20170809,20170808,210129000,3732.0,1400,158408,52246980.0,3734.0,1,3733.0,6
rb1805,20170809,20170808,210129500,3733.0,1404,158408,52396300.0,3734.0,1,3733.0,4
rb1805,20170809,20170808,210130000,3733.0,1408,158408,52545620.0,3735.0,7,3733.0,2
rb1805,20170809,20170808,210130500,3733.0,1408,158408,52545620.0,3735.0,8,3733.0,2
rb1805,20170809,20170808,210131000,3733.0,1408,158408,52545620.0,3735.0,8,3733.0,2
rb1805,20170809,20170808,210131500,3735.0,1410,158410,52620320.0,3735.0,7,3733.0,2
rb1805,20170809,20170808,210132000,3735.0,1410,158410,52620320.0,3735.0,7,3733.0,2
rb1805,20170809,20170808,210132500,3735.0,1410,158410,52620320.0,3735.0,7,3733.0,2
rb1805,20170809,20170808,210133000,3735.0,1410,158410,52620320.0,3735.0,2,3734.0,2
rb1805,20170809,20170808,210133500,3735.0,1414,158410,52769720.0,3736.0,13,3735.0,19
rb1805,20170809,20170808,210134000,3735.0,1414,158410,52769720.0,3736.0,8,3735.0,19
rb1805,20170809,20170808,210134500,3735.0,1416,158412,52844420.0,3736.0,8,3735.0,18
rb1805,20170809,20170808,210135000,3735.0,1416,158412,52844420.0,3736.0,8,3735.0,18
rb1805,20170809,20170808,210135500,3735.0,1416,158412,52844420.0,3736.0,8,3735.0,18
rb1805,20170809,20170808,210136000,3735.0,1422,158418,53068520.0,3736.0,8,3735.0,15
rb1805,20170809,20170808,210136500,3735.0,1422,158418,53068520.0,3736.0,8,3735.0,15
rb1805,20170809,20170808,210137000,3735.0,1422,158418,53068520.0,3736.0,8,3735.0,15
rb1805,20170809,20170808,210137500,3735.0,1426,158422,53217920.0,3736.0,9,3735.0,13
rb1805,20170809,20170808,210138000,3735.0,1452,158422,54189020.0,3735.0,9,3734.0,2
rb1805,20170809,20170808,210138500,3736.0,1454,158422,54263740.0,3736.0,9,3734.0,2
rb1805,20170809,20170808,210139000,3736.0,1458,158418,54413180.0,3736.0,10,3734.0,2
rb1805,20170809,20170808,210139500,3736.0,1458,158418,54413180.0,3736.0,11,3734.0,2
rb1805,20170809,20170808,210140000,3736.0,1458,158418,54413180.0,3736.0,9,3734.0,6
rb1805,20170809,20170808,210140500,3736.0,1458,158418,54413180.0,3736.0,9,3734.0,6
rb1805,20170809,20170808,210141000,3734.0,1470,158422,54861260.0,3734.0,2,3733.0,3
rb1805,20170809,20170808,210141500,3734.0,1474,158426,55010620.0,3736.0,10,3733.0,4
rb1805,20170809,20170808,210142000,3736.0,1480,158426,55234780.0,3736.0,5,3735.0,1
rb1805,20170809,20170808,210142500,3734.0,1484,158422,55384180.0,3736.0,4,3734.0,13
rb1805,20170809,20170808,210143000,3734.0,1484,158422,55384180.0,3736.0,6,3734.0,14
rb1805,20170809,20170808,210143500,3734.0,1484,158422,55384180.0,3736.0,5,3734.0,12
rb1805,20170809,20170808,210144000,3734.0,1484,158422,55384180.0,3736.0,7,3734.0,12
rb1805,20170809,20170808,210144500,3734.0,1484,158422,55384180.0,3736.0,11,3734.0,12
rb1805,20170809,20170808,210145000,3734.0,1484,158422,55384180.0,3736.0,5,3734.0,13
rb1805,20170809,20170808,210145500,3734.0,1484,158422,55384180.0,3736.0,6,3734.0,12
rb1805,20170809,20170808,210146000,3734.0,1484,158422,55384180.0,3736.0,6,3734.0,12
rb1805,20170809,20170808,210147000,3734.0,1484,158422,55384180.0,3736.0,6,3734.0,12
rb1805,20170809,20170808,210147500,3734.0,1484,158422,55384180.0,3736.0,6,3734.0,12
rb1805,20170809,20170808,210148000,3736.0,1504,158436,56131380.0,3736.0,1,3734.0,10
rb1805,20170809,20170808,210148500,3734.0,1506,158436,56206060.0,3736.0,8,3734.0,14
rb1805,20170809,20170808,210149000,3734.0,1508,158436,56280740.0,3736.0,8,3734.0,13
rb1805,20170809,20170808,210150000,3736.0,1516,158438,56579620.0,3736.0,8,3734.0,13
rb1805,20170809,20170808,210150500,3736.0,1516,158438,56579620.0,3736.0,9,3734.0,13
rb1805,20170809,20170808,210151000,3735.0,1518,158438,56654320.0,3736.0,14,3734.0,8
rb1805,20170809,20170808,210151500,3735.0,1518,158438,56654320.0,3736.0,17,3734.0,8
rb1805,20170809,20170808,210152000,3736.0,1520,158438,56729040.0,3736.0,16,3734.0,8
rb1805,20170809,20170808,210152500,3736.0,1520,158438,56729040.0,3736.0,15,3734.0,8
rb1805,20170809,20170808,210153000,3736.0,1520,158438,56729040.0,3736.0,16,3734.0,8
rb1805,20170809,20170808,210153500,3736.0,1520,158438,56729040.0,3736.0,16,3734.0,8
rb1805,20170809,20170808,210154500,3736.0,1520,158438,56729040.0,3735.0,3,3734.0,8
rb1805,20170809,20170808,210155000,3736.0,1520,158438,56729040.0,3735.0,1,3734.0,8
rb1805,20170809,20170808,210155500,3736.0,1520,158438,56729040.0,3735.0,1,3734.0,8
rb1805,20170809,20170808,210156500,3736.0,1520,158438,56729040.0,3735.0,1,3734.0,8
rb1805,20170809,20170808,210157000,3736.0,1520,158438,56729040.0,3735.0,1,3734.0,8
rb1805,20170809,20170808,210157500,3734.0,1530,158428,57102440.0,3735.0,1,3734.0,3
rb1805,20170809,20170808,210158000,3734.0,1530,158428,57102440.0,3735.0,4,3734.0,3
rb1805,20170809,20170808,210158500,3734.0,1530,158428,57102440.0,3735.0,4,3734.0,3
rb1805,20170809,20170808,210159000,3734.0,1530,158428,57102440.0,3735.0,5,3734.0,3
rb1805,20170809,20170808,210159500,3734.0,1530,158428,57102440.0,3735.0,2,3734.0,3
rb1805,20170809,20170808,210200000,3734.0,1534,158424,57251800.0,3735.0,2,3734.0,1
rb1805,20170809,20170808,210200500,3734.0,1534,158424,57251800.0,3735.0,2,3734.0,1
rb1805,20170809,20170808,210201000,3734.0,1536,158424,57326480.0,3734.0,1,3733.0,33
rb1805,20170809,20170808,210201500,3734.0,1536,158424,57326480.0,3734.0,1,3733.0,32
rb1805,20170809,20170808,210202000,3733.0,1600,158456,59715600.0,3733.0,17,3732.0,6
rb1805,20170809,20170808,210202500,3732.0,1612,158454,60163440.0,3732.0,3,3731.0,3
rb1805,20170809,20170808,210203000,3732.0,1612,158454,60163440.0,3732.0,4,3731.0,3
rb1805,20170809,20170808,210203500,3732.0,1618,158460,60387360.0,3732.0,1,3731.0,3
rb1805,20170809,20170808,210204000,3731.0,1620,158458,60461980.0,3732.0,9,3731.0,1
rb1805,20170809,20170808,210204500,3731.0,1624,158458,60611220.0,3732.0,9,3730.0,3
rb1805,20170809,20170808,210205000,3731.0,1624,158458,60611220.0,3732.0,9,3730.0,6
rb1805,20170809,20170808,210206000,3731.0,1624,158458,60611220.0,3732.0,10,3730.0,6
rb1805,20170809,20170808,210207000,3731.0,1624,158458,60611220.0,3732.0,15,3730.0,6
rb1805,20170809,20170808,210207500,3732.0,1626,158460,60685860.0,3732.0,9,3730.0,6
rb1805,20170809,20170808,210208000,3732.0,1626,158460,60685860.0,3731.0,1,3730.0,6
rb1805,20170809,20170808,210208500,3732.0,1626,158460,60685860.0,3731.0,1,3730.0,3
rb1805,20170809,20170808,210209000,3732.0,1626,158460,60685860.0,3731.0,1,3730.0,3
rb1805,20170809,20170808,210209500,3732.0,1626,158460,60685860.0,3731.0,9,3730.0,3
rb1805,20170809,20170808,210210000,3732.0,1626,158460,60685860.0,3731.0,9,3730.0,3
rb1805,20170809,20170808,210210500,3730.0,1632,158458,60909660.0,3730.0,5,3729.0,4
rb1805,20170809,20170808,210211000,3729.0,1634,158458,60984240.0,3730.0,10,3729.0,3
rb1805,20170809,20170808,210211500,3729.0,1640,158458,61207980.0,3730.0,10,3727.0,2
rb1805,20170809,20170808,210212000,3729.0,1640,158458,61207980.0,3729.0,2,3728.0,3
rb1805,20170809,20170808,210212500,3730.0,1648,158466,61506340.0,3729.0,1,3728.0,2
rb1805,20170809,20170808,210213000,3729.0,1658,158474,61879300.0,3729.0,1,3727.0,3
rb1805,20170809,20170808,210213500,3729.0,1658,158474,61879300.0,3729.0,2,3727.0,3
rb1805,20170809,20170808,210214000,3729.0,1658,158474,61879300.0,3729.0,5,3727.0,10
rb1805,20170809,20170808,210214500,3729.0,1658,158474,61879300.0,3729.0,5,3728.0,3
rb1805,20170809,20170808,210215000,3728.0,1664,158472,62103000.0,3729.0,1,3728.0,1
rb1805,20170809,20170808,210215500,3727.0,1682,158468,62773880.0,3727.0,8,3726.0,3
rb1805,20170809,20170808,210216000,3727.0,1682,158468,62773880.0,3727.0,8,3726.0,7
rb1805,20170809,20170808,210216500,3727.0,1682,158468,62773880.0,3727.0,8,3726.0,7
rb1805,20170809,20170808,210217000,3727.0,1682,158468,62773880.0,3727.0,8,3726.0,7
rb1805,20170809,20170808,210217500,3726.0,1684,158468,62848400.0,3727.0,8,3726.0,6
rb1805,20170809,20170808,210218000,3727.0,1686,158466,62922940.0,3727.0,8,3726.0,6
rb1805,20170809,20170808,210218500,3727.0,1686,158466,62922940.0,3727.0,8,3726.0,6
rb1805,20170809,20170808,210219000,3726.0,1698,158466,63370060.0,3726.0,8,3725.0,8
rb1805,20170809,20170808,210219500,3726.0,1698,158466,63370060.0,3726.0,6,3725.0,8
rb1805,20170809,20170808,210220000,3726.0,1698,158466,63370060.0,3726.0,5,3725.0,12
rb1805,20170809,20170808,210220500,3726.0,1706,158472,63668140.0,3726.0,1,3725.0,12
rb1805,20170809,20170808,210221000,3727.0,1718,158472,64115360.0,3727.0,7,3726.0,27
rb1805,20170809,20170808,210221500,3726.0,1728,158468,64487980.0,3727.0,6,3726.0,20
rb1805,20170809,20170808,210222000,3727.0,1732,158470,64637060.0,3727.0,4,3726.0,19
rb1805,20170809,20170808,210222500,3726.0,1738,158470,64860620.0,3727.0,4,3726.0,16
rb1805,20170809,20170808,210223000,3726.0,1738,158470,64860620.0,3727.0,4,3726.0,9
rb1805,20170809,20170808,210223500,3726.0,1740,158472,64935140.0,3727.0,5,3726.0,5
rb1805,20170809,20170808,210224000,3726.0,1740,158472,64935140.0,3727.0,4,3726.0,6
rb1805,20170809,20170808,210224500,3726.0,1740,158472,64935140.0,3727.0,4,3726.0,5
rb1805,20170809,20170808,210225000,3726.0,1742,158472,65009660.0,3727.0,5,3726.0,4
rb1805,20170809,20170808,210225500,3726.0,1742,158472,65009660.0,3727.0,5,3726.0,4
rb1805,20170809,20170808,210226000,3726.0,1746,158472,65158700.0,3727.0,5,3726.0,2
rb1805,20170809,20170808,210227000,3726.0,1746,158472,65158700.0,3727.0,8,3726.0,2
rb1805,20170809,20170808,210227500,3726.0,1746,158472,65158700.0,3727.0,4,3726.0,2
rb1805,20170809,20170808,210228000,3726.0,1748,158474,65233220.0,3727.0,1,3726.0,1
rb1805,20170809,20170808,210228500,3726.0,1748,158474,65233220.0,3727.0,1,3726.0,1
rb1805,20170809,20170808,210229000,3726.0,1748,158474,65233220.0,3727.0,1,3726.0,1
rb1805,20170809,20170808,210229500,3726.0,1752,158476,65382260.0,3727.0,1,3726.0,1
rb1805,20170809,20170808,210230000,3726.0,1754,158474,65456780.0,3727.0,1,3726.0,1
rb1805,20170809,20170808,210230500,3726.0,1756,158476,65531300.0,3727.0,1,3725.0,27
rb1805,20170809,20170808,210231000,3727.0,1758,158476,65605840.0,3726.0,1,3725.0,28
rb1805,20170809,20170808,210231500,3726.0,1760,158478,65680360.0,3727.0,8,3726.0,12
rb1805,20170809,20170808,210232000,3726.0,1762,158476,65754880.0,3727.0,14,3725.0,22
rb1805,20170809,20170808,210232500,3726.0,1762,158476,65754880.0,3727.0,12,3725.0,23
rb1805,20170809,20170808,210233000,3725.0,1764,158478,65829380.0,3726.0,2,3725.0,26
rb1805,20170809,20170808,210233500,3726.0,1778,158476,66351020.0,3727.0,15,3725.0,26
rb1805,20170809,20170808,210234000,3726.0,1778,158476,66351020.0,3727.0,15,3725.0,26
rb1805,20170809,20170808,210234500,3726.0,1778,158476,66351020.0,3726.0,1,3725.0,23
rb1805,20170809,20170808,210235000,3726.0,1780,158478,66425540.0,3727.0,18,3725.0,18
rb1805,20170809,20170808,210235500,3726.0,1780,158478,66425540.0,3727.0,22,3725.0,18
rb1805,20170809,20170808,210236000,3725.0,1782,158476,66500040.0,3727.0,10,3725.0,23
rb1805,20170809,20170808,210236500,3725.0,1786,158476,66649040.0,3727.0,8,3725.0,21
rb1805,20170809,20170808,210237000,3725.0,1786,158476,66649040.0,3726.0,1,3725.0,21
rb1805,20170809,20170808,210237500,3726.0,1788,158474,66723560.0,3727.0,8,3725.0,22
rb1805,20170809,20170808,210238000,3727.0,1806,158472,67394420.0,3728.0,18,3726.0,2
rb1805,20170809,20170808,210238500,3727.0,1806,158472,67394420.0,3726.0,1,3725.0,22
rb1805,20170809,20170808,210239000,3726.0,1808,158474,67468940.0,3727.0,2,3726.0,5
rb1805,20170809,20170808,210239500,3726.0,1808,158474,67468940.0,3727.0,9,3726.0,1
rb1805,20170809,20170808,210240000,3726.0,1808,158474,67468940.0,3727.0,14,3725.0,17
rb1805,20170809,20170808,210240500,3725.0,1810,158476,67543440.0,3727.0,18,3725.0,16
rb1805,20170809,20170808,210241500,3725.0,1810,158476,67543440.0,3726.0,1,3725.0,17
rb1805,20170809,20170808,210242000,3726.0,1812,158476,67617960.0,3727.0,13,3725.0,17
rb1805,20170809,20170808,210242500,3726.0,1814,158478,67692480.0,3726.0,4,3725.0,23
rb1805,20170809,20170808,210243000,3726.0,1826,158478,68139600.0,3727.0,10,3726.0,10
rb1805,20170809,20170808,210243500,3726.0,1826,158478,68139600.0,3727.0,10,3726.0,10
rb1805,20170809,20170808,210244000,3726.0,1826,158478,68139600.0,3727.0,11,3726.0,10
rb1805,20170809,20170808,210244500,3726.0,1826,158478,68139600.0,3727.0,11,3726.0,10
rb1805,20170809,20170808,210245000,3726.0,1828,158480,68214120.0,3727.0,11,3726.0,9
rb1805,20170809,20170808,210245500,3726.0,1836,158480,68512200.0,3727.0,11,3726.0,5
rb1805,20170809,20170808,210246500,3725.0,1876,158478,70002300.0,3727.0,11,3725.0,9
rb1805,20170809,20170808,210247000,3725.0,1876,158478,70002300.0,3727.0,14,3725.0,9
rb1805,20170809,20170808,210247500,3725.0,1876,158478,70002300.0,3727.0,14,3725.0,8
rb1805,20170809,20170808,210248000,3725.0,1876,158478,70002300.0,3727.0,19,3725.0,8
rb1805,20170809,20170808,210248500,3725.0,1876,158478,70002300.0,3727.0,24,3725.0,8
rb1805,20170809,20170808,210249000,3725.0,1876,158478,70002300.0,3727.0,24,3725.0,8
rb1805,20170809,20170808,210249500,3725.0,1876,158478,70002300.0,3727.0,24,3725.0,8
rb1805,20170809,20170808,210250000,3725.0,1876,158478,70002300.0,3727.0,22,3725.0,9
rb1805,20170809,20170808,210250500,3727.0,1882,158482,70225920.0,3727.0,16,3725.0,10
rb1805,20170809,20170808,210251000,3725.0,1884,158482,70300420.0,3727.0,16,3725.0,9
rb1805,20170809,20170808,210251500,3725.0,1886,158482,70374920.0,3727.0,16,3725.0,8
rb1805,20170809,20170808,210252000,3725.0,1886,158482,70374920.0,3727.0,17,3725.0,8
rb1805,20170809,20170808,210252500,3725.0,1886,158482,70374920.0,3727.0,18,3725.0,8
rb1805,20170809,20170808,210253500,3725.0,1886,158482,70374920.0,3727.0,18,3725.0,9
rb1805,20170809,20170808,210254000,3725.0,1886,158482,70374920.0,3727.0,21,3725.0,9
rb1805,20170809,20170808,210255000,3725.0,1886,158482,70374920.0,3727.0,22,3725.0,4
rb1805,20170809,20170808,210255500,3725.0,1886,158482,70374920.0,3726.0,3,3725.0,4
rb1805,20170809,20170808,210256000,3725.0,1886,158482,70374920.0,3726.0,3,3725.0,4
rb1805,20170809,20170808,210256500,3725.0,1886,158482,70374920.0,3726.0,8,3725.0,4
rb1805,20170809,20170808,210257000,3726.0,1888,158484,70449440.0,3726.0,7,3725.0,4
rb1805,20170809,20170808,210257500,3726.0,1888,158484,70449440.0,3726.0,7,3725.0,4
rb1805,20170809,20170808,210258000,3725.0,1896,158486,70747440.0,3726.0,10,3724.0,3
rb1805,20170809,20170808,210258500,3725.0,1896,158486,70747440.0,3725.0,4,3724.0,3
rb1805,20170809,20170808,210259000,3725.0,1898,158488,70821940.0,3725.0,8,3724.0,3
rb1805,20170809,20170808,210259500,3724.0,1904,158488,71045380.0,3724.0,7,3723.0,1
rb1805,20170809,20170808,210300000,3724.0,1904,158488,71045380.0,3724.0,3,3721.0,2
rb1805,20170809,20170808,210300500,3724.0,1906,158486,71119860.0,3723.0,8,3721.0,6
rb1805,20170809,20170808,210301000,3724.0,1908,158486,71194340.0,3722.0,2,3721.0,2
rb1805,20170809,20170808,210301500,3723.0,1914,158486,71417680.0,3723.0,14,3722.0,19
rb1805,20170809,20170808,210302000,3721.0,1918,158488,71566520.0,3722.0,2,3720.0,10
rb1805,20170809,20170808,210302500,3721.0,1932,158488,72087500.0,3723.0,3,3721.0,8
rb1805,20170809,20170808,210303000,3723.0,1936,158484,72236380.0,3723.0,2,3721.0,7
rb1805,20170809,20170808,210303500,3723.0,1938,158482,72310840.0,3723.0,1,3722.0,5
rb1805,20170809,20170808,210304000,3723.0,1940,158482,72385300.0,3724.0,2,3722.0,5
rb1805,20170809,20170808,210304500,3723.0,1940,158482,72385300.0,3724.0,10,3722.0,1
rb1805,20170809,20170808,210305000,3722.0,1944,158482,72534180.0,3724.0,5,3722.0,4
rb1805,20170809,20170808,210305500,3722.0,1944,158482,72534180.0,3724.0,5,3722.0,4
rb1805,20170809,20170808,210306000,3722.0,1948,158478,72683060.0,3722.0,2,3721.0,7
rb1805,20170809,20170808,210306500,3722.0,1952,158474,72831940.0,3723.0,5,3722.0,4
rb1805,20170809,20170808,210307000,3722.0,1964,158476,73278680.0,3724.0,12,3722.0,5
rb1805,20170809,20170808,210307500,3722.0,1964,158476,73278680.0,3724.0,5,3722.0,5
rb1805,20170809,20170808,210308000,3722.0,1964,158476,73278680.0,3724.0,2,3722.0,10
rb1805,20170809,20170808,210308500,3721.0,1982,158468,73948560.0,3722.0,5,3721.0,4
rb1805,20170809,20170808,210309000,3722.0,1994,158470,74395200.0,3724.0,12,3722.0,3
rb1805,20170809,20170808,210309500,3722.0,1994,158470,74395200.0,3724.0,10,3722.0,3
rb1805,20170809,20170808,210310000,3722.0,1996,158470,74469640.0,3724.0,10,3722.0,2
rb1805,20170809,20170808,210310500,3722.0,2006,158460,74841840.0,3722.0,2,3721.0,1
rb1805,20170809,20170808,210311000,3721.0,2016,158464,75214000.0,3721.0,2,3720.0,17
rb1805,20170809,20170808,210311500,3722.0,2022,158470,75437280.0,3724.0,10,3723.0,1
rb1805,20170809,20170808,210312000,3723.0,2028,158474,75660660.0,3722.0,3,3721.0,7
rb1805,20170809,20170808,210312500,3722.0,2042,158468,76181740.0,3724.0,12,3721.0,7
rb1805,20170809,20170808,210313000,3722.0,2042,158468,76181740.0,3723.0,7,3722.0,1
rb1805,20170809,20170808,210313500,3722.0,2046,158470,76330620.0,3722.0,1,3721.0,2
rb1805,20170809,20170808,210314000,3722.0,2048,158470,76405060.0,3723.0,12,3721.0,2
rb1805,20170809,20170808,210314500,3722.0,2048,158470,76405060.0,3723.0,12,3721.0,5
rb1805,20170809,20170808,210315000,3721.0,2052,158470,76553900.0,3723.0,17,3721.0,3
rb1805,20170809,20170808,210315500,3721.0,2052,158470,76553900.0,3723.0,17,3721.0,9
rb1805,20170809,20170808,210316000,3721.0,2062,158462,76926000.0,3722.0,6,3721.0,4
rb1805,20170809,20170808,210316500,3721.0,2062,158462,76926000.0,3722.0,6,3721.0,4
rb1805,20170809,20170808,210317000,3721.0,2062,158462,76926000.0,3722.0,10,3721.0,4
rb1805,20170809,20170808,210317500,3721.0,2062,158462,76926000.0,3722.0,15,3721.0,4
rb1805,20170809,20170808,210318000,3722.0,2084,158460,77744700.0,3722.0,14,3720.0,12
rb1805,20170809,20170808,210318500,3722.0,2084,158460,77744700.0,3721.0,3,3720.0,12
rb1805,20170809,20170808,210319000,3721.0,2086,158460,77819120.0,3721.0,2,3720.0,12
rb1805,20170809,20170808,210319500,3722.0,2092,158460,78042400.0,3722.0,12,3720.0,12
rb1805,20170809,20170808,210320000,3722.0,2092,158460,78042400.0,3721.0,1,3720.0,12
rb1805,20170809,20170808,210320500,3721.0,2096,158458,78191240.0,3722.0,12,3720.0,13
rb1805,20170809,20170808,210321000,3721.0,2098,158456,78265660.0,3721.0,4,3720.0,13
rb1805,20170809,20170808,210321500,3721.0,2098,158456,78265660.0,3722.0,10,3720.0,13
rb1805,20170809,20170808,210322000,3721.0,2098,158456,78265660.0,3722.0,11,3720.0,13
rb1805,20170809,20170808,210322500,3721.0,2098,158456,78265660.0,3722.0,5,3720.0,13
rb1805,20170809,20170808,210323000,3720.0,2100,158458,78340060.0,3722.0,15,3720.0,12
rb1805,20170809,20170808,210323500,3721.0,2122,158454,79158480.0,3721.0,6,3720.0,2
rb1805,20170809,20170808,210324000,3720.0,2126,158458,79307280.0,3720.0,8,3719.0,2
rb1805,20170809,20170808,210324500,3719.0,2130,158460,79456040.0,3719.0,8,3718.0,16
rb1805,20170809,20170808,210325000,3718.0,2136,158460,79679160.0,3720.0,8,3718.0,18
rb1805,20170809,20170808,210325500,3720.0,2168,158452,80869560.0,3721.0,6,3719.0,3
rb1805,20170809,20170808,210326000,3720.0,2168,158452,80869560.0,3721.0,6,3718.0,15
rb1805,20170809,20170808,210326500,3720.0,2172,158448,81018360.0,3721.0,12,3718.0,15
rb1805,20170809,20170808,210327000,3719.0,2176,158446,81167140.0,3720.0,8,3719.0,1
rb1805,20170809,20170808,210327500,3718.0,2180,158444,81315880.0,3719.0,3,3718.0,24
rb1805,20170809,20170808,210328000,3719.0,2228,158470,83100580.0,3719.0,6,3718.0,3
rb1805,20170809,20170808,210328500,3718.0,2234,158470,83323660.0,3718.0,4,3717.0,2
rb1805,20170809,20170808,210329000,3717.0,2246,158462,83769660.0,3717.0,50,3715.0,2
rb1805,20170809,20170808,210329500,3714.0,2252,158458,83992540.0,3717.0,50,3713.0,2
rb1805,20170809,20170808,210330000,3717.0,2310,158458,86148220.0,3717.0,26,3714.0,4
rb1805,20170809,20170808,210330500,3717.0,2314,158456,86296860.0,3717.0,25,3715.0,2
rb1805,20170809,20170808,210331000,3715.0,2316,158454,86371160.0,3717.0,25,3715.0,9
rb1805,20170809,20170808,210331500,3715.0,2322,158452,86594060.0,3717.0,26,3715.0,6
rb1805,20170809,20170808,210332000,3715.0,2326,158452,86742660.0,3717.0,29,3715.0,7
rb1805,20170809,20170808,210332500,3715.0,2326,158452,86742660.0,3717.0,26,3715.0,7
rb1805,20170809,20170808,210333000,3715.0,2330,158454,86891300.0,3717.0,25,3715.0,4
rb1805,20170809,20170808,210333500,3715.0,2332,158454,86965600.0,3717.0,25,3716.0,1
rb1805,20170809,20170808,210334000,3715.0,2374,158446,88526120.0,3715.0,41,3714.0,11
rb1805,20170809,20170808,210334500,3715.0,2456,158390,91572420.0,3717.0,25,3716.0,6
rb1805,20170809,20170808,210335000,3717.0,2498,158430,93133520.0,3717.0,6,3716.0,4
rb1805,20170809,20170808,210335500,3717.0,2498,158430,93133520.0,3717.0,6,3716.0,1
rb1805,20170809,20170808,210336500,3717.0,2502,158430,93282200.0,3717.0,4,3716.0,1
rb1805,20170809,20170808,210337000,3717.0,2506,158432,93430880.0,3717.0,2,3716.0,4
rb1805,20170809,20170808,210337500,3717.0,2512,158430,93653900.0,3718.0,52,3717.0,1
rb1805,20170809,20170808,210338000,3717.0,2512,158430,93653900.0,3718.0,55,3717.0,2
rb1805,20170809,20170808,210338500,3717.0,2512,158430,93653900.0,3718.0,55,3717.0,1
rb1805,20170809,20170808,210339000,3718.0,2522,158432,94025700.0,3718.0,47,3717.0,2
rb1805,20170809,20170808,210339500,3718.0,2530,158430,94323100.0,3718.0,45,3716.0,5
rb1805,20170809,20170808,210340000,3718.0,2582,158386,96256460.0,3718.0,19,3717.0,5
rb1805,20170809,20170808,210340500,3718.0,2620,158388,97669300.0,3719.0,1,3718.0,61
rb1805,20170809,20170808,210341000,3719.0,2622,158390,97743680.0,3720.0,1,3719.0,10
rb1805,20170809,20170808,210341500,3720.0,2634,158398,98190080.0,3721.0,6,3720.0,9
rb1805,20170809,20170808,210342000,3721.0,2646,158410,98636600.0,3722.0,21,3721.0,20
rb1805,20170809,20170808,210342500,3722.0,2650,158408,98785480.0,3722.0,12,3721.0,10
rb1805,20170809,20170808,210343000,3721.0,2656,158414,99008740.0,3722.0,14,3721.0,7
rb1805,20170809,20170808,210343500,3721.0,2656,158414,99008740.0,3722.0,12,3721.0,5
rb1805,20170809,20170808,210344000,3722.0,2664,158414,99306500.0,3722.0,8,3721.0,1
rb1805,20170809,20170808,210344500,3722.0,2674,158416,99678700.0,3722.0,5,3720.0,5
rb1805,20170809,20170808,210345000,3722.0,2680,158412,99902020.0,3722.0,7,3721.0,7
rb1805,20170809,20170808,210345500,3722.0,2680,158412,99902020.0,3722.0,7,3721.0,9
rb1805,20170809,20170808,210346000,3722.0,2682,158412,99976460.0,3722.0,4,3721.0,9
rb1805,20170809,20170808,210346500,3722.0,2682,158412,99976460.0,3722.0,6,3721.0,9
rb1805,20170809,20170808,210347000,3722.0,2690,158412,100274160.0,3722.0,5,3720.0,5
rb1805,20170809,20170808,210347500,3722.0,2690,158412,100274160.0,3722.0,5,3720.0,5
rb1805,20170809,20170808,210348000,3722.0,2692,158412,100348600.0,3722.0,16,3720.0,1
rb1805,20170809,20170808,210348500,3722.0,2694,158412,100423040.0,3722.0,15,3720.0,1
rb1805,20170809,20170808,210349000,3722.0,2694,158412,100423040.0,3722.0,15,3720.0,2
rb1805,20170809,20170808,210350000,3722.0,2694,158412,100423040.0,3721.0,4,3720.0,2
rb1805,20170809,20170808,210350500,3722.0,2694,158412,100423040.0,3721.0,4,3720.0,2
rb1805,20170809,20170808,210351000,3722.0,2694,158412,100423040.0,3721.0,4,3720.0,2
rb1805,20170809,20170808,210351500,3720.0,2698,158408,100571840.0,3720.0,7,3719.0,9
rb1805,20170809,20170808,210352000,3720.0,2700,158408,100646240.0,3720.0,6,3719.0,6
rb1805,20170809,20170808,210352500,3720.0,2700,158408,100646240.0,3720.0,26,3719.0,6
rb1805,20170809,20170808,210353000,3720.0,2702,158408,100720640.0,3720.0,28,3718.0,10
rb1805,20170809,20170808,210353500,3720.0,2702,158408,100720640.0,3720.0,28,3718.0,4
rb1805,20170809,20170808,210354000,3720.0,2702,158408,100720640.0,3720.0,25,3718.0,4
rb1805,20170809,20170808,210354500,3720.0,2702,158408,100720640.0,3720.0,25,3718.0,4
rb1805,20170809,20170808,210355000,3720.0,2704,158408,100795040.0,3720.0,24,3719.0,5
rb1805,20170809,20170808,210355500,3720.0,2704,158408,100795040.0,3720.0,25,3719.0,7
rb1805,20170809,20170808,210356000,3720.0,2704,158408,100795040.0,3720.0,25,3719.0,7
rb1805,20170809,20170808,210356500,3719.0,2710,158414,101018180.0,3720.0,25,3719.0,4
rb1805,20170809,20170808,210357500,3719.0,2710,158414,101018180.0,3720.0,25,3719.0,5
rb1805,20170809,20170808,210358000,3719.0,2712,158416,101092560.0,3720.0,25,3719.0,4
rb1805,20170809,20170808,210358500,3720.0,2714,158416,101166960.0,3720.0,24,3719.0,7
rb1805,20170809,20170808,210359000,3720.0,2714,158416,101166960.0,3720.0,24,3719.0,7
rb1805,20170809,20170808,210359500,3720.0,2714,158416,101166960.0,3720.0,24,3719.0,8
rb1805,20170809,20170808,210400000,3720.0,2750,158446,102506160.0,3720.0,6,3719.0,8
rb1805,20170809,20170808,210401000,3720.0,2754,158448,102654940.0,3720.0,5,3719.0,7
rb1805,20170809,20170808,210401500,3720.0,2764,158458,103026940.0,3721.0,1,3720.0,6
rb1805,20170809,20170808,210402000,3720.0,2766,158456,103101340.0,3721.0,1,3720.0,5
rb1805,20170809,20170808,210402500,3720.0,2766,158456,103101340.0,3721.0,1,3720.0,5
rb1805,20170809,20170808,210403000,3721.0,2768,158456,103175760.0,3722.0,13,3720.0,5
rb1805,20170809,20170808,210403500,3721.0,2768,158456,103175760.0,3722.0,16,3721.0,1
rb1805,20170809,20170808,210404000,3721.0,2768,158456,103175760.0,3722.0,17,3721.0,1
rb1805,20170809,20170808,210404500,3722.0,2770,158456,103250200.0,3722.0,16,3721.0,1
rb1805,20170809,20170808,210405000,3722.0,2770,158456,103250200.0,3722.0,14,3721.0,4
rb1805,20170809,20170808,210405500,3722.0,2800,158446,104366800.0,3723.0,11,3721.0,4
rb1805,20170809,20170808,210406000,3722.0,2802,158448,104441240.0,3722.0,2,3721.0,4
rb1805,20170809,20170808,210406500,3723.0,2808,158450,104664580.0,3723.0,11,3721.0,4
rb1805,20170809,20170808,210407000,3723.0,2808,158450,104664580.0,3722.0,3,3721.0,4
rb1805,20170809,20170808,210407500,3722.0,2814,158450,104887900.0,3723.0,12,3721.0,4
rb1805,20170809,20170808,210408000,3721.0,2816,158450,104962320.0,3723.0,8,3721.0,6
rb1805,20170809,20170808,210408500,3721.0,2816,158450,104962320.0,3723.0,7,3721.0,6
rb1805,20170809,20170808,210409000,3722.0,2818,158450,105036760.0,3723.0,7,3722.0,2
rb1805,20170809,20170808,210409500,3723.0,2822,158450,105185680.0,3723.0,5,3722.0,7
rb1805,20170809,20170808,210410000,3722.0,2834,158458,105632420.0,3725.0,8,3722.0,6
rb1805,20170809,20170808,210410500,3722.0,2834,158458,105632420.0,3725.0,11,3722.0,6
rb1805,20170809,20170808,210411000,3722.0,2834,158458,105632420.0,3724.0,6,3722.0,3
rb1805,20170809,20170808,210411500,3722.0,2834,158458,105632420.0,3724.0,7,3722.0,3
rb1805,20170809,20170808,210412000,3722.0,2834,158458,105632420.0,3724.0,6,3722.0,3
rb1805,20170809,20170808,210412500,3722.0,2834,158458,105632420.0,3724.0,6,3722.0,3
rb1805,20170809,20170808,210413500,3722.0,2834,158458,105632420.0,3724.0,7,3722.0,3
rb1805,20170809,20170808,210414000,3722.0,2834,158458,105632420.0,3724.0,6,3722.0,3
rb1805,20170809,20170808,210414500,3722.0,2834,158458,105632420.0,3724.0,6,3723.0,6
rb1805,20170809,20170808,210415000,3722.0,2834,158458,105632420.0,3724.0,6,3723.0,6
rb1805,20170809,20170808,210415500,3724.0,2838,158458,105781360.0,3724.0,5,3723.0,5
rb1805,20170809,20170808,210416000,3724.0,2838,158458,105781360.0,3724.0,5,3723.0,5
rb1805,20170809,20170808,210416500,3724.0,2838,158458,105781360.0,3724.0,5,3723.0,5
rb1805,20170809,20170808,210417000,3724.0,2838,158458,105781360.0,3724.0,5,3723.0,2
rb1805,20170809,20170808,210417500,3724.0,2838,158458,105781360.0,3724.0,5,3723.0,2
rb1805,20170809,20170808,210418000,3724.0,2838,158458,105781360.0,3724.0,5,3723.0,2
rb1805,20170809,20170808,210418500,3724.0,2838,158458,105781360.0,3724.0,5,3723.0,2
rb1805,20170809,20170808,210419000,3724.0,2844,158452,106004800.0,3724.0,2,3723.0,2
rb1805,20170809,20170808,210419500,3724.0,2848,158450,106153760.0,3725.0,10,3724.0,5
rb1805,20170809,20170808,210420000,3724.0,2854,158454,106377200.0,3725.0,5,3724.0,2
rb1805,20170809,20170808,210420500,3724.0,2854,158454,106377200.0,3725.0,5,3724.0,3
rb1805,20170809,20170808,210421000,3724.0,2854,158454,106377200.0,3725.0,5,3724.0,3
rb1805,20170809,20170808,210421500,3724.0,2854,158454,106377200.0,3725.0,5,3724.0,3
rb1805,20170809,20170808,210422000,3724.0,2854,158454,106377200.0,3725.0,5,3724.0,8
rb1805,20170809,20170808,210423000,3724.0,2854,158454,106377200.0,3725.0,5,3724.0,8
rb1805,20170809,20170808,210425000,3724.0,2854,158454,106377200.0,3725.0,5,3724.0,8
rb1805,20170809,20170808,210425500,3725.0,2856,158456,106451700.0,3725.0,4,3724.0,6
rb1805,20170809,20170808,210426000,3725.0,2856,158456,106451700.0,3725.0,9,3724.0,6
rb1805,20170809,20170808,210426500,3725.0,2866,158458,106824200.0,3725.0,4,3724.0,6
rb1805,20170809,20170808,210427000,3725.0,2866,158458,106824200.0,3725.0,4,3724.0,6
rb1805,20170809,20170808,210427500,3725.0,2874,158458,107122200.0,3726.0,5,3725.0,1
rb1805,20170809,20170808,210428000,3725.0,2874,158458,107122200.0,3726.0,6,3725.0,1
rb1805,20170809,20170808,210428500,3725.0,2874,158458,107122200.0,3726.0,6,3725.0,1
rb1805,20170809,20170808,210429000,3725.0,2874,158458,107122200.0,3726.0,6,3725.0,27
rb1805,20170809,20170808,210429500,3725.0,2874,158458,107122200.0,3726.0,3,3725.0,27
rb1805,20170809,20170808,210430000,3726.0,2878,158460,107271240.0,3726.0,1,3725.0,27
rb1805,20170809,20170808,210430500,3726.0,2890,158468,107718360.0,3726.0,1,3725.0,27
rb1805,20170809,20170808,210431000,3726.0,2890,158468,107718360.0,3726.0,1,3725.0,27
rb1805,20170809,20170808,210431500,3726.0,2890,158468,107718360.0,3727.0,11,3725.0,27
rb1805,20170809,20170808,210432000,3726.0,2890,158468,107718360.0,3727.0,12,3725.0,27
rb1805,20170809,20170808,210432500,3726.0,2890,158468,107718360.0,3727.0,17,3726.0,1
rb1805,20170809,20170808,210433000,3726.0,2892,158468,107792880.0,3726.0,1,3725.0,22
rb1805,20170809,20170808,210433500,3726.0,2892,158468,107792880.0,3726.0,1,3725.0,22
rb1805,20170809,20170808,210434000,3726.0,2892,158468,107792880.0,3726.0,6,3725.0,22
rb1805,20170809,20170808,210435500,3726.0,2892,158468,107792880.0,3726.0,1,3725.0,27
rb1805,20170809,20170808,210436500,3726.0,2892,158468,107792880.0,3726.0,1,3725.0,27
rb1805,20170809,20170808,210437500,3726.0,2892,158468,107792880.0,3726.0,2,3725.0,27
rb1805,20170809,20170808,210438000,3726.0,2892,158468,107792880.0,3726.0,1,3725.0,27
rb1805,20170809,20170808,210438500,3726.0,2894,158470,107867400.0,3727.0,19,3725.0,27
rb1805,20170809,20170808,210439000,3726.0,2896,158472,107941920.0,3726.0,1,3725.0,22
rb1805,20170809,20170808,210439500,3726.0,2896,158472,107941920.0,3726.0,1,3725.0,22
rb1805,20170809,20170808,210440000,3725.0,2940,158472,109580920.0,3725.0,13,3724.0,6
rb1805,20170809,20170808,210440500,3724.0,2966,158490,110549160.0,3724.0,20,3722.0,1
rb1805,20170809,20170808,210441000,3722.0,2970,158490,110698040.0,3723.0,6,3721.0,4
rb1805,20170809,20170808,210441500,3722.0,2970,158490,110698040.0,3723.0,1,3721.0,4
rb1805,20170809,20170808,210442000,3724.0,2972,158492,110772520.0,3724.0,13,3721.0,11
rb1805,20170809,20170808,210442500,3724.0,2972,158492,110772520.0,3724.0,9,3721.0,11
rb1805,20170809,20170808,210444000,3724.0,2972,158492,110772520.0,3724.0,9,3721.0,11
rb1805,20170809,20170808,210444500,3724.0,2974,158492,110847000.0,3724.0,8,3721.0,11
rb1805,20170809,20170808,210445500,3724.0,2974,158492,110847000.0,3724.0,8,3721.0,11
rb1805,20170809,20170808,210446000,3724.0,2974,158492,110847000.0,3724.0,8,3721.0,11
rb1805,20170809,20170808,210446500,3724.0,2974,158492,110847000.0,3724.0,8,3722.0,1
rb1805,20170809,20170808,210447500,3724.0,2974,158492,110847000.0,3723.0,1,3722.0,1
rb1805,20170809,20170808,210448000,3723.0,2980,158496,111070380.0,3723.0,1,3722.0,1
rb1805,20170809,20170808,210448500,3723.0,2982,158496,111144840.0,3723.0,1,3722.0,1
rb1805,20170809,20170808,210449500,3723.0,2982,158496,111144840.0,3723.0,1,3722.0,1
rb1805,20170809,20170808,210450000,3723.0,2982,158496,111144840.0,3723.0,6,3722.0,2
rb1805,20170809,20170808,210450500,3721.0,2992,158496,111516980.0,3722.0,3,3721.0,7
rb1805,20170809,20170808,210451000,3721.0,2992,158496,111516980.0,3723.0,6,3721.0,2
rb1805,20170809,20170808,210451500,3721.0,2994,158494,111591400.0,3723.0,6,3721.0,1
rb1805,20170809,20170808,210452000,3721.0,2994,158494,111591400.0,3723.0,9,3721.0,1
rb1805,20170809,20170808,210452500,3721.0,2996,158496,111665820.0,3722.0,1,3720.0,9
rb1805,20170809,20170808,210453000,3722.0,2998,158498,111740260.0,3722.0,2,3721.0,2
rb1805,20170809,20170808,210453500,3722.0,3000,158498,111814700.0,3722.0,1,3721.0,2
rb1805,20170809,20170808,210454000,3722.0,3002,158496,111889140.0,3723.0,10,3721.0,2
rb1805,20170809,20170808,210454500,3722.0,3002,158496,111889140.0,3723.0,10,3721.0,2
rb1805,20170809,20170808,210455000,3722.0,3002,158496,111889140.0,3723.0,6,3722.0,6
rb1805,20170809,20170808,210455500,3722.0,3002,158496,111889140.0,3723.0,1,3722.0,6
rb1805,20170809,20170808,210456000,3722.0,3008,158498,112112480.0,3724.0,8,3722.0,5
rb1805,20170809,20170808,210456500,3722.0,3008,158498,112112480.0,3724.0,12,3722.0,10
rb1805,20170809,20170808,210457000,3722.0,3008,158498,112112480.0,3724.0,12,3723.0,1
rb1805,20170809,20170808,210457500,3723.0,3010,158500,112186940.0,3723.0,9,3722.0,10
rb1805,20170809,20170808,210458000,3723.0,3014,158500,112335860.0,3723.0,9,3722.0,5
rb1805,20170809,20170808,210458500,3724.0,3034,158516,113080480.0,3724.0,4,3723.0,11
rb1805,20170809,20170808,210459000,3724.0,3036,158514,113154960.0,3724.0,2,3723.0,3
rb1805,20170809,20170808,210459500,3724.0,3036,158514,113154960.0,3723.0,1,3722.0,6
rb1805,20170809,20170808,210500000,3723.0,3038,158516,113229420.0,3724.0,2,3723.0,2
rb1805,20170809,20170808,210500500,3723.0,3038,158516,113229420.0,3724.0,2,3722.0,9
rb1805,20170809,20170808,210501000,3723.0,3038,158516,113229420.0,3724.0,3,3722.0,6
rb1805,20170809,20170808,210501500,3723.0,3038,158516,113229420.0,3724.0,3,3722.0,7
rb1805,20170809,20170808,210502000,3723.0,3038,158516,113229420.0,3724.0,3,3722.0,7
rb1805,20170809,20170808,210503500,3723.0,3038,158516,113229420.0,3724.0,2,3723.0,2
rb1805,20170809,20170808,210504000,3723.0,3038,158516,113229420.0,3724.0,2,3723.0,2
rb1805,20170809,20170808,210504500,3724.0,3040,158514,113303900.0,3724.0,2,3723.0,2
rb1805,20170809,20170808,210505000,3724.0,3044,158516,113452860.0,3725.0,5,3724.0,2
rb1805,20170809,20170808,210505500,3723.0,3052,158512,113750740.0,3725.0,6,3723.0,1
rb1805,20170809,20170808,210506000,3723.0,3052,158512,113750740.0,3725.0,7,3723.0,1
rb1805,20170809,20170808,210506500,3723.0,3052,158512,113750740.0,3725.0,7,3723.0,1
rb1805,20170809,20170808,210507000,3723.0,3052,158512,113750740.0,3724.0,1,3723.0,1
rb1805,20170809,20170808,210508500,3724.0,3054,158514,113825220.0,3724.0,1,3723.0,6
rb1805,20170809,20170808,210509000,3724.0,3056,158514,113899700.0,3725.0,6,3724.0,3
rb1805,20170809,20170808,210509500,3724.0,3122,158550,116357540.0,3725.0,1,3724.0,5
rb1805,20170809,20170808,210510000,3724.0,3124,158552,116432020.0,3725.0,1,3724.0,6
rb1805,20170809,20170808,210511000,3725.0,3126,158550,116506520.0,3726.0,5,3724.0,6
rb1805,20170809,20170808,210511500,3725.0,3126,158550,116506520.0,3726.0,9,3725.0,1
rb1805,20170809,20170808,210512000,3725.0,3128,158548,116581020.0,3726.0,9,3724.0,6
rb1805,20170809,20170808,210512500,3724.0,3130,158550,116655500.0,3726.0,9,3724.0,5
rb1805,20170809,20170808,210513000,3724.0,3130,158550,116655500.0,3725.0,1,3724.0,5
rb1805,20170809,20170808,210513500,3724.0,3130,158550,116655500.0,3725.0,1,3724.0,2
rb1805,20170809,20170808,210514000,3724.0,3130,158550,116655500.0,3725.0,1,3724.0,2
rb1805,20170809,20170808,210514500,3725.0,3132,158548,116730000.0,3726.0,6,3725.0,1
rb1805,20170809,20170808,210515000,3726.0,3134,158548,116804520.0,3726.0,2,3725.0,1
rb1805,20170809,20170808,210515500,3726.0,3134,158548,116804520.0,3726.0,2,3725.0,1
rb1805,20170809,20170808,210516000,3726.0,3134,158548,116804520.0,3726.0,1,3725.0,1
rb1805,20170809,20170808,210516500,3726.0,3134,158548,116804520.0,3726.0,2,3725.0,1
rb1805,20170809,20170808,210517000,3726.0,3134,158548,116804520.0,3726.0,5,3725.0,1
rb1805,20170809,20170808,210517500,3726.0,3134,158548,116804520.0,3726.0,5,3725.0,1
rb1805,20170809,20170808,210518000,3726.0,3138,158552,116953560.0,3726.0,4,3725.0,1
rb1805,20170809,20170808,210518500,3726.0,3140,158552,117028080.0,3726.0,3,3725.0,1
rb1805,20170809,20170808,210519000,3726.0,3140,158552,117028080.0,3726.0,3,3725.0,1
rb1805,20170809,20170808,210520000,3726.0,3140,158552,117028080.0,3726.0,3,3725.0,1
rb1805,20170809,20170808,210521000,3726.0,3140,158552,117028080.0,3727.0,11,3725.0,2
rb1805,20170809,20170808,210521500,3726.0,3140,158552,117028080.0,3726.0,1,3725.0,2
rb1805,20170809,20170808,210522000,3726.0,3140,158552,117028080.0,3726.0,2,3725.0,2
rb1805,20170809,20170808,210522500,3726.0,3140,158552,117028080.0,3726.0,2,3725.0,2
rb1805,20170809,20170808,210523000,3726.0,3140,158552,117028080.0,3726.0,2,3725.0,2
rb1805,20170809,20170808,210523500,3726.0,3140,158552,117028080.0,3726.0,2,3725.0,2
rb1805,20170809,20170808,210524000,3726.0,3140,158552,117028080.0,3726.0,3,3725.0,2
rb1805,20170809,20170808,210524500,3725.0,3142,158552,117102580.0,3726.0,3,3725.0,1
rb1805,20170809,20170808,210525000,3726.0,3144,158554,117177100.0,3726.0,2,3724.0,1
rb1805,20170809,20170808,210525500,3726.0,3144,158554,117177100.0,3726.0,2,3725.0,1
rb1805,20170809,20170808,210526000,3725.0,3148,158556,117326120.0,3725.0,4,3724.0,1
rb1805,20170809,20170808,210526500,3725.0,3148,158556,117326120.0,3725.0,4,3724.0,4
rb1805,20170809,20170808,210527000,3725.0,3148,158556,117326120.0,3725.0,4,3724.0,4
rb1805,20170809,20170808,210528000,3725.0,3150,158558,117400620.0,3725.0,3,3724.0,4
rb1805,20170809,20170808,210528500,3725.0,3150,158558,117400620.0,3725.0,3,3724.0,4
rb1805,20170809,20170808,210529000,3725.0,3152,158558,117475120.0,3725.0,2,3724.0,4
rb1805,20170809,20170808,210529500,3725.0,3152,158558,117475120.0,3725.0,3,3724.0,4
rb1805,20170809,20170808,210530000,3725.0,3152,158558,117475120.0,3725.0,4,3724.0,4
rb1805,20170809,20170808,210531500,3725.0,3154,158560,117549620.0,3725.0,4,3724.0,4
rb1805,20170809,20170808,210532500,3725.0,3154,158560,117549620.0,3725.0,3,3724.0,4
rb1805,20170809,20170808,210533000,3725.0,3156,158562,117624120.0,3725.0,2,3724.0,4
rb1805,20170809,20170808,210534500,3725.0,3156,158562,117624120.0,3725.0,1,3724.0,4
rb1805,20170809,20170808,210535000,3725.0,3156,158562,117624120.0,3725.0,2,3724.0,4
rb1805,20170809,20170808,210535500,3725.0,3178,158582,118443620.0,3726.0,9,3724.0,4
rb1805,20170809,20170808,210536000,3725.0,3178,158582,118443620.0,3725.0,1,3724.0,4
rb1805,20170809,20170808,210536500,3725.0,3178,158582,118443620.0,3725.0,1,3724.0,4
rb1805,20170809,20170808,210537000,3725.0,3180,158584,118518120.0,3725.0,2,3724.0,4
rb1805,20170809,20170808,210537500,3725.0,3180,158584,118518120.0,3725.0,2,3724.0,4
rb1805,20170809,20170808,210538000,3725.0,3180,158584,118518120.0,3725.0,2,3724.0,4
rb1805,20170809,20170808,210538500,3725.0,3180,158584,118518120.0,3725.0,2,3724.0,6
rb1805,20170809,20170808,210539000,3725.0,3180,158584,118518120.0,3725.0,2,3724.0,4
rb1805,20170809,20170808,210540000,3725.0,3180,158584,118518120.0,3725.0,2,3724.0,4
rb1805,20170809,20170808,210540500,3725.0,3180,158584,118518120.0,3725.0,5,3724.0,4
rb1805,20170809,20170808,210542500,3725.0,3180,158584,118518120.0,3725.0,5,3724.0,4
rb1805,20170809,20170808,210543000,3725.0,3180,158584,118518120.0,3725.0,5,3724.0,4
rb1805,20170809,20170808,210543500,3725.0,3180,158584,118518120.0,3725.0,2,3724.0,4
rb1805,20170809,20170808,210544000,3725.0,3184,158586,118667120.0,3725.0,1,3724.0,4
rb1805,20170809,20170808,210544500,3725.0,3186,158586,118741620.0,3725.0,1,3724.0,4
rb1805,20170809,20170808,210545500,3725.0,3186,158586,118741620.0,3725.0,1,3724.0,4
rb1805,20170809,20170808,210546000,3725.0,3186,158586,118741620.0,3725.0,1,3724.0,4
rb1805,20170809,20170808,210546500,3725.0,3188,158588,118816120.0,3725.0,1,3724.0,4
rb1805,20170809,20170808,210547000,3725.0,3188,158588,118816120.0,3725.0,2,3724.0,4
rb1805,20170809,20170808,210547500,3725.0,3188,158588,118816120.0,3725.0,2,3724.0,5
rb1805,20170809,20170808,210549500,3725.0,3188,158588,118816120.0,3725.0,2,3724.0,5
rb1805,20170809,20170808,210550000,3725.0,3190,158590,118890620.0,3726.0,9,3725.0,1
rb1805,20170809,20170808,210550500,3725.0,3190,158590,118890620.0,3726.0,5,3725.0,2
rb1805,20170809,20170808,210551500,3725.0,3190,158590,118890620.0,3726.0,4,3725.0,5
rb1805,20170809,20170808,210552000,3725.0,3190,158590,118890620.0,3726.0,4,3725.0,8
rb1805,20170809,20170808,210553000,3725.0,3190,158590,118890620.0,3726.0,4,3725.0,5
rb1805,20170809,20170808,210553500,3725.0,3190,158590,118890620.0,3726.0,4,3725.0,6
rb1805,20170809,20170808,210554500,3725.0,3190,158590,118890620.0,3726.0,1,3725.0,6
rb1805,20170809,20170808,210555000,3726.0,3218,158618,119933900.0,3727.0,13,3726.0,10
rb1805,20170809,20170808,210555500,3726.0,3220,158620,120008420.0,3727.0,13,3726.0,10
rb1805,20170809,20170808,210556000,3726.0,3220,158620,120008420.0,3727.0,13,3726.0,10
rb1805,20170809,20170808,210556500,3726.0,3220,158620,120008420.0,3727.0,13,3726.0,10
rb1805,20170809,20170808,210557000,3726.0,3220,158620,120008420.0,3727.0,13,3726.0,11
rb1805,20170809,20170808,210557500,3726.0,3220,158620,120008420.0,3727.0,13,3726.0,11
rb1805,20170809,20170808,210558000,3726.0,3220,158620,120008420.0,3727.0,13,3726.0,11
rb1805,20170809,20170808,210558500,3726.0,3220,158620,120008420.0,3727.0,13,3726.0,11
rb1805,20170809,20170808,210600500,3727.0,3240,158622,120753820.0,3728.0,8,3726.0,11
rb1805,20170809,20170808,210601000,3727.0,3240,158622,120753820.0,3728.0,8,3726.0,14
rb1805,20170809,20170808,210601500,3727.0,3248,158622,121051980.0,3728.0,5,3727.0,12
rb1805,20170809,20170808,210602000,3728.0,3258,158624,121424780.0,3729.0,14,3728.0,8
rb1805,20170809,20170808,210602500,3728.0,3258,158624,121424780.0,3729.0,17,3728.0,11
rb1805,20170809,20170808,210603000,3729.0,3282,158624,122319740.0,3729.0,2,3728.0,11
rb1805,20170809,20170808,210603500,3729.0,3286,158622,122468900.0,3730.0,8,3729.0,8
rb1805,20170809,20170808,210604000,3729.0,3286,158622,122468900.0,3730.0,11,3729.0,8
rb1805,20170809,20170808,210604500,3729.0,3286,158622,122468900.0,3730.0,11,3729.0,8
rb1805,20170809,20170808,210605000,3729.0,3288,158624,122543480.0,3730.0,11,3729.0,7
rb1805,20170809,20170808,210605500,3729.0,3288,158624,122543480.0,3730.0,11,3729.0,7
rb1805,20170809,20170808,210606000,3729.0,3288,158624,122543480.0,3730.0,11,3729.0,7
rb1805,20170809,20170808,210606500,3729.0,3292,158626,122692640.0,3730.0,11,3729.0,5
rb1805,20170809,20170808,210607000,3730.0,3294,158626,122767240.0,3730.0,7,3729.0,8
rb1805,20170809,20170808,210607500,3730.0,3294,158626,122767240.0,3730.0,7,3729.0,8
rb1805,20170809,20170808,210608000,3730.0,3294,158626,122767240.0,3730.0,7,3729.0,8
rb1805,20170809,20170808,210608500,3730.0,3308,158630,123289440.0,3734.0,1,3729.0,8
rb1805,20170809,20170808,210609000,3730.0,3308,158630,123289440.0,3732.0,3,3730.0,3
rb1805,20170809,20170808,210609500,3732.0,3310,158628,123364080.0,3732.0,3,3730.0,3
rb1805,20170809,20170808,210610000,3732.0,3310,158628,123364080.0,3732.0,3,3730.0,6
rb1805,20170809,20170808,210610500,3732.0,3310,158628,123364080.0,3732.0,2,3730.0,6
rb1805,20170809,20170808,210611000,3732.0,3310,158628,123364080.0,3732.0,5,3730.0,8
rb1805,20170809,20170808,210611500,3732.0,3320,158618,123737280.0,3733.0,1,3731.0,3
rb1805,20170809,20170808,210612000,3732.0,3320,158618,123737280.0,3732.0,3,3731.0,3
rb1805,20170809,20170808,210612500,3732.0,3320,158618,123737280.0,3732.0,3,3731.0,3
rb1805,20170809,20170808,210613000,3732.0,3320,158618,123737280.0,3733.0,1,3731.0,3
rb1805,20170809,20170808,210613500,3731.0,3322,158618,123811900.0,3733.0,5,3731.0,2
rb1805,20170809,20170808,210614000,3733.0,3324,158618,123886560.0,3733.0,4,3731.0,2
rb1805,20170809,20170808,210614500,3732.0,3326,158620,123961200.0,3732.0,2,3731.0,2
rb1805,20170809,20170808,210615000,3732.0,3326,158620,123961200.0,3732.0,2,3731.0,2
rb1805,20170809,20170808,210615500,3732.0,3330,158620,124110480.0,3733.0,4,3732.0,18
rb1805,20170809,20170808,210616000,3732.0,3340,158618,124483680.0,3733.0,4,3732.0,13
rb1805,20170809,20170808,210616500,3732.0,3340,158618,124483680.0,3733.0,4,3732.0,13
rb1805,20170809,20170808,210617000,3732.0,3366,158594,125454020.0,3733.0,4,3732.0,1
rb1805,20170809,20170808,210617500,3732.0,3368,158592,125528660.0,3732.0,14,3730.0,9
rb1805,20170809,20170808,210618000,3732.0,3368,158592,125528660.0,3732.0,15,3730.0,6
rb1805,20170809,20170808,210618500,3732.0,3368,158592,125528660.0,3731.0,5,3730.0,3
rb1805,20170809,20170808,210619000,3730.0,3376,158594,125827060.0,3731.0,5,3729.0,5
rb1805,20170809,20170808,210619500,3730.0,3376,158594,125827060.0,3731.0,5,3729.0,5
rb1805,20170809,20170808,210620000,3730.0,3376,158594,125827060.0,3731.0,5,3729.0,5
rb1805,20170809,20170808,210621000,3730.0,3376,158594,125827060.0,3731.0,5,3729.0,5
rb1805,20170809,20170808,210621500,3730.0,3376,158594,125827060.0,3731.0,5,3730.0,1
rb1805,20170809,20170808,210622000,3731.0,3380,158594,125976280.0,3730.0,1,3729.0,5
rb1805,20170809,20170808,210622500,3731.0,3380,158594,125976280.0,3730.0,1,3729.0,5
rb1805,20170809,20170808,210623000,3731.0,3380,158594,125976280.0,3730.0,1,3729.0,2
rb1805,20170809,20170808,210623500,3731.0,3380,158594,125976280.0,3730.0,1,3729.0,2
rb1805,20170809,20170808,210624000,3731.0,3380,158594,125976280.0,3730.0,1,3729.0,2
rb1805,20170809,20170808,210624500,3729.0,3382,158594,126050860.0,3730.0,1,3729.0,1
rb1805,20170809,20170808,210625000,3730.0,3384,158594,126125460.0,3731.0,5,3729.0,1
rb1805,20170809,20170808,210625500,3730.0,3384,158594,126125460.0,3731.0,5,3729.0,4
rb1805,20170809,20170808,210626000,3731.0,3396,158602,126573180.0,3732.0,16,3729.0,4
rb1805,20170809,20170808,210626500,3731.0,3396,158602,126573180.0,3732.0,16,3729.0,7
rb1805,20170809,20170808,210627000,3731.0,3396,158602,126573180.0,3732.0,16,3729.0,7
rb1805,20170809,20170808,210627500,3731.0,3396,158602,126573180.0,3732.0,16,3731.0,6
rb1805,20170809,20170808,210628000,3731.0,3396,158602,126573180.0,3732.0,11,3731.0,6
rb1805,20170809,20170808,210628500,3731.0,3396,158602,126573180.0,3732.0,11,3731.0,6
rb1805,20170809,20170808,210629000,3731.0,3396,158602,126573180.0,3732.0,11,3731.0,6
rb1805,20170809,20170808,210629500,3731.0,3396,158602,126573180.0,3732.0,8,3731.0,6
rb1805,20170809,20170808,210630000,3731.0,3400,158604,126722420.0,3732.0,8,3731.0,6
rb1805,20170809,20170808,210630500,3732.0,3416,158604,127319540.0,3733.0,8,3731.0,9
rb1805,20170809,20170808,210631000,3732.0,3416,158604,127319540.0,3733.0,8,3731.0,9
rb1805,20170809,20170808,210631500,3731.0,3420,158608,127468780.0,3733.0,8,3731.0,7
rb1805,20170809,20170808,210632000,3731.0,3420,158608,127468780.0,3733.0,8,3731.0,4
rb1805,20170809,20170808,210632500,3731.0,3420,158608,127468780.0,3733.0,3,3731.0,7
rb1805,20170809,20170808,210633000,3731.0,3420,158608,127468780.0,3733.0,3,3731.0,10
rb1805,20170809,20170808,210635500,3731.0,3424,158612,127618020.0,3733.0,3,3731.0,8
rb1805,20170809,20170808,210636000,3731.0,3428,158616,127767260.0,3733.0,3,3731.0,6
rb1805,20170809,20170808,210636500,3731.0,3434,158610,127991120.0,3733.0,3,3731.0,3
rb1805,20170809,20170808,210637000,3731.0,3434,158610,127991120.0,3733.0,3,3732.0,20
rb1805,20170809,20170808,210637500,3733.0,3440,158610,128215100.0,3734.0,10,3733.0,3
rb1805,20170809,20170808,210638000,3733.0,3448,158612,128513740.0,3733.0,2,3732.0,22
rb1805,20170809,20170808,210638500,3734.0,3462,158602,129036460.0,3735.0,9,3733.0,8
rb1805,20170809,20170808,210639000,3735.0,3464,158600,129111160.0,3735.0,11,3733.0,2
rb1805,20170809,20170808,210639500,3735.0,3464,158600,129111160.0,3735.0,11,3733.0,2
rb1805,20170809,20170808,210640000,3733.0,3466,158602,129185820.0,3735.0,11,3733.0,1
rb1805,20170809,20170808,210640500,3733.0,3466,158602,129185820.0,3735.0,11,3733.0,3
rb1805,20170809,20170808,210641000,3733.0,3466,158602,129185820.0,3735.0,11,3733.0,4
rb1805,20170809,20170808,210641500,3733.0,3466,158602,129185820.0,3735.0,12,3733.0,4
rb1805,20170809,20170808,210642000,3733.0,3466,158602,129185820.0,3735.0,12,3734.0,10
rb1805,20170809,20170808,210642500,3735.0,3486,158604,129932660.0,3735.0,10,3734.0,2
rb1805,20170809,20170808,210643000,3734.0,3490,158604,130082020.0,3735.0,10,3733.0,3
rb1805,20170809,20170808,210643500,3733.0,3496,158604,130306000.0,3733.0,3,3732.0,22
rb1805,20170809,20170808,210644000,3733.0,3502,158602,130529980.0,3735.0,12,3733.0,16
rb1805,20170809,20170808,210644500,3733.0,3502,158602,130529980.0,3735.0,11,3733.0,16
rb1805,20170809,20170808,210645000,3733.0,3502,158602,130529980.0,3735.0,11,3733.0,15
rb1805,20170809,20170808,210645500,3735.0,3504,158602,130604680.0,3735.0,10,3733.0,8
rb1805,20170809,20170808,210646000,3735.0,3504,158602,130604680.0,3735.0,15,3733.0,6
rb1805,20170809,20170808,210646500,3733.0,3514,158612,130977980.0,3735.0,15,3733.0,1
rb1805,20170809,20170808,210647000,3733.0,3518,158612,131127300.0,3733.0,2,3732.0,6
rb1805,20170809,20170808,210647500,3732.0,3532,158606,131649780.0,3732.0,5,3731.0,4
rb1805,20170809,20170808,210648000,3731.0,3540,158606,131948260.0,3731.0,6,3730.0,11
rb1805,20170809,20170808,210648500,3731.0,3540,158606,131948260.0,3731.0,17,3730.0,11
rb1805,20170809,20170808,210649000,3731.0,3544,158606,132097500.0,3731.0,1,3730.0,12
rb1805,20170809,20170808,210649500,3731.0,3544,158606,132097500.0,3732.0,1,3730.0,12
rb1805,20170809,20170808,210650000,3732.0,3550,158606,132321420.0,3732.0,3,3731.0,3
rb1805,20170809,20170808,210650500,3731.0,3556,158600,132545280.0,3732.0,14,3731.0,1
rb1805,20170809,20170808,210651000,3731.0,3556,158600,132545280.0,3732.0,3,3731.0,1
rb1805,20170809,20170808,210651500,3732.0,3560,158600,132694540.0,3732.0,13,3731.0,15
rb1805,20170809,20170808,210652000,3732.0,3564,158600,132843820.0,3733.0,11,3731.0,19
rb1805,20170809,20170808,210652500,3732.0,3564,158600,132843820.0,3733.0,10,3731.0,19
rb1805,20170809,20170808,210653000,3732.0,3564,158600,132843820.0,3733.0,3,3732.0,6
rb1805,20170809,20170808,210653500,3732.0,3564,158600,132843820.0,3733.0,3,3732.0,6
rb1805,20170809,20170808,210654000,3732.0,3564,158600,132843820.0,3733.0,5,3732.0,6
rb1805,20170809,20170808,210654500,3732.0,3564,158600,132843820.0,3733.0,8,3732.0,6
rb1805,20170809,20170808,210655000,3732.0,3566,158602,132918460.0,3733.0,8,3732.0,15
rb1805,20170809,20170808,210655500,3732.0,3568,158604,132993100.0,3733.0,8,3732.0,14
rb1805,20170809,20170808,210657000,3733.0,3570,158606,133067760.0,3733.0,7,3732.0,14
rb1805,20170809,20170808,210657500,3733.0,3570,158606,133067760.0,3733.0,15,3732.0,14
rb1805,20170809,20170808,210658000,3733.0,3570,158606,133067760.0,3733.0,15,3732.0,15
rb1805,20170809,20170808,210658500,3733.0,3572,158606,133142420.0,3733.0,7,3732.0,15
rb1805,20170809,20170808,210659000,3733.0,3572,158606,133142420.0,3733.0,7,3732.0,15
rb1805,20170809,20170808,210701500,3733.0,3572,158606,133142420.0,3733.0,7,3732.0,15
rb1805,20170809,20170808,210702000,3733.0,3574,158604,133217080.0,3734.0,3,3732.0,11
rb1805,20170809,20170808,210702500,3733.0,3574,158604,133217080.0,3734.0,3,3732.0,11
rb1805,20170809,20170808,210703000,3733.0,3574,158604,133217080.0,3733.0,8,3732.0,11
rb1805,20170809,20170808,210703500,3733.0,3574,158604,133217080.0,3733.0,8,3732.0,14
rb1805,20170809,20170808,210704000,3733.0,3576,158602,133291740.0,3733.0,8,3732.0,15
rb1805,20170809,20170808,210704500,3733.0,3592,158604,133889020.0,3735.0,21,3733.0,8
rb1805,20170809,20170808,210705000,3733.0,3592,158604,133889020.0,3735.0,34,3733.0,8
rb1805,20170809,20170808,210705500,3733.0,3594,158606,133963680.0,3734.0,3,3733.0,4
rb1805,20170809,20170808,210706000,3733.0,3594,158606,133963680.0,3734.0,5,3733.0,4
rb1805,20170809,20170808,210707000,3734.0,3606,158606,134411760.0,3735.0,32,3734.0,4
rb1805,20170809,20170808,210707500,3734.0,3612,158612,134635800.0,3735.0,22,3734.0,1
rb1805,20170809,20170808,210708000,3734.0,3614,158612,134710480.0,3735.0,36,3733.0,7
rb1805,20170809,20170808,210708500,3734.0,3614,158612,134710480.0,3735.0,36,3733.0,4
rb1805,20170809,20170808,210709000,3734.0,3614,158612,134710480.0,3735.0,30,3733.0,4
rb1805,20170809,20170808,210709500,3734.0,3614,158612,134710480.0,3735.0,30,3733.0,4
rb1805,20170809,20170808,210710000,3734.0,3614,158612,134710480.0,3734.0,1,3733.0,4
rb1805,20170809,20170808,210710500,3733.0,3616,158614,134785140.0,3734.0,2,3733.0,2
rb1805,20170809,20170808,210711000,3733.0,3620,158614,134934460.0,3734.0,10,3732.0,4
rb1805,20170809,20170808,210711500,3734.0,3622,158614,135009140.0,3734.0,1,3732.0,7
rb1805,20170809,20170808,210712000,3734.0,3622,158614,135009140.0,3734.0,6,3732.0,7
rb1805,20170809,20170808,210712500,3734.0,3624,158612,135083820.0,3734.0,5,3732.0,4
rb1805,20170809,20170808,210713000,3734.0,3624,158612,135083820.0,3734.0,5,3732.0,4
rb1805,20170809,20170808,210714000,3734.0,3624,158612,135083820.0,3734.0,5,3732.0,4
rb1805,20170809,20170808,210714500,3732.0,3626,158612,135158460.0,3734.0,9,3732.0,4
rb1805,20170809,20170808,210715000,3732.0,3626,158612,135158460.0,3733.0,2,3731.0,27
rb1805,20170809,20170808,210715500,3732.0,3626,158612,135158460.0,3733.0,3,3731.0,27
rb1805,20170809,20170808,210716000,3732.0,3626,158612,135158460.0,3733.0,3,3731.0,28
rb1805,20170809,20170808,210716500,3734.0,3638,158612,135606480.0,3734.0,6,3731.0,27
rb1805,20170809,20170808,210717000,3734.0,3638,158612,135606480.0,3734.0,14,3732.0,1
rb1805,20170809,20170808,210718000,3734.0,3638,158612,135606480.0,3734.0,6,3733.0,1
rb1805,20170809,20170808,210718500,3734.0,3638,158612,135606480.0,3734.0,4,3733.0,1
rb1805,20170809,20170808,210719000,3734.0,3638,158612,135606480.0,3734.0,4,3733.0,1
rb1805,20170809,20170808,210720500,3734.0,3638,158612,135606480.0,3734.0,4,3733.0,1
rb1805,20170809,20170808,210721000,3734.0,3638,158612,135606480.0,3734.0,4,3733.0,1
rb1805,20170809,20170808,210721500,3734.0,3638,158612,135606480.0,3734.0,4,3733.0,1
rb1805,20170809,20170808,210722000,3734.0,3638,158612,135606480.0,3734.0,4,3733.0,1
rb1805,20170809,20170808,210723000,3734.0,3638,158612,135606480.0,3734.0,5,3732.0,1
rb1805,20170809,20170808,210723500,3734.0,3640,158612,135681160.0,3734.0,1,3733.0,15
rb1805,20170809,20170808,210724000,3734.0,3644,158610,135830520.0,3735.0,25,3733.0,18
rb1805,20170809,20170808,210725000,3733.0,3646,158610,135905180.0,3735.0,25,3734.0,12
rb1805,20170809,20170808,210725500,3733.0,3646,158610,135905180.0,3735.0,24,3734.0,15
rb1805,20170809,20170808,210726000,3733.0,3646,158610,135905180.0,3735.0,25,3734.0,15
rb1805,20170809,20170808,210726500,3733.0,3648,158610,135979840.0,3735.0,25,3734.0,14
rb1805,20170809,20170808,210727000,3733.0,3648,158610,135979840.0,3735.0,25,3734.0,17
rb1805,20170809,20170808,210728000,3734.0,3654,158610,136203880.0,3735.0,25,3734.0,14
rb1805,20170809,20170808,210728500,3735.0,3684,158624,137324380.0,3735.0,10,3734.0,14
rb1805,20170809,20170808,210729500,3735.0,3686,158624,137399080.0,3735.0,9,3734.0,17
rb1805,20170809,20170808,210730000,3735.0,3694,158624,137697880.0,3735.0,3,3734.0,17
rb1805,20170809,20170808,210730500,3735.0,3700,158626,137921980.0,3736.0,24,3735.0,9
rb1805,20170809,20170808,210731000,3735.0,3700,158626,137921980.0,3736.0,26,3735.0,9
rb1805,20170809,20170808,210731500,3735.0,3700,158626,137921980.0,3736.0,26,3735.0,9
rb1805,20170809,20170808,210732000,3735.0,3700,158626,137921980.0,3736.0,26,3735.0,9
rb1805,20170809,20170808,210732500,3735.0,3700,158626,137921980.0,3736.0,26,3735.0,9
rb1805,20170809,20170808,210733000,3735.0,3700,158626,137921980.0,3736.0,26,3735.0,9
rb1805,20170809,20170808,210733500,3735.0,3702,158626,137996680.0,3736.0,26,3735.0,8
rb1805,20170809,20170808,210734500,3735.0,3702,158626,137996680.0,3736.0,26,3735.0,8
rb1805,20170809,20170808,210735000,3735.0,3702,158626,137996680.0,3736.0,24,3735.0,11
rb1805,20170809,20170808,210735500,3736.0,3722,158628,138743880.0,3736.0,14,3735.0,11
rb1805,20170809,20170808,210736000,3736.0,3722,158628,138743880.0,3736.0,15,3735.0,11
rb1805,20170809,20170808,210737000,3735.0,3724,158630,138818580.0,3736.0,15,3735.0,10
rb1805,20170809,20170808,210737500,3735.0,3724,158630,138818580.0,3736.0,15,3735.0,11
rb1805,20170809,20170808,210738000,3736.0,3738,158634,139341620.0,3736.0,8,3735.0,11
rb1805,20170809,20170808,210739500,3736.0,3742,158630,139491060.0,3736.0,6,3735.0,7
rb1805,20170809,20170808,210740000,3736.0,3746,158626,139640500.0,3736.0,4,3735.0,7
rb1805,20170809,20170808,210740500,3736.0,3754,158624,139939380.0,3737.0,9,3736.0,11
rb1805,20170809,20170808,210741000,3736.0,3756,158624,140014100.0,3737.0,9,3736.0,10
rb1805,20170809,20170808,210741500,3736.0,3758,158626,140088820.0,3737.0,9,3736.0,6
rb1805,20170809,20170808,210742000,3736.0,3758,158626,140088820.0,3737.0,10,3736.0,6
rb1805,20170809,20170808,210743000,3736.0,3758,158626,140088820.0,3737.0,9,3736.0,7
rb1805,20170809,20170808,210743500,3737.0,3778,158628,140836220.0,3738.0,7,3737.0,5
rb1805,20170809,20170808,210744000,3737.0,3778,158628,140836220.0,3738.0,7,3737.0,5
rb1805,20170809,20170808,210744500,3736.0,3798,158612,141583520.0,3737.0,2,3736.0,11
rb1805,20170809,20170808,210745000,3737.0,3802,158612,141733000.0,3738.0,10,3737.0,6
rb1805,20170809,20170808,210745500,3737.0,3814,158612,142181440.0,3738.0,11,3736.0,6
rb1805,20170809,20170808,210746000,3737.0,3818,158612,142330920.0,3738.0,10,3736.0,6
rb1805,20170809,20170808,210746500,3737.0,3818,158612,142330920.0,3738.0,10,3736.0,6
rb1805,20170809,20170808,210747000,3737.0,3818,158612,142330920.0,3738.0,10,3737.0,1
rb1805,20170809,20170808,210747500,3738.0,3820,158610,142405680.0,3738.0,9,3737.0,1
rb1805,20170809,20170808,210748000,3738.0,3822,158608,142480440.0,3738.0,8,3737.0,1
rb1805,20170809,20170808,210748500,3738.0,3838,158608,143078520.0,3739.0,7,3737.0,13
rb1805,20170809,20170808,210749000,3738.0,3838,158608,143078520.0,3739.0,7,3738.0,10
rb1805,20170809,20170808,210749500,3738.0,3838,158608,143078520.0,3739.0,10,3738.0,10
rb1805,20170809,20170808,210751000,3738.0,3838,158608,143078520.0,3739.0,10,3738.0,10
rb1805,20170809,20170808,210751500,3738.0,3838,158608,143078520.0,3739.0,10,3738.0,10
rb1805,20170809,20170808,210752000,3738.0,3838,158608,143078520.0,3739.0,10,3738.0,15
rb1805,20170809,20170808,210752500,3738.0,3838,158608,143078520.0,3739.0,10,3738.0,15
rb1805,20170809,20170808,210753000,3739.0,3840,158608,143153300.0,3739.0,9,3738.0,10
rb1805,20170809,20170808,210753500,3739.0,3842,158608,143228080.0,3739.0,8,3738.0,11
rb1805,20170809,20170808,210754000,3739.0,3842,158608,143228080.0,3739.0,9,3738.0,16
rb1805,20170809,20170808,210754500,3738.0,3864,158630,144050440.0,3739.0,9,3738.0,5
rb1805,20170809,20170808,210755000,3738.0,3874,158630,144424240.0,3738.0,7,3737.0,3
rb1805,20170809,20170808,210755500,3738.0,3874,158630,144424240.0,3738.0,12,3737.0,5
rb1805,20170809,20170808,210756000,3737.0,3886,158622,144872680.0,3737.0,19,3736.0,1
rb1805,20170809,20170808,210756500,3737.0,3900,158610,145395860.0,3738.0,14,3736.0,1
rb1805,20170809,20170808,210757000,3738.0,3904,158610,145545380.0,3738.0,9,3736.0,14
rb1805,20170809,20170808,210757500,3738.0,3906,158610,145620140.0,3738.0,8,3736.0,14
rb1805,20170809,20170808,210758000,3738.0,3906,158610,145620140.0,3738.0,9,3736.0,14
rb1805,20170809,20170808,210758500,3738.0,3906,158610,145620140.0,3738.0,9,3736.0,14
rb1805,20170809,20170808,210759500,3738.0,3906,158610,145620140.0,3738.0,10,3736.0,14
rb1805,20170809,20170808,210800000,3738.0,3924,158612,146292980.0,3739.0,33,3737.0,4
rb1805,20170809,20170808,210800500,3738.0,3924,158612,146292980.0,3739.0,34,3737.0,4
rb1805,20170809,20170808,210801000,3738.0,3924,158612,146292980.0,3739.0,34,3737.0,9
rb1805,20170809,20170808,210801500,3738.0,3924,158612,146292980.0,3738.0,1,3737.0,22
rb1805,20170809,20170808,210802000,3738.0,3926,158614,146367740.0,3739.0,30,3738.0,5
rb1805,20170809,20170808,210802500,3739.0,3994,158618,148910260.0,3740.0,32,3739.0,15
rb1805,20170809,20170808,210803000,3739.0,4008,158628,149433840.0,3740.0,26,3739.0,12
rb1805,20170809,20170808,210803500,3740.0,4060,158632,151378640.0,3741.0,3,3740.0,1
rb1805,20170809,20170808,210804000,3741.0,4076,158628,151977080.0,3741.0,1,3740.0,4
rb1805,20170809,20170808,210804500,3742.0,4080,158624,152126740.0,3742.0,5,3741.0,4
rb1805,20170809,20170808,210805000,3742.0,4096,158624,152725460.0,3742.0,3,3741.0,8
rb1805,20170809,20170808,210805500,3742.0,4102,158624,152949980.0,3743.0,3,3742.0,8
rb1805,20170809,20170808,210806000,3742.0,4116,158610,153473860.0,3743.0,7,3742.0,1
rb1805,20170809,20170808,210806500,3742.0,4122,158608,153698380.0,3742.0,63,3741.0,1
rb1805,20170809,20170808,210807000,3741.0,4126,158608,153848020.0,3741.0,4,3740.0,8
rb1805,20170809,20170808,210807500,3741.0,4126,158608,153848020.0,3741.0,2,3740.0,3
rb1805,20170809,20170808,210808000,3741.0,4132,158608,154072480.0,3742.0,61,3741.0,7
rb1805,20170809,20170808,210808500,3741.0,4146,158594,154596220.0,3741.0,19,3740.0,10
rb1805,20170809,20170808,210809000,3740.0,4166,158598,155344220.0,3740.0,1,3739.0,9
rb1805,20170809,20170808,210809500,3740.0,4168,158600,155419020.0,3740.0,3,3739.0,9
rb1805,20170809,20170808,210810000,3741.0,4178,158604,155793080.0,3742.0,68,3739.0,9
rb1805,20170809,20170808,210810500,3739.0,4180,158604,155867860.0,3740.0,1,3739.0,10
rb1805,20170809,20170808,210811000,3739.0,4180,158604,155867860.0,3740.0,3,3739.0,10
rb1805,20170809,20170808,210811500,3740.0,4192,158616,156316660.0,3740.0,1,3739.0,10
rb1805,20170809,20170808,210812000,3740.0,4192,158616,156316660.0,3740.0,1,3739.0,13
rb1805,20170809,20170808,210812500,3740.0,4192,158616,156316660.0,3740.0,16,3739.0,13
rb1805,20170809,20170808,210813000,3740.0,4192,158616,156316660.0,3740.0,16,3739.0,13
rb1805,20170809,20170808,210813500,3740.0,4192,158616,156316660.0,3740.0,2,3739.0,16
rb1805,20170809,20170808,210814000,3740.0,4192,158616,156316660.0,3740.0,2,3739.0,16
rb1805,20170809,20170808,210814500,3740.0,4196,158616,156466260.0,3741.0,9,3740.0,3
rb1805,20170809,20170808,210815000,3740.0,4202,158616,156690660.0,3740.0,4,3739.0,21
rb1805,20170809,20170808,210815500,3740.0,4206,158618,156840260.0,3740.0,2,3739.0,21
rb1805,20170809,20170808,210816000,3739.0,4212,158618,157064600.0,3740.0,2,3739.0,13
rb1805,20170809,20170808,210816500,3740.0,4214,158618,157139400.0,3740.0,1,3739.0,13
rb1805,20170809,20170808,210817000,3741.0,4220,158622,157363840.0,3741.0,5,3739.0,13
rb1805,20170809,20170808,210817500,3741.0,4220,158622,157363840.0,3740.0,1,3739.0,10
rb1805,20170809,20170808,210818000,3741.0,4220,158622,157363840.0,3740.0,2,3739.0,13
rb1805,20170809,20170808,210819000,3740.0,4224,158624,157513440.0,3741.0,5,3740.0,8
rb1805,20170809,20170808,210819500,3740.0,4240,158624,158111840.0,3740.0,6,3739.0,6
rb1805,20170809,20170808,210820000,3739.0,4242,158624,158186620.0,3740.0,16,3739.0,2
rb1805,20170809,20170808,210820500,3739.0,4242,158624,158186620.0,3740.0,7,3739.0,2
rb1805,20170809,20170808,210821000,3739.0,4242,158624,158186620.0,3740.0,6,3739.0,14
rb1805,20170809,20170808,210821500,3739.0,4242,158624,158186620.0,3740.0,6,3739.0,14
rb1805,20170809,20170808,210822000,3739.0,4244,158626,158261400.0,3740.0,6,3739.0,13
rb1805,20170809,20170808,210822500,3740.0,4248,158624,158410980.0,3740.0,5,3739.0,12
rb1805,20170809,20170808,210823000,3740.0,4248,158624,158410980.0,3740.0,16,3739.0,12
rb1805,20170809,20170808,210823500,3740.0,4250,158624,158485780.0,3740.0,6,3739.0,9
rb1805,20170809,20170808,210824000,3740.0,4250,158624,158485780.0,3740.0,5,3739.0,12
rb1805,20170809,20170808,210824500,3740.0,4252,158622,158560580.0,3740.0,4,3739.0,15
rb1805,20170809,20170808,210825000,3740.0,4260,158614,158859780.0,3741.0,1,3740.0,4
rb1805,20170809,20170808,210825500,3740.0,4260,158614,158859780.0,3741.0,2,3740.0,4
rb1805,20170809,20170808,210826000,3740.0,4260,158614,158859780.0,3741.0,2,3739.0,16
rb1805,20170809,20170808,210826500,3740.0,4260,158614,158859780.0,3741.0,3,3739.0,16
rb1805,20170809,20170808,210827000,3740.0,4260,158614,158859780.0,3740.0,1,3739.0,16
rb1805,20170809,20170808,210827500,3740.0,4260,158614,158859780.0,3740.0,1,3739.0,11
rb1805,20170809,20170808,210828000,3740.0,4260,158614,158859780.0,3740.0,2,3739.0,11
rb1805,20170809,20170808,210828500,3740.0,4260,158614,158859780.0,3740.0,3,3739.0,11
rb1805,20170809,20170808,210829000,3740.0,4262,158614,158934580.0,3740.0,3,3739.0,8
rb1805,20170809,20170808,210829500,3740.0,4268,158616,159158980.0,3741.0,13,3740.0,2
rb1805,20170809,20170808,210830000,3741.0,4270,158614,159233800.0,3741.0,12,3740.0,5
rb1805,20170809,20170808,210830500,3741.0,4270,158614,159233800.0,3741.0,11,3740.0,8
rb1805,20170809,20170808,210831000,3741.0,4270,158614,159233800.0,3741.0,12,3740.0,9
rb1805,20170809,20170808,210831500,3741.0,4270,158614,159233800.0,3741.0,12,3740.0,9
rb1805,20170809,20170808,210832500,3741.0,4270,158614,159233800.0,3741.0,22,3740.0,9
rb1805,20170809,20170808,210833000,3740.0,4280,158616,159607800.0,3741.0,24,3740.0,1
rb1805,20170809,20170808,210833500,3740.0,4282,158616,159682600.0,3740.0,1,3739.0,5
rb1805,20170809,20170808,210834000,3740.0,4284,158618,159757400.0,3741.0,14,3739.0,8
rb1805,20170809,20170808,210834500,3740.0,4286,158618,159832200.0,3741.0,13,3740.0,2
rb1805,20170809,20170808,210836000,3740.0,4286,158618,159832200.0,3741.0,13,3740.0,2
rb1805,20170809,20170808,210836500,3741.0,4314,158618,160879660.0,3742.0,64,3740.0,9
rb1805,20170809,20170808,210837000,3741.0,4316,158620,160954480.0,3742.0,64,3741.0,2
rb1805,20170809,20170808,210837500,3741.0,4316,158620,160954480.0,3742.0,64,3741.0,2
rb1805,20170809,20170808,210838000,3741.0,4316,158620,160954480.0,3742.0,64,3741.0,2
rb1805,20170809,20170808,210838500,3741.0,4322,158620,161178960.0,3742.0,63,3741.0,5
rb1805,20170809,20170808,210839000,3742.0,4338,158620,161777680.0,3742.0,55,3741.0,8
rb1805,20170809,20170808,210839500,3742.0,4400,158558,164097720.0,3742.0,24,3741.0,10
rb1805,20170809,20170808,210840000,3742.0,4448,158550,165893880.0,3743.0,25,3741.0,10
rb1805,20170809,20170808,210840500,3742.0,4448,158550,165893880.0,3743.0,25,3742.0,4
rb1805,20170809,20170808,210841000,3742.0,4448,158550,165893880.0,3743.0,25,3742.0,9
rb1805,20170809,20170808,210841500,3742.0,4448,158550,165893880.0,3743.0,25,3742.0,9
rb1805,20170809,20170808,210842000,3743.0,4468,158560,166642480.0,3743.0,18,3742.0,6
rb1805,20170809,20170808,210842500,3743.0,4474,158558,166867060.0,3743.0,15,3742.0,4
rb1805,20170809,20170808,210843000,3743.0,4476,158558,166941920.0,3743.0,14,3742.0,4
rb1805,20170809,20170808,210843500,3743.0,4476,158558,166941920.0,3743.0,14,3742.0,4
rb1805,20170809,20170808,210844500,3743.0,4478,158558,167016780.0,3743.0,13,3742.0,2
rb1805,20170809,20170808,210845000,3742.0,4486,158554,167316120.0,3743.0,13,3741.0,20
rb1805,20170809,20170808,210845500,3742.0,4486,158554,167316120.0,3743.0,13,3742.0,5
rb1805,20170809,20170808,210846000,3743.0,4506,158554,168064720.0,3743.0,3,3741.0,14
rb1805,20170809,20170808,210846500,3742.0,4510,158554,168214440.0,3744.0,1,3742.0,5
rb1805,20170809,20170808,210847000,3742.0,4510,158554,168214440.0,3744.0,4,3742.0,6
rb1805,20170809,20170808,210847500,3742.0,4510,158554,168214440.0,3743.0,2,3742.0,6
rb1805,20170809,20170808,210848500,3742.0,4510,158554,168214440.0,3743.0,2,3742.0,6
rb1805,20170809,20170808,210849000,3743.0,4512,158554,168289300.0,3743.0,1,3742.0,6
rb1805,20170809,20170808,210849500,3742.0,4518,158552,168513840.0,3744.0,1,3742.0,4
rb1805,20170809,20170808,210850000,3742.0,4522,158554,168663540.0,3743.0,5,3742.0,1
rb1805,20170809,20170808,210850500,3743.0,4532,158556,169037800.0,3743.0,2,3741.0,14
rb1805,20170809,20170808,210851000,3743.0,4532,158556,169037800.0,3743.0,2,3741.0,20
rb1805,20170809,20170808,210851500,3743.0,4536,158560,169187520.0,3744.0,4,3741.0,20
rb1805,20170809,20170808,210852000,3743.0,4536,158560,169187520.0,3744.0,6,3742.0,10
rb1805,20170809,20170808,210852500,3743.0,4536,158560,169187520.0,3744.0,2,3742.0,21
rb1805,20170809,20170808,210853000,3743.0,4536,158560,169187520.0,3744.0,5,3743.0,6
rb1805,20170809,20170808,210853500,3744.0,4546,158552,169561920.0,3745.0,14,3743.0,13
rb1805,20170809,20170808,210854000,3744.0,4546,158552,169561920.0,3745.0,14,3743.0,8
rb1805,20170809,20170808,210854500,3744.0,4546,158552,169561920.0,3745.0,14,3743.0,16
rb1805,20170809,20170808,210855000,3743.0,4562,158540,170160920.0,3745.0,12,3743.0,18
rb1805,20170809,20170808,210855500,3743.0,4584,158540,170984780.0,3745.0,2,3743.0,17
rb1805,20170809,20170808,210856000,3743.0,4596,158530,171433940.0,3744.0,3,3743.0,4
rb1805,20170809,20170808,210856500,3746.0,4608,158532,171883300.0,3746.0,2,3745.0,3
rb1805,20170809,20170808,210857000,3745.0,4640,158522,173082080.0,3748.0,3,3745.0,6
rb1805,20170809,20170808,210857500,3746.0,4650,158520,173456600.0,3746.0,4,3744.0,3
rb1805,20170809,20170808,210858000,3746.0,4650,158520,173456600.0,3746.0,4,3744.0,5
rb1805,20170809,20170808,210858500,3742.0,4690,158510,174953680.0,3743.0,4,3742.0,7
rb1805,20170809,20170808,210859000,3743.0,4692,158510,175028540.0,3746.0,6,3745.0,4
rb1805,20170809,20170808,210859500,3745.0,4700,158518,175328140.0,3745.0,30,3743.0,2
rb1805,20170809,20170808,210900000,3743.0,4702,158518,175403000.0,3745.0,20,3743.0,7
rb1805,20170809,20170808,210900500,3745.0,4706,158514,175552800.0,3745.0,14,3744.0,1
rb1805,20170809,20170808,210901000,3744.0,4708,158514,175627680.0,3744.0,5,3743.0,15
rb1805,20170809,20170808,210901500,3744.0,4708,158514,175627680.0,3744.0,4,3743.0,20
rb1805,20170809,20170808,210902500,3744.0,4708,158514,175627680.0,3744.0,4,3743.0,20
rb1805,20170809,20170808,210903000,3744.0,4708,158514,175627680.0,3744.0,9,3743.0,14
rb1805,20170809,20170808,210903500,3742.0,4740,158502,176825400.0,3743.0,15,3742.0,1
rb1805,20170809,20170808,210904000,3742.0,4746,158502,177049920.0,3742.0,3,3741.0,9
rb1805,20170809,20170808,210904500,3742.0,4752,158496,177274440.0,3743.0,6,3742.0,1
rb1805,20170809,20170808,210905000,3742.0,4752,158496,177274440.0,3743.0,6,3742.0,1
rb1805,20170809,20170808,210905500,3742.0,4756,158494,177424120.0,3742.0,1,3741.0,11
rb1805,20170809,20170808,210906000,3742.0,4756,158494,177424120.0,3743.0,6,3742.0,4
rb1805,20170809,20170808,210906500,3742.0,4780,158492,178322260.0,3743.0,3,3741.0,11
rb1805,20170809,20170808,210907000,3742.0,4780,158492,178322260.0,3743.0,6,3741.0,18
rb1805,20170809,20170808,210907500,3741.0,4784,158492,178471900.0,3741.0,8,3740.0,5
rb1805,20170809,20170808,210908000,3741.0,4800,158492,179070460.0,3742.0,7,3741.0,13
rb1805,20170809,20170808,210908500,3741.0,4800,158492,179070460.0,3742.0,7,3741.0,13
rb1805,20170809,20170808,210909000,3742.0,4802,158494,179145300.0,3742.0,6,3741.0,16
rb1805,20170809,20170808,210909500,3742.0,4802,158494,179145300.0,3742.0,6,3741.0,16
rb1805,20170809,20170808,210910000,3742.0,4802,158494,179145300.0,3742.0,9,3741.0,16
rb1805,20170809,20170808,210910500,3742.0,4802,158494,179145300.0,3742.0,10,3741.0,16
rb1805,20170809,20170808,210911000,3742.0,4814,158504,179594340.0,3743.0,14,3741.0,16
rb1805,20170809,20170808,210911500,3742.0,4816,158506,179669180.0,3743.0,12,3742.0,9
rb1805,20170809,20170808,210912000,3742.0,4816,158506,179669180.0,3743.0,4,3742.0,9
rb1805,20170809,20170808,210912500,3742.0,4816,158506,179669180.0,3743.0,4,3742.0,9
rb1805,20170809,20170808,210913000,3742.0,4816,158506,179669180.0,3743.0,4,3742.0,9
rb1805,20170809,20170808,210913500,3742.0,4816,158506,179669180.0,3743.0,5,3742.0,9
rb1805,20170809,20170808,210914000,3742.0,4818,158508,179744020.0,3743.0,5,3742.0,8
rb1805,20170809,20170808,210915000,3743.0,4820,158508,179818880.0,3743.0,4,3742.0,8
rb1805,20170809,20170808,210916000,3742.0,4824,158508,179968560.0,3743.0,3,3742.0,6
rb1805,20170809,20170808,210916500,3742.0,4824,158508,179968560.0,3743.0,6,3742.0,6
rb1805,20170809,20170808,210917000,3742.0,4836,158508,180417600.0,3742.0,9,3741.0,17
rb1805,20170809,20170808,210917500,3742.0,4838,158510,180492440.0,3743.0,9,3741.0,27
rb1805,20170809,20170808,210918000,3742.0,4838,158510,180492440.0,3742.0,1,3741.0,14
rb1805,20170809,20170808,210918500,3742.0,4846,158518,180791800.0,3743.0,10,3742.0,6
rb1805,20170809,20170808,210919000,3742.0,4896,158508,182662800.0,3743.0,10,3742.0,4
rb1805,20170809,20170808,210919500,3742.0,4904,158508,182962160.0,3742.0,8,3741.0,14
rb1805,20170809,20170808,210920000,3742.0,4904,158508,182962160.0,3742.0,1,3741.0,14
rb1805,20170809,20170808,210921000,3742.0,4904,158508,182962160.0,3742.0,3,3741.0,14
rb1805,20170809,20170808,210921500,3742.0,4908,158512,183111840.0,3742.0,1,3741.0,14
rb1805,20170809,20170808,210922500,3742.0,4908,158512,183111840.0,3742.0,2,3741.0,14
rb1805,20170809,20170808,210923000,3742.0,4926,158514,183785400.0,3742.0,3,3741.0,14
rb1805,20170809,20170808,210923500,3741.0,4928,158512,183860220.0,3742.0,3,3741.0,13
rb1805,20170809,20170808,210924000,3741.0,4928,158512,183860220.0,3742.0,7,3741.0,13
rb1805,20170809,20170808,210924500,3741.0,4954,158498,184832880.0,3742.0,10,3740.0,7
rb1805,20170809,20170808,210925000,3741.0,4954,158498,184832880.0,3742.0,12,3740.0,7
rb1805,20170809,20170808,210926000,3741.0,4954,158498,184832880.0,3742.0,13,3740.0,7
rb1805,20170809,20170808,210926500,3741.0,4954,158498,184832880.0,3741.0,2,3740.0,4
rb1805,20170809,20170808,210927000,3741.0,4954,158498,184832880.0,3741.0,2,3740.0,4
rb1805,20170809,20170808,210927500,3741.0,4954,158498,184832880.0,3741.0,2,3740.0,4
rb1805,20170809,20170808,210928000,3741.0,4954,158498,184832880.0,3741.0,2,3740.0,4
rb1805,20170809,20170808,210928500,3741.0,4954,158498,184832880.0,3741.0,2,3740.0,4
rb1805,20170809,20170808,210929000,3741.0,4954,158498,184832880.0,3741.0,5,3740.0,4
rb1805,20170809,20170808,210930000,3741.0,4956,158496,184907700.0,3741.0,4,3740.0,4
rb1805,20170809,20170808,210931000,3740.0,4964,158494,185206900.0,3740.0,97,3739.0,9
rb1805,20170809,20170808,210931500,3740.0,4974,158494,185580900.0,3740.0,92,3739.0,9
rb1805,20170809,20170808,210932000,3740.0,4974,158494,185580900.0,3740.0,92,3739.0,10
rb1805,20170809,20170808,210932500,3739.0,4976,158494,185655680.0,3740.0,93,3739.0,9
rb1805,20170809,20170808,210933000,3739.0,4978,158494,185730460.0,3740.0,93,3739.0,8
rb1805,20170809,20170808,210933500,3739.0,4978,158494,185730460.0,3740.0,96,3739.0,5
rb1805,20170809,20170808,210934000,3739.0,4988,158498,186104360.0,3739.0,6,3738.0,17
rb1805,20170809,20170808,210934500,3740.0,5020,158518,187300940.0,3740.0,91,3739.0,4
rb1805,20170809,20170808,210935000,3739.0,5030,158520,187674920.0,3740.0,87,3739.0,8
rb1805,20170809,20170808,210935500,3740.0,5108,158510,190592120.0,3740.0,48,3739.0,11
rb1805,20170809,20170808,210936000,3740.0,5120,158510,191040920.0,3740.0,39,3739.0,11
rb1805,20170809,20170808,210936500,3739.0,5122,158512,191115700.0,3740.0,39,3739.0,12
rb1805,20170809,20170808,210937000,3739.0,5122,158512,191115700.0,3740.0,42,3739.0,11
rb1805,20170809,20170808,210937500,3739.0,5122,158512,191115700.0,3740.0,42,3739.0,11
rb1805,20170809,20170808,210938000,3739.0,5122,158512,191115700.0,3740.0,49,3739.0,11
rb1805,20170809,20170808,210939000,3740.0,5150,158510,192162880.0,3740.0,31,3739.0,12
rb1805,20170809,20170808,210939500,3740.0,5170,158510,192910880.0,3740.0,24,3739.0,10
rb1805,20170809,20170808,210940000,3740.0,5170,158510,192910880.0,3740.0,24,3739.0,10
rb1805,20170809,20170808,210940500,3739.0,5174,158510,193060440.0,3740.0,24,3739.0,8
rb1805,20170809,20170808,210941000,3739.0,5174,158510,193060440.0,3740.0,24,3739.0,8
rb1805,20170809,20170808,210941500,3739.0,5174,158510,193060440.0,3740.0,24,3739.0,8
rb1805,20170809,20170808,210942000,3739.0,5196,158512,193883220.0,3740.0,14,3739.0,1
rb1805,20170809,20170808,210942500,3739.0,5198,158510,193958000.0,3740.0,17,3738.0,13
rb1805,20170809,20170808,210943000,3739.0,5198,158510,193958000.0,3740.0,14,3738.0,13
rb1805,20170809,20170808,210943500,3739.0,5206,158510,194257120.0,3740.0,14,3738.0,14
rb1805,20170809,20170808,210944000,3739.0,5206,158510,194257120.0,3740.0,14,3738.0,14
rb1805,20170809,20170808,210944500,3739.0,5206,158510,194257120.0,3740.0,14,3738.0,15
rb1805,20170809,20170808,210946000,3739.0,5206,158510,194257120.0,3740.0,14,3738.0,15
rb1805,20170809,20170808,210946500,3739.0,5206,158510,194257120.0,3740.0,14,3738.0,12
rb1805,20170809,20170808,210947000,3739.0,5206,158510,194257120.0,3739.0,5,3738.0,12
rb1805,20170809,20170808,210948000,3740.0,5224,158502,194930220.0,3740.0,10,3738.0,13
rb1805,20170809,20170808,210948500,3740.0,5224,158502,194930220.0,3740.0,10,3739.0,10
rb1805,20170809,20170808,210949500,3740.0,5224,158502,194930220.0,3740.0,10,3739.0,16
rb1805,20170809,20170808,210950000,3740.0,5224,158502,194930220.0,3740.0,10,3739.0,19
rb1805,20170809,20170808,210951000,3740.0,5224,158502,194930220.0,3740.0,10,3739.0,19
rb1805,20170809,20170808,210951500,3740.0,5232,158504,195229420.0,3740.0,6,3739.0,19
rb1805,20170809,20170808,210952000,3740.0,5244,158512,195678220.0,3741.0,2,3740.0,4
rb1805,20170809,20170808,210952500,3740.0,5244,158512,195678220.0,3741.0,6,3740.0,4
rb1805,20170809,20170808,210953000,3740.0,5244,158512,195678220.0,3741.0,6,3740.0,4
rb1805,20170809,20170808,210953500,3740.0,5246,158514,195753020.0,3741.0,6,3740.0,3
rb1805,20170809,20170808,210954000,3740.0,5252,158514,195977420.0,3741.0,6,3739.0,19
rb1805,20170809,20170808,210954500,3740.0,5252,158514,195977420.0,3741.0,6,3739.0,19
rb1805,20170809,20170808,210955000,3741.0,5262,158512,196351520.0,3741.0,1,3739.0,17
rb1805,20170809,20170808,210955500,3741.0,5262,158512,196351520.0,3741.0,1,3739.0,17
rb1805,20170809,20170808,210956000,3741.0,5262,158512,196351520.0,3740.0,3,3739.0,20
rb1805,20170809,20170808,210956500,3740.0,5268,158516,196575920.0,3741.0,1,3739.0,20
rb1805,20170809,20170808,210957000,3740.0,5268,158516,196575920.0,3741.0,9,3739.0,14
rb1805,20170809,20170808,210957500,3741.0,5304,158536,197922720.0,3741.0,2,3739.0,12
rb1805,20170809,20170808,210958000,3741.0,5304,158536,197922720.0,3741.0,2,3739.0,22
rb1805,20170809,20170808,210958500,3741.0,5304,158536,197922720.0,3741.0,3,3739.0,22
rb1805,20170809,20170808,210959000,3741.0,5304,158536,197922720.0,3741.0,7,3739.0,15
rb1805,20170809,20170808,210959500,3741.0,5304,158536,197922720.0,3741.0,6,3739.0,11
rb1805,20170809,20170808,211000000,3741.0,5304,158536,197922720.0,3741.0,6,3739.0,12
rb1805,20170809,20170808,211000500,3741.0,5304,158536,197922720.0,3741.0,3,3739.0,19
rb1805,20170809,20170808,211001000,3742.0,5318,158538,198446540.0,3743.0,11,3742.0,1
rb1805,20170809,20170808,211001500,3742.0,5320,158538,198521380.0,3743.0,14,3740.0,12
rb1805,20170809,20170808,211002000,3742.0,5320,158538,198521380.0,3743.0,23,3740.0,11
rb1805,20170809,20170808,211002500,3742.0,5320,158538,198521380.0,3741.0,1,3740.0,11
rb1805,20170809,20170808,211003000,3741.0,5322,158538,198596200.0,3743.0,25,3741.0,2
rb1805,20170809,20170808,211003500,3741.0,5322,158538,198596200.0,3742.0,4,3741.0,6
rb1805,20170809,20170808,211004000,3741.0,5322,158538,198596200.0,3742.0,3,3741.0,6
rb1805,20170809,20170808,211005000,3741.0,5322,158538,198596200.0,3743.0,23,3741.0,11
rb1805,20170809,20170808,211005500,3741.0,5322,158538,198596200.0,3743.0,23,3741.0,11
rb1805,20170809,20170808,211006000,3741.0,5322,158538,198596200.0,3743.0,23,3741.0,11
rb1805,20170809,20170808,211006500,3741.0,5322,158538,198596200.0,3743.0,11,3741.0,17
rb1805,20170809,20170808,211007000,3741.0,5322,158538,198596200.0,3743.0,11,3742.0,4
rb1805,20170809,20170808,211007500,3741.0,5322,158538,198596200.0,3743.0,11,3742.0,6
rb1805,20170809,20170808,211008000,3743.0,5328,158542,198820780.0,3743.0,8,3742.0,15
rb1805,20170809,20170808,211008500,3743.0,5344,158552,199419660.0,3744.0,24,3742.0,15
rb1805,20170809,20170808,211009000,3743.0,5344,158552,199419660.0,3744.0,24,3742.0,12
rb1805,20170809,20170808,211009500,3743.0,5344,158552,199419660.0,3744.0,24,3743.0,1
rb1805,20170809,20170808,211010000,3744.0,5358,158560,199943600.0,3744.0,18,3743.0,3
rb1805,20170809,20170808,211010500,3744.0,5358,158560,199943600.0,3744.0,18,3742.0,6
rb1805,20170809,20170808,211011000,3744.0,5358,158560,199943600.0,3744.0,18,3742.0,6
rb1805,20170809,20170808,211011500,3744.0,5378,158568,200692400.0,3744.0,8,3742.0,6
rb1805,20170809,20170808,211012500,3744.0,5378,158568,200692400.0,3744.0,8,3742.0,6
rb1805,20170809,20170808,211013500,3744.0,5378,158568,200692400.0,3744.0,8,3742.0,6
rb1805,20170809,20170808,211014000,3744.0,5378,158568,200692400.0,3744.0,8,3742.0,6
rb1805,20170809,20170808,211014500,3744.0,5378,158568,200692400.0,3744.0,16,3741.0,8
rb1805,20170809,20170808,211015000,3744.0,5378,158568,200692400.0,3744.0,16,3741.0,18
rb1805,20170809,20170808,211016000,3744.0,5378,158568,200692400.0,3744.0,8,3742.0,1
rb1805,20170809,20170808,211016500,3742.0,5404,158562,201665320.0,3742.0,2,3741.0,26
rb1805,20170809,20170808,211017000,3744.0,5414,158568,202039640.0,3744.0,7,3742.0,30
rb1805,20170809,20170808,211017500,3744.0,5422,158576,202339160.0,3744.0,1,3743.0,3
rb1805,20170809,20170808,211018000,3744.0,5426,158572,202488920.0,3745.0,36,3744.0,1
rb1805,20170809,20170808,211018500,3745.0,5446,158552,203237840.0,3745.0,30,3744.0,5
rb1805,20170809,20170808,211019000,3745.0,5468,158544,204061740.0,3745.0,19,3744.0,8
rb1805,20170809,20170808,211019500,3745.0,5470,158546,204136640.0,3745.0,18,3744.0,12
rb1805,20170809,20170808,211020000,3745.0,5508,158584,205559740.0,3746.0,6,3745.0,3
rb1805,20170809,20170808,211020500,3745.0,5508,158584,205559740.0,3746.0,6,3744.0,22
rb1805,20170809,20170808,211021000,3745.0,5508,158584,205559740.0,3746.0,6,3744.0,27
rb1805,20170809,20170808,211021500,3746.0,5524,158586,206159020.0,3747.0,6,3746.0,4
rb1805,20170809,20170808,211022000,3745.0,5534,158588,206533600.0,3747.0,13,3746.0,1
rb1805,20170809,20170808,211022500,3746.0,5556,158588,207357720.0,3746.0,1,3744.0,20
rb1805,20170809,20170808,211023000,3746.0,5556,158588,207357720.0,3746.0,8,3744.0,1
rb1805,20170809,20170808,211023500,3746.0,5556,158588,207357720.0,3745.0,9,3742.0,17
rb1805,20170809,20170808,211024000,3746.0,5556,158588,207357720.0,3745.0,24,3742.0,3
rb1805,20170809,20170808,211024500,3746.0,5556,158588,207357720.0,3744.0,3,3742.0,9
rb1805,20170809,20170808,211025000,3745.0,5558,158586,207432620.0,3744.0,3,3742.0,9
rb1805,20170809,20170808,211025500,3745.0,5558,158586,207432620.0,3744.0,1,3742.0,9
rb1805,20170809,20170808,211026000,3745.0,5558,158586,207432620.0,3744.0,1,3742.0,9
rb1805,20170809,20170808,211026500,3745.0,5558,158586,207432620.0,3745.0,14,3742.0,14
rb1805,20170809,20170808,211027000,3745.0,5558,158586,207432620.0,3744.0,1,3742.0,9
rb1805,20170809,20170808,211027500,3745.0,5558,158586,207432620.0,3744.0,1,3742.0,9
rb1805,20170809,20170808,211028000,3745.0,5560,158586,207507520.0,3744.0,12,3742.0,9
rb1805,20170809,20170808,211029000,3745.0,5560,158586,207507520.0,3744.0,2,3742.0,9
rb1805,20170809,20170808,211030000,3744.0,5562,158586,207582400.0,3744.0,2,3742.0,10
rb1805,20170809,20170808,211030500,3744.0,5564,158586,207657280.0,3744.0,14,3742.0,4
rb1805,20170809,20170808,211031000,3744.0,5564,158586,207657280.0,3744.0,15,3743.0,1
rb1805,20170809,20170808,211031500,3743.0,5566,158584,207732140.0,3744.0,16,3742.0,2
rb1805,20170809,20170808,211032000,3744.0,5568,158586,207807020.0,3744.0,16,3742.0,11
rb1805,20170809,20170808,211032500,3744.0,5568,158586,207807020.0,3744.0,16,3742.0,5
rb1805,20170809,20170808,211033000,3744.0,5568,158586,207807020.0,3744.0,21,3742.0,5
rb1805,20170809,20170808,211033500,3744.0,5568,158586,207807020.0,3744.0,21,3742.0,5
rb1805,20170809,20170808,211034000,3744.0,5570,158588,207881900.0,3743.0,1,3742.0,5
rb1805,20170809,20170808,211034500,3744.0,5572,158588,207956780.0,3744.0,11,3742.0,5
rb1805,20170809,20170808,211035000,3744.0,5574,158588,208031660.0,3744.0,10,3742.0,11
rb1805,20170809,20170808,211035500,3743.0,5576,158588,208106520.0,3744.0,22,3742.0,5
rb1805,20170809,20170808,211036000,3743.0,5576,158588,208106520.0,3744.0,22,3742.0,5
rb1805,20170809,20170808,211036500,3743.0,5576,158588,208106520.0,3744.0,22,3743.0,2
rb1805,20170809,20170808,211037000,3743.0,5580,158588,208256240.0,3744.0,8,3743.0,1
rb1805,20170809,20170808,211037500,3743.0,5582,158586,208331100.0,3744.0,8,3742.0,27
rb1805,20170809,20170808,211038000,3743.0,5582,158586,208331100.0,3744.0,8,3742.0,33
rb1805,20170809,20170808,211038500,3742.0,5584,158586,208405940.0,3744.0,8,3742.0,27
rb1805,20170809,20170808,211039000,3742.0,5584,158586,208405940.0,3744.0,17,3742.0,27
rb1805,20170809,20170808,211040000,3742.0,5584,158586,208405940.0,3744.0,17,3742.0,27
rb1805,20170809,20170808,211040500,3742.0,5584,158586,208405940.0,3744.0,9,3743.0,10
rb1805,20170809,20170808,211041000,3742.0,5584,158586,208405940.0,3744.0,10,3743.0,10
rb1805,20170809,20170808,211041500,3742.0,5584,158586,208405940.0,3744.0,8,3743.0,10
rb1805,20170809,20170808,211042000,3743.0,5604,158586,209154540.0,3744.0,8,3742.0,38
rb1805,20170809,20170808,211042500,3743.0,5604,158586,209154540.0,3744.0,5,3742.0,41
rb1805,20170809,20170808,211043000,3743.0,5604,158586,209154540.0,3744.0,5,3742.0,41
rb1805,20170809,20170808,211043500,3743.0,5604,158586,209154540.0,3744.0,5,3743.0,2
rb1805,20170809,20170808,211044000,3743.0,5604,158586,209154540.0,3744.0,5,3743.0,3
rb1805,20170809,20170808,211044500,3743.0,5604,158586,209154540.0,3744.0,5,3743.0,11
rb1805,20170809,20170808,211045500,3743.0,5604,158586,209154540.0,3744.0,8,3743.0,11
rb1805,20170809,20170808,211046000,3744.0,5606,158586,209229420.0,3744.0,7,3743.0,11
rb1805,20170809,20170808,211046500,3743.0,5610,158584,209379160.0,3744.0,6,3743.0,10
rb1805,20170809,20170808,211047000,3743.0,5632,158598,210202640.0,3743.0,1,3742.0,30
rb1805,20170809,20170808,211047500,3743.0,5632,158598,210202640.0,3743.0,1,3742.0,30
rb1805,20170809,20170808,211048000,3743.0,5632,158598,210202640.0,3743.0,1,3742.0,30
rb1805,20170809,20170808,211048500,3743.0,5632,158598,210202640.0,3743.0,1,3742.0,30
rb1805,20170809,20170808,211049000,3743.0,5634,158600,210277500.0,3743.0,1,3742.0,30
rb1805,20170809,20170808,211050000,3742.0,5656,158608,211100780.0,3744.0,5,3742.0,33
