instrument,tradingday,calendarday,time,lastp,volume,openinterest,turnover,ask1,asksz1,bid1,bidsz1
rb1805,20171221,20171220,205900500,3811.0,4066,2648084,154955260.0,3812.0,33,3811.0,517
rb1805,20171221,20171220,210000500,3812.0,5488,2648076,209167620.0,3814.0,190,3813.0,2
rb1805,20171221,20171220,210001000,3815.0,9250,2647744,352691520.0,3817.0,2,3815.0,57
rb1805,20171221,20171220,210001500,3818.0,14460,2645628,551593360.0,3821.0,236,3818.0,44
rb1805,20171221,20171220,210002000,3823.0,18548,2643590,707784820.0,3823.0,82,3821.0,90
rb1805,20171221,20171220,210002500,3825.0,23514,2641258,897643660.0,3825.0,50,3823.0,1
rb1805,20171221,20171220,210003000,3824.0,26594,2641210,1015411900.0,3824.0,104,3822.0,12
rb1805,20171221,20171220,210003500,3820.0,28138,2640992,1074412160.0,3821.0,30,3819.0,461
rb1805,20171221,20171220,210004000,3820.0,29426,2640864,1123611420.0,3821.0,264,3820.0,150
rb1805,20171221,20171220,210004500,3818.0,30938,2641146,1181379360.0,3820.0,144,3818.0,37
rb1805,20171221,20171220,210005000,3819.0,31810,2640786,1214679360.0,3818.0,16,3817.0,91
rb1805,20171221,20171220,210005500,3817.0,32422,2640760,1238048700.0,3819.0,57,3817.0,326
rb1805,20171221,20171220,210006000,3817.0,33038,2640534,1261564960.0,3818.0,4,3817.0,153
rb1805,20171221,20171220,210006500,3818.0,33640,2640476,1284545260.0,3818.0,189,3817.0,197
rb1805,20171221,20171220,210007000,3817.0,34174,2640490,1304928900.0,3817.0,11,3816.0,175
rb1805,20171221,20171220,210007500,3817.0,34492,2640578,1317066000.0,3817.0,215,3816.0,106
rb1805,20171221,20171220,210008000,3816.0,34998,2640722,1336375980.0,3816.0,163,3814.0,190
rb1805,20171221,20171220,210008500,3815.0,36270,2640118,1384921680.0,3816.0,2,3815.0,43
rb1805,20171221,20171220,210009000,3817.0,36972,2639834,1411715780.0,3818.0,5,3817.0,12
rb1805,20171221,20171220,210009500,3816.0,37310,2639890,1424614540.0,3817.0,55,3816.0,144
rb1805,20171221,20171220,210010000,3816.0,38716,2640056,1478279000.0,3816.0,39,3815.0,219
rb1805,20171221,20171220,210010500,3815.0,39378,2639696,1503535860.0,3815.0,351,3814.0,315
rb1805,20171221,20171220,210011000,3815.0,40012,2639638,1527721060.0,3815.0,163,3814.0,220
rb1805,20171221,20171220,210011500,3815.0,40266,2639640,1537409720.0,3815.0,140,3814.0,149
rb1805,20171221,20171220,210012000,3814.0,40680,2639594,1553201200.0,3815.0,106,3814.0,32
rb1805,20171221,20171220,210012500,3814.0,41222,2639628,1573873700.0,3814.0,277,3813.0,202
rb1805,20171221,20171220,210013000,3813.0,41374,2639550,1579670880.0,3814.0,1148,3813.0,214
rb1805,20171221,20171220,210013500,3814.0,41810,2639556,1596297480.0,3814.0,1087,3813.0,152
rb1805,20171221,20171220,210014000,3814.0,42262,2639510,1613536160.0,3814.0,924,3813.0,192
rb1805,20171221,20171220,210014500,3813.0,42696,2639518,1630086420.0,3814.0,867,3813.0,96
rb1805,20171221,20171220,210015000,3814.0,42930,2639402,1639009980.0,3814.0,846,3813.0,261
rb1805,20171221,20171220,210015500,3813.0,43472,2639340,1659679320.0,3814.0,757,3813.0,250
rb1805,20171221,20171220,210016000,3814.0,43644,2639280,1666238740.0,3814.0,695,3813.0,241
rb1805,20171221,20171220,210016500,3813.0,43858,2639158,1674399520.0,3814.0,651,3813.0,345
rb1805,20171221,20171220,210017000,3814.0,44054,2639148,1681874020.0,3814.0,601,3813.0,305
rb1805,20171221,20171220,210017500,3813.0,44330,2639048,1692399460.0,3814.0,527,3813.0,291
rb1805,20171221,20171220,210018000,3814.0,44942,2638910,1715737240.0,3814.0,433,3813.0,98
rb1805,20171221,20171220,210018500,3813.0,45206,2638894,1725804380.0,3814.0,398,3813.0,101
rb1805,20171221,20171220,210019000,3814.0,45702,2638654,1744721400.0,3814.0,176,3813.0,212
rb1805,20171221,20171220,210019500,3815.0,47324,2638940,1806596300.0,3816.0,431,3815.0,15
rb1805,20171221,20171220,210020000,3813.0,48614,2639496,1855790740.0,3813.0,174,3812.0,598
rb1805,20171221,20171220,210020500,3814.0,49292,2639928,1881645320.0,3815.0,204,3814.0,55
rb1805,20171221,20171220,210021000,3815.0,49464,2640016,1888206700.0,3815.0,122,3814.0,345
rb1805,20171221,20171220,210021500,3814.0,49674,2640064,1896217280.0,3815.0,109,3814.0,390
rb1805,20171221,20171220,210022000,3814.0,49902,2640156,1904914220.0,3815.0,65,3814.0,343
rb1805,20171221,20171220,210022500,3814.0,50184,2640098,1915671860.0,3815.0,43,3814.0,331
rb1805,20171221,20171220,210023000,3815.0,50356,2640150,1922233460.0,3816.0,252,3815.0,92
rb1805,20171221,20171220,210023500,3816.0,50514,2640236,1928261760.0,3816.0,227,3815.0,210
rb1805,20171221,20171220,210024000,3816.0,51146,2640122,1952373480.0,3816.0,180,3815.0,2
rb1805,20171221,20171220,210024500,3814.0,51290,2640098,1957866760.0,3815.0,20,3814.0,254
rb1805,20171221,20171220,210025000,3815.0,51466,2640100,1964580900.0,3815.0,1,3814.0,262
rb1805,20171221,20171220,210025500,3815.0,51570,2640158,1968547960.0,3815.0,303,3814.0,236
rb1805,20171221,20171220,210026000,3815.0,51668,2640232,1972286440.0,3815.0,389,3814.0,236
rb1805,20171221,20171220,210026500,3815.0,51756,2640262,1975643360.0,3815.0,523,3814.0,229
rb1805,20171221,20171220,210027000,3814.0,52060,2640364,1987238540.0,3815.0,538,3814.0,110
rb1805,20171221,20171220,210027500,3815.0,52544,2640240,2005696900.0,3814.0,170,3813.0,631
rb1805,20171221,20171220,210028000,3814.0,52810,2640090,2015841940.0,3814.0,261,3813.0,635
rb1805,20171221,20171220,210028500,3813.0,53046,2640184,2024841040.0,3814.0,230,3813.0,545
rb1805,20171221,20171220,210029000,3814.0,53154,2640254,2028959900.0,3814.0,241,3813.0,563
rb1805,20171221,20171220,210029500,3813.0,53200,2640280,2030714240.0,3814.0,232,3813.0,560
rb1805,20171221,20171220,210030000,3813.0,53416,2640262,2038951420.0,3814.0,185,3813.0,529
rb1805,20171221,20171220,210030500,3814.0,53624,2640268,2046883000.0,3814.0,160,3813.0,453
rb1805,20171221,20171220,210031000,3814.0,54090,2640576,2064656060.0,3815.0,626,3814.0,54
rb1805,20171221,20171220,210031500,3814.0,54310,2640652,2073046920.0,3814.0,1,3813.0,460
rb1805,20171221,20171220,210032000,3814.0,54380,2640694,2075716320.0,3814.0,138,3813.0,458
rb1805,20171221,20171220,210032500,3814.0,54428,2640690,2077547000.0,3814.0,174,3813.0,441
rb1805,20171221,20171220,210033000,3813.0,54616,2640812,2084717040.0,3814.0,147,3813.0,438
rb1805,20171221,20171220,210033500,3813.0,55250,2640344,2108892740.0,3814.0,134,3813.0,190
rb1805,20171221,20171220,210034000,3814.0,55386,2640402,2114079740.0,3814.0,86,3813.0,198
rb1805,20171221,20171220,210034500,3814.0,55622,2640450,2123080780.0,3815.0,1188,3814.0,2
rb1805,20171221,20171220,210035000,3813.0,55770,2640542,2128724760.0,3814.0,67,3813.0,232
rb1805,20171221,20171220,210035500,3814.0,55962,2640592,2136047520.0,3814.0,71,3813.0,232
rb1805,20171221,20171220,210036000,3814.0,56282,2640820,2148252180.0,3815.0,1690,3814.0,30
rb1805,20171221,20171220,210036500,3814.0,56404,2640888,2152905040.0,3814.0,25,3813.0,296
rb1805,20171221,20171220,210037000,3814.0,56506,2640890,2156794600.0,3814.0,228,3813.0,267
rb1805,20171221,20171220,210037500,3814.0,56850,2641034,2169914100.0,3814.0,370,3813.0,217
rb1805,20171221,20171220,210038000,3814.0,56968,2641058,2174414240.0,3814.0,356,3813.0,196
rb1805,20171221,20171220,210038500,3813.0,57012,2641078,2176092320.0,3814.0,380,3813.0,253
rb1805,20171221,20171220,210039000,3813.0,57122,2641082,2180287620.0,3814.0,360,3813.0,249
rb1805,20171221,20171220,210039500,3813.0,57248,2641140,2185092260.0,3814.0,350,3813.0,199
rb1805,20171221,20171220,210040000,3813.0,57694,2641038,2202099220.0,3814.0,378,3813.0,79
rb1805,20171221,20171220,210040500,3813.0,58512,2641166,2233295860.0,3813.0,142,3812.0,597
rb1805,20171221,20171220,210041000,3813.0,58566,2641128,2235354860.0,3813.0,153,3812.0,617
rb1805,20171221,20171220,210041500,3812.0,58796,2641198,2244123280.0,3813.0,183,3812.0,619
rb1805,20171221,20171220,210042000,3813.0,58864,2641168,2246715940.0,3813.0,179,3812.0,750
rb1805,20171221,20171220,210042500,3812.0,59050,2641218,2253807000.0,3813.0,158,3812.0,705
rb1805,20171221,20171220,210043000,3813.0,59158,2641248,2257924780.0,3813.0,148,3812.0,695
rb1805,20171221,20171220,210043500,3812.0,59286,2641342,2262804420.0,3813.0,141,3812.0,657
rb1805,20171221,20171220,210044000,3812.0,59462,2641492,2269513640.0,3813.0,113,3812.0,596
rb1805,20171221,20171220,210044500,3812.0,59966,2641568,2288726680.0,3813.0,99,3812.0,478
rb1805,20171221,20171220,210045000,3812.0,60160,2641510,2296122040.0,3813.0,83,3812.0,385
rb1805,20171221,20171220,210045500,3812.0,60222,2641512,2298485700.0,3813.0,81,3812.0,371
rb1805,20171221,20171220,210046000,3813.0,60320,2641502,2302221920.0,3813.0,135,3812.0,350
rb1805,20171221,20171220,210046500,3813.0,60612,2641330,2313355160.0,3813.0,48,3812.0,368
rb1805,20171221,20171220,210047000,3814.0,60862,2641310,2322886760.0,3814.0,272,3812.0,347
rb1805,20171221,20171220,210047500,3813.0,61180,2641352,2335009420.0,3813.0,27,3812.0,221
rb1805,20171221,20171220,210048000,3813.0,61462,2641402,2345760180.0,3814.0,271,3813.0,1
rb1805,20171221,20171220,210048500,3812.0,61540,2641446,2348734280.0,3813.0,7,3812.0,143
rb1805,20171221,20171220,210049000,3814.0,61704,2641552,2354988360.0,3814.0,394,3813.0,2
rb1805,20171221,20171220,210049500,3814.0,61782,2641562,2357963140.0,3814.0,376,3813.0,5
rb1805,20171221,20171220,210050000,3813.0,61958,2641686,2364674000.0,3813.0,62,3812.0,144
rb1805,20171221,20171220,210050500,3813.0,62170,2641748,2372755640.0,3813.0,76,3812.0,109
rb1805,20171221,20171220,210051000,3813.0,62500,2641828,2385338360.0,3814.0,414,3813.0,24
rb1805,20171221,20171220,210051500,3814.0,62622,2641864,2389990860.0,3814.0,383,3813.0,16
rb1805,20171221,20171220,210052000,3812.0,62766,2641926,2395481760.0,3813.0,2,3812.0,132
rb1805,20171221,20171220,210052500,3813.0,62952,2642046,2402572720.0,3813.0,25,3812.0,155
rb1805,20171221,20171220,210053000,3813.0,63006,2642076,2404631700.0,3813.0,12,3812.0,158
rb1805,20171221,20171220,210053500,3812.0,63044,2642096,2406080540.0,3813.0,1,3812.0,160
rb1805,20171221,20171220,210054000,3813.0,63240,2642178,2413552480.0,3813.0,16,3812.0,91
rb1805,20171221,20171220,210054500,3813.0,63318,2642236,2416526500.0,3814.0,417,3813.0,32
rb1805,20171221,20171220,210055000,3813.0,63464,2642230,2422093460.0,3813.0,103,3812.0,86
rb1805,20171221,20171220,210055500,3813.0,63490,2642230,2423084720.0,3813.0,115,3812.0,146
rb1805,20171221,20171220,210056000,3813.0,63712,2642360,2431548220.0,3813.0,85,3812.0,124
rb1805,20171221,20171220,210056500,3813.0,63804,2642366,2435055840.0,3813.0,69,3812.0,108
rb1805,20171221,20171220,210057000,3812.0,63846,2642356,2436657200.0,3813.0,63,3812.0,147
rb1805,20171221,20171220,210057500,3813.0,63946,2642378,2440470100.0,3813.0,19,3812.0,145
rb1805,20171221,20171220,210058000,3813.0,64072,2642470,2445274240.0,3813.0,104,3812.0,161
rb1805,20171221,20171220,210058500,3812.0,64116,2642482,2446951880.0,3813.0,87,3812.0,161
rb1805,20171221,20171220,210059000,3813.0,64208,2642474,2450459340.0,3813.0,74,3812.0,158
rb1805,20171221,20171220,210059500,3813.0,64480,2642414,2460829640.0,3813.0,43,3812.0,108
rb1805,20171221,20171220,210100000,3812.0,64724,2642528,2470131280.0,3813.0,22,3812.0,83
rb1805,20171221,20171220,210100500,3813.0,65016,2642674,2481264100.0,3814.0,439,3813.0,136
rb1805,20171221,20171220,210101000,3814.0,65162,2642700,2486831960.0,3814.0,434,3813.0,147
rb1805,20171221,20171220,210101500,3813.0,65318,2642840,2492780800.0,3814.0,419,3813.0,289
rb1805,20171221,20171220,210102000,3813.0,65582,2642936,2502848240.0,3814.0,399,3813.0,234
rb1805,20171221,20171220,210102500,3814.0,65730,2642982,2508491980.0,3814.0,356,3813.0,212
rb1805,20171221,20171220,210103000,3814.0,66072,2643190,2521533000.0,3814.0,336,3813.0,71
rb1805,20171221,20171220,210103500,3814.0,66244,2643226,2528091800.0,3814.0,334,3813.0,54
rb1805,20171221,20171220,210104000,3814.0,66312,2643224,2530684720.0,3814.0,331,3813.0,87
rb1805,20171221,20171220,210104500,3814.0,66444,2643302,2535718340.0,3814.0,289,3813.0,101
rb1805,20171221,20171220,210105000,3814.0,66602,2643334,2541744020.0,3814.0,283,3813.0,90
rb1805,20171221,20171220,210105500,3814.0,66768,2643420,2548075000.0,3814.0,236,3813.0,95
rb1805,20171221,20171220,210106000,3814.0,67022,2643514,2557762360.0,3814.0,131,3813.0,194
rb1805,20171221,20171220,210106500,3814.0,67392,2643658,2571874180.0,3815.0,1656,3814.0,494
rb1805,20171221,20171220,210107000,3814.0,67456,2643702,2574315600.0,3815.0,1608,3814.0,554
rb1805,20171221,20171220,210107500,3815.0,67502,2643732,2576070200.0,3815.0,1652,3814.0,515
rb1805,20171221,20171220,210108000,3814.0,67662,2643852,2582173460.0,3815.0,1609,3814.0,486
rb1805,20171221,20171220,210108500,3814.0,67710,2643894,2584004400.0,3815.0,1603,3814.0,515
rb1805,20171221,20171220,210109000,3815.0,67758,2643940,2585835440.0,3815.0,1608,3814.0,512
rb1805,20171221,20171220,210109500,3814.0,68728,2644060,2622838840.0,3815.0,1229,3814.0,410
rb1805,20171221,20171220,210110000,3815.0,69090,2644076,2636648840.0,3815.0,1057,3814.0,388
rb1805,20171221,20171220,210110500,3815.0,69408,2644080,2648779760.0,3815.0,937,3814.0,371
rb1805,20171221,20171220,210111000,3815.0,69728,2643980,2660987500.0,3815.0,790,3814.0,369
rb1805,20171221,20171220,210111500,3815.0,70110,2643968,2675560720.0,3815.0,604,3814.0,370
rb1805,20171221,20171220,210112000,3815.0,70172,2643958,2677925880.0,3815.0,581,3814.0,347
rb1805,20171221,20171220,210112500,3815.0,70830,2644122,2703022940.0,3815.0,553,3814.0,71
rb1805,20171221,20171220,210113000,3815.0,71046,2644042,2711261640.0,3815.0,567,3814.0,3
rb1805,20171221,20171220,210113500,3815.0,71256,2643976,2719271920.0,3815.0,538,3814.0,5
rb1805,20171221,20171220,210114000,3815.0,71396,2643984,2724612300.0,3815.0,503,3813.0,385
rb1805,20171221,20171220,210114500,3814.0,71480,2643998,2727816160.0,3814.0,69,3813.0,410
rb1805,20171221,20171220,210115000,3814.0,71636,2644062,2733766000.0,3814.0,291,3813.0,410
rb1805,20171221,20171220,210115500,3814.0,71738,2644144,2737656260.0,3814.0,386,3813.0,410
rb1805,20171221,20171220,210116000,3814.0,71764,2644152,2738647860.0,3814.0,553,3813.0,402
rb1805,20171221,20171220,210116500,3813.0,71838,2644194,2741469580.0,3814.0,578,3813.0,368
rb1805,20171221,20171220,210117000,3813.0,72306,2644252,2759314560.0,3814.0,533,3813.0,137
rb1805,20171221,20171220,210117500,3813.0,72624,2644180,2771440040.0,3813.0,167,3812.0,245
rb1805,20171221,20171220,210118000,3813.0,72840,2644096,2779674900.0,3813.0,328,3812.0,179
rb1805,20171221,20171220,210118500,3813.0,73126,2644368,2790577880.0,3813.0,345,3812.0,69
rb1805,20171221,20171220,210119000,3812.0,73366,2644410,2799727360.0,3812.0,176,3811.0,1010
rb1805,20171221,20171220,210119500,3812.0,73440,2644392,2802548120.0,3812.0,199,3811.0,1005
rb1805,20171221,20171220,210120000,3811.0,73512,2644330,2805292300.0,3812.0,202,3811.0,983
rb1805,20171221,20171220,210120500,3812.0,73624,2644226,2809560820.0,3812.0,224,3811.0,938
rb1805,20171221,20171220,210121000,3811.0,73988,2644172,2823432880.0,3812.0,261,3811.0,758
rb1805,20171221,20171220,210121500,3811.0,74142,2644162,2829302000.0,3812.0,257,3811.0,665
rb1805,20171221,20171220,210122000,3811.0,74680,2644360,2849809600.0,3812.0,110,3811.0,621
rb1805,20171221,20171220,210122500,3812.0,75620,2644202,2885634720.0,3813.0,260,3812.0,10
rb1805,20171221,20171220,210123000,3812.0,76030,2644138,2901264000.0,3813.0,238,3812.0,38
rb1805,20171221,20171220,210123500,3812.0,76166,2644090,2906448320.0,3813.0,239,3812.0,230
rb1805,20171221,20171220,210124000,3812.0,76368,2644044,2914149640.0,3813.0,183,3812.0,208
rb1805,20171221,20171220,210124500,3812.0,76428,2644000,2916437260.0,3813.0,149,3812.0,369
rb1805,20171221,20171220,210125000,3813.0,76748,2643792,2928635740.0,3813.0,155,3812.0,237
rb1805,20171221,20171220,210125500,3812.0,76812,2643738,2931075820.0,3813.0,271,3812.0,218
rb1805,20171221,20171220,210126000,3812.0,76986,2643782,2937709140.0,3813.0,256,3812.0,154
rb1805,20171221,20171220,210126500,3813.0,77012,2643780,2938700480.0,3813.0,303,3812.0,72
rb1805,20171221,20171220,210127000,3812.0,77178,2643796,2945028400.0,3812.0,41,3811.0,316
rb1805,20171221,20171220,210127500,3812.0,77450,2643726,2955397020.0,3813.0,321,3812.0,104
rb1805,20171221,20171220,210128000,3813.0,77608,2643710,2961420100.0,3813.0,317,3812.0,33
rb1805,20171221,20171220,210128500,3812.0,77710,2643692,2965308440.0,3812.0,42,3811.0,300
rb1805,20171221,20171220,210129000,3812.0,77814,2643736,2969272620.0,3812.0,167,3811.0,291
rb1805,20171221,20171220,210129500,3812.0,77886,2643788,2972016600.0,3812.0,287,3811.0,259
rb1805,20171221,20171220,210130000,3812.0,78002,2643866,2976437660.0,3812.0,368,3811.0,198
rb1805,20171221,20171220,210130500,3811.0,78460,2644008,2993892040.0,3811.0,30,3810.0,560
rb1805,20171221,20171220,210131000,3811.0,78544,2644034,2997093160.0,3811.0,25,3810.0,558
rb1805,20171221,20171220,210131500,3811.0,78636,2644110,3000598820.0,3811.0,46,3810.0,558
rb1805,20171221,20171220,210132000,3811.0,78744,2644166,3004714240.0,3811.0,214,3810.0,539
rb1805,20171221,20171220,210132500,3810.0,78952,2644210,3012640900.0,3811.0,174,3810.0,508
rb1805,20171221,20171220,210133000,3810.0,79192,2644218,3021785540.0,3811.0,157,3810.0,446
rb1805,20171221,20171220,210133500,3811.0,79682,2644598,3040458040.0,3812.0,332,3811.0,38
rb1805,20171221,20171220,210134000,3811.0,79878,2644514,3047928260.0,3812.0,299,3811.0,22
rb1805,20171221,20171220,210134500,3811.0,80260,2644194,3062486220.0,3812.0,299,3811.0,19
rb1805,20171221,20171220,210135000,3811.0,80500,2644150,3071632480.0,3811.0,20,3810.0,368
rb1805,20171221,20171220,210135500,3810.0,80588,2644176,3074985820.0,3811.0,17,3810.0,350
rb1805,20171221,20171220,210136000,3811.0,80638,2644176,3076891240.0,3811.0,35,3810.0,352
rb1805,20171221,20171220,210136500,3810.0,80670,2644174,3078110600.0,3811.0,34,3810.0,345
rb1805,20171221,20171220,210137000,3811.0,80716,2644204,3079863460.0,3811.0,38,3810.0,351
rb1805,20171221,20171220,210137500,3810.0,80818,2644250,3083749740.0,3811.0,51,3810.0,333
rb1805,20171221,20171220,210138000,3811.0,80992,2644282,3090380180.0,3812.0,370,3811.0,1
rb1805,20171221,20171220,210138500,3812.0,81184,2644246,3097696900.0,3812.0,380,3810.0,279
rb1805,20171221,20171220,210139000,3810.0,81316,2644338,3102726300.0,3811.0,2,3810.0,238
rb1805,20171221,20171220,210139500,3811.0,81346,2644350,3103869460.0,3812.0,401,3811.0,5
rb1805,20171221,20171220,210140000,3811.0,81418,2644380,3106613120.0,3811.0,34,3810.0,272
rb1805,20171221,20171220,210140500,3811.0,81442,2644392,3107527700.0,3811.0,54,3810.0,269
rb1805,20171221,20171220,210141000,3810.0,81484,2644428,3109128060.0,3811.0,55,3810.0,260
rb1805,20171221,20171220,210141500,3811.0,81670,2644484,3116215400.0,3811.0,171,3810.0,222
rb1805,20171221,20171220,210142000,3811.0,81806,2644564,3121398080.0,3811.0,130,3810.0,216
rb1805,20171221,20171220,210142500,3810.0,81890,2644532,3124598580.0,3811.0,234,3810.0,209
rb1805,20171221,20171220,210143000,3810.0,82056,2644614,3130923380.0,3811.0,236,3810.0,137
rb1805,20171221,20171220,210143500,3810.0,82100,2644640,3132600040.0,3811.0,232,3810.0,131
rb1805,20171221,20171220,210144000,3811.0,82220,2644646,3137172820.0,3811.0,214,3810.0,231
rb1805,20171221,20171220,210144500,3810.0,82272,2644654,3139154180.0,3811.0,249,3810.0,217
rb1805,20171221,20171220,210145000,3811.0,82304,2644662,3140373580.0,3811.0,248,3810.0,231
rb1805,20171221,20171220,210145500,3810.0,82422,2644694,3144870060.0,3811.0,235,3810.0,210
rb1805,20171221,20171220,210146000,3810.0,82556,2644744,3149976140.0,3811.0,203,3810.0,198
rb1805,20171221,20171220,210146500,3810.0,82852,2644922,3161253900.0,3811.0,197,3810.0,222
rb1805,20171221,20171220,210147000,3811.0,83286,2645278,3177789420.0,3811.0,194,3810.0,121
rb1805,20171221,20171220,210147500,3811.0,83560,2645368,3188230000.0,3811.0,209,3810.0,64
rb1805,20171221,20171220,210148000,3810.0,83718,2645360,3194249980.0,3811.0,201,3810.0,455
rb1805,20171221,20171220,210148500,3810.0,84134,2645550,3210101560.0,3811.0,91,3810.0,471
rb1805,20171221,20171220,210149000,3811.0,84338,2645572,3217876020.0,3812.0,453,3811.0,434
rb1805,20171221,20171220,210149500,3811.0,84548,2645532,3225880340.0,3812.0,381,3811.0,456
rb1805,20171221,20171220,210150000,3812.0,84558,2645536,3226261460.0,3812.0,312,3811.0,481
rb1805,20171221,20171220,210150500,3811.0,84688,2645572,3231216400.0,3812.0,283,3811.0,454
rb1805,20171221,20171220,210151000,3812.0,85096,2645650,3246768960.0,3812.0,249,3811.0,441
rb1805,20171221,20171220,210151500,3811.0,85108,2645654,3247226300.0,3812.0,299,3811.0,447
rb1805,20171221,20171220,210152000,3811.0,85282,2645796,3253857740.0,3812.0,306,3811.0,428
rb1805,20171221,20171220,210152500,3811.0,85288,2645800,3254086400.0,3812.0,308,3811.0,469
rb1805,20171221,20171220,210153000,3811.0,85462,2645936,3260718060.0,3812.0,284,3811.0,419
rb1805,20171221,20171220,210153500,3812.0,86520,2645492,3301037360.0,3812.0,267,3811.0,1
rb1805,20171221,20171220,210154000,3811.0,86750,2645674,3309801660.0,3811.0,166,3810.0,438
rb1805,20171221,20171220,210154500,3811.0,86842,2645758,3313307740.0,3811.0,141,3810.0,479
rb1805,20171221,20171220,210155000,3811.0,86996,2645844,3319176620.0,3811.0,48,3810.0,514
rb1805,20171221,20171220,210155500,3811.0,87178,2645948,3326111640.0,3811.0,44,3810.0,478
rb1805,20171221,20171220,210156000,3811.0,87334,2646096,3332055360.0,3811.0,49,3810.0,410
rb1805,20171221,20171220,210156500,3811.0,87550,2646152,3340286260.0,3812.0,298,3811.0,1
rb1805,20171221,20171220,210157000,3811.0,87656,2646252,3344325020.0,3812.0,298,3811.0,27
rb1805,20171221,20171220,210157500,3811.0,87756,2646218,3348136980.0,3812.0,252,3811.0,117
rb1805,20171221,20171220,210158000,3811.0,87772,2646212,3348746800.0,3812.0,233,3811.0,189
rb1805,20171221,20171220,210158500,3811.0,87996,2646228,3357283500.0,3812.0,233,3811.0,210
rb1805,20171221,20171220,210159000,3811.0,88030,2646226,3358579300.0,3812.0,232,3811.0,246
rb1805,20171221,20171220,210159500,3812.0,88230,2646282,3366202060.0,3812.0,207,3811.0,194
rb1805,20171221,20171220,210200000,3811.0,88280,2646274,3368107700.0,3812.0,202,3811.0,206
rb1805,20171221,20171220,210200500,3811.0,88396,2646200,3372529420.0,3812.0,239,3811.0,208
rb1805,20171221,20171220,210201000,3812.0,88492,2646172,3376188760.0,3812.0,204,3811.0,276
rb1805,20171221,20171220,210201500,3811.0,88566,2646224,3379009440.0,3812.0,157,3811.0,302
rb1805,20171221,20171220,210202000,3811.0,88810,2646366,3388309940.0,3812.0,103,3811.0,287
rb1805,20171221,20171220,210202500,3812.0,88996,2646426,3395399020.0,3812.0,72,3811.0,283
rb1805,20171221,20171220,210203000,3812.0,89014,2646442,3396085180.0,3812.0,70,3811.0,290
rb1805,20171221,20171220,210203500,3812.0,89132,2646420,3400583280.0,3812.0,29,3811.0,319
rb1805,20171221,20171220,210204000,3811.0,89152,2646412,3401345560.0,3812.0,152,3811.0,338
rb1805,20171221,20171220,210204500,3811.0,89592,2646764,3418118100.0,3812.0,55,3811.0,325
rb1805,20171221,20171220,210205000,3812.0,89658,2646800,3420634000.0,3812.0,175,3811.0,318
rb1805,20171221,20171220,210205500,3811.0,89686,2646808,3421701260.0,3812.0,180,3811.0,320
rb1805,20171221,20171220,210206000,3812.0,89780,2646806,3425284480.0,3812.0,159,3811.0,306
rb1805,20171221,20171220,210206500,3811.0,90066,2646750,3436185200.0,3812.0,150,3811.0,262
rb1805,20171221,20171220,210207000,3812.0,90162,2646724,3439844140.0,3812.0,99,3811.0,244
rb1805,20171221,20171220,210207500,3812.0,90430,2646746,3450057800.0,3812.0,161,3811.0,337
rb1805,20171221,20171220,210208000,3812.0,90778,2646808,3463320220.0,3812.0,197,3811.0,302
rb1805,20171221,20171220,210208500,3811.0,91474,2646832,3489844480.0,3811.0,299,3810.0,448
rb1805,20171221,20171220,210209000,3810.0,91628,2646934,3495712140.0,3811.0,408,3810.0,365
rb1805,20171221,20171220,210209500,3810.0,92206,2646840,3517734960.0,3811.0,367,3810.0,133
rb1805,20171221,20171220,210210000,3810.0,92536,2646796,3530308320.0,3810.0,46,3809.0,852
rb1805,20171221,20171220,210210500,3810.0,92944,2647018,3545852860.0,3811.0,258,3810.0,1
rb1805,20171221,20171220,210211000,3810.0,93212,2647116,3556062660.0,3810.0,44,3809.0,854
rb1805,20171221,20171220,210211500,3810.0,93318,2647070,3560100600.0,3810.0,56,3809.0,821
rb1805,20171221,20171220,210212000,3810.0,93386,2647070,3562691200.0,3810.0,37,3809.0,841
rb1805,20171221,20171220,210212500,3810.0,93530,2647020,3568177420.0,3811.0,288,3810.0,83
rb1805,20171221,20171220,210213000,3810.0,93702,2647080,3574731020.0,3811.0,280,3810.0,51
rb1805,20171221,20171220,210213500,3810.0,93714,2647086,3575188240.0,3811.0,276,3810.0,73
rb1805,20171221,20171220,210214000,3810.0,93748,2647090,3576483800.0,3811.0,277,3810.0,154
rb1805,20171221,20171220,210214500,3810.0,93834,2647104,3579760420.0,3811.0,235,3810.0,199
rb1805,20171221,20171220,210215000,3811.0,93948,2647126,3584104640.0,3811.0,194,3810.0,209
rb1805,20171221,20171220,210215500,3810.0,93998,2647136,3586009920.0,3811.0,193,3810.0,249
rb1805,20171221,20171220,210216000,3810.0,94410,2646970,3601710700.0,3811.0,63,3810.0,267
rb1805,20171221,20171220,210216500,3811.0,94660,2646826,3611238240.0,3812.0,216,3811.0,21
rb1805,20171221,20171220,210217000,3811.0,94690,2646840,3612381540.0,3812.0,201,3811.0,118
rb1805,20171221,20171220,210217500,3811.0,94752,2646832,3614744380.0,3812.0,216,3811.0,123
rb1805,20171221,20171220,210218000,3811.0,94866,2646906,3619089060.0,3812.0,201,3811.0,110
rb1805,20171221,20171220,210218500,3811.0,94884,2646920,3619775040.0,3812.0,199,3811.0,146
rb1805,20171221,20171220,210219000,3812.0,94958,2646950,3622595440.0,3812.0,194,3811.0,126
rb1805,20171221,20171220,210219500,3811.0,95196,2647010,3631665740.0,3811.0,93,3810.0,388
rb1805,20171221,20171220,210220000,3811.0,95288,2647042,3635171860.0,3811.0,59,3810.0,372
rb1805,20171221,20171220,210220500,3812.0,96634,2646578,3686488000.0,3813.0,511,3812.0,18
rb1805,20171221,20171220,210221000,3813.0,96802,2646690,3692892220.0,3812.0,8,3811.0,153
rb1805,20171221,20171220,210221500,3812.0,96890,2646662,3696246740.0,3813.0,512,3812.0,9
rb1805,20171221,20171220,210222000,3813.0,96986,2646698,3699906480.0,3813.0,491,3811.0,335
rb1805,20171221,20171220,210222500,3811.0,97014,2646716,3700973700.0,3813.0,492,3811.0,309
rb1805,20171221,20171220,210223000,3813.0,97036,2646714,3701812520.0,3813.0,487,3812.0,94
rb1805,20171221,20171220,210223500,3813.0,97060,2646692,3702727600.0,3813.0,480,3812.0,150
rb1805,20171221,20171220,210224000,3813.0,97084,2646690,3703642640.0,3813.0,474,3812.0,174
rb1805,20171221,20171220,210224500,3813.0,97328,2646718,3712945200.0,3813.0,405,3812.0,159
rb1805,20171221,20171220,210225000,3813.0,97588,2646514,3722859000.0,3813.0,278,3812.0,164
rb1805,20171221,20171220,210225500,3813.0,98164,2646274,3744821840.0,3814.0,419,3813.0,91
rb1805,20171221,20171220,210226000,3814.0,98324,2646256,3750923360.0,3814.0,363,3813.0,213
rb1805,20171221,20171220,210226500,3813.0,98480,2646230,3756871740.0,3814.0,356,3813.0,349
rb1805,20171221,20171220,210227000,3814.0,98804,2646094,3769227900.0,3814.0,255,3813.0,259
rb1805,20171221,20171220,210227500,3814.0,98900,2646064,3772889080.0,3814.0,223,3813.0,236
rb1805,20171221,20171220,210228000,3813.0,98978,2646088,3775863740.0,3814.0,197,3813.0,228
rb1805,20171221,20171220,210228500,3814.0,99100,2646052,3780516340.0,3814.0,166,3813.0,310
rb1805,20171221,20171220,210229000,3815.0,99486,2646192,3795238740.0,3815.0,675,3814.0,321
rb1805,20171221,20171220,210229500,3815.0,100900,2646622,3849182880.0,3816.0,548,3815.0,86
rb1805,20171221,20171220,210230000,3816.0,100992,2646612,3852693200.0,3816.0,507,3815.0,87
rb1805,20171221,20171220,210230500,3816.0,101740,2646592,3881235720.0,3816.0,197,3815.0,34
rb1805,20171221,20171220,210231000,3816.0,102238,2646872,3900239700.0,3817.0,114,3816.0,176
rb1805,20171221,20171220,210231500,3816.0,102336,2646826,3903979460.0,3817.0,112,3816.0,165
rb1805,20171221,20171220,210232000,3816.0,102680,2646798,3917108300.0,3817.0,84,3816.0,311
rb1805,20171221,20171220,210232500,3817.0,103144,2646540,3934817740.0,3818.0,348,3817.0,47
rb1805,20171221,20171220,210233000,3817.0,103408,2646570,3944894280.0,3817.0,8,3816.0,293
rb1805,20171221,20171220,210233500,3818.0,104528,2646102,3987649840.0,3818.0,23,3817.0,20
rb1805,20171221,20171220,210234000,3818.0,104686,2646082,3993681320.0,3818.0,62,3817.0,90
rb1805,20171221,20171220,210234500,3818.0,104830,2645976,3999178500.0,3818.0,128,3817.0,89
rb1805,20171221,20171220,210235000,3817.0,105112,2645914,4009944540.0,3818.0,51,3817.0,63
rb1805,20171221,20171220,210235500,3818.0,105416,2646050,4021551120.0,3819.0,368,3818.0,188
rb1805,20171221,20171220,210236000,3819.0,106442,2646566,4060731420.0,3820.0,1024,3819.0,244
rb1805,20171221,20171220,210236500,3820.0,107394,2646770,4097095700.0,3820.0,648,3819.0,423
rb1805,20171221,20171220,210237000,3820.0,108490,2646608,4138956200.0,3820.0,461,3819.0,93
rb1805,20171221,20171220,210237500,3819.0,109452,2646522,4175702300.0,3819.0,1,3818.0,411
rb1805,20171221,20171220,210238000,3820.0,109708,2646370,4185480820.0,3821.0,303,3820.0,28
rb1805,20171221,20171220,210238500,3821.0,110214,2646394,4204807800.0,3821.0,317,3820.0,66
rb1805,20171221,20171220,210239000,3820.0,110590,2646532,4219170760.0,3820.0,310,3819.0,39
rb1805,20171221,20171220,210239500,3818.0,110970,2646764,4233684520.0,3819.0,79,3818.0,469
rb1805,20171221,20171220,210240000,3819.0,112258,2647370,4282887440.0,3820.0,1,3819.0,29
rb1805,20171221,20171220,210240500,3820.0,112768,2647038,4302369680.0,3821.0,148,3820.0,73
rb1805,20171221,20171220,210241000,3820.0,113068,2646926,4313830980.0,3821.0,171,3820.0,13
rb1805,20171221,20171220,210241500,3821.0,113182,2646938,4318185940.0,3821.0,173,3820.0,5
rb1805,20171221,20171220,210242000,3819.0,113534,2646858,4331633320.0,3820.0,172,3819.0,188
rb1805,20171221,20171220,210242500,3820.0,113824,2646870,4342709620.0,3820.0,208,3819.0,140
rb1805,20171221,20171220,210243000,3820.0,113892,2646862,4345307120.0,3820.0,299,3819.0,143
rb1805,20171221,20171220,210243500,3819.0,114066,2646942,4351952800.0,3820.0,450,3819.0,97
rb1805,20171221,20171220,210244000,3819.0,114340,2646864,4362417500.0,3819.0,81,3818.0,463
rb1805,20171221,20171220,210244500,3819.0,114890,2646716,4383424880.0,3819.0,29,3818.0,458
rb1805,20171221,20171220,210245000,3819.0,115094,2646786,4391215600.0,3819.0,36,3818.0,450
rb1805,20171221,20171220,210245500,3819.0,115210,2646714,4395644700.0,3819.0,77,3818.0,402
rb1805,20171221,20171220,210246000,3818.0,115304,2646666,4399234000.0,3819.0,125,3818.0,374
rb1805,20171221,20171220,210246500,3818.0,115428,2646588,4403968600.0,3819.0,153,3818.0,335
rb1805,20171221,20171220,210247000,3818.0,115668,2646636,4413132880.0,3819.0,164,3818.0,290
rb1805,20171221,20171220,210247500,3818.0,115780,2646588,4417409340.0,3819.0,165,3818.0,249
rb1805,20171221,20171220,210248000,3819.0,116226,2646402,4434442320.0,3819.0,7,3818.0,240
rb1805,20171221,20171220,210248500,3819.0,116332,2646438,4438490500.0,3820.0,599,3819.0,169
rb1805,20171221,20171220,210249000,3819.0,116418,2646466,4441774840.0,3820.0,611,3819.0,168
rb1805,20171221,20171220,210249500,3819.0,116872,2646234,4459114700.0,3820.0,542,3819.0,48
rb1805,20171221,20171220,210250000,3820.0,117058,2646114,4466219580.0,3820.0,482,3819.0,76
rb1805,20171221,20171220,210250500,3819.0,117142,2646138,4469427620.0,3820.0,495,3819.0,82
rb1805,20171221,20171220,210251000,3820.0,117282,2646232,4474775220.0,3820.0,486,3819.0,73
rb1805,20171221,20171220,210251500,3820.0,117432,2646290,4480504400.0,3820.0,477,3819.0,87
rb1805,20171221,20171220,210252000,3820.0,117658,2646336,4489136660.0,3820.0,407,3819.0,102
rb1805,20171221,20171220,210252500,3819.0,117990,2646198,4501816860.0,3820.0,366,3819.0,33
rb1805,20171221,20171220,210253000,3820.0,118754,2646360,4531000900.0,3820.0,237,3819.0,177
rb1805,20171221,20171220,210253500,3819.0,119318,2646368,4552544920.0,3820.0,9,3819.0,147
rb1805,20171221,20171220,210254000,3820.0,119520,2646458,4560261340.0,3821.0,518,3820.0,803
rb1805,20171221,20171220,210254500,3820.0,119716,2646504,4567748780.0,3821.0,504,3820.0,783
rb1805,20171221,20171220,210255000,3820.0,120156,2646636,4584560060.0,3821.0,367,3820.0,551
rb1805,20171221,20171220,210255500,3821.0,120960,2646780,4615279300.0,3821.0,61,3820.0,489
rb1805,20171221,20171220,210256000,3821.0,121342,2646682,4629875480.0,3822.0,399,3821.0,104
rb1805,20171221,20171220,210256500,3821.0,121654,2646764,4641797340.0,3822.0,404,3821.0,165
rb1805,20171221,20171220,210257000,3822.0,122060,2646690,4657312380.0,3822.0,316,3821.0,114
rb1805,20171221,20171220,210257500,3822.0,122362,2646640,4668853140.0,3822.0,253,3821.0,99
rb1805,20171221,20171220,210258000,3822.0,122926,2646444,4690408260.0,3822.0,103,3821.0,69
rb1805,20171221,20171220,210258500,3822.0,123476,2646560,4711424640.0,3822.0,66,3820.0,419
rb1805,20171221,20171220,210259000,3822.0,123668,2646544,4718762260.0,3822.0,1,3821.0,11
rb1805,20171221,20171220,210259500,3822.0,123874,2646472,4726634920.0,3821.0,32,3820.0,421
rb1805,20171221,20171220,210300000,3821.0,124020,2646482,4732213280.0,3821.0,75,3820.0,440
rb1805,20171221,20171220,210300500,3821.0,124722,2646206,4759040620.0,3822.0,249,3821.0,112
rb1805,20171221,20171220,210301000,3821.0,125234,2645908,4778607600.0,3822.0,158,3821.0,102
rb1805,20171221,20171220,210301500,3822.0,125498,2645870,4788696620.0,3822.0,94,3821.0,113
rb1805,20171221,20171220,210302000,3822.0,126594,2645254,4830594400.0,3824.0,615,3822.0,122
rb1805,20171221,20171220,210302500,3822.0,127640,2645418,4870587900.0,3823.0,6,3822.0,109
rb1805,20171221,20171220,210303000,3823.0,128036,2645570,4885726840.0,3824.0,233,3823.0,364
rb1805,20171221,20171220,210303500,3824.0,128806,2645486,4915168640.0,3825.0,932,3824.0,66
rb1805,20171221,20171220,210304000,3824.0,129980,2645880,4960068980.0,3825.0,567,3824.0,332
rb1805,20171221,20171220,210304500,3825.0,130812,2646098,4991891420.0,3825.0,240,3824.0,150
rb1805,20171221,20171220,210305000,3825.0,132076,2645772,5040231980.0,3825.0,14,3824.0,7
rb1805,20171221,20171220,210305500,3824.0,132348,2645912,5050633100.0,3824.0,369,3823.0,8
rb1805,20171221,20171220,210306000,3823.0,132582,2645906,5059580220.0,3823.0,50,3822.0,220
rb1805,20171221,20171220,210306500,3823.0,132804,2645902,5068066800.0,3823.0,185,3822.0,198
rb1805,20171221,20171220,210307000,3823.0,132964,2645950,5074182740.0,3823.0,182,3822.0,157
rb1805,20171221,20171220,210307500,3822.0,133534,2646218,5095972380.0,3823.0,6,3822.0,124
rb1805,20171221,20171220,210308000,3823.0,133648,2646240,5100329720.0,3823.0,2,3822.0,88
rb1805,20171221,20171220,210308500,3823.0,133942,2646304,5111566920.0,3823.0,253,3822.0,28
rb1805,20171221,20171220,210309000,3822.0,134262,2646406,5123797220.0,3822.0,229,3821.0,341
rb1805,20171221,20171220,210309500,3822.0,134574,2646598,5135721100.0,3822.0,206,3821.0,231
rb1805,20171221,20171220,210310000,3821.0,134768,2646656,5143135600.0,3822.0,169,3821.0,224
rb1805,20171221,20171220,210310500,3822.0,135000,2646778,5152002140.0,3822.0,286,3821.0,215
rb1805,20171221,20171220,210311000,3822.0,135086,2646860,5155288520.0,3822.0,287,3821.0,190
rb1805,20171221,20171220,210311500,3821.0,135540,2646616,5172636100.0,3821.0,100,3820.0,427
rb1805,20171221,20171220,210312000,3821.0,136056,2646566,5192348440.0,3821.0,142,3820.0,226
rb1805,20171221,20171220,210312500,3820.0,136234,2646592,5199149180.0,3821.0,268,3820.0,194
rb1805,20171221,20171220,210313000,3820.0,136718,2646600,5217638020.0,3820.0,10,3819.0,170
rb1805,20171221,20171220,210313500,3821.0,137080,2646514,5231466260.0,3821.0,357,3819.0,79
rb1805,20171221,20171220,210314000,3819.0,137132,2646518,5233452340.0,3820.0,5,3819.0,138
rb1805,20171221,20171220,210314500,3819.0,137342,2646622,5241474120.0,3820.0,50,3819.0,292
rb1805,20171221,20171220,210315000,3819.0,137400,2646632,5243689480.0,3820.0,58,3819.0,257
rb1805,20171221,20171220,210315500,3819.0,137682,2646512,5254459280.0,3820.0,83,3819.0,132
rb1805,20171221,20171220,210316000,3820.0,137742,2646480,5256751020.0,3820.0,90,3819.0,125
rb1805,20171221,20171220,210316500,3819.0,137882,2646506,5262098660.0,3820.0,99,3819.0,128
rb1805,20171221,20171220,210317000,3819.0,138178,2646550,5273403220.0,3819.0,94,3818.0,174
rb1805,20171221,20171220,210317500,3819.0,138224,2646560,5275159860.0,3819.0,97,3818.0,170
rb1805,20171221,20171220,210318000,3819.0,138558,2646728,5287914320.0,3819.0,22,3818.0,115
rb1805,20171221,20171220,210318500,3819.0,138766,2646858,5295858420.0,3820.0,368,3819.0,34
rb1805,20171221,20171220,210319000,3819.0,138862,2646850,5299524440.0,3819.0,321,3818.0,230
rb1805,20171221,20171220,210319500,3818.0,138970,2646876,5303648020.0,3819.0,323,3818.0,193
rb1805,20171221,20171220,210320000,3818.0,139436,2646924,5321440200.0,3819.0,314,3818.0,111
rb1805,20171221,20171220,210320500,3819.0,139712,2646916,5331979440.0,3819.0,280,3818.0,102
rb1805,20171221,20171220,210321000,3818.0,139778,2646910,5334499740.0,3819.0,281,3818.0,123
rb1805,20171221,20171220,210321500,3819.0,139870,2646912,5338013020.0,3819.0,259,3818.0,177
rb1805,20171221,20171220,210322000,3819.0,139992,2646880,5342671720.0,3819.0,223,3818.0,159
rb1805,20171221,20171220,210322500,3818.0,140462,2646848,5360620640.0,3819.0,8,3818.0,157
rb1805,20171221,20171220,210323000,3819.0,140540,2646832,5363599460.0,3820.0,573,3819.0,240
rb1805,20171221,20171220,210323500,3819.0,140598,2646860,5365814520.0,3820.0,559,3819.0,230
rb1805,20171221,20171220,210324000,3819.0,140736,2646882,5371085080.0,3820.0,528,3819.0,176
rb1805,20171221,20171220,210324500,3819.0,140760,2646880,5372001660.0,3820.0,448,3819.0,102
rb1805,20171221,20171220,210325000,3819.0,140836,2646926,5374904220.0,3820.0,430,3819.0,79
rb1805,20171221,20171220,210325500,3820.0,140878,2646936,5376508460.0,3820.0,427,3819.0,82
rb1805,20171221,20171220,210326000,3819.0,141036,2646966,5382542800.0,3820.0,406,3819.0,84
rb1805,20171221,20171220,210326500,3819.0,141406,2647214,5396673340.0,3819.0,5,3818.0,278
rb1805,20171221,20171220,210327000,3819.0,141450,2647208,5398353740.0,3819.0,1,3818.0,336
rb1805,20171221,20171220,210327500,3819.0,141464,2647214,5398888340.0,3819.0,33,3818.0,357
rb1805,20171221,20171220,210328000,3819.0,141486,2647220,5399728460.0,3819.0,87,3818.0,354
rb1805,20171221,20171220,210328500,3818.0,141558,2647216,5402478120.0,3819.0,115,3818.0,341
rb1805,20171221,20171220,210329000,3818.0,141598,2647222,5404005420.0,3819.0,218,3818.0,317
rb1805,20171221,20171220,210329500,3819.0,141858,2647344,5413934540.0,3819.0,148,3818.0,326
rb1805,20171221,20171220,210330000,3819.0,141908,2647340,5415843940.0,3819.0,82,3818.0,331
rb1805,20171221,20171220,210330500,3819.0,142174,2647436,5426000400.0,3819.0,125,3818.0,227
rb1805,20171221,20171220,210331000,3818.0,142226,2647470,5427985760.0,3819.0,166,3818.0,210
rb1805,20171221,20171220,210331500,3819.0,142348,2647454,5432643800.0,3819.0,172,3818.0,200
rb1805,20171221,20171220,210332000,3818.0,142626,2647272,5443260080.0,3819.0,59,3818.0,111
rb1805,20171221,20171220,210332500,3818.0,142666,2647304,5444787380.0,3819.0,108,3818.0,100
rb1805,20171221,20171220,210333000,3818.0,142758,2647278,5448300220.0,3819.0,101,3818.0,72
rb1805,20171221,20171220,210333500,3818.0,142878,2647282,5452882880.0,3819.0,85,3818.0,167
rb1805,20171221,20171220,210334000,3818.0,142932,2647248,5454944980.0,3819.0,81,3818.0,194
rb1805,20171221,20171220,210334500,3819.0,143088,2647248,5460901980.0,3819.0,37,3818.0,168
rb1805,20171221,20171220,210335000,3818.0,143212,2647306,5465636400.0,3819.0,86,3818.0,126
rb1805,20171221,20171220,210335500,3818.0,143302,2647314,5469072780.0,3819.0,82,3818.0,108
rb1805,20171221,20171220,210336000,3818.0,143374,2647312,5471821880.0,3819.0,89,3818.0,130
rb1805,20171221,20171220,210336500,3818.0,143410,2647300,5473196400.0,3819.0,103,3818.0,137
rb1805,20171221,20171220,210337000,3818.0,143458,2647302,5475029160.0,3819.0,151,3818.0,152
rb1805,20171221,20171220,210337500,3819.0,143626,2647342,5481443680.0,3819.0,144,3818.0,94
rb1805,20171221,20171220,210338000,3819.0,143676,2647324,5483352860.0,3819.0,163,3818.0,82
rb1805,20171221,20171220,210338500,3819.0,143790,2647390,5487706180.0,3819.0,129,3818.0,68
rb1805,20171221,20171220,210339000,3818.0,144110,2647482,5499923900.0,3818.0,376,3817.0,424
rb1805,20171221,20171220,210339500,3817.0,144142,2647498,5501145480.0,3818.0,440,3817.0,336
rb1805,20171221,20171220,210340000,3818.0,144158,2647510,5501756300.0,3818.0,526,3817.0,320
rb1805,20171221,20171220,210340500,3817.0,144182,2647500,5502672420.0,3818.0,530,3817.0,312
rb1805,20171221,20171220,210341000,3818.0,144218,2647530,5504046840.0,3818.0,520,3817.0,319
rb1805,20171221,20171220,210341500,3817.0,144238,2647530,5504810260.0,3818.0,510,3817.0,311
rb1805,20171221,20171220,210342000,3817.0,144594,2647866,5518401900.0,3818.0,356,3817.0,290
rb1805,20171221,20171220,210342500,3817.0,144616,2647878,5519241780.0,3818.0,365,3817.0,293
rb1805,20171221,20171220,210343000,3818.0,144836,2647894,5527641140.0,3818.0,292,3817.0,282
rb1805,20171221,20171220,210343500,3817.0,144854,2647896,5528328240.0,3818.0,291,3817.0,284
rb1805,20171221,20171220,210344000,3818.0,144882,2647912,5529397260.0,3818.0,280,3817.0,340
rb1805,20171221,20171220,210344500,3817.0,144952,2647950,5532069280.0,3818.0,271,3817.0,361
rb1805,20171221,20171220,210345000,3817.0,144964,2647960,5532527380.0,3818.0,269,3817.0,361
rb1805,20171221,20171220,210345500,3818.0,145262,2648074,5543904840.0,3818.0,185,3817.0,390
rb1805,20171221,20171220,210346000,3818.0,145700,2648264,5560627680.0,3819.0,188,3818.0,722
rb1805,20171221,20171220,210346500,3819.0,146182,2648304,5579035240.0,3820.0,728,3819.0,131
rb1805,20171221,20171220,210347000,3819.0,146306,2648316,5583771320.0,3820.0,686,3819.0,254
rb1805,20171221,20171220,210347500,3819.0,146554,2648446,5593244700.0,3820.0,577,3819.0,312
rb1805,20171221,20171220,210348000,3819.0,147506,2648868,5629610680.0,3820.0,122,3819.0,341
rb1805,20171221,20171220,210348500,3820.0,147798,2649010,5640765060.0,3821.0,372,3820.0,71
rb1805,20171221,20171220,210349000,3820.0,147820,2649020,5641605580.0,3821.0,345,3820.0,101
rb1805,20171221,20171220,210349500,3820.0,147884,2649042,5644050380.0,3821.0,295,3820.0,87
rb1805,20171221,20171220,210350000,3820.0,147976,2649010,5647565640.0,3821.0,252,3820.0,83
rb1805,20171221,20171220,210350500,3820.0,148014,2649042,5649017420.0,3821.0,243,3820.0,80
rb1805,20171221,20171220,210351000,3820.0,148038,2649060,5649934240.0,3821.0,244,3820.0,95
rb1805,20171221,20171220,210351500,3821.0,148286,2649090,5659409840.0,3821.0,136,3820.0,127
rb1805,20171221,20171220,210352000,3820.0,148414,2649122,5664299560.0,3821.0,130,3820.0,70
rb1805,20171221,20171220,210352500,3820.0,148474,2649116,5666591840.0,3821.0,168,3820.0,78
rb1805,20171221,20171220,210353000,3821.0,148592,2649132,5671099940.0,3821.0,168,3820.0,142
rb1805,20171221,20171220,210353500,3820.0,148628,2649140,5672475280.0,3821.0,173,3820.0,132
rb1805,20171221,20171220,210354000,3820.0,148734,2649170,5676525040.0,3821.0,147,3820.0,132
rb1805,20171221,20171220,210354500,3820.0,149004,2649044,5686841280.0,3821.0,15,3820.0,126
rb1805,20171221,20171220,210355000,3820.0,149114,2649118,5691043580.0,3821.0,4,3820.0,93
rb1805,20171221,20171220,210355500,3820.0,149256,2649196,5696468380.0,3821.0,125,3820.0,57
rb1805,20171221,20171220,210356000,3820.0,149426,2649294,5702962840.0,3820.0,16,3819.0,245
rb1805,20171221,20171220,210356500,3821.0,149480,2649320,5705025820.0,3821.0,251,3820.0,35
rb1805,20171221,20171220,210357000,3820.0,149526,2649332,5706783120.0,3821.0,269,3820.0,60
rb1805,20171221,20171220,210357500,3821.0,149750,2649298,5715341800.0,3821.0,181,3820.0,219
rb1805,20171221,20171220,210358000,3820.0,149832,2649308,5718474300.0,3821.0,159,3820.0,193
rb1805,20171221,20171220,210358500,3820.0,149952,2649352,5723058700.0,3821.0,168,3820.0,173
rb1805,20171221,20171220,210359000,3821.0,150028,2649382,5725962040.0,3821.0,193,3820.0,162
rb1805,20171221,20171220,210359500,3820.0,150354,2649338,5738415340.0,3820.0,179,3819.0,176
rb1805,20171221,20171220,210400000,3820.0,150466,2649258,5742693720.0,3820.0,170,3819.0,178
rb1805,20171221,20171220,210400500,3820.0,150958,2649164,5761488100.0,3820.0,207,3819.0,183
rb1805,20171221,20171220,210401000,3820.0,151228,2649352,5771802100.0,3820.0,143,3819.0,204
rb1805,20171221,20171220,210401500,3820.0,151560,2649436,5784484440.0,3820.0,5,3819.0,129
rb1805,20171221,20171220,210402000,3820.0,151674,2649366,5788839240.0,3821.0,302,3820.0,47
rb1805,20171221,20171220,210402500,3820.0,151868,2649270,5796249940.0,3820.0,310,3819.0,141
rb1805,20171221,20171220,210403000,3819.0,151964,2649264,5799916300.0,3820.0,149,3819.0,99
rb1805,20171221,20171220,210403500,3819.0,152358,2649146,5814965680.0,3819.0,229,3818.0,137
rb1805,20171221,20171220,210404000,3819.0,152406,2649144,5816798780.0,3819.0,210,3818.0,151
rb1805,20171221,20171220,210404500,3818.0,152464,2649172,5819013500.0,3819.0,249,3818.0,137
rb1805,20171221,20171220,210405000,3818.0,152544,2649214,5822068140.0,3819.0,293,3818.0,204
rb1805,20171221,20171220,210405500,3819.0,152648,2649160,5826039780.0,3819.0,254,3818.0,200
rb1805,20171221,20171220,210406000,3819.0,152788,2649150,5831385980.0,3819.0,218,3818.0,181
rb1805,20171221,20171220,210406500,3818.0,153008,2649162,5839787720.0,3819.0,124,3818.0,180
rb1805,20171221,20171220,210407000,3819.0,153348,2649258,5852772440.0,3820.0,246,3819.0,402
rb1805,20171221,20171220,210407500,3819.0,153434,2649268,5856057100.0,3820.0,211,3819.0,377
rb1805,20171221,20171220,210408000,3820.0,153890,2649184,5873476200.0,3821.0,463,3820.0,79
rb1805,20171221,20171220,210408500,3820.0,154162,2649072,5883865780.0,3821.0,442,3820.0,87
rb1805,20171221,20171220,210409000,3820.0,154242,2649126,5886921900.0,3821.0,455,3820.0,155
rb1805,20171221,20171220,210409500,3820.0,154296,2649152,5888984740.0,3821.0,484,3820.0,158
rb1805,20171221,20171220,210410000,3821.0,154726,2648984,5905414080.0,3821.0,318,3820.0,143
rb1805,20171221,20171220,210410500,3821.0,155412,2648778,5931625820.0,3822.0,532,3821.0,188
rb1805,20171221,20171220,210411000,3821.0,155484,2648754,5934376980.0,3822.0,510,3821.0,449
rb1805,20171221,20171220,210411500,3821.0,156522,2648868,5974048620.0,3822.0,27,3821.0,574
rb1805,20171221,20171220,210412000,3822.0,156968,2648844,5991094780.0,3823.0,320,3822.0,683
rb1805,20171221,20171220,210412500,3823.0,157568,2649068,6014032460.0,3824.0,420,3823.0,254
rb1805,20171221,20171220,210413000,3824.0,158452,2649186,6047835220.0,3824.0,29,3823.0,195
rb1805,20171221,20171220,210413500,3823.0,159312,2649842,6080719180.0,3825.0,559,3823.0,38
rb1805,20171221,20171220,210414000,3823.0,159500,2649818,6087906260.0,3823.0,73,3822.0,79
rb1805,20171221,20171220,210414500,3823.0,159806,2649824,6099602680.0,3823.0,198,3821.0,132
rb1805,20171221,20171220,210415000,3823.0,159854,2649820,6101437720.0,3823.0,316,3822.0,140
rb1805,20171221,20171220,210415500,3823.0,159986,2649804,6106483520.0,3823.0,300,3822.0,112
rb1805,20171221,20171220,210416000,3823.0,160050,2649784,6108930140.0,3823.0,282,3822.0,140
rb1805,20171221,20171220,210416500,3823.0,160268,2649760,6117264020.0,3823.0,176,3822.0,141
rb1805,20171221,20171220,210417000,3823.0,160548,2649538,6127968260.0,3823.0,49,3822.0,135
rb1805,20171221,20171220,210417500,3823.0,160964,2649586,6143870460.0,3824.0,168,3823.0,102
rb1805,20171221,20171220,210418000,3823.0,161504,2649476,6164515520.0,3823.0,1,3822.0,68
rb1805,20171221,20171220,210418500,3823.0,161614,2649452,6168721140.0,3824.0,595,3823.0,3
rb1805,20171221,20171220,210419000,3824.0,161822,2649386,6176672900.0,3824.0,621,3823.0,27
rb1805,20171221,20171220,210419500,3823.0,162018,2649498,6184165740.0,3823.0,594,3822.0,91
rb1805,20171221,20171220,210420000,3823.0,162322,2649554,6195786560.0,3823.0,551,3822.0,147
rb1805,20171221,20171220,210420500,3823.0,162396,2649590,6198615540.0,3823.0,529,3822.0,128
rb1805,20171221,20171220,210421000,3823.0,162442,2649580,6200374100.0,3823.0,537,3822.0,136
rb1805,20171221,20171220,210421500,3822.0,162546,2649550,6204349740.0,3823.0,513,3822.0,122
rb1805,20171221,20171220,210422000,3823.0,162770,2649458,6212912140.0,3823.0,475,3822.0,67
rb1805,20171221,20171220,210422500,3823.0,163740,2648824,6249995180.0,3824.0,678,3823.0,41
rb1805,20171221,20171220,210423000,3823.0,163874,2648812,6255118120.0,3824.0,799,3823.0,86
rb1805,20171221,20171220,210423500,3823.0,164132,2648654,6264980900.0,3824.0,809,3823.0,2
rb1805,20171221,20171220,210424000,3823.0,164346,2648722,6273161600.0,3823.0,236,3822.0,57
rb1805,20171221,20171220,210424500,3823.0,164708,2648812,6286998420.0,3823.0,276,3822.0,29
rb1805,20171221,20171220,210425000,3823.0,164990,2648682,6297779200.0,3823.0,169,3822.0,71
rb1805,20171221,20171220,210425500,3823.0,165084,2648718,6301372700.0,3823.0,203,3822.0,197
rb1805,20171221,20171220,210426000,3823.0,165230,2648700,6306954100.0,3823.0,192,3822.0,204
rb1805,20171221,20171220,210426500,3823.0,165566,2648672,6319797520.0,3823.0,145,3822.0,113
rb1805,20171221,20171220,210427000,3822.0,165722,2648648,6325761260.0,3823.0,142,3822.0,158
rb1805,20171221,20171220,210427500,3823.0,165772,2648656,6327672680.0,3823.0,119,3822.0,158
rb1805,20171221,20171220,210428000,3822.0,166086,2648744,6339677020.0,3824.0,966,3823.0,4
rb1805,20171221,20171220,210428500,3823.0,166334,2648766,6349160100.0,3824.0,869,3823.0,89
rb1805,20171221,20171220,210429000,3823.0,166662,2648748,6361699760.0,3824.0,858,3823.0,152
rb1805,20171221,20171220,210429500,3824.0,166854,2648732,6369040440.0,3824.0,839,3823.0,93
rb1805,20171221,20171220,210430000,3823.0,167288,2648640,6385634080.0,3823.0,18,3822.0,191
rb1805,20171221,20171220,210430500,3823.0,167400,2648642,6389915880.0,3824.0,744,3823.0,12
rb1805,20171221,20171220,210431000,3823.0,167494,2648622,6393509720.0,3823.0,39,3822.0,195
rb1805,20171221,20171220,210431500,3823.0,167658,2648670,6399779340.0,3823.0,91,3822.0,208
rb1805,20171221,20171220,210432000,3823.0,167696,2648706,6401232020.0,3823.0,107,3822.0,233
rb1805,20171221,20171220,210432500,3823.0,167916,2648858,6409642480.0,3823.0,35,3822.0,227
rb1805,20171221,20171220,210433000,3823.0,168040,2648882,6414382920.0,3824.0,756,3823.0,14
rb1805,20171221,20171220,210433500,3823.0,168202,2648848,6420575960.0,3824.0,750,3823.0,45
rb1805,20171221,20171220,210434000,3823.0,168320,2648810,6425087220.0,3824.0,751,3823.0,197
rb1805,20171221,20171220,210434500,3823.0,168386,2648838,6427610540.0,3824.0,756,3823.0,208
rb1805,20171221,20171220,210435000,3823.0,168504,2648828,6432122220.0,3824.0,730,3823.0,239
rb1805,20171221,20171220,210435500,3824.0,168956,2648808,6449406560.0,3824.0,494,3823.0,237
rb1805,20171221,20171220,210436000,3823.0,169028,2648812,6452159480.0,3824.0,477,3823.0,251
rb1805,20171221,20171220,210436500,3823.0,169258,2648790,6460953760.0,3824.0,420,3823.0,256
rb1805,20171221,20171220,210437000,3824.0,169330,2648814,6463706700.0,3824.0,408,3823.0,240
rb1805,20171221,20171220,210437500,3824.0,169622,2648816,6474872540.0,3824.0,276,3823.0,234
rb1805,20171221,20171220,210438000,3823.0,169704,2648788,6478007920.0,3824.0,256,3823.0,227
rb1805,20171221,20171220,210438500,3824.0,170168,2648598,6495747220.0,3824.0,232,3823.0,33
rb1805,20171221,20171220,210439000,3824.0,170368,2648518,6503393540.0,3824.0,264,3822.0,234
rb1805,20171221,20171220,210439500,3824.0,170478,2648504,6507599320.0,3824.0,238,3822.0,225
rb1805,20171221,20171220,210440000,3823.0,170578,2648486,6511423100.0,3824.0,265,3823.0,1
rb1805,20171221,20171220,210440500,3824.0,170726,2648492,6517080640.0,3823.0,1,3822.0,178
rb1805,20171221,20171220,210441000,3824.0,170844,2648442,6521592440.0,3824.0,281,3823.0,178
rb1805,20171221,20171220,210441500,3823.0,170986,2648336,6527021240.0,3824.0,322,3823.0,131
rb1805,20171221,20171220,210442000,3824.0,171174,2648348,6534209060.0,3824.0,351,3823.0,276
rb1805,20171221,20171220,210442500,3824.0,171282,2648382,6538338640.0,3824.0,338,3823.0,263
rb1805,20171221,20171220,210443000,3824.0,171374,2648382,6541856500.0,3824.0,318,3823.0,266
rb1805,20171221,20171220,210443500,3824.0,171444,2648384,6544533120.0,3824.0,313,3823.0,259
rb1805,20171221,20171220,210444000,3823.0,171610,2648378,6550879520.0,3824.0,339,3823.0,218
rb1805,20171221,20171220,210444500,3824.0,171688,2648386,6553862060.0,3824.0,352,3823.0,373
rb1805,20171221,20171220,210445000,3824.0,171970,2648188,6564643460.0,3824.0,329,3823.0,281
rb1805,20171221,20171220,210445500,3824.0,172714,2647728,6593092660.0,3824.0,64,3823.0,212
rb1805,20171221,20171220,210446000,3824.0,172856,2647760,6598522640.0,3824.0,51,3823.0,278
rb1805,20171221,20171220,210446500,3823.0,173002,2647792,6604105140.0,3824.0,138,3823.0,260
rb1805,20171221,20171220,210447000,3824.0,173068,2647752,6606628640.0,3824.0,205,3823.0,261
rb1805,20171221,20171220,210447500,3824.0,173332,2647734,6616721960.0,3824.0,325,3823.0,147
rb1805,20171221,20171220,210448000,3823.0,174112,2647476,6646547080.0,3824.0,90,3823.0,82
rb1805,20171221,20171220,210448500,3824.0,174202,2647488,6649988000.0,3824.0,439,3823.0,64
rb1805,20171221,20171220,210449000,3823.0,174602,2647522,6665279580.0,3823.0,144,3822.0,249
rb1805,20171221,20171220,210449500,3823.0,175128,2647180,6685388960.0,3824.0,514,3823.0,37
rb1805,20171221,20171220,210450000,3824.0,175378,2646964,6694946960.0,3823.0,12,3822.0,275
rb1805,20171221,20171220,210450500,3823.0,175418,2646976,6696476080.0,3823.0,235,3822.0,269
rb1805,20171221,20171220,210451000,3823.0,175846,2646862,6712836320.0,3823.0,174,3822.0,141
rb1805,20171221,20171220,210451500,3822.0,176484,2646684,6737222000.0,3822.0,78,3821.0,174
rb1805,20171221,20171220,210452000,3822.0,176574,2646640,6740661800.0,3822.0,49,3821.0,210
rb1805,20171221,20171220,210452500,3822.0,176732,2646662,6746700620.0,3823.0,181,3822.0,162
rb1805,20171221,20171220,210453000,3823.0,176964,2646726,6755569840.0,3823.0,75,3822.0,176
rb1805,20171221,20171220,210453500,3823.0,177132,2646838,6761992440.0,3824.0,560,3823.0,7
rb1805,20171221,20171220,210454000,3823.0,177266,2646834,6767115320.0,3824.0,573,3823.0,62
rb1805,20171221,20171220,210454500,3823.0,177304,2646832,6768568060.0,3824.0,586,3823.0,44
rb1805,20171221,20171220,210455000,3823.0,177436,2646784,6773614420.0,3823.0,7,3822.0,276
rb1805,20171221,20171220,210455500,3822.0,177482,2646744,6775373080.0,3824.0,637,3822.0,292
rb1805,20171221,20171220,210456000,3822.0,178286,2645978,6806114020.0,3824.0,355,3822.0,199
rb1805,20171221,20171220,210456500,3822.0,178392,2645992,6810165500.0,3823.0,65,3822.0,173
rb1805,20171221,20171220,210457000,3823.0,178582,2645972,6817429160.0,3823.0,5,3822.0,172
rb1805,20171221,20171220,210457500,3822.0,179098,2645902,6837155940.0,3823.0,8,3822.0,178
rb1805,20171221,20171220,210458000,3823.0,179270,2645950,6843730060.0,3824.0,500,3823.0,207
rb1805,20171221,20171220,210458500,3823.0,179538,2645824,6853976040.0,3824.0,486,3823.0,136
rb1805,20171221,20171220,210459000,3823.0,180226,2645604,6880279520.0,3823.0,61,3822.0,111
rb1805,20171221,20171220,210459500,3823.0,180324,2645570,6884025740.0,3823.0,155,3822.0,158
rb1805,20171221,20171220,210500000,3823.0,180388,2645570,6886472280.0,3823.0,336,3822.0,220
rb1805,20171221,20171220,210500500,3823.0,181214,2645558,6918051280.0,3824.0,413,3823.0,34
rb1805,20171221,20171220,210501000,3823.0,181440,2645560,6926691960.0,3824.0,362,3823.0,135
rb1805,20171221,20171220,210501500,3824.0,181504,2645536,6929139060.0,3824.0,363,3823.0,135
rb1805,20171221,20171220,210502000,3824.0,181810,2645562,6940837640.0,3824.0,360,3823.0,22
rb1805,20171221,20171220,210502500,3823.0,181964,2645546,6946725100.0,3823.0,452,3822.0,233
rb1805,20171221,20171220,210503000,3823.0,182014,2645546,6948636260.0,3823.0,612,3822.0,282
rb1805,20171221,20171220,210503500,3822.0,182346,2645578,6961325620.0,3823.0,611,3822.0,85
rb1805,20171221,20171220,210504000,3822.0,182650,2645584,6972945360.0,3822.0,8,3821.0,127
rb1805,20171221,20171220,210504500,3822.0,182988,2645600,6985862000.0,3822.0,199,3821.0,42
rb1805,20171221,20171220,210505000,3821.0,183342,2645602,6999390700.0,3821.0,19,3820.0,566
rb1805,20171221,20171220,210505500,3822.0,183782,2645344,7016201780.0,3822.0,176,3820.0,498
rb1805,20171221,20171220,210506000,3822.0,184260,2645434,7034468680.0,3822.0,30,3821.0,5
rb1805,20171221,20171220,210506500,3822.0,184338,2645448,7037449680.0,3822.0,62,3821.0,5
rb1805,20171221,20171220,210507000,3822.0,184390,2645442,7039436820.0,3822.0,157,3821.0,109
rb1805,20171221,20171220,210507500,3822.0,184484,2645430,7043029000.0,3822.0,149,3821.0,101
rb1805,20171221,20171220,210508000,3821.0,184892,2645458,7058620320.0,3821.0,116,3820.0,452
rb1805,20171221,20171220,210508500,3821.0,184950,2645514,7060836480.0,3821.0,157,3820.0,489
rb1805,20171221,20171220,210509000,3821.0,185006,2645534,7062975980.0,3821.0,308,3820.0,477
rb1805,20171221,20171220,210509500,3820.0,185166,2645668,7069088720.0,3821.0,368,3820.0,429
rb1805,20171221,20171220,210510000,3819.0,186084,2645860,7104156460.0,3820.0,203,3819.0,183
rb1805,20171221,20171220,210510500,3820.0,186358,2645840,7114622720.0,3820.0,241,3819.0,167
rb1805,20171221,20171220,210511000,3820.0,186608,2645848,7124172520.0,3820.0,173,3819.0,161
rb1805,20171221,20171220,210511500,3819.0,186738,2645838,7129137300.0,3820.0,152,3819.0,634
rb1805,20171221,20171220,210512000,3819.0,186934,2645808,7136624380.0,3820.0,80,3819.0,631
rb1805,20171221,20171220,210512500,3819.0,187026,2645806,7140138360.0,3820.0,77,3819.0,628
rb1805,20171221,20171220,210513000,3820.0,187232,2645796,7148007800.0,3821.0,186,3820.0,83
rb1805,20171221,20171220,210513500,3820.0,187346,2645874,7152362640.0,3821.0,150,3820.0,50
rb1805,20171221,20171220,210514000,3821.0,187460,2645924,7156717520.0,3821.0,154,3820.0,36
rb1805,20171221,20171220,210514500,3820.0,187500,2645924,7158245540.0,3821.0,153,3820.0,19
rb1805,20171221,20171220,210515000,3820.0,187830,2646086,7170853680.0,3821.0,44,3820.0,94
rb1805,20171221,20171220,210515500,3820.0,188200,2645808,7184987680.0,3820.0,124,3819.0,286
rb1805,20171221,20171220,210516000,3820.0,188320,2645890,7189570740.0,3820.0,180,3819.0,233
rb1805,20171221,20171220,210516500,3820.0,188446,2645780,7194383900.0,3820.0,205,3819.0,226
rb1805,20171221,20171220,210517000,3820.0,188486,2645754,7195911840.0,3820.0,195,3819.0,303
rb1805,20171221,20171220,210517500,3820.0,188524,2645740,7197363340.0,3820.0,185,3819.0,321
rb1805,20171221,20171220,210518000,3820.0,188558,2645720,7198662040.0,3820.0,199,3819.0,318
rb1805,20171221,20171220,210518500,3820.0,188840,2645562,7209434280.0,3820.0,73,3819.0,356
rb1805,20171221,20171220,210519000,3820.0,189080,2645450,7218602280.0,3821.0,97,3820.0,51
rb1805,20171221,20171220,210519500,3821.0,189242,2645476,7224790860.0,3821.0,90,3820.0,24
rb1805,20171221,20171220,210520000,3820.0,189374,2645426,7229832960.0,3820.0,73,3819.0,354
rb1805,20171221,20171220,210520500,3820.0,189700,2645336,7242283680.0,3820.0,54,3819.0,224
rb1805,20171221,20171220,210521000,3820.0,189868,2645266,7248701280.0,3821.0,184,3820.0,39
rb1805,20171221,20171220,210521500,3819.0,189998,2645310,7253667200.0,3820.0,77,3819.0,228
rb1805,20171221,20171220,210522000,3819.0,190122,2645298,7258403020.0,3820.0,70,3819.0,186
rb1805,20171221,20171220,210522500,3820.0,190158,2645320,7259778160.0,3820.0,116,3819.0,168
rb1805,20171221,20171220,210523000,3819.0,190192,2645314,7261076740.0,3820.0,128,3819.0,166
rb1805,20171221,20171220,210523500,3820.0,190318,2645284,7265889160.0,3820.0,134,3819.0,129
rb1805,20171221,20171220,210524000,3820.0,190400,2645226,7269021380.0,3820.0,109,3819.0,132
rb1805,20171221,20171220,210524500,3820.0,190474,2645248,7271847540.0,3820.0,119,3819.0,137
rb1805,20171221,20171220,210525000,3819.0,190594,2645192,7276431040.0,3820.0,101,3819.0,137
rb1805,20171221,20171220,210525500,3820.0,190740,2645158,7282006920.0,3820.0,195,3819.0,97
rb1805,20171221,20171220,210526000,3819.0,190844,2645098,7285978980.0,3820.0,185,3819.0,38
rb1805,20171221,20171220,210526500,3819.0,190904,2645090,7288270740.0,3820.0,171,3819.0,99
rb1805,20171221,20171220,210527000,3820.0,190934,2645102,7289416580.0,3820.0,175,3819.0,144
rb1805,20171221,20171220,210527500,3820.0,190960,2645102,7290409600.0,3820.0,175,3819.0,173
rb1805,20171221,20171220,210528000,3819.0,191088,2645202,7295297940.0,3820.0,179,3819.0,130
rb1805,20171221,20171220,210528500,3819.0,191116,2645202,7296367300.0,3820.0,178,3819.0,124
rb1805,20171221,20171220,210529000,3820.0,191254,2645244,7301638460.0,3820.0,134,3819.0,116
rb1805,20171221,20171220,210529500,3820.0,191280,2645260,7302631560.0,3820.0,130,3819.0,153
rb1805,20171221,20171220,210530000,3819.0,191312,2645280,7303853720.0,3820.0,128,3819.0,258
rb1805,20171221,20171220,210530500,3820.0,191352,2645300,7305381520.0,3820.0,125,3819.0,258
rb1805,20171221,20171220,210531000,3820.0,191680,2645248,7317910960.0,3821.0,252,3820.0,358
rb1805,20171221,20171220,210531500,3820.0,191808,2645230,7322801260.0,3821.0,196,3820.0,355
rb1805,20171221,20171220,210532000,3820.0,191822,2645228,7323336080.0,3821.0,195,3820.0,355
rb1805,20171221,20171220,210532500,3821.0,191864,2645198,7324940520.0,3821.0,193,3820.0,383
rb1805,20171221,20171220,210533000,3821.0,192322,2645492,7342440700.0,3822.0,230,3821.0,78
rb1805,20171221,20171220,210533500,3821.0,192370,2645504,7344274780.0,3822.0,221,3821.0,78
rb1805,20171221,20171220,210534000,3821.0,192396,2645520,7345268240.0,3822.0,221,3821.0,100
rb1805,20171221,20171220,210534500,3821.0,192460,2645526,7347713780.0,3822.0,221,3821.0,94
rb1805,20171221,20171220,210535000,3821.0,193088,2645110,7371706120.0,3822.0,220,3821.0,59
rb1805,20171221,20171220,210535500,3821.0,193182,2645156,7375298500.0,3822.0,219,3821.0,94
rb1805,20171221,20171220,210536000,3822.0,193290,2645208,7379425680.0,3822.0,262,3821.0,71
rb1805,20171221,20171220,210536500,3821.0,193364,2645218,7382253300.0,3822.0,267,3821.0,46
rb1805,20171221,20171220,210537000,3822.0,193402,2645238,7383705480.0,3822.0,258,3821.0,38
rb1805,20171221,20171220,210537500,3821.0,193648,2645184,7393107380.0,3822.0,148,3821.0,38
rb1805,20171221,20171220,210538000,3821.0,193706,2645210,7395323780.0,3822.0,139,3821.0,89
rb1805,20171221,20171220,210538500,3821.0,193858,2645292,7401133120.0,3822.0,50,3821.0,116
rb1805,20171221,20171220,210539000,3821.0,193906,2645288,7402967300.0,3822.0,87,3821.0,101
rb1805,20171221,20171220,210539500,3821.0,193982,2645312,7405871700.0,3822.0,67,3821.0,87
rb1805,20171221,20171220,210540000,3822.0,194106,2645338,7410610840.0,3822.0,34,3821.0,58
rb1805,20171221,20171220,210540500,3821.0,194240,2645330,7415731080.0,3821.0,37,3820.0,270
rb1805,20171221,20171220,210541000,3821.0,194444,2645198,7423526760.0,3822.0,51,3821.0,13
rb1805,20171221,20171220,210541500,3821.0,194454,2645192,7423908900.0,3822.0,111,3821.0,11
rb1805,20171221,20171220,210542000,3822.0,194634,2645156,7430787220.0,3822.0,80,3821.0,1
rb1805,20171221,20171220,210542500,3821.0,194674,2645164,7432315600.0,3821.0,9,3820.0,264
rb1805,20171221,20171220,210543000,3821.0,194710,2645150,7433690960.0,3821.0,19,3820.0,268
rb1805,20171221,20171220,210543500,3821.0,194802,2645202,7437206240.0,3822.0,108,3821.0,44
rb1805,20171221,20171220,210544000,3822.0,194890,2645248,7440568760.0,3822.0,224,3821.0,211
rb1805,20171221,20171220,210544500,3821.0,195150,2645070,7450503940.0,3822.0,208,3821.0,110
rb1805,20171221,20171220,210545000,3821.0,195178,2645048,7451573820.0,3822.0,137,3821.0,119
rb1805,20171221,20171220,210545500,3821.0,195458,2645108,7462274820.0,3822.0,59,3821.0,188
rb1805,20171221,20171220,210546000,3822.0,195570,2645074,7466554640.0,3822.0,56,3821.0,160
rb1805,20171221,20171220,210546500,3821.0,195600,2645052,7467701120.0,3822.0,52,3821.0,174
rb1805,20171221,20171220,210547000,3822.0,195740,2645080,7473050660.0,3822.0,69,3821.0,119
rb1805,20171221,20171220,210547500,3821.0,195780,2645076,7474579120.0,3822.0,123,3821.0,124
rb1805,20171221,20171220,210548000,3821.0,195794,2645076,7475114180.0,3822.0,125,3821.0,136
rb1805,20171221,20171220,210548500,3821.0,195806,2645070,7475572780.0,3822.0,186,3821.0,153
rb1805,20171221,20171220,210549000,3822.0,195946,2645020,7480923560.0,3822.0,129,3821.0,173
rb1805,20171221,20171220,210549500,3822.0,196086,2644956,7486274220.0,3822.0,89,3821.0,188
rb1805,20171221,20171220,210550000,3821.0,196204,2645002,7490783080.0,3822.0,82,3821.0,179
rb1805,20171221,20171220,210550500,3822.0,196272,2645028,7493381600.0,3822.0,74,3821.0,160
rb1805,20171221,20171220,210551000,3822.0,196388,2645038,7497814100.0,3822.0,100,3821.0,98
rb1805,20171221,20171220,210551500,3822.0,196414,2645038,7498807820.0,3822.0,93,3821.0,105
rb1805,20171221,20171220,210552000,3822.0,196462,2645072,7500642320.0,3822.0,112,3821.0,103
rb1805,20171221,20171220,210552500,3821.0,196498,2645084,7502017880.0,3822.0,130,3821.0,89
rb1805,20171221,20171220,210553000,3821.0,196552,2645066,7504081240.0,3822.0,144,3821.0,64
rb1805,20171221,20171220,210553500,3821.0,196596,2645098,7505762580.0,3822.0,193,3821.0,50
rb1805,20171221,20171220,210554000,3822.0,196804,2645096,7513711560.0,3822.0,148,3821.0,32
rb1805,20171221,20171220,210554500,3821.0,196948,2645098,7519214860.0,3821.0,212,3820.0,331
rb1805,20171221,20171220,210555000,3821.0,197034,2645068,7522500860.0,3821.0,187,3820.0,328
rb1805,20171221,20171220,210555500,3820.0,197056,2645064,7523341380.0,3821.0,188,3820.0,331
rb1805,20171221,20171220,210556000,3821.0,197082,2645064,7524334820.0,3821.0,179,3820.0,311
rb1805,20171221,20171220,210556500,3821.0,197100,2645058,7525022600.0,3821.0,191,3820.0,317
rb1805,20171221,20171220,210557000,3821.0,197356,2644834,7534802260.0,3821.0,169,3820.0,220
rb1805,20171221,20171220,210557500,3821.0,197416,2644794,7537094720.0,3821.0,153,3820.0,240
rb1805,20171221,20171220,210558000,3820.0,197456,2644774,7538622880.0,3821.0,146,3820.0,230
rb1805,20171221,20171220,210558500,3820.0,197494,2644760,7540074740.0,3821.0,138,3820.0,231
rb1805,20171221,20171220,210559000,3820.0,197524,2644758,7541220920.0,3821.0,134,3820.0,246
rb1805,20171221,20171220,210559500,3821.0,197544,2644752,7541985040.0,3821.0,134,3820.0,245
rb1805,20171221,20171220,210600000,3820.0,197584,2644728,7543513200.0,3821.0,133,3820.0,227
rb1805,20171221,20171220,210600500,3821.0,197606,2644714,7544353740.0,3821.0,138,3820.0,229
rb1805,20171221,20171220,210601000,3820.0,197692,2644712,7547639200.0,3821.0,134,3820.0,205
rb1805,20171221,20171220,210601500,3820.0,197758,2644694,7550160520.0,3821.0,129,3820.0,174
rb1805,20171221,20171220,210602000,3821.0,198048,2644722,7561241260.0,3822.0,522,3821.0,33
rb1805,20171221,20171220,210602500,3821.0,198122,2644734,7564068800.0,3822.0,525,3821.0,35
rb1805,20171221,20171220,210603000,3821.0,198218,2644648,7567736980.0,3822.0,518,3821.0,11
rb1805,20171221,20171220,210603500,3821.0,198230,2644644,7568195500.0,3822.0,516,3821.0,24
rb1805,20171221,20171220,210604000,3821.0,198302,2644598,7570946500.0,3821.0,30,3820.0,187
rb1805,20171221,20171220,210604500,3821.0,198318,2644596,7571557820.0,3821.0,38,3820.0,214
rb1805,20171221,20171220,210605000,3821.0,198330,2644598,7572016240.0,3821.0,69,3820.0,212
rb1805,20171221,20171220,210605500,3821.0,198422,2644598,7575531500.0,3821.0,123,3820.0,189
rb1805,20171221,20171220,210606000,3820.0,198444,2644618,7576371920.0,3821.0,215,3820.0,180
rb1805,20171221,20171220,210606500,3821.0,198498,2644624,7578434900.0,3821.0,213,3820.0,173
rb1805,20171221,20171220,210607000,3821.0,198904,2644364,7593946100.0,3821.0,120,3820.0,73
rb1805,20171221,20171220,210607500,3821.0,198936,2644356,7595168580.0,3821.0,119,3820.0,66
rb1805,20171221,20171220,210608000,3821.0,198958,2644350,7596009120.0,3821.0,128,3820.0,68
rb1805,20171221,20171220,210608500,3821.0,199272,2644136,7608007040.0,3822.0,559,3821.0,158
rb1805,20171221,20171220,210609000,3821.0,199324,2644100,7609993960.0,3822.0,561,3821.0,133
rb1805,20171221,20171220,210609500,3821.0,199570,2644036,7619393620.0,3822.0,562,3821.0,19
rb1805,20171221,20171220,210610000,3821.0,199614,2644010,7621074820.0,3821.0,55,3820.0,169
rb1805,20171221,20171220,210610500,3820.0,199824,2643926,7629096880.0,3821.0,94,3820.0,274
rb1805,20171221,20171220,210611000,3820.0,199874,2643884,7631006920.0,3821.0,102,3820.0,291
rb1805,20171221,20171220,210611500,3820.0,199882,2643880,7631312540.0,3821.0,108,3820.0,303
rb1805,20171221,20171220,210612000,3821.0,199960,2643884,7634292820.0,3821.0,81,3820.0,311
rb1805,20171221,20171220,210612500,3821.0,200030,2643886,7636967080.0,3821.0,80,3820.0,289
rb1805,20171221,20171220,210613000,3820.0,200096,2643900,7639488640.0,3821.0,87,3820.0,290
rb1805,20171221,20171220,210613500,3820.0,200116,2643904,7640252660.0,3821.0,90,3820.0,288
rb1805,20171221,20171220,210614000,3820.0,200128,2643896,7640711160.0,3821.0,156,3820.0,280
rb1805,20171221,20171220,210614500,3821.0,200420,2643998,7651868360.0,3821.0,26,3820.0,288
rb1805,20171221,20171220,210615000,3820.0,200468,2644000,7653702140.0,3821.0,22,3820.0,299
rb1805,20171221,20171220,210615500,3821.0,200492,2644006,7654619020.0,3821.0,46,3820.0,386
rb1805,20171221,20171220,210616000,3820.0,200502,2644014,7655001020.0,3821.0,54,3820.0,382
rb1805,20171221,20171220,210616500,3820.0,200616,2643980,7659356860.0,3821.0,11,3820.0,377
rb1805,20171221,20171220,210617000,3821.0,200648,2643984,7660579540.0,3822.0,651,3821.0,6
rb1805,20171221,20171220,210617500,3820.0,200718,2643978,7663254040.0,3821.0,15,3820.0,356
rb1805,20171221,20171220,210618000,3821.0,200792,2643986,7666081020.0,3821.0,20,3820.0,332
rb1805,20171221,20171220,210618500,3820.0,200856,2643972,7668526280.0,3821.0,155,3820.0,336
rb1805,20171221,20171220,210619000,3821.0,200876,2643990,7669290460.0,3821.0,210,3820.0,318
rb1805,20171221,20171220,210619500,3821.0,200944,2644012,7671888560.0,3821.0,338,3820.0,312
rb1805,20171221,20171220,210620000,3821.0,201120,2644076,7678612040.0,3821.0,329,3820.0,250
rb1805,20171221,20171220,210620500,3820.0,201622,2643874,7697788460.0,3820.0,26,3819.0,370
rb1805,20171221,20171220,210621000,3820.0,201672,2643870,7699698460.0,3820.0,113,3819.0,360
rb1805,20171221,20171220,210621500,3820.0,201802,2643834,7704664400.0,3820.0,120,3819.0,357
rb1805,20171221,20171220,210622000,3820.0,202072,2643874,7714978040.0,3820.0,96,3819.0,340
rb1805,20171221,20171220,210622500,3819.0,202090,2643874,7715665460.0,3820.0,103,3819.0,376
rb1805,20171221,20171220,210623000,3819.0,202186,2643878,7719332320.0,3820.0,74,3819.0,396
rb1805,20171221,20171220,210623500,3819.0,202240,2643900,7721394820.0,3820.0,104,3819.0,396
rb1805,20171221,20171220,210624000,3820.0,202260,2643910,7722158780.0,3820.0,129,3819.0,394
rb1805,20171221,20171220,210624500,3819.0,202404,2644002,7727658760.0,3820.0,105,3819.0,378
rb1805,20171221,20171220,210625000,3820.0,202650,2644010,7737055700.0,3821.0,236,3820.0,4
rb1805,20171221,20171220,210625500,3819.0,202778,2643940,7741945200.0,3820.0,106,3819.0,354
rb1805,20171221,20171220,210626000,3820.0,202834,2643944,7744084340.0,3820.0,97,3819.0,335
rb1805,20171221,20171220,210626500,3820.0,203194,2643978,7757836180.0,3821.0,190,3820.0,206
rb1805,20171221,20171220,210627000,3820.0,203266,2644038,7760586580.0,3821.0,202,3820.0,171
rb1805,20171221,20171220,210627500,3820.0,203742,2643896,7778769720.0,3820.0,61,3819.0,288
rb1805,20171221,20171220,210628000,3820.0,203814,2643830,7781520120.0,3820.0,99,3819.0,294
rb1805,20171221,20171220,210628500,3820.0,203836,2643822,7782360460.0,3820.0,92,3819.0,302
rb1805,20171221,20171220,210629000,3820.0,203880,2643800,7784041140.0,3820.0,88,3819.0,307
rb1805,20171221,20171220,210629500,3820.0,203922,2643816,7785645420.0,3820.0,97,3819.0,303
rb1805,20171221,20171220,210630000,3820.0,204216,2644054,7796875500.0,3821.0,231,3820.0,51
rb1805,20171221,20171220,210630500,3820.0,204288,2644096,7799625920.0,3821.0,268,3820.0,23
rb1805,20171221,20171220,210631000,3820.0,204362,2644090,7802453240.0,3821.0,245,3820.0,38
rb1805,20171221,20171220,210631500,3820.0,204400,2644094,7803904840.0,3821.0,262,3820.0,154
rb1805,20171221,20171220,210632000,3820.0,204456,2644112,7806044040.0,3821.0,238,3820.0,133
rb1805,20171221,20171220,210632500,3820.0,204544,2644092,7809405680.0,3821.0,237,3820.0,97
rb1805,20171221,20171220,210633000,3820.0,204602,2644130,7811621300.0,3821.0,240,3820.0,78
rb1805,20171221,20171220,210633500,3821.0,205138,2644282,7832101600.0,3822.0,684,3821.0,35
rb1805,20171221,20171220,210634000,3821.0,205374,2644388,7841120740.0,3822.0,611,3821.0,204
rb1805,20171221,20171220,210634500,3821.0,205488,2644362,7845477240.0,3822.0,596,3821.0,213
rb1805,20171221,20171220,210635000,3821.0,206742,2644528,7893404340.0,3822.0,7,3821.0,206
rb1805,20171221,20171220,210635500,3822.0,206954,2644540,7901507920.0,3823.0,479,3822.0,457
rb1805,20171221,20171220,210636000,3822.0,207014,2644594,7903801120.0,3823.0,477,3822.0,399
rb1805,20171221,20171220,210636500,3822.0,207076,2644624,7906170900.0,3823.0,490,3822.0,307
rb1805,20171221,20171220,210637000,3822.0,207210,2644634,7911292720.0,3823.0,474,3822.0,236
rb1805,20171221,20171220,210637500,3822.0,207428,2644618,7919625720.0,3823.0,428,3822.0,179
rb1805,20171221,20171220,210638000,3822.0,207628,2644594,7927269740.0,3823.0,428,3822.0,80
rb1805,20171221,20171220,210638500,3821.0,207802,2644558,7933919960.0,3822.0,42,3821.0,266
rb1805,20171221,20171220,210639000,3822.0,207818,2644560,7934531400.0,3822.0,28,3821.0,236
rb1805,20171221,20171220,210639500,3822.0,207824,2644562,7934760700.0,3822.0,39,3821.0,243
rb1805,20171221,20171220,210640000,3822.0,207830,2644562,7934990020.0,3822.0,55,3821.0,267
rb1805,20171221,20171220,210640500,3821.0,208592,2644174,7964119660.0,3822.0,38,3821.0,263
rb1805,20171221,20171220,210641000,3821.0,208618,2644170,7965113280.0,3822.0,53,3821.0,258
rb1805,20171221,20171220,210641500,3822.0,208650,2644154,7966336260.0,3822.0,256,3821.0,208
rb1805,20171221,20171220,210642000,3821.0,208686,2644182,7967711860.0,3822.0,258,3821.0,242
rb1805,20171221,20171220,210642500,3822.0,208750,2644184,7970157760.0,3822.0,254,3821.0,439
rb1805,20171221,20171220,210643000,3822.0,209382,2644706,7994312800.0,3823.0,160,3822.0,148
rb1805,20171221,20171220,210643500,3822.0,209518,2644638,7999511720.0,3823.0,86,3822.0,170
rb1805,20171221,20171220,210644000,3822.0,209660,2644684,8004940240.0,3823.0,53,3822.0,277
rb1805,20171221,20171220,210644500,3822.0,209982,2644684,8017250040.0,3823.0,15,3822.0,289
rb1805,20171221,20171220,210645000,3823.0,210058,2644690,8020155520.0,3824.0,631,3823.0,10
rb1805,20171221,20171220,210645500,3823.0,210466,2644634,8035756440.0,3824.0,479,3823.0,12
rb1805,20171221,20171220,210646000,3823.0,210572,2644606,8039809260.0,3824.0,458,3823.0,185
rb1805,20171221,20171220,210646500,3823.0,210808,2644576,8048832600.0,3824.0,393,3823.0,297
rb1805,20171221,20171220,210647000,3824.0,211420,2644612,8072234180.0,3824.0,154,3823.0,233
rb1805,20171221,20171220,210647500,3824.0,211796,2644616,8086611900.0,3825.0,1290,3824.0,340
rb1805,20171221,20171220,210648000,3824.0,212348,2644694,8107721220.0,3825.0,1240,3824.0,182
rb1805,20171221,20171220,210648500,3824.0,212834,2645064,8126306620.0,3825.0,1221,3824.0,131
rb1805,20171221,20171220,210649000,3824.0,212858,2645070,8127224480.0,3825.0,1217,3824.0,131
rb1805,20171221,20171220,210649500,3824.0,212936,2645112,8130207780.0,3825.0,1171,3824.0,214
rb1805,20171221,20171220,210650000,3825.0,214176,2644668,8177637700.0,3825.0,555,3824.0,268
rb1805,20171221,20171220,210650500,3825.0,215612,2645236,8232565840.0,3826.0,1020,3825.0,300
rb1805,20171221,20171220,210651000,3826.0,217034,2645880,8286966440.0,3826.0,569,3825.0,159
rb1805,20171221,20171220,210651500,3826.0,218414,2645794,8339762700.0,3826.0,39,3825.0,83
rb1805,20171221,20171220,210652000,3827.0,218826,2645780,8355527160.0,3827.0,466,3826.0,1
rb1805,20171221,20171220,210652500,3826.0,220280,2645218,8411167100.0,3826.0,32,3825.0,169
rb1805,20171221,20171220,210653000,3826.0,220468,2645168,8418359620.0,3826.0,80,3825.0,155
rb1805,20171221,20171220,210653500,3825.0,220904,2645076,8435037780.0,3825.0,151,3824.0,184
rb1805,20171221,20171220,210654000,3825.0,221632,2644930,8462880100.0,3825.0,69,3824.0,39
rb1805,20171221,20171220,210654500,3824.0,221932,2644906,8474352500.0,3824.0,81,3823.0,285
rb1805,20171221,20171220,210655000,3823.0,222490,2645224,8495686580.0,3824.0,84,3823.0,111
rb1805,20171221,20171220,210655500,3824.0,222582,2645208,8499204560.0,3824.0,131,3823.0,112
rb1805,20171221,20171220,210656000,3824.0,222796,2645126,8507387740.0,3824.0,30,3823.0,135
rb1805,20171221,20171220,210656500,3823.0,222872,2645170,8510293820.0,3824.0,73,3823.0,141
rb1805,20171221,20171220,210657000,3824.0,222926,2645174,8512358480.0,3824.0,108,3823.0,135
rb1805,20171221,20171220,210657500,3823.0,222998,2645138,8515111720.0,3824.0,103,3823.0,136
rb1805,20171221,20171220,210658000,3823.0,223024,2645142,8516105880.0,3824.0,100,3823.0,122
rb1805,20171221,20171220,210658500,3823.0,223320,2645090,8527423980.0,3824.0,6,3823.0,84
rb1805,20171221,20171220,210659000,3823.0,223336,2645088,8528035780.0,3825.0,721,3824.0,22
rb1805,20171221,20171220,210659500,3823.0,223550,2644958,8536218920.0,3824.0,364,3823.0,109
rb1805,20171221,20171220,210700000,3824.0,223714,2645068,8542488720.0,3824.0,374,3823.0,11
rb1805,20171221,20171220,210700500,3824.0,223830,2644998,8546924000.0,3823.0,24,3822.0,301
rb1805,20171221,20171220,210701000,3823.0,224162,2644940,8559616520.0,3823.0,107,3822.0,242
rb1805,20171221,20171220,210701500,3823.0,224256,2644922,8563210120.0,3823.0,327,3822.0,212
rb1805,20171221,20171220,210702000,3822.0,224760,2644864,8582474020.0,3823.0,427,3822.0,26
rb1805,20171221,20171220,210702500,3822.0,225262,2645072,8601656600.0,3822.0,416,3821.0,188
rb1805,20171221,20171220,210703000,3821.0,225760,2645014,8620685680.0,3821.0,195,3820.0,386
rb1805,20171221,20171220,210703500,3821.0,226158,2645002,8635893260.0,3821.0,28,3820.0,411
rb1805,20171221,20171220,210704000,3821.0,226284,2645006,8640707840.0,3822.0,164,3821.0,197
rb1805,20171221,20171220,210704500,3823.0,226694,2644816,8656377200.0,3823.0,503,3822.0,20
rb1805,20171221,20171220,210705000,3821.0,226710,2644808,8656988720.0,3822.0,16,3821.0,165
rb1805,20171221,20171220,210705500,3821.0,226716,2644804,8657218020.0,3822.0,67,3821.0,203
rb1805,20171221,20171220,210706000,3822.0,226962,2644740,8666620160.0,3822.0,13,3821.0,213
rb1805,20171221,20171220,210706500,3821.0,226986,2644742,8667537280.0,3822.0,60,3821.0,231
rb1805,20171221,20171220,210707000,3821.0,227010,2644738,8668454480.0,3822.0,144,3821.0,229
rb1805,20171221,20171220,210707500,3821.0,227052,2644716,8670059660.0,3822.0,139,3821.0,211
rb1805,20171221,20171220,210708000,3821.0,227070,2644710,8670747520.0,3822.0,189,3821.0,210
rb1805,20171221,20171220,210708500,3821.0,227114,2644706,8672429020.0,3822.0,186,3821.0,202
rb1805,20171221,20171220,210709000,3822.0,227178,2644734,8674875080.0,3822.0,197,3821.0,225
rb1805,20171221,20171220,210709500,3821.0,227516,2644702,8687790420.0,3822.0,182,3821.0,80
rb1805,20171221,20171220,210710000,3822.0,227528,2644698,8688249040.0,3822.0,192,3821.0,75
rb1805,20171221,20171220,210710500,3821.0,227542,2644700,8688784040.0,3822.0,199,3821.0,69
rb1805,20171221,20171220,210711000,3821.0,227566,2644704,8689701240.0,3822.0,194,3821.0,81
rb1805,20171221,20171220,210711500,3821.0,227802,2644570,8698720840.0,3822.0,130,3821.0,122
rb1805,20171221,20171220,210712000,3821.0,228098,2644488,8710031500.0,3822.0,107,3821.0,194
rb1805,20171221,20171220,210712500,3822.0,228330,2644626,8718898420.0,3823.0,514,3822.0,30
rb1805,20171221,20171220,210713000,3822.0,228448,2644548,8723409440.0,3823.0,460,3822.0,29
rb1805,20171221,20171220,210713500,3822.0,228566,2644596,8727919420.0,3823.0,302,3822.0,32
rb1805,20171221,20171220,210714000,3822.0,228594,2644582,8728989640.0,3823.0,299,3822.0,106
rb1805,20171221,20171220,210714500,3822.0,228676,2644586,8732124200.0,3823.0,275,3822.0,98
rb1805,20171221,20171220,210715000,3822.0,228698,2644586,8732965080.0,3823.0,274,3822.0,321
rb1805,20171221,20171220,210715500,3822.0,228790,2644570,8736482080.0,3823.0,239,3822.0,395
rb1805,20171221,20171220,210716000,3822.0,229086,2644504,8747797820.0,3823.0,110,3822.0,418
rb1805,20171221,20171220,210716500,3823.0,229594,2644216,8767218660.0,3824.0,193,3823.0,151
rb1805,20171221,20171220,210717000,3823.0,229680,2644142,8770506440.0,3824.0,173,3823.0,120
rb1805,20171221,20171220,210717500,3823.0,229704,2644122,8771423960.0,3824.0,178,3823.0,272
rb1805,20171221,20171220,210718000,3823.0,229744,2644118,8772953460.0,3824.0,195,3823.0,266
rb1805,20171221,20171220,210718500,3824.0,229792,2644088,8774788900.0,3824.0,175,3823.0,265
rb1805,20171221,20171220,210719000,3823.0,229850,2644092,8777006360.0,3824.0,174,3823.0,241
rb1805,20171221,20171220,210719500,3823.0,229984,2644052,8782129660.0,3824.0,171,3823.0,198
rb1805,20171221,20171220,210720000,3823.0,230056,2644070,8784882300.0,3824.0,162,3823.0,168
rb1805,20171221,20171220,210720500,3823.0,230114,2644114,8787099720.0,3824.0,163,3823.0,144
rb1805,20171221,20171220,210721000,3824.0,230446,2643902,8799795280.0,3824.0,12,3823.0,186
rb1805,20171221,20171220,210721500,3824.0,230600,2643924,8805684180.0,3825.0,736,3824.0,91
rb1805,20171221,20171220,210722000,3824.0,230638,2643946,8807137340.0,3825.0,747,3824.0,86
rb1805,20171221,20171220,210722500,3824.0,230868,2643952,8815932860.0,3825.0,732,3824.0,21
rb1805,20171221,20171220,210723000,3823.0,230976,2643962,8820062440.0,3824.0,146,3823.0,172
rb1805,20171221,20171220,210723500,3824.0,230994,2643968,8820750640.0,3824.0,167,3823.0,145
rb1805,20171221,20171220,210724000,3824.0,231376,2644116,8835358320.0,3825.0,732,3824.0,15
rb1805,20171221,20171220,210724500,3824.0,231518,2644088,8840788460.0,3824.0,5,3823.0,136
rb1805,20171221,20171220,210725000,3824.0,231634,2644180,8845224320.0,3825.0,739,3824.0,11
rb1805,20171221,20171220,210725500,3825.0,231640,2644178,8845453780.0,3825.0,744,3824.0,11
rb1805,20171221,20171220,210726000,3824.0,231726,2644148,8848742520.0,3825.0,723,3824.0,83
rb1805,20171221,20171220,210726500,3824.0,232040,2644026,8860750640.0,3825.0,690,3824.0,1
rb1805,20171221,20171220,210727000,3823.0,232088,2644072,8862586100.0,3824.0,109,3823.0,132
rb1805,20171221,20171220,210727500,3824.0,232220,2644200,8867633780.0,3824.0,191,3823.0,361
rb1805,20171221,20171220,210728000,3824.0,232460,2644188,8876811200.0,3824.0,104,3823.0,347
rb1805,20171221,20171220,210728500,3823.0,232486,2644184,8877805400.0,3824.0,115,3823.0,346
rb1805,20171221,20171220,210729000,3824.0,232532,2644164,8879564420.0,3824.0,140,3823.0,335
rb1805,20171221,20171220,210729500,3824.0,232544,2644162,8880023300.0,3824.0,118,3823.0,355
rb1805,20171221,20171220,210730000,3823.0,232822,2644286,8890654000.0,3824.0,85,3823.0,375
rb1805,20171221,20171220,210730500,3824.0,233102,2644440,8901361060.0,3825.0,843,3824.0,4
rb1805,20171221,20171220,210731000,3824.0,233176,2644492,8904190840.0,3825.0,853,3824.0,215
rb1805,20171221,20171220,210731500,3825.0,233212,2644502,8905567640.0,3825.0,833,3824.0,241
rb1805,20171221,20171220,210732000,3824.0,233352,2644448,8910921640.0,3825.0,822,3824.0,300
rb1805,20171221,20171220,210732500,3825.0,233362,2644444,8911304120.0,3825.0,819,3824.0,426
rb1805,20171221,20171220,210733000,3824.0,234848,2644964,8968143220.0,3825.0,102,3824.0,924
rb1805,20171221,20171220,210733500,3825.0,235152,2645042,8979771220.0,3826.0,411,3825.0,644
rb1805,20171221,20171220,210734000,3825.0,235268,2645010,8984209060.0,3826.0,361,3825.0,644
rb1805,20171221,20171220,210734500,3825.0,235376,2645026,8988340700.0,3826.0,334,3825.0,645
rb1805,20171221,20171220,210735000,3825.0,235492,2645098,8992778160.0,3826.0,311,3825.0,548
rb1805,20171221,20171220,210735500,3826.0,235952,2644988,9010377520.0,3826.0,128,3825.0,630
rb1805,20171221,20171220,210736000,3825.0,236212,2645022,9020322940.0,3826.0,134,3825.0,441
rb1805,20171221,20171220,210736500,3826.0,236386,2644986,9026979660.0,3826.0,301,3825.0,465
rb1805,20171221,20171220,210737000,3825.0,236524,2645010,9032259080.0,3826.0,313,3825.0,435
rb1805,20171221,20171220,210737500,3825.0,236586,2645024,9034631040.0,3826.0,498,3825.0,401
rb1805,20171221,20171220,210738000,3826.0,236640,2645010,9036696680.0,3826.0,537,3825.0,381
rb1805,20171221,20171220,210738500,3826.0,236746,2644978,9040751900.0,3826.0,509,3825.0,363
rb1805,20171221,20171220,210739000,3826.0,236984,2644918,9049855660.0,3826.0,498,3825.0,273
rb1805,20171221,20171220,210739500,3826.0,237064,2644920,9052916020.0,3826.0,504,3825.0,240
rb1805,20171221,20171220,210740000,3825.0,237134,2644926,9055593720.0,3826.0,327,3825.0,219
rb1805,20171221,20171220,210740500,3826.0,237178,2644932,9057276900.0,3826.0,324,3825.0,252
rb1805,20171221,20171220,210741000,3826.0,237312,2644922,9062402660.0,3826.0,329,3825.0,224
rb1805,20171221,20171220,210741500,3826.0,237392,2644858,9065463200.0,3826.0,331,3825.0,218
rb1805,20171221,20171220,210742000,3825.0,237458,2644834,9067988020.0,3826.0,530,3825.0,224
rb1805,20171221,20171220,210742500,3826.0,237588,2644848,9072961720.0,3826.0,483,3825.0,203
rb1805,20171221,20171220,210743000,3826.0,237646,2644842,9075180540.0,3826.0,550,3825.0,225
rb1805,20171221,20171220,210743500,3825.0,237728,2644842,9078317400.0,3826.0,575,3825.0,202
rb1805,20171221,20171220,210744000,3826.0,237848,2644760,9082908480.0,3826.0,532,3825.0,200
rb1805,20171221,20171220,210744500,3825.0,237902,2644788,9084974280.0,3826.0,529,3825.0,199
rb1805,20171221,20171220,210745000,3825.0,238132,2644672,9093773900.0,3826.0,424,3825.0,238
rb1805,20171221,20171220,210745500,3826.0,238314,2644776,9100736080.0,3826.0,418,3825.0,182
rb1805,20171221,20171220,210746000,3825.0,238506,2644772,9108081720.0,3826.0,324,3825.0,182
rb1805,20171221,20171220,210746500,3825.0,238682,2644734,9114814760.0,3826.0,303,3825.0,149
rb1805,20171221,20171220,210747000,3826.0,239114,2644752,9131341360.0,3826.0,176,3825.0,40
rb1805,20171221,20171220,210747500,3825.0,239194,2644762,9134401480.0,3826.0,199,3825.0,21
rb1805,20171221,20171220,210748000,3825.0,239330,2644810,9139604300.0,3826.0,205,3825.0,10
rb1805,20171221,20171220,210748500,3825.0,239402,2644782,9142358480.0,3825.0,186,3824.0,757
rb1805,20171221,20171220,210749000,3825.0,239428,2644774,9143352980.0,3825.0,249,3824.0,759
rb1805,20171221,20171220,210749500,3825.0,239642,2644738,9151538300.0,3825.0,180,3824.0,748
rb1805,20171221,20171220,210750000,3825.0,239668,2644732,9152532800.0,3825.0,136,3824.0,711
rb1805,20171221,20171220,210750500,3825.0,239752,2644718,9155745760.0,3825.0,102,3824.0,691
rb1805,20171221,20171220,210751000,3825.0,240014,2644626,9165767440.0,3825.0,1,3824.0,687
rb1805,20171221,20171220,210751500,3826.0,240114,2644672,9169592620.0,3826.0,219,3825.0,35
rb1805,20171221,20171220,210752000,3825.0,240184,2644670,9172270420.0,3826.0,213,3825.0,58
rb1805,20171221,20171220,210752500,3825.0,240412,2644578,9180993220.0,3826.0,129,3825.0,139
rb1805,20171221,20171220,210753000,3825.0,240598,2644632,9188108020.0,3826.0,118,3825.0,115
rb1805,20171221,20171220,210753500,3826.0,240654,2644632,9190250300.0,3826.0,112,3825.0,111
rb1805,20171221,20171220,210754000,3825.0,241066,2644790,9206010200.0,3826.0,94,3825.0,16
rb1805,20171221,20171220,210754500,3826.0,241144,2644832,9208993720.0,3826.0,97,3825.0,43
rb1805,20171221,20171220,210755000,3825.0,241188,2644826,9210676960.0,3826.0,133,3825.0,44
rb1805,20171221,20171220,210755500,3825.0,241332,2644762,9216185440.0,3826.0,130,3825.0,16
rb1805,20171221,20171220,210756000,3825.0,241382,2644734,9218098100.0,3826.0,128,3825.0,11
rb1805,20171221,20171220,210756500,3825.0,241448,2644760,9220623040.0,3826.0,149,3825.0,17
rb1805,20171221,20171220,210757000,3825.0,241530,2644760,9223759580.0,3826.0,172,3825.0,118
rb1805,20171221,20171220,210757500,3825.0,241546,2644768,9224371620.0,3826.0,167,3825.0,163
rb1805,20171221,20171220,210758000,3826.0,241562,2644776,9224983680.0,3826.0,157,3825.0,137
rb1805,20171221,20171220,210758500,3826.0,241610,2644798,9226819880.0,3826.0,151,3825.0,918
rb1805,20171221,20171220,210759000,3825.0,241680,2644784,9229497880.0,3826.0,138,3825.0,921
rb1805,20171221,20171220,210759500,3825.0,241854,2644804,9236154740.0,3826.0,76,3825.0,912
rb1805,20171221,20171220,210800000,3826.0,242082,2644938,9244878020.0,3827.0,413,3826.0,234
rb1805,20171221,20171220,210800500,3827.0,242736,2644932,9269903320.0,3827.0,290,3826.0,109
rb1805,20171221,20171220,210801000,3826.0,242800,2644954,9272352400.0,3827.0,300,3826.0,275
rb1805,20171221,20171220,210801500,3826.0,242844,2644942,9274036060.0,3827.0,269,3826.0,280
rb1805,20171221,20171220,210802000,3826.0,242946,2644994,9277939020.0,3827.0,248,3826.0,285
rb1805,20171221,20171220,210802500,3827.0,243586,2644898,9302425700.0,3827.0,325,3826.0,12
rb1805,20171221,20171220,210803000,3826.0,243684,2644864,9306174980.0,3826.0,83,3825.0,1192
rb1805,20171221,20171220,210803500,3826.0,243990,2644980,9317882460.0,3826.0,262,3825.0,1188
rb1805,20171221,20171220,210804000,3826.0,244126,2644880,9323085760.0,3826.0,279,3825.0,1144
rb1805,20171221,20171220,210804500,3826.0,244232,2644790,9327141300.0,3826.0,356,3825.0,1148
rb1805,20171221,20171220,210805000,3826.0,244306,2644766,9329972340.0,3826.0,360,3825.0,1139
rb1805,20171221,20171220,210805500,3825.0,244846,2644824,9350632300.0,3826.0,139,3825.0,1139
rb1805,20171221,20171220,210806000,3826.0,245098,2644940,9360273700.0,3826.0,59,3825.0,1131
rb1805,20171221,20171220,210806500,3825.0,245294,2645028,9367772420.0,3827.0,458,3825.0,1116
rb1805,20171221,20171220,210807000,3826.0,245394,2645070,9371598560.0,3827.0,354,3826.0,54
rb1805,20171221,20171220,210807500,3827.0,245836,2645242,9388509500.0,3827.0,357,3826.0,25
rb1805,20171221,20171220,210808000,3826.0,245912,2645238,9391417360.0,3827.0,375,3826.0,145
rb1805,20171221,20171220,210808500,3826.0,245942,2645250,9392565340.0,3827.0,401,3826.0,158
rb1805,20171221,20171220,210809000,3827.0,246010,2645292,9395167120.0,3827.0,440,3826.0,195
rb1805,20171221,20171220,210809500,3826.0,246182,2645302,9401747880.0,3827.0,442,3826.0,116
rb1805,20171221,20171220,210810000,3826.0,246268,2645344,9405038540.0,3827.0,428,3826.0,91
rb1805,20171221,20171220,210810500,3826.0,246386,2645324,9409553400.0,3826.0,37,3825.0,1170
rb1805,20171221,20171220,210811000,3826.0,246580,2645194,9416975860.0,3827.0,429,3825.0,1170
rb1805,20171221,20171220,210811500,3827.0,246662,2645178,9420113040.0,3827.0,454,3826.0,25
rb1805,20171221,20171220,210812000,3826.0,246750,2645128,9423480000.0,3827.0,564,3826.0,51
rb1805,20171221,20171220,210812500,3826.0,246796,2645142,9425240180.0,3827.0,562,3826.0,253
rb1805,20171221,20171220,210813000,3826.0,246922,2645190,9430061580.0,3827.0,537,3826.0,241
rb1805,20171221,20171220,210813500,3826.0,247122,2645196,9437713760.0,3827.0,529,3826.0,196
rb1805,20171221,20171220,210814000,3827.0,247262,2645140,9443071300.0,3827.0,474,3826.0,188
rb1805,20171221,20171220,210814500,3826.0,248974,2645528,9508596240.0,3827.0,50,3826.0,189
rb1805,20171221,20171220,210815000,3827.0,249376,2645444,9523983140.0,3828.0,2365,3827.0,93
rb1805,20171221,20171220,210815500,3827.0,249746,2645336,9538144140.0,3828.0,2290,3827.0,165
rb1805,20171221,20171220,210816000,3827.0,250090,2645126,9551310560.0,3828.0,2234,3827.0,87
rb1805,20171221,20171220,210816500,3827.0,250136,2645114,9553071200.0,3828.0,2230,3827.0,142
rb1805,20171221,20171220,210817000,3827.0,250300,2645184,9559347580.0,3828.0,2206,3827.0,170
rb1805,20171221,20171220,210817500,3827.0,252762,2644208,9653557360.0,3827.0,4,3826.0,7
rb1805,20171221,20171220,210818000,3826.0,252856,2644238,9657154360.0,3827.0,276,3826.0,36
rb1805,20171221,20171220,210818500,3826.0,253048,2644110,9664500860.0,3826.0,18,3825.0,898
rb1805,20171221,20171220,210819000,3827.0,253448,2643976,9679806680.0,3827.0,346,3825.0,969
rb1805,20171221,20171220,210819500,3826.0,253492,2643984,9681489960.0,3826.0,6,3825.0,971
rb1805,20171221,20171220,210820000,3826.0,253652,2643924,9687613000.0,3827.0,341,3826.0,12
rb1805,20171221,20171220,210820500,3826.0,253998,2643914,9700849020.0,3826.0,38,3825.0,877
rb1805,20171221,20171220,210821000,3825.0,254056,2643882,9703068020.0,3826.0,14,3825.0,920
rb1805,20171221,20171220,210821500,3826.0,254144,2643866,9706434520.0,3827.0,354,3826.0,245
rb1805,20171221,20171220,210822000,3827.0,254256,2643888,9710720440.0,3827.0,323,3826.0,386
rb1805,20171221,20171220,210822500,3826.0,254278,2643888,9711562280.0,3827.0,369,3826.0,498
rb1805,20171221,20171220,210823000,3826.0,254396,2643858,9716077920.0,3827.0,350,3826.0,520
rb1805,20171221,20171220,210823500,3827.0,254428,2643842,9717302540.0,3827.0,355,3826.0,633
rb1805,20171221,20171220,210824000,3826.0,254732,2643776,9728934740.0,3827.0,291,3826.0,590
rb1805,20171221,20171220,210824500,3827.0,254952,2643724,9737352220.0,3827.0,278,3826.0,495
rb1805,20171221,20171220,210825000,3827.0,255340,2643950,9752198280.0,3827.0,229,3826.0,398
rb1805,20171221,20171220,210825500,3826.0,255404,2643964,9754647140.0,3827.0,289,3826.0,382
rb1805,20171221,20171220,210826000,3827.0,255482,2644014,9757631640.0,3827.0,284,3826.0,414
rb1805,20171221,20171220,210826500,3827.0,255668,2644056,9764748400.0,3827.0,261,3826.0,307
rb1805,20171221,20171220,210827000,3827.0,255712,2644068,9766432220.0,3827.0,255,3826.0,334
rb1805,20171221,20171220,210827500,3827.0,255814,2644042,9770335680.0,3827.0,217,3826.0,333
rb1805,20171221,20171220,210828000,3826.0,255982,2644132,9776764460.0,3827.0,176,3826.0,322
rb1805,20171221,20171220,210828500,3826.0,256146,2644246,9783039460.0,3827.0,175,3826.0,296
rb1805,20171221,20171220,210829000,3826.0,256606,2644676,9800639460.0,3827.0,165,3826.0,102
rb1805,20171221,20171220,210829500,3826.0,256768,2644788,9806838340.0,3827.0,158,3826.0,63
rb1805,20171221,20171220,210830000,3827.0,256964,2644818,9814338720.0,3827.0,152,3826.0,153
rb1805,20171221,20171220,210830500,3826.0,257402,2644680,9831096080.0,3826.0,110,3825.0,720
rb1805,20171221,20171220,210831000,3826.0,257436,2644662,9832396920.0,3826.0,95,3825.0,723
rb1805,20171221,20171220,210831500,3825.0,257532,2644674,9836069740.0,3826.0,126,3825.0,717
rb1805,20171221,20171220,210832000,3826.0,257570,2644672,9837523600.0,3826.0,136,3825.0,718
rb1805,20171221,20171220,210832500,3826.0,257616,2644670,9839283460.0,3826.0,162,3825.0,738
rb1805,20171221,20171220,210833000,3826.0,257774,2644700,9845327240.0,3826.0,305,3825.0,675
rb1805,20171221,20171220,210833500,3825.0,259142,2644858,9897653260.0,3825.0,531,3824.0,305
rb1805,20171221,20171220,210834000,3824.0,259876,2645060,9925721400.0,3824.0,108,3823.0,477
rb1805,20171221,20171220,210834500,3824.0,260192,2645216,9937805100.0,3825.0,543,3824.0,85
rb1805,20171221,20171220,210835000,3825.0,260474,2645248,9948591080.0,3825.0,436,3824.0,74
rb1805,20171221,20171220,210835500,3824.0,260596,2645182,9953257440.0,3825.0,378,3824.0,155
rb1805,20171221,20171220,210836000,3824.0,261162,2645058,9974906680.0,3825.0,115,3824.0,150
rb1805,20171221,20171220,210836500,3824.0,261268,2645060,9978960620.0,3825.0,93,3824.0,122
rb1805,20171221,20171220,210837000,3824.0,261296,2645064,9980031460.0,3825.0,160,3824.0,104
rb1805,20171221,20171220,210837500,3825.0,261320,2645062,9980949320.0,3825.0,161,3824.0,97
rb1805,20171221,20171220,210838000,3824.0,261364,2645036,9982632060.0,3825.0,174,3824.0,104
rb1805,20171221,20171220,210838500,3824.0,261442,2644982,9985614980.0,3825.0,171,3824.0,78
rb1805,20171221,20171220,210839000,3824.0,261824,2644892,10000224700.0,3824.0,28,3823.0,494
rb1805,20171221,20171220,210839500,3824.0,261916,2644904,10003742660.0,3824.0,70,3823.0,708
rb1805,20171221,20171220,210840000,3824.0,262374,2644842,10021253560.0,3824.0,6,3823.0,510
rb1805,20171221,20171220,210840500,3824.0,262428,2644860,10023318600.0,3825.0,223,3824.0,7
rb1805,20171221,20171220,210841000,3825.0,262496,2644872,10025918960.0,3825.0,225,3823.0,522
rb1805,20171221,20171220,210841500,3824.0,262510,2644876,10026454320.0,3825.0,266,3824.0,10
rb1805,20171221,20171220,210842000,3824.0,262564,2644860,10028519280.0,3824.0,1,3823.0,534
rb1805,20171221,20171220,210842500,3824.0,262626,2644858,10030890540.0,3825.0,271,3824.0,31
rb1805,20171221,20171220,210843000,3823.0,262784,2644786,10036932120.0,3825.0,260,3824.0,8
rb1805,20171221,20171220,210843500,3824.0,262836,2644796,10038920740.0,3824.0,7,3823.0,534
rb1805,20171221,20171220,210844000,3824.0,263182,2644876,10052154420.0,3825.0,100,3824.0,19
rb1805,20171221,20171220,210844500,3824.0,263536,2644886,10065691320.0,3825.0,124,3824.0,6
rb1805,20171221,20171220,210845000,3824.0,263582,2644862,10067450460.0,3824.0,17,3823.0,539
rb1805,20171221,20171220,210845500,3824.0,263642,2644830,10069744980.0,3825.0,129,3824.0,44
rb1805,20171221,20171220,210846000,3825.0,263672,2644838,10070892360.0,3825.0,126,3824.0,159
rb1805,20171221,20171220,210846500,3824.0,263752,2644862,10073951580.0,3825.0,131,3824.0,155
rb1805,20171221,20171220,210847000,3824.0,263810,2644882,10076169520.0,3825.0,133,3824.0,172
rb1805,20171221,20171220,210847500,3825.0,263882,2644922,10078922940.0,3825.0,143,3824.0,189
rb1805,20171221,20171220,210848000,3825.0,263898,2644928,10079534840.0,3825.0,152,3824.0,240
rb1805,20171221,20171220,210848500,3824.0,263988,2644990,10082976560.0,3825.0,153,3824.0,326
rb1805,20171221,20171220,210849000,3824.0,264018,2644988,10084123880.0,3825.0,124,3824.0,319
rb1805,20171221,20171220,210849500,3824.0,264092,2644994,10086953820.0,3825.0,121,3824.0,308
rb1805,20171221,20171220,210850000,3824.0,264312,2644848,10095368680.0,3825.0,28,3824.0,304
rb1805,20171221,20171220,210850500,3824.0,264416,2644878,10099345660.0,3825.0,30,3824.0,257
rb1805,20171221,20171220,210851000,3824.0,264536,2644886,10103934800.0,3825.0,19,3824.0,225
rb1805,20171221,20171220,210851500,3824.0,264630,2644830,10107529380.0,3825.0,28,3824.0,181
rb1805,20171221,20171220,210852000,3824.0,264698,2644824,10110129840.0,3825.0,152,3824.0,154
rb1805,20171221,20171220,210852500,3825.0,264936,2644698,10119232000.0,3825.0,123,3824.0,82
rb1805,20171221,20171220,210853000,3825.0,265258,2644732,10131547860.0,3825.0,25,3824.0,86
rb1805,20171221,20171220,210853500,3824.0,265538,2644850,10142255420.0,3824.0,157,3823.0,604
rb1805,20171221,20171220,210854000,3824.0,265620,2644910,10145391100.0,3824.0,129,3823.0,605
rb1805,20171221,20171220,210854500,3824.0,265676,2644916,10147532540.0,3824.0,109,3823.0,602
rb1805,20171221,20171220,210855000,3824.0,265820,2644924,10153039080.0,3824.0,88,3823.0,604
rb1805,20171221,20171220,210855500,3824.0,265876,2644930,10155180420.0,3824.0,67,3823.0,668
rb1805,20171221,20171220,210856000,3823.0,265938,2644920,10157551260.0,3824.0,39,3823.0,664
rb1805,20171221,20171220,210856500,3825.0,266152,2644894,10165733480.0,3825.0,147,3824.0,3
rb1805,20171221,20171220,210857000,3825.0,266236,2644884,10168946260.0,3825.0,153,3824.0,21
rb1805,20171221,20171220,210857500,3825.0,266428,2644890,10176289440.0,3825.0,105,3824.0,304
rb1805,20171221,20171220,210858000,3825.0,266438,2644900,10176671860.0,3825.0,76,3824.0,363
rb1805,20171221,20171220,210858500,3824.0,266694,2644882,10186463620.0,3826.0,200,3824.0,405
rb1805,20171221,20171220,210859000,3825.0,266810,2644930,10190899640.0,3825.0,1,3824.0,364
rb1805,20171221,20171220,210859500,3825.0,266878,2644948,10193500040.0,3825.0,10,3824.0,331
rb1805,20171221,20171220,210900000,3825.0,266982,2644920,10197477400.0,3826.0,172,3825.0,9
rb1805,20171221,20171220,210900500,3826.0,267580,2644814,10220349560.0,3826.0,123,3825.0,5
rb1805,20171221,20171220,210901000,3824.0,267644,2644842,10222797460.0,3825.0,298,3824.0,167
rb1805,20171221,20171220,210901500,3825.0,267670,2644868,10223791960.0,3825.0,332,3824.0,169
rb1805,20171221,20171220,210902000,3825.0,267978,2644998,10235570000.0,3825.0,349,3824.0,46
rb1805,20171221,20171220,210902500,3824.0,268160,2644860,10242529760.0,3825.0,326,3824.0,17
rb1805,20171221,20171220,210903000,3825.0,268216,2644814,10244671240.0,3825.0,336,3824.0,145
rb1805,20171221,20171220,210903500,3824.0,268398,2644812,10251632620.0,3825.0,254,3824.0,141
rb1805,20171221,20171220,210904000,3825.0,268468,2644858,10254309560.0,3825.0,247,3824.0,119
rb1805,20171221,20171220,210904500,3825.0,269008,2645142,10274964520.0,3826.0,154,3825.0,202
rb1805,20171221,20171220,210905000,3825.0,269050,2645120,10276571100.0,3826.0,232,3825.0,198
rb1805,20171221,20171220,210905500,3825.0,269076,2645100,10277565600.0,3826.0,255,3825.0,194
rb1805,20171221,20171220,210906000,3825.0,269540,2644884,10295312940.0,3825.0,18,3824.0,162
rb1805,20171221,20171220,210906500,3824.0,269662,2644964,10299978700.0,3825.0,24,3824.0,140
