instrument,tradingday,calendarday,time,lastp,volume,openinterest,turnover,ask1,asksz1,bid1,bidsz1
rb1805,20171222,20171221,205900500,3853.0,2536,2444824,97712080.0,3853.0,17,3852.0,10
rb1805,20171222,20171221,210000500,3853.0,3010,2444960,115977120.0,3855.0,11,3854.0,1
rb1805,20171222,20171221,210001000,3854.0,3610,2445018,139098440.0,3854.0,176,3853.0,225
rb1805,20171222,20171221,210001500,3853.0,4818,2445386,185642460.0,3853.0,42,3852.0,418
rb1805,20171222,20171221,210002000,3854.0,6136,2446036,236426740.0,3855.0,4,3854.0,41
rb1805,20171222,20171221,210002500,3853.0,6672,2446160,257081900.0,3854.0,23,3853.0,158
rb1805,20171222,20171221,210003000,3853.0,6862,2446258,264403640.0,3855.0,64,3854.0,51
rb1805,20171222,20171221,210003500,3855.0,7020,2446250,270493420.0,3855.0,40,3854.0,1
rb1805,20171222,20171221,210004000,3855.0,7336,2446294,282672260.0,3856.0,427,3855.0,114
rb1805,20171222,20171221,210004500,3855.0,7500,2446362,288995300.0,3856.0,405,3855.0,100
rb1805,20171222,20171221,210005000,3855.0,7758,2446432,298942520.0,3856.0,349,3855.0,50
rb1805,20171222,20171221,210005500,3854.0,8142,2446478,313746720.0,3854.0,3,3853.0,141
rb1805,20171222,20171221,210006000,3853.0,8562,2446390,329930140.0,3853.0,30,3852.0,151
rb1805,20171222,20171221,210006500,3854.0,8890,2446482,342568680.0,3854.0,1,3853.0,7
rb1805,20171222,20171221,210007000,3853.0,8996,2446538,346653320.0,3854.0,60,3853.0,2
rb1805,20171222,20171221,210007500,3854.0,9824,2446658,378561080.0,3855.0,89,3854.0,77
rb1805,20171222,20171221,210008000,3854.0,9962,2446670,383880100.0,3855.0,80,3854.0,35
rb1805,20171222,20171221,210008500,3855.0,10080,2446762,388428080.0,3854.0,1,3853.0,15
rb1805,20171222,20171221,210009000,3852.0,10264,2446746,395517540.0,3853.0,1,3852.0,139
rb1805,20171222,20171221,210009500,3854.0,10648,2446666,410311080.0,3854.0,26,3853.0,50
rb1805,20171222,20171221,210010000,3852.0,10962,2446944,422408800.0,3852.0,99,3851.0,238
rb1805,20171222,20171221,210010500,3852.0,11246,2446920,433346680.0,3852.0,47,3851.0,174
rb1805,20171222,20171221,210011000,3852.0,11982,2447194,461696440.0,3853.0,255,3852.0,19
rb1805,20171222,20171221,210011500,3851.0,12292,2447020,473634900.0,3851.0,47,3850.0,559
rb1805,20171222,20171221,210012000,3850.0,12564,2446856,484107940.0,3851.0,7,3850.0,482
rb1805,20171222,20171221,210012500,3852.0,12970,2447028,499744160.0,3851.0,7,3850.0,424
rb1805,20171222,20171221,210013000,3852.0,13536,2446988,521547220.0,3853.0,66,3852.0,19
rb1805,20171222,20171221,210013500,3852.0,13752,2446860,529867300.0,3852.0,2,3851.0,75
rb1805,20171222,20171221,210014000,3852.0,13926,2446850,536570720.0,3853.0,24,3852.0,44
rb1805,20171222,20171221,210014500,3852.0,14150,2446778,545198880.0,3853.0,14,3852.0,8
rb1805,20171222,20171221,210015000,3854.0,14288,2446696,550516020.0,3854.0,101,3853.0,143
rb1805,20171222,20171221,210015500,3853.0,14562,2446712,561073940.0,3854.0,65,3853.0,53
rb1805,20171222,20171221,210016000,3854.0,14670,2446728,565235980.0,3854.0,25,3853.0,46
rb1805,20171222,20171221,210016500,3853.0,14774,2446692,569243380.0,3854.0,12,3853.0,24
rb1805,20171222,20171221,210017000,3853.0,14834,2446672,571555420.0,3855.0,292,3854.0,2
rb1805,20171222,20171221,210017500,3853.0,14868,2446682,572865560.0,3854.0,25,3853.0,13
rb1805,20171222,20171221,210018000,3853.0,15052,2446698,579953720.0,3854.0,45,3853.0,68
rb1805,20171222,20171221,210018500,3853.0,15556,2446804,599373820.0,3854.0,30,3852.0,221
rb1805,20171222,20171221,210019000,3852.0,15596,2446800,600915080.0,3853.0,127,3852.0,229
rb1805,20171222,20171221,210019500,3852.0,15686,2446840,604382600.0,3853.0,141,3852.0,222
rb1805,20171222,20171221,210020000,3853.0,15816,2446916,609391200.0,3853.0,97,3852.0,209
rb1805,20171222,20171221,210020500,3853.0,15866,2446930,611317460.0,3853.0,112,3852.0,203
rb1805,20171222,20171221,210021000,3851.0,16288,2446736,627572900.0,3852.0,235,3851.0,138
rb1805,20171222,20171221,210021500,3852.0,16356,2446728,630192000.0,3852.0,269,3851.0,126
rb1805,20171222,20171221,210022000,3853.0,17234,2446242,664015460.0,3854.0,197,3853.0,185
rb1805,20171222,20171221,210022500,3854.0,17306,2446232,666790040.0,3854.0,152,3853.0,178
rb1805,20171222,20171221,210023000,3853.0,17398,2446194,670334980.0,3854.0,141,3853.0,207
rb1805,20171222,20171221,210023500,3854.0,17578,2446094,677270940.0,3854.0,118,3853.0,150
rb1805,20171222,20171221,210024000,3853.0,17630,2446062,679274740.0,3854.0,107,3853.0,141
rb1805,20171222,20171221,210024500,3853.0,17704,2446054,682126000.0,3854.0,105,3853.0,107
rb1805,20171222,20171221,210025000,3853.0,17898,2446020,689601020.0,3854.0,155,3853.0,39
rb1805,20171222,20171221,210025500,3854.0,18006,2446036,693762880.0,3854.0,129,3853.0,27
rb1805,20171222,20171221,210026000,3852.0,18158,2446088,699618780.0,3853.0,26,3852.0,143
rb1805,20171222,20171221,210026500,3853.0,18234,2446146,702546460.0,3854.0,127,3853.0,1
rb1805,20171222,20171221,210027000,3853.0,18286,2446136,704550000.0,3853.0,51,3852.0,119
rb1805,20171222,20171221,210027500,3852.0,18336,2446140,706476220.0,3853.0,44,3852.0,107
rb1805,20171222,20171221,210028000,3853.0,18422,2446182,709789220.0,3853.0,33,3852.0,78
rb1805,20171222,20171221,210028500,3853.0,18490,2446178,712409140.0,3853.0,27,3852.0,74
rb1805,20171222,20171221,210029000,3853.0,18572,2446210,715568100.0,3853.0,13,3852.0,55
rb1805,20171222,20171221,210029500,3852.0,18612,2446242,717109160.0,3853.0,10,3852.0,76
rb1805,20171222,20171221,210030000,3853.0,18644,2446248,718341880.0,3853.0,6,3852.0,71
rb1805,20171222,20171221,210030500,3853.0,18700,2446278,720499400.0,3853.0,9,3852.0,63
rb1805,20171222,20171221,210031000,3852.0,18824,2446234,725276460.0,3854.0,208,3853.0,5
rb1805,20171222,20171221,210031500,3854.0,19182,2446364,739072280.0,3854.0,94,3853.0,27
rb1805,20171222,20171221,210032000,3853.0,19248,2446404,741615280.0,3854.0,100,3853.0,6
rb1805,20171222,20171221,210032500,3853.0,19282,2446416,742925400.0,3854.0,197,3853.0,50
rb1805,20171222,20171221,210033000,3854.0,19336,2446388,745006340.0,3854.0,183,3853.0,56
rb1805,20171222,20171221,210033500,3854.0,19386,2446392,746933200.0,3854.0,171,3853.0,96
rb1805,20171222,20171221,210034000,3853.0,19442,2446410,749091100.0,3854.0,167,3853.0,104
rb1805,20171222,20171221,210034500,3853.0,19718,2446516,759725460.0,3854.0,168,3853.0,149
rb1805,20171222,20171221,210035000,3854.0,19746,2446512,760804360.0,3854.0,116,3853.0,502
rb1805,20171222,20171221,210035500,3854.0,19832,2446528,764118720.0,3854.0,91,3853.0,504
rb1805,20171222,20171221,210036000,3854.0,20040,2446386,772134820.0,3855.0,222,3854.0,251
rb1805,20171222,20171221,210036500,3854.0,20096,2446368,774293160.0,3855.0,218,3854.0,282
rb1805,20171222,20171221,210037000,3854.0,20172,2446386,777222700.0,3855.0,193,3854.0,312
rb1805,20171222,20171221,210037500,3855.0,20414,2446476,786551660.0,3855.0,79,3854.0,347
rb1805,20171222,20171221,210038000,3854.0,20704,2446516,797731200.0,3856.0,292,3855.0,2
rb1805,20171222,20171221,210038500,3856.0,20742,2446504,799196320.0,3856.0,291,3855.0,1
rb1805,20171222,20171221,210039000,3856.0,20922,2446382,806136480.0,3856.0,228,3855.0,103
rb1805,20171222,20171221,210039500,3856.0,21004,2446346,809298180.0,3856.0,179,3855.0,121
rb1805,20171222,20171221,210040000,3856.0,21068,2446308,811765720.0,3856.0,192,3855.0,120
rb1805,20171222,20171221,210040500,3856.0,21146,2446278,814773220.0,3856.0,166,3855.0,135
rb1805,20171222,20171221,210041000,3855.0,21240,2446240,818397400.0,3856.0,144,3855.0,110
rb1805,20171222,20171221,210041500,3856.0,21366,2446282,823255880.0,3856.0,89,3855.0,112
rb1805,20171222,20171221,210042000,3856.0,21458,2446322,826803120.0,3856.0,58,3855.0,140
rb1805,20171222,20171221,210042500,3856.0,21522,2446356,829270800.0,3856.0,68,3855.0,146
rb1805,20171222,20171221,210043000,3856.0,21694,2446338,835902800.0,3856.0,8,3855.0,131
rb1805,20171222,20171221,210043500,3856.0,21790,2446392,839604180.0,3856.0,56,3855.0,116
rb1805,20171222,20171221,210044000,3856.0,21948,2446414,845696380.0,3856.0,29,3855.0,105
rb1805,20171222,20171221,210044500,3856.0,22138,2446458,853022580.0,3856.0,1,3855.0,83
rb1805,20171222,20171221,210045000,3856.0,22226,2446520,856416200.0,3857.0,1001,3856.0,35
rb1805,20171222,20171221,210045500,3857.0,22422,2446480,863973980.0,3857.0,1020,3856.0,23
rb1805,20171222,20171221,210046000,3856.0,22680,2446444,873921580.0,3856.0,4,3855.0,35
rb1805,20171222,20171221,210046500,3856.0,23232,2446476,895206940.0,3856.0,5,3855.0,35
rb1805,20171222,20171221,210047000,3856.0,23382,2446480,900990860.0,3856.0,23,3855.0,30
rb1805,20171222,20171221,210047500,3856.0,23512,2446524,906003620.0,3856.0,39,3855.0,38
rb1805,20171222,20171221,210048000,3856.0,23660,2446456,911710180.0,3857.0,974,3856.0,141
rb1805,20171222,20171221,210048500,3856.0,23708,2446438,913561380.0,3857.0,961,3856.0,180
rb1805,20171222,20171221,210049000,3857.0,23778,2446390,916261100.0,3857.0,894,3856.0,211
rb1805,20171222,20171221,210049500,3857.0,24138,2446232,930146100.0,3857.0,726,3856.0,232
rb1805,20171222,20171221,210050000,3856.0,24984,2446324,962774080.0,3857.0,415,3856.0,310
rb1805,20171222,20171221,210050500,3857.0,25274,2446388,973959220.0,3857.0,279,3856.0,328
rb1805,20171222,20171221,210051000,3857.0,25762,2446600,992781220.0,3857.0,43,3856.0,360
rb1805,20171222,20171221,210051500,3857.0,26960,2446082,1039000260.0,3859.0,159,3857.0,89
rb1805,20171222,20171221,210052000,3859.0,27058,2446166,1042781320.0,3859.0,150,3857.0,144
rb1805,20171222,20171221,210052500,3859.0,27270,2446238,1050960660.0,3859.0,99,3857.0,183
rb1805,20171222,20171221,210053000,3857.0,27358,2446232,1054355320.0,3858.0,1,3857.0,204
rb1805,20171222,20171221,210053500,3859.0,27636,2446276,1065080540.0,3859.0,137,3858.0,129
rb1805,20171222,20171221,210054000,3859.0,27878,2446336,1074418940.0,3860.0,1355,3859.0,25
rb1805,20171222,20171221,210054500,3858.0,28240,2446338,1088385840.0,3858.0,27,3857.0,173
rb1805,20171222,20171221,210055000,3858.0,28364,2446356,1093170080.0,3859.0,334,3858.0,42
rb1805,20171222,20171221,210055500,3859.0,28594,2446406,1102045500.0,3859.0,313,3858.0,49
rb1805,20171222,20171221,210056000,3859.0,28896,2446432,1113697360.0,3859.0,367,3858.0,1
rb1805,20171222,20171221,210056500,3859.0,28958,2446464,1116089420.0,3859.0,425,3858.0,6
rb1805,20171222,20171221,210057000,3859.0,29314,2446676,1129825720.0,3859.0,440,3857.0,175
rb1805,20171222,20171221,210057500,3859.0,29508,2446758,1137311900.0,3859.0,340,3858.0,364
rb1805,20171222,20171221,210058000,3859.0,29596,2446764,1140707460.0,3859.0,390,3858.0,531
rb1805,20171222,20171221,210058500,3859.0,30098,2446416,1160075540.0,3859.0,374,3858.0,360
rb1805,20171222,20171221,210059000,3859.0,30224,2446456,1164937520.0,3859.0,363,3858.0,342
rb1805,20171222,20171221,210059500,3858.0,31190,2445774,1202206660.0,3858.0,81,3857.0,179
rb1805,20171222,20171221,210100000,3859.0,31508,2445650,1214475340.0,3859.0,357,3858.0,100
rb1805,20171222,20171221,210100500,3858.0,31852,2445582,1227748320.0,3859.0,268,3858.0,92
rb1805,20171222,20171221,210101000,3858.0,31920,2445540,1230371880.0,3859.0,293,3858.0,87
rb1805,20171222,20171221,210101500,3859.0,32284,2445262,1244417480.0,3859.0,231,3858.0,66
rb1805,20171222,20171221,210102000,3858.0,32400,2445270,1248892880.0,3859.0,238,3858.0,36
rb1805,20171222,20171221,210102500,3859.0,32458,2445272,1251130700.0,3859.0,288,3858.0,52
rb1805,20171222,20171221,210103000,3859.0,32590,2445266,1256223600.0,3859.0,285,3858.0,94
rb1805,20171222,20171221,210103500,3859.0,33176,2445336,1278836380.0,3859.0,10,3858.0,86
rb1805,20171222,20171221,210104000,3860.0,33382,2445354,1286787080.0,3860.0,1414,3859.0,156
rb1805,20171222,20171221,210104500,3860.0,33866,2445460,1305467780.0,3860.0,1281,3859.0,96
rb1805,20171222,20171221,210105000,3859.0,34018,2445590,1311333660.0,3860.0,1271,3859.0,53
rb1805,20171222,20171221,210105500,3858.0,34176,2445578,1317430840.0,3859.0,16,3858.0,181
rb1805,20171222,20171221,210106000,3858.0,34352,2445600,1324222620.0,3859.0,1,3858.0,157
rb1805,20171222,20171221,210106500,3859.0,34468,2445676,1328699080.0,3859.0,20,3858.0,157
rb1805,20171222,20171221,210107000,3859.0,34556,2445704,1332094700.0,3859.0,284,3858.0,155
rb1805,20171222,20171221,210107500,3859.0,34704,2445806,1337805840.0,3859.0,276,3858.0,126
rb1805,20171222,20171221,210108000,3859.0,34910,2445954,1345755020.0,3859.0,207,3858.0,108
rb1805,20171222,20171221,210108500,3859.0,34958,2445972,1347607260.0,3859.0,203,3858.0,116
rb1805,20171222,20171221,210109000,3859.0,35182,2445982,1356249340.0,3859.0,321,3858.0,20
rb1805,20171222,20171221,210109500,3858.0,35284,2445944,1360184460.0,3858.0,193,3857.0,236
rb1805,20171222,20171221,210110000,3858.0,35486,2445946,1367977380.0,3858.0,99,3857.0,220
rb1805,20171222,20171221,210110500,3858.0,35606,2446038,1372606820.0,3858.0,60,3857.0,218
rb1805,20171222,20171221,210111000,3857.0,35938,2445910,1385412260.0,3858.0,68,3857.0,69
rb1805,20171222,20171221,210111500,3858.0,36050,2445938,1389732680.0,3858.0,140,3857.0,45
rb1805,20171222,20171221,210112000,3858.0,36204,2445876,1395673840.0,3858.0,77,3857.0,39
rb1805,20171222,20171221,210112500,3857.0,36482,2445776,1406397080.0,3857.0,13,3856.0,275
rb1805,20171222,20171221,210113000,3858.0,36636,2445802,1412337980.0,3858.0,97,3857.0,24
rb1805,20171222,20171221,210113500,3857.0,36942,2445818,1424140360.0,3857.0,40,3856.0,289
rb1805,20171222,20171221,210114000,3857.0,37138,2445770,1431700320.0,3858.0,101,3857.0,86
rb1805,20171222,20171221,210114500,3857.0,37562,2445872,1448054980.0,3857.0,88,3856.0,281
rb1805,20171222,20171221,210115000,3856.0,37806,2446056,1457465660.0,3857.0,193,3856.0,301
rb1805,20171222,20171221,210115500,3857.0,38340,2446226,1478059660.0,3857.0,77,3856.0,196
rb1805,20171222,20171221,210116000,3857.0,38756,2446314,1494102320.0,3858.0,133,3857.0,35
rb1805,20171222,20171221,210116500,3857.0,39100,2446362,1507370800.0,3858.0,92,3857.0,1
rb1805,20171222,20171221,210117000,3857.0,39464,2446606,1521412740.0,3858.0,50,3857.0,495
rb1805,20171222,20171221,210117500,3858.0,39592,2446592,1526350980.0,3859.0,501,3858.0,139
rb1805,20171222,20171221,210118000,3858.0,39726,2446536,1531520700.0,3859.0,482,3858.0,53
rb1805,20171222,20171221,210118500,3858.0,39756,2446518,1532678120.0,3859.0,482,3858.0,50
rb1805,20171222,20171221,210119000,3857.0,40054,2446586,1544173980.0,3859.0,478,3858.0,16
rb1805,20171222,20171221,210119500,3857.0,40114,2446574,1546488600.0,3858.0,90,3857.0,491
rb1805,20171222,20171221,210120000,3858.0,40170,2446572,1548648620.0,3858.0,90,3857.0,473
rb1805,20171222,20171221,210120500,3858.0,40214,2446604,1550346060.0,3858.0,83,3857.0,468
rb1805,20171222,20171221,210121000,3858.0,40634,2446344,1566549560.0,3859.0,504,3858.0,109
rb1805,20171222,20171221,210121500,3858.0,40662,2446340,1567629920.0,3859.0,549,3858.0,107
rb1805,20171222,20171221,210122000,3858.0,40888,2446340,1576349100.0,3859.0,555,3858.0,5
rb1805,20171222,20171221,210122500,3858.0,40960,2446340,1579126720.0,3858.0,66,3857.0,462
rb1805,20171222,20171221,210123000,3857.0,40998,2446344,1580592500.0,3858.0,71,3857.0,450
rb1805,20171222,20171221,210123500,3858.0,41054,2446386,1582752920.0,3858.0,275,3857.0,454
rb1805,20171222,20171221,210124000,3858.0,41076,2446380,1583601500.0,3858.0,279,3857.0,450
rb1805,20171222,20171221,210124500,3857.0,41106,2446404,1584758860.0,3858.0,267,3857.0,430
rb1805,20171222,20171221,210125000,3858.0,41160,2446392,1586841840.0,3858.0,272,3857.0,409
rb1805,20171222,20171221,210125500,3858.0,42090,2446018,1622714960.0,3858.0,129,3857.0,124
rb1805,20171222,20171221,210126000,3857.0,42374,2446150,1633668840.0,3858.0,142,3857.0,5
rb1805,20171222,20171221,210126500,3857.0,42472,2446234,1637448160.0,3857.0,87,3856.0,112
rb1805,20171222,20171221,210127000,3857.0,42498,2446246,1638450820.0,3857.0,163,3856.0,94
rb1805,20171222,20171221,210127500,3857.0,42544,2446290,1640225040.0,3857.0,155,3856.0,124
rb1805,20171222,20171221,210128000,3857.0,42840,2446496,1651641580.0,3857.0,19,3856.0,117
rb1805,20171222,20171221,210128500,3857.0,42914,2446516,1654495800.0,3858.0,206,3857.0,2
rb1805,20171222,20171221,210129000,3857.0,43152,2446662,1663676880.0,3858.0,143,3856.0,153
rb1805,20171222,20171221,210129500,3857.0,43174,2446678,1664525560.0,3858.0,142,3856.0,157
rb1805,20171222,20171221,210130000,3856.0,43200,2446682,1665528120.0,3858.0,133,3857.0,27
rb1805,20171222,20171221,210130500,3857.0,43272,2446700,1668305360.0,3858.0,126,3857.0,5
rb1805,20171222,20171221,210131000,3856.0,43344,2446718,1671082460.0,3858.0,116,3857.0,1
rb1805,20171222,20171221,210131500,3857.0,43390,2446740,1672856460.0,3857.0,9,3856.0,243
rb1805,20171222,20171221,210132000,3857.0,43454,2446764,1675324540.0,3858.0,200,3857.0,12
rb1805,20171222,20171221,210132500,3857.0,43516,2446772,1677716160.0,3857.0,8,3856.0,238
rb1805,20171222,20171221,210133000,3856.0,43570,2446798,1679798760.0,3858.0,188,3856.0,229
rb1805,20171222,20171221,210133500,3857.0,43580,2446802,1680184480.0,3857.0,9,3856.0,231
rb1805,20171222,20171221,210134000,3856.0,43614,2446808,1681495680.0,3857.0,18,3856.0,228
rb1805,20171222,20171221,210134500,3857.0,43654,2446832,1683038460.0,3857.0,58,3856.0,234
rb1805,20171222,20171221,210135000,3856.0,43776,2446762,1687742820.0,3857.0,71,3856.0,220
rb1805,20171222,20171221,210135500,3857.0,43824,2446798,1689594080.0,3857.0,76,3856.0,209
rb1805,20171222,20171221,210136000,3857.0,43976,2446904,1695456440.0,3857.0,16,3856.0,219
rb1805,20171222,20171221,210136500,3857.0,43990,2446910,1695996360.0,3857.0,46,3856.0,222
rb1805,20171222,20171221,210137000,3858.0,44136,2447010,1701627540.0,3858.0,202,3857.0,207
rb1805,20171222,20171221,210137500,3858.0,44308,2447152,1708261620.0,3858.0,198,3857.0,128
rb1805,20171222,20171221,210138000,3857.0,44492,2447094,1715358720.0,3858.0,190,3857.0,55
rb1805,20171222,20171221,210138500,3857.0,44508,2447088,1715975880.0,3858.0,189,3857.0,60
rb1805,20171222,20171221,210139000,3858.0,44520,2447088,1716438740.0,3858.0,193,3857.0,58
rb1805,20171222,20171221,210139500,3858.0,44856,2447026,1729397000.0,3858.0,189,3857.0,93
rb1805,20171222,20171221,210140000,3858.0,44882,2447048,1730399840.0,3858.0,190,3857.0,119
rb1805,20171222,20171221,210140500,3857.0,45250,2447000,1744593660.0,3857.0,325,3856.0,438
rb1805,20171222,20171221,210141000,3857.0,45380,2447018,1749607500.0,3857.0,346,3856.0,425
rb1805,20171222,20171221,210141500,3857.0,45398,2447012,1750301760.0,3857.0,390,3856.0,436
rb1805,20171222,20171221,210142000,3857.0,45432,2447028,1751612880.0,3857.0,387,3856.0,364
rb1805,20171222,20171221,210142500,3857.0,45688,2447008,1761486680.0,3857.0,277,3856.0,361
rb1805,20171222,20171221,210143000,3857.0,45732,2447022,1763183580.0,3857.0,269,3856.0,353
rb1805,20171222,20171221,210143500,3857.0,46272,2446684,1784011380.0,3858.0,216,3857.0,95
rb1805,20171222,20171221,210144000,3857.0,46428,2446672,1790028500.0,3858.0,219,3857.0,275
rb1805,20171222,20171221,210144500,3857.0,46432,2446674,1790182800.0,3858.0,130,3857.0,296
rb1805,20171222,20171221,210145000,3857.0,46582,2446760,1795968520.0,3858.0,130,3857.0,241
rb1805,20171222,20171221,210145500,3858.0,46862,2446644,1806770900.0,3859.0,658,3858.0,50
rb1805,20171222,20171221,210146000,3858.0,46904,2446640,1808391260.0,3859.0,658,3858.0,79
rb1805,20171222,20171221,210146500,3858.0,47220,2446792,1820584580.0,3859.0,557,3858.0,24
rb1805,20171222,20171221,210147000,3858.0,47250,2446812,1821741980.0,3859.0,543,3858.0,40
rb1805,20171222,20171221,210147500,3858.0,47400,2446938,1827528400.0,3859.0,542,3857.0,267
rb1805,20171222,20171221,210148000,3857.0,47424,2446958,1828454080.0,3858.0,123,3857.0,239
rb1805,20171222,20171221,210148500,3858.0,47528,2447062,1832465400.0,3858.0,141,3857.0,193
rb1805,20171222,20171221,210149000,3858.0,47826,2447040,1843962100.0,3858.0,28,3857.0,187
rb1805,20171222,20171221,210149500,3858.0,47838,2447046,1844425040.0,3858.0,8,3857.0,211
rb1805,20171222,20171221,210150000,3858.0,47890,2447090,1846430940.0,3859.0,597,3857.0,200
rb1805,20171222,20171221,210150500,3858.0,48016,2447206,1851291000.0,3859.0,615,3858.0,5
rb1805,20171222,20171221,210151000,3859.0,48098,2447236,1854454740.0,3859.0,606,3857.0,165
rb1805,20171222,20171221,210151500,3858.0,48108,2447240,1854840540.0,3859.0,618,3858.0,27
rb1805,20171222,20171221,210152000,3857.0,48388,2447232,1865641000.0,3858.0,13,3857.0,129
rb1805,20171222,20171221,210152500,3857.0,48620,2447114,1874593120.0,3858.0,18,3857.0,142
rb1805,20171222,20171221,210153000,3858.0,48664,2447124,1876290420.0,3858.0,47,3857.0,132
rb1805,20171222,20171221,210153500,3857.0,48786,2447228,1880996160.0,3858.0,69,3857.0,161
rb1805,20171222,20171221,210154000,3857.0,48844,2447258,1883233400.0,3858.0,101,3857.0,144
rb1805,20171222,20171221,210154500,3858.0,48858,2447266,1883773460.0,3858.0,185,3857.0,148
rb1805,20171222,20171221,210155000,3858.0,48882,2447266,1884699160.0,3858.0,189,3857.0,140
rb1805,20171222,20171221,210155500,3857.0,48990,2447324,1888864780.0,3858.0,188,3857.0,143
rb1805,20171222,20171221,210156000,3857.0,49052,2447360,1891256300.0,3858.0,187,3857.0,123
rb1805,20171222,20171221,210156500,3858.0,49106,2447374,1893339560.0,3858.0,222,3857.0,145
rb1805,20171222,20171221,210157000,3858.0,49338,2447582,1902288880.0,3858.0,190,3857.0,86
rb1805,20171222,20171221,210157500,3857.0,49362,2447588,1903214600.0,3858.0,188,3857.0,68
rb1805,20171222,20171221,210158000,3858.0,49384,2447602,1904063200.0,3858.0,209,3857.0,82
rb1805,20171222,20171221,210158500,3857.0,49498,2447698,1908460260.0,3858.0,216,3857.0,33
rb1805,20171222,20171221,210159000,3858.0,49530,2447692,1909694520.0,3858.0,222,3857.0,18
rb1805,20171222,20171221,210159500,3858.0,49824,2447954,1921035260.0,3858.0,207,3857.0,31
rb1805,20171222,20171221,210200000,3857.0,49854,2447982,1922192380.0,3858.0,218,3857.0,181
rb1805,20171222,20171221,210200500,3858.0,50392,2447788,1942944360.0,3858.0,171,3857.0,56
rb1805,20171222,20171221,210201000,3857.0,50416,2447808,1943870080.0,3858.0,170,3857.0,77
rb1805,20171222,20171221,210201500,3857.0,50428,2447816,1944332940.0,3858.0,173,3857.0,161
rb1805,20171222,20171221,210202000,3858.0,50520,2447824,1947881520.0,3858.0,170,3857.0,142
rb1805,20171222,20171221,210202500,3857.0,50646,2447866,1952741480.0,3858.0,165,3857.0,142
rb1805,20171222,20171221,210203000,3857.0,50668,2447888,1953590120.0,3858.0,228,3857.0,28
rb1805,20171222,20171221,210203500,3857.0,50720,2447898,1955595800.0,3858.0,239,3857.0,18
rb1805,20171222,20171221,210204000,3858.0,50726,2447900,1955827260.0,3858.0,289,3857.0,20
rb1805,20171222,20171221,210204500,3858.0,50902,2447858,1962615720.0,3858.0,289,3857.0,85
rb1805,20171222,20171221,210205000,3858.0,50938,2447878,1964004460.0,3858.0,277,3857.0,120
rb1805,20171222,20171221,210205500,3858.0,51146,2447810,1972029060.0,3858.0,196,3857.0,178
rb1805,20171222,20171221,210206000,3858.0,51176,2447808,1973186380.0,3858.0,216,3857.0,185
rb1805,20171222,20171221,210206500,3858.0,51306,2447814,1978200660.0,3858.0,221,3857.0,140
rb1805,20171222,20171221,210207000,3857.0,51330,2447820,1979126360.0,3858.0,221,3857.0,235
rb1805,20171222,20171221,210207500,3858.0,51928,2447720,2002197200.0,3858.0,70,3857.0,254
rb1805,20171222,20171221,210208000,3858.0,52310,2447682,2016934820.0,3859.0,660,3858.0,696
rb1805,20171222,20171221,210208500,3858.0,52582,2447700,2027431060.0,3859.0,520,3858.0,791
rb1805,20171222,20171221,210209000,3859.0,53216,2447754,2051896620.0,3859.0,230,3858.0,733
rb1805,20171222,20171221,210209500,3859.0,53794,2447706,2074201520.0,3860.0,1635,3859.0,114
rb1805,20171222,20171221,210210000,3859.0,54286,2448008,2093187180.0,3859.0,11,3858.0,653
rb1805,20171222,20171221,210210500,3860.0,54368,2448034,2096351840.0,3860.0,1630,3859.0,226
rb1805,20171222,20171221,210211000,3860.0,54474,2448034,2100443040.0,3860.0,1596,3859.0,223
rb1805,20171222,20171221,210211500,3860.0,54640,2448094,2106850400.0,3860.0,1526,3859.0,214
rb1805,20171222,20171221,210212000,3860.0,54688,2448100,2108702860.0,3860.0,1524,3859.0,208
rb1805,20171222,20171221,210212500,3859.0,54822,2448138,2113874780.0,3860.0,1498,3859.0,184
rb1805,20171222,20171221,210213000,3860.0,54870,2448148,2115727340.0,3860.0,1486,3859.0,182
rb1805,20171222,20171221,210213500,3860.0,54890,2448158,2116499260.0,3860.0,1481,3859.0,183
rb1805,20171222,20171221,210214000,3859.0,55066,2448258,2123292420.0,3860.0,1421,3859.0,168
rb1805,20171222,20171221,210214500,3859.0,55144,2448300,2126303000.0,3860.0,1394,3859.0,174
rb1805,20171222,20171221,210215000,3860.0,55168,2448324,2127229300.0,3860.0,1385,3859.0,171
rb1805,20171222,20171221,210215500,3860.0,55322,2448378,2133173580.0,3860.0,1289,3859.0,232
rb1805,20171222,20171221,210216000,3859.0,55590,2448604,2143517800.0,3860.0,1239,3859.0,235
rb1805,20171222,20171221,210216500,3860.0,55680,2448626,2146991760.0,3860.0,1205,3859.0,261
rb1805,20171222,20171221,210217000,3859.0,55770,2448692,2150465720.0,3860.0,1164,3859.0,288
rb1805,20171222,20171221,210217500,3859.0,55856,2448756,2153784800.0,3860.0,1172,3859.0,202
rb1805,20171222,20171221,210218000,3860.0,56104,2448758,2163355780.0,3860.0,1141,3859.0,110
rb1805,20171222,20171221,210218500,3860.0,56284,2448612,2170302620.0,3860.0,1106,3859.0,62
rb1805,20171222,20171221,210219000,3860.0,56422,2448584,2175628820.0,3860.0,1134,3859.0,162
rb1805,20171222,20171221,210219500,3860.0,57206,2448642,2205889420.0,3860.0,834,3859.0,149
rb1805,20171222,20171221,210220000,3860.0,57334,2448568,2210830140.0,3860.0,756,3859.0,146
rb1805,20171222,20171221,210220500,3860.0,57682,2448504,2224262700.0,3860.0,597,3859.0,144
rb1805,20171222,20171221,210221000,3860.0,57768,2448544,2227582020.0,3860.0,569,3859.0,208
rb1805,20171222,20171221,210221500,3859.0,57824,2448558,2229743580.0,3860.0,543,3859.0,206
rb1805,20171222,20171221,210222000,3860.0,57990,2448658,2236151160.0,3860.0,468,3859.0,310
rb1805,20171222,20171221,210222500,3859.0,58022,2448672,2237386340.0,3860.0,456,3859.0,309
rb1805,20171222,20171221,210223000,3860.0,58234,2448710,2245569260.0,3860.0,368,3859.0,296
rb1805,20171222,20171221,210223500,3859.0,58438,2448670,2253443220.0,3860.0,289,3859.0,275
rb1805,20171222,20171221,210224000,3860.0,58514,2448650,2256376700.0,3860.0,258,3859.0,272
rb1805,20171222,20171221,210224500,3860.0,58638,2448742,2261163100.0,3860.0,221,3859.0,287
rb1805,20171222,20171221,210225000,3859.0,58700,2448750,2263555880.0,3860.0,235,3859.0,270
rb1805,20171222,20171221,210225500,3860.0,58736,2448766,2264945420.0,3860.0,239,3859.0,380
rb1805,20171222,20171221,210226000,3860.0,58754,2448770,2265640180.0,3860.0,277,3859.0,378
rb1805,20171222,20171221,210226500,3859.0,58818,2448788,2268110360.0,3860.0,265,3859.0,368
rb1805,20171222,20171221,210227000,3860.0,59076,2448680,2278069020.0,3860.0,144,3859.0,380
rb1805,20171222,20171221,210227500,3860.0,59148,2448700,2280848220.0,3860.0,110,3859.0,385
rb1805,20171222,20171221,210228000,3860.0,59458,2448570,2292814220.0,3861.0,507,3860.0,165
rb1805,20171222,20171221,210228500,3861.0,59544,2448582,2296133920.0,3861.0,429,3860.0,207
rb1805,20171222,20171221,210229000,3861.0,60110,2448754,2317986560.0,3861.0,177,3860.0,194
rb1805,20171222,20171221,210229500,3860.0,60146,2448746,2319376400.0,3861.0,168,3860.0,199
rb1805,20171222,20171221,210230000,3861.0,60252,2448720,2323468940.0,3861.0,125,3860.0,206
rb1805,20171222,20171221,210230500,3861.0,60370,2448618,2328024900.0,3861.0,89,3860.0,213
rb1805,20171222,20171221,210231000,3861.0,60486,2448656,2332503460.0,3861.0,47,3860.0,142
rb1805,20171222,20171221,210231500,3861.0,60696,2448822,2340611760.0,3862.0,598,3861.0,5
rb1805,20171222,20171221,210232000,3861.0,60824,2448884,2345553740.0,3861.0,81,3860.0,180
rb1805,20171222,20171221,210232500,3861.0,60904,2448910,2348642260.0,3861.0,181,3860.0,178
rb1805,20171222,20171221,210233000,3861.0,60954,2448896,2350572700.0,3861.0,476,3860.0,181
rb1805,20171222,20171221,210233500,3861.0,61034,2448858,2353661460.0,3861.0,497,3860.0,184
rb1805,20171222,20171221,210234000,3861.0,61132,2448828,2357445040.0,3861.0,486,3860.0,175
rb1805,20171222,20171221,210234500,3861.0,61460,2448976,2370108680.0,3861.0,349,3860.0,169
rb1805,20171222,20171221,210235000,3860.0,61512,2448986,2372116320.0,3861.0,413,3860.0,267
rb1805,20171222,20171221,210235500,3861.0,61616,2449044,2376131040.0,3861.0,259,3860.0,274
rb1805,20171222,20171221,210236000,3861.0,61914,2448904,2387636740.0,3861.0,116,3860.0,309
rb1805,20171222,20171221,210236500,3861.0,62172,2448826,2397597040.0,3861.0,42,3860.0,260
rb1805,20171222,20171221,210237000,3861.0,62260,2448820,2400994540.0,3861.0,12,3860.0,258
rb1805,20171222,20171221,210237500,3861.0,62438,2448866,2407865940.0,3862.0,749,3861.0,17
rb1805,20171222,20171221,210238000,3860.0,62518,2448920,2410954660.0,3861.0,89,3860.0,209
rb1805,20171222,20171221,210238500,3861.0,62584,2448950,2413502840.0,3861.0,66,3860.0,213
rb1805,20171222,20171221,210239000,3861.0,62690,2448960,2417595000.0,3861.0,32,3860.0,198
rb1805,20171222,20171221,210239500,3861.0,62738,2448944,2419448280.0,3861.0,117,3860.0,200
rb1805,20171222,20171221,210240000,3860.0,62790,2448970,2421455780.0,3861.0,282,3860.0,195
rb1805,20171222,20171221,210240500,3860.0,62888,2448982,2425239360.0,3861.0,365,3860.0,211
rb1805,20171222,20171221,210241000,3861.0,63112,2449178,2433885900.0,3861.0,368,3860.0,123
rb1805,20171222,20171221,210241500,3861.0,63374,2449346,2443999300.0,3861.0,365,3860.0,8
rb1805,20171222,20171221,210242000,3860.0,63458,2449426,2447241680.0,3860.0,153,3859.0,320
rb1805,20171222,20171221,210242500,3860.0,63592,2449444,2452414080.0,3860.0,160,3859.0,320
rb1805,20171222,20171221,210243000,3860.0,63676,2449436,2455655860.0,3860.0,213,3859.0,291
rb1805,20171222,20171221,210243500,3860.0,63808,2449434,2460750020.0,3860.0,228,3859.0,241
rb1805,20171222,20171221,210244000,3860.0,63868,2449436,2463065980.0,3860.0,203,3859.0,245
rb1805,20171222,20171221,210244500,3860.0,63936,2449426,2465690720.0,3860.0,182,3859.0,262
rb1805,20171222,20171221,210245000,3860.0,64226,2449530,2476884600.0,3860.0,45,3859.0,257
rb1805,20171222,20171221,210245500,3860.0,64294,2449556,2479509300.0,3860.0,41,3859.0,253
rb1805,20171222,20171221,210246000,3860.0,64302,2449556,2479818100.0,3860.0,121,3859.0,253
rb1805,20171222,20171221,210246500,3860.0,64370,2449570,2482442720.0,3860.0,328,3859.0,245
rb1805,20171222,20171221,210247000,3860.0,64770,2449574,2497879600.0,3860.0,515,3859.0,69
rb1805,20171222,20171221,210247500,3859.0,65014,2449614,2507295560.0,3859.0,472,3858.0,291
rb1805,20171222,20171221,210248000,3858.0,65110,2449644,2510999680.0,3859.0,437,3858.0,248
rb1805,20171222,20171221,210248500,3859.0,65164,2449662,2513083200.0,3859.0,428,3858.0,231
rb1805,20171222,20171221,210249000,3859.0,65198,2449666,2514395020.0,3859.0,433,3858.0,217
rb1805,20171222,20171221,210249500,3859.0,65546,2449660,2527821120.0,3859.0,395,3858.0,56
rb1805,20171222,20171221,210250000,3857.0,65708,2449790,2534070680.0,3858.0,52,3857.0,259
rb1805,20171222,20171221,210250500,3857.0,65806,2449810,2537851000.0,3858.0,50,3857.0,254
rb1805,20171222,20171221,210251000,3858.0,65858,2449788,2539857000.0,3858.0,33,3857.0,260
rb1805,20171222,20171221,210251500,3858.0,65936,2449792,2542866240.0,3859.0,375,3858.0,69
rb1805,20171222,20171221,210252000,3858.0,65948,2449790,2543329260.0,3859.0,390,3858.0,83
rb1805,20171222,20171221,210252500,3858.0,65968,2449796,2544100980.0,3859.0,384,3858.0,135
rb1805,20171222,20171221,210253000,3858.0,65996,2449798,2545181420.0,3859.0,357,3858.0,167
rb1805,20171222,20171221,210253500,3858.0,66044,2449812,2547033700.0,3859.0,360,3858.0,169
rb1805,20171222,20171221,210254000,3859.0,66094,2449852,2548963040.0,3859.0,341,3858.0,239
rb1805,20171222,20171221,210254500,3859.0,66228,2449894,2554133740.0,3859.0,294,3858.0,223
rb1805,20171222,20171221,210255000,3859.0,66282,2449926,2556217140.0,3859.0,280,3858.0,203
rb1805,20171222,20171221,210255500,3858.0,66292,2449934,2556602940.0,3859.0,350,3858.0,201
rb1805,20171222,20171221,210256000,3859.0,66374,2449906,2559767160.0,3859.0,319,3858.0,126
rb1805,20171222,20171221,210256500,3858.0,66384,2449910,2560152960.0,3859.0,323,3858.0,131
rb1805,20171222,20171221,210257000,3858.0,66418,2449894,2561464720.0,3859.0,323,3858.0,119
rb1805,20171222,20171221,210257500,3858.0,66484,2449894,2564011620.0,3859.0,298,3858.0,144
rb1805,20171222,20171221,210258000,3859.0,66496,2449892,2564474600.0,3859.0,312,3858.0,140
rb1805,20171222,20171221,210258500,3859.0,66570,2449860,2567329680.0,3859.0,313,3858.0,118
rb1805,20171222,20171221,210259000,3858.0,66614,2449868,2569027220.0,3859.0,312,3858.0,98
rb1805,20171222,20171221,210259500,3858.0,66636,2449874,2569876080.0,3859.0,317,3858.0,92
rb1805,20171222,20171221,210300000,3859.0,66732,2449882,2573580000.0,3859.0,313,3858.0,147
rb1805,20171222,20171221,210300500,3858.0,66746,2449880,2574120240.0,3859.0,328,3858.0,149
rb1805,20171222,20171221,210301000,3859.0,67506,2450200,2603448680.0,3860.0,233,3859.0,195
rb1805,20171222,20171221,210301500,3859.0,67744,2450202,2612635100.0,3860.0,132,3859.0,207
rb1805,20171222,20171221,210302000,3860.0,67844,2450254,2616495060.0,3860.0,192,3859.0,262
rb1805,20171222,20171221,210302500,3859.0,67924,2450250,2619582340.0,3860.0,188,3859.0,226
rb1805,20171222,20171221,210303000,3859.0,68152,2450300,2628382880.0,3860.0,126,3859.0,194
rb1805,20171222,20171221,210303500,3860.0,68160,2450294,2628691660.0,3860.0,118,3859.0,214
rb1805,20171222,20171221,210304000,3860.0,68168,2450294,2629000420.0,3860.0,117,3859.0,212
rb1805,20171222,20171221,210304500,3859.0,68176,2450292,2629309180.0,3860.0,117,3859.0,226
rb1805,20171222,20171221,210305000,3859.0,68438,2450218,2639420520.0,3860.0,131,3859.0,151
rb1805,20171222,20171221,210305500,3859.0,69304,2450930,2672839700.0,3859.0,80,3858.0,137
rb1805,20171222,20171221,210306000,3859.0,69354,2450954,2674769200.0,3859.0,163,3858.0,153
rb1805,20171222,20171221,210306500,3859.0,69468,2451054,2679168460.0,3859.0,124,3858.0,145
rb1805,20171222,20171221,210307000,3858.0,69634,2451176,2685572980.0,3859.0,142,3858.0,79
rb1805,20171222,20171221,210307500,3858.0,69764,2451184,2690589540.0,3859.0,136,3858.0,110
rb1805,20171222,20171221,210308000,3859.0,69776,2451182,2691052580.0,3859.0,113,3858.0,131
rb1805,20171222,20171221,210308500,3859.0,69908,2451176,2696145520.0,3859.0,115,3858.0,175
rb1805,20171222,20171221,210309000,3859.0,69912,2451178,2696299860.0,3859.0,112,3858.0,185
rb1805,20171222,20171221,210309500,3859.0,69974,2451188,2698692140.0,3859.0,103,3858.0,189
rb1805,20171222,20171221,210310000,3859.0,69992,2451182,2699386660.0,3859.0,101,3858.0,182
rb1805,20171222,20171221,210310500,3859.0,70132,2451174,2704789200.0,3859.0,41,3858.0,185
rb1805,20171222,20171221,210311000,3859.0,70260,2451082,2709728560.0,3860.0,333,3859.0,21
rb1805,20171222,20171221,210311500,3860.0,70286,2451080,2710732020.0,3860.0,342,3859.0,38
rb1805,20171222,20171221,210312000,3859.0,70376,2451062,2714205100.0,3859.0,1,3858.0,191
rb1805,20171222,20171221,210312500,3858.0,70430,2451066,2716288920.0,3859.0,1,3858.0,197
rb1805,20171222,20171221,210313000,3859.0,70454,2451066,2717215040.0,3859.0,6,3858.0,201
rb1805,20171222,20171221,210313500,3859.0,70552,2450976,2720996880.0,3860.0,303,3859.0,37
rb1805,20171222,20171221,210314000,3860.0,70570,2450980,2721691580.0,3860.0,300,3859.0,31
rb1805,20171222,20171221,210314500,3859.0,70630,2450966,2724007000.0,3860.0,298,3859.0,37
rb1805,20171222,20171221,210315000,3859.0,70734,2450954,2728020800.0,3860.0,295,3859.0,35
rb1805,20171222,20171221,210315500,3859.0,70740,2450954,2728252360.0,3860.0,298,3859.0,49
rb1805,20171222,20171221,210316000,3859.0,70782,2450968,2729873180.0,3860.0,306,3859.0,39
rb1805,20171222,20171221,210316500,3860.0,70816,2450976,2731185560.0,3860.0,292,3859.0,57
rb1805,20171222,20171221,210317000,3860.0,70840,2450992,2732111760.0,3860.0,292,3859.0,74
rb1805,20171222,20171221,210317500,3859.0,70852,2450996,2732574880.0,3860.0,286,3859.0,84
rb1805,20171222,20171221,210318000,3860.0,70902,2451036,2734504660.0,3860.0,273,3859.0,73
rb1805,20171222,20171221,210318500,3860.0,70978,2451040,2737438220.0,3860.0,240,3859.0,72
rb1805,20171222,20171221,210319000,3860.0,71010,2451042,2738673280.0,3860.0,237,3859.0,68
rb1805,20171222,20171221,210319500,3860.0,71116,2450948,2742764880.0,3860.0,194,3859.0,82
rb1805,20171222,20171221,210320000,3860.0,71214,2451034,2746547640.0,3860.0,148,3859.0,84
rb1805,20171222,20171221,210320500,3860.0,71324,2451142,2750793620.0,3860.0,87,3859.0,130
rb1805,20171222,20171221,210321000,3860.0,71522,2451152,2758436120.0,3860.0,10,3859.0,190
rb1805,20171222,20171221,210321500,3860.0,71554,2451164,2759671320.0,3861.0,552,3860.0,158
rb1805,20171222,20171221,210322000,3860.0,71598,2451188,2761369740.0,3861.0,552,3860.0,153
rb1805,20171222,20171221,210322500,3860.0,71608,2451196,2761755760.0,3861.0,551,3860.0,133
rb1805,20171222,20171221,210323000,3860.0,71620,2451202,2762218960.0,3861.0,552,3860.0,67
rb1805,20171222,20171221,210323500,3860.0,71666,2451248,2763994580.0,3861.0,555,3860.0,56
rb1805,20171222,20171221,210324000,3860.0,71718,2451284,2766002060.0,3861.0,546,3860.0,50
rb1805,20171222,20171221,210324500,3860.0,71736,2451300,2766696920.0,3861.0,544,3860.0,77
rb1805,20171222,20171221,210325000,3860.0,71790,2451302,2768781580.0,3861.0,531,3860.0,94
rb1805,20171222,20171221,210325500,3860.0,71812,2451308,2769630840.0,3861.0,528,3860.0,88
rb1805,20171222,20171221,210326000,3860.0,71860,2451306,2771484020.0,3861.0,511,3860.0,83
rb1805,20171222,20171221,210326500,3861.0,71874,2451306,2772024520.0,3861.0,507,3860.0,84
rb1805,20171222,20171221,210327000,3861.0,71938,2451316,2774495320.0,3861.0,492,3860.0,106
rb1805,20171222,20171221,210327500,3861.0,72000,2451322,2776888640.0,3861.0,501,3860.0,84
rb1805,20171222,20171221,210328000,3860.0,72018,2451336,2777583460.0,3861.0,501,3860.0,88
rb1805,20171222,20171221,210328500,3861.0,72048,2451338,2778741580.0,3861.0,497,3860.0,62
rb1805,20171222,20171221,210329000,3861.0,72092,2451334,2780440400.0,3861.0,477,3860.0,68
rb1805,20171222,20171221,210329500,3861.0,72124,2451336,2781675900.0,3861.0,461,3860.0,135
rb1805,20171222,20171221,210330000,3860.0,72144,2451334,2782448060.0,3861.0,466,3860.0,133
rb1805,20171222,20171221,210330500,3860.0,72168,2451338,2783374620.0,3861.0,459,3860.0,219
rb1805,20171222,20171221,210331000,3861.0,72188,2451334,2784146760.0,3861.0,458,3860.0,226
rb1805,20171222,20171221,210331500,3860.0,72192,2451336,2784301180.0,3861.0,458,3860.0,327
rb1805,20171222,20171221,210332000,3861.0,72340,2451304,2790015420.0,3861.0,391,3860.0,307
rb1805,20171222,20171221,210332500,3861.0,72438,2451248,2793799180.0,3861.0,358,3860.0,307
rb1805,20171222,20171221,210333000,3861.0,72976,2451222,2814570340.0,3861.0,140,3860.0,260
rb1805,20171222,20171221,210333500,3861.0,73136,2451308,2820747900.0,3861.0,62,3860.0,261
rb1805,20171222,20171221,210334000,3861.0,73494,2451228,2834570260.0,3862.0,1118,3861.0,361
rb1805,20171222,20171221,210334500,3861.0,73510,2451226,2835188120.0,3862.0,1015,3861.0,295
rb1805,20171222,20171221,210335000,3861.0,73536,2451230,2836192200.0,3862.0,1005,3861.0,317
rb1805,20171222,20171221,210335500,3861.0,73550,2451224,2836732780.0,3862.0,1004,3861.0,360
rb1805,20171222,20171221,210336000,3862.0,73624,2451242,2839590360.0,3862.0,982,3861.0,358
rb1805,20171222,20171221,210336500,3862.0,74024,2450980,2855037880.0,3862.0,806,3861.0,377
rb1805,20171222,20171221,210337000,3861.0,74182,2450908,2861139300.0,3862.0,757,3861.0,371
rb1805,20171222,20171221,210337500,3862.0,74256,2450884,2863996980.0,3862.0,733,3861.0,366
rb1805,20171222,20171221,210338000,3862.0,74286,2450890,2865155400.0,3862.0,728,3861.0,390
rb1805,20171222,20171221,210338500,3862.0,74366,2450864,2868244780.0,3862.0,700,3861.0,364
rb1805,20171222,20171221,210339000,3862.0,74480,2450862,2872646440.0,3862.0,810,3861.0,324
rb1805,20171222,20171221,210339500,3862.0,74510,2450858,2873804880.0,3862.0,808,3861.0,316
rb1805,20171222,20171221,210340000,3862.0,74554,2450850,2875504140.0,3862.0,793,3861.0,320
rb1805,20171222,20171221,210340500,3862.0,74600,2450842,2877280640.0,3862.0,774,3861.0,322
rb1805,20171222,20171221,210341000,3862.0,74676,2450818,2880215540.0,3862.0,749,3861.0,337
rb1805,20171222,20171221,210341500,3862.0,74744,2450812,2882841640.0,3862.0,722,3861.0,340
rb1805,20171222,20171221,210342000,3862.0,74780,2450786,2884231760.0,3862.0,722,3861.0,330
rb1805,20171222,20171221,210342500,3861.0,75216,2450420,2901069800.0,3862.0,525,3861.0,320
rb1805,20171222,20171221,210343000,3861.0,75278,2450418,2903464220.0,3862.0,505,3861.0,326
rb1805,20171222,20171221,210343500,3862.0,75286,2450416,2903773140.0,3862.0,503,3861.0,325
rb1805,20171222,20171221,210344000,3862.0,75384,2450404,2907557600.0,3862.0,472,3861.0,321
rb1805,20171222,20171221,210344500,3861.0,75622,2450188,2916749140.0,3862.0,371,3861.0,340
rb1805,20171222,20171221,210345000,3862.0,75662,2450166,2918293920.0,3862.0,362,3861.0,367
rb1805,20171222,20171221,210345500,3862.0,75676,2450170,2918834600.0,3862.0,357,3861.0,371
rb1805,20171222,20171221,210346000,3862.0,75714,2450152,2920302060.0,3862.0,361,3861.0,369
rb1805,20171222,20171221,210346500,3862.0,75738,2450144,2921228880.0,3862.0,372,3861.0,371
rb1805,20171222,20171221,210347000,3862.0,75756,2450138,2921924000.0,3862.0,369,3861.0,369
rb1805,20171222,20171221,210347500,3862.0,75814,2450106,2924163840.0,3862.0,359,3861.0,570
rb1805,20171222,20171221,210348000,3861.0,75896,2450112,2927330540.0,3862.0,329,3861.0,590
rb1805,20171222,20171221,210348500,3862.0,75904,2450110,2927639500.0,3862.0,340,3861.0,597
rb1805,20171222,20171221,210349000,3862.0,75936,2450106,2928875300.0,3862.0,333,3861.0,595
rb1805,20171222,20171221,210349500,3862.0,75978,2450102,2930497300.0,3862.0,327,3861.0,594
rb1805,20171222,20171221,210350000,3861.0,76212,2450276,2939532220.0,3862.0,479,3861.0,498
rb1805,20171222,20171221,210350500,3861.0,76300,2450308,2942930240.0,3862.0,469,3861.0,430
rb1805,20171222,20171221,210351000,3861.0,76560,2450286,2952969720.0,3862.0,470,3861.0,359
rb1805,20171222,20171221,210351500,3861.0,76674,2450298,2957371980.0,3862.0,442,3861.0,337
rb1805,20171222,20171221,210352000,3861.0,77262,2450410,2980075060.0,3862.0,429,3861.0,68
rb1805,20171222,20171221,210352500,3860.0,77428,2450472,2986484300.0,3861.0,239,3860.0,413
rb1805,20171222,20171221,210353000,3861.0,77496,2450488,2989109580.0,3861.0,412,3860.0,383
rb1805,20171222,20171221,210353500,3861.0,77508,2450486,2989572900.0,3861.0,422,3860.0,384
rb1805,20171222,20171221,210354000,3861.0,77522,2450486,2990113440.0,3861.0,420,3860.0,364
rb1805,20171222,20171221,210354500,3861.0,77534,2450486,2990576760.0,3861.0,416,3860.0,364
rb1805,20171222,20171221,210355000,3861.0,77610,2450522,2993510680.0,3861.0,404,3860.0,343
rb1805,20171222,20171221,210355500,3861.0,77690,2450528,2996599100.0,3861.0,390,3860.0,326
rb1805,20171222,20171221,210356000,3861.0,77736,2450508,2998375060.0,3861.0,375,3860.0,323
rb1805,20171222,20171221,210356500,3861.0,77800,2450530,3000845860.0,3861.0,361,3860.0,315
rb1805,20171222,20171221,210357000,3860.0,77928,2450614,3005787760.0,3861.0,306,3860.0,357
rb1805,20171222,20171221,210357500,3861.0,77980,2450592,3007795240.0,3861.0,293,3860.0,346
rb1805,20171222,20171221,210358000,3861.0,78004,2450586,3008721760.0,3861.0,292,3860.0,354
rb1805,20171222,20171221,210358500,3860.0,78062,2450556,3010961060.0,3861.0,376,3860.0,363
rb1805,20171222,20171221,210359000,3861.0,78110,2450572,3012814060.0,3861.0,391,3860.0,369
rb1805,20171222,20171221,210359500,3860.0,78148,2450552,3014280900.0,3861.0,395,3860.0,353
rb1805,20171222,20171221,210400000,3860.0,78228,2450514,3017369620.0,3861.0,439,3860.0,355
rb1805,20171222,20171221,210400500,3861.0,78506,2450554,3028103040.0,3861.0,322,3860.0,353
rb1805,20171222,20171221,210401000,3860.0,78828,2450576,3040533420.0,3861.0,309,3860.0,216
rb1805,20171222,20171221,210401500,3861.0,78880,2450626,3042540660.0,3861.0,312,3860.0,193
rb1805,20171222,20171221,210402000,3860.0,79074,2450694,3050029580.0,3861.0,423,3860.0,129
rb1805,20171222,20171221,210402500,3860.0,79374,2450958,3061609580.0,3860.0,36,3859.0,291
rb1805,20171222,20171221,210403000,3859.0,79416,2450982,3063230700.0,3860.0,322,3859.0,266
rb1805,20171222,20171221,210403500,3860.0,79592,2451034,3070023580.0,3860.0,336,3859.0,235
rb1805,20171222,20171221,210404000,3860.0,79654,2451020,3072416300.0,3860.0,383,3859.0,210
rb1805,20171222,20171221,210404500,3859.0,79880,2450950,3081137820.0,3860.0,372,3859.0,108
rb1805,20171222,20171221,210405000,3859.0,80172,2451042,3092407280.0,3860.0,319,3859.0,123
rb1805,20171222,20171221,210405500,3859.0,80248,2451066,3095340160.0,3860.0,317,3859.0,90
rb1805,20171222,20171221,210406000,3859.0,80462,2451064,3103598520.0,3859.0,40,3858.0,412
rb1805,20171222,20171221,210406500,3859.0,80638,2451128,3110390340.0,3859.0,181,3858.0,444
rb1805,20171222,20171221,210407000,3859.0,80690,2451100,3112397000.0,3859.0,188,3858.0,449
rb1805,20171222,20171221,210407500,3858.0,80758,2451098,3115021060.0,3859.0,194,3858.0,428
rb1805,20171222,20171221,210408000,3858.0,80830,2451106,3117799020.0,3859.0,193,3858.0,406
rb1805,20171222,20171221,210408500,3859.0,81072,2451188,3127137620.0,3859.0,106,3858.0,397
rb1805,20171222,20171221,210409000,3858.0,81322,2451190,3136784000.0,3859.0,53,3858.0,553
rb1805,20171222,20171221,210409500,3859.0,81440,2451114,3141337640.0,3860.0,181,3859.0,207
rb1805,20171222,20171221,210410000,3860.0,81516,2451168,3144271000.0,3860.0,151,3859.0,153
rb1805,20171222,20171221,210410500,3859.0,81564,2451204,3146123380.0,3860.0,161,3859.0,163
rb1805,20171222,20171221,210411000,3859.0,81706,2451178,3151603180.0,3860.0,161,3859.0,107
rb1805,20171222,20171221,210411500,3859.0,81766,2451168,3153918600.0,3860.0,180,3859.0,70
rb1805,20171222,20171221,210412000,3859.0,81908,2451132,3159398980.0,3860.0,239,3859.0,29
rb1805,20171222,20171221,210412500,3859.0,81960,2451124,3161405680.0,3860.0,242,3859.0,34
rb1805,20171222,20171221,210413000,3858.0,82062,2451146,3165341740.0,3859.0,114,3858.0,556
rb1805,20171222,20171221,210413500,3858.0,82178,2451212,3169817040.0,3859.0,171,3858.0,529
rb1805,20171222,20171221,210414000,3859.0,82226,2451234,3171669120.0,3859.0,175,3858.0,545
rb1805,20171222,20171221,210414500,3858.0,82254,2451248,3172749480.0,3859.0,176,3858.0,561
rb1805,20171222,20171221,210415000,3858.0,82314,2451270,3175064320.0,3859.0,195,3858.0,535
rb1805,20171222,20171221,210415500,3859.0,82574,2451284,3185097460.0,3859.0,78,3858.0,523
rb1805,20171222,20171221,210416000,3859.0,82750,2451182,3191889320.0,3860.0,223,3859.0,8
rb1805,20171222,20171221,210416500,3859.0,82852,2451180,3195824740.0,3859.0,12,3858.0,494
rb1805,20171222,20171221,210417000,3859.0,82886,2451198,3197136700.0,3859.0,61,3858.0,500
rb1805,20171222,20171221,210417500,3859.0,82924,2451180,3198603000.0,3859.0,52,3858.0,504
rb1805,20171222,20171221,210418000,3858.0,83052,2451092,3203542340.0,3859.0,7,3858.0,501
rb1805,20171222,20171221,210418500,3860.0,83130,2451068,3206552420.0,3860.0,237,3859.0,349
rb1805,20171222,20171221,210419000,3860.0,83220,2451112,3210025560.0,3860.0,224,3859.0,325
rb1805,20171222,20171221,210419500,3859.0,83338,2451072,3214579500.0,3860.0,203,3859.0,229
rb1805,20171222,20171221,210420000,3859.0,83526,2451024,3221834520.0,3860.0,178,3859.0,144
rb1805,20171222,20171221,210420500,3859.0,83570,2451048,3223532820.0,3860.0,182,3859.0,215
rb1805,20171222,20171221,210421000,3859.0,83608,2451072,3224999340.0,3860.0,281,3859.0,205
rb1805,20171222,20171221,210421500,3859.0,83754,2451154,3230633600.0,3860.0,295,3859.0,155
rb1805,20171222,20171221,210422000,3859.0,83894,2451190,3236036300.0,3860.0,293,3859.0,93
rb1805,20171222,20171221,210422500,3859.0,84172,2451092,3246765380.0,3860.0,245,3859.0,17
rb1805,20171222,20171221,210423000,3859.0,84412,2451186,3256026880.0,3860.0,247,3859.0,327
rb1805,20171222,20171221,210423500,3859.0,84782,2451298,3270305200.0,3860.0,263,3859.0,146
rb1805,20171222,20171221,210424000,3860.0,84846,2451362,3272775020.0,3860.0,262,3859.0,138
rb1805,20171222,20171221,210424500,3860.0,84888,2451394,3274395900.0,3860.0,260,3859.0,265
rb1805,20171222,20171221,210425000,3859.0,85132,2451314,3283814100.0,3860.0,152,3859.0,270
rb1805,20171222,20171221,210425500,3860.0,85458,2451568,3296397700.0,3861.0,268,3860.0,359
rb1805,20171222,20171221,210426000,3860.0,85740,2451574,3307282900.0,3861.0,268,3860.0,230
rb1805,20171222,20171221,210426500,3860.0,85802,2451572,3309676160.0,3861.0,272,3860.0,254
rb1805,20171222,20171221,210427000,3860.0,85834,2451596,3310911360.0,3861.0,277,3860.0,237
rb1805,20171222,20171221,210427500,3860.0,85884,2451606,3312841440.0,3861.0,273,3860.0,174
rb1805,20171222,20171221,210428000,3860.0,85920,2451638,3314231080.0,3861.0,275,3860.0,109
rb1805,20171222,20171221,210428500,3860.0,86120,2451804,3321951180.0,3861.0,271,3860.0,14
rb1805,20171222,20171221,210429000,3860.0,86166,2451798,3323726660.0,3860.0,60,3859.0,315
rb1805,20171222,20171221,210429500,3859.0,86540,2451666,3338160080.0,3860.0,40,3859.0,171
rb1805,20171222,20171221,210430000,3860.0,86550,2451664,3338546060.0,3860.0,90,3859.0,175
rb1805,20171222,20171221,210430500,3860.0,86556,2451664,3338777640.0,3860.0,101,3859.0,178
rb1805,20171222,20171221,210431000,3859.0,86564,2451662,3339086420.0,3860.0,106,3859.0,222
rb1805,20171222,20171221,210431500,3859.0,86658,2451634,3342714740.0,3860.0,64,3859.0,198
rb1805,20171222,20171221,210432000,3859.0,86814,2451636,3348736280.0,3860.0,5,3859.0,195
rb1805,20171222,20171221,210432500,3860.0,86840,2451658,3349739880.0,3861.0,301,3860.0,150
rb1805,20171222,20171221,210433000,3860.0,86886,2451650,3351515480.0,3861.0,305,3860.0,133
rb1805,20171222,20171221,210433500,3861.0,87002,2451636,3355993400.0,3861.0,317,3860.0,131
rb1805,20171222,20171221,210434000,3860.0,87064,2451686,3358386640.0,3861.0,320,3860.0,127
rb1805,20171222,20171221,210434500,3861.0,87196,2451650,3363481860.0,3861.0,320,3860.0,20
rb1805,20171222,20171221,210435000,3860.0,87256,2451614,3365797860.0,3860.0,41,3859.0,329
rb1805,20171222,20171221,210435500,3860.0,87388,2451614,3370892060.0,3860.0,51,3859.0,280
rb1805,20171222,20171221,210436000,3860.0,87398,2451614,3371278060.0,3860.0,73,3859.0,283
rb1805,20171222,20171221,210436500,3859.0,87410,2451606,3371741220.0,3860.0,78,3859.0,232
rb1805,20171222,20171221,210437000,3859.0,87430,2451606,3372513080.0,3860.0,82,3859.0,230
rb1805,20171222,20171221,210437500,3859.0,87460,2451598,3373670880.0,3860.0,78,3859.0,226
rb1805,20171222,20171221,210438000,3860.0,87516,2451636,3375832100.0,3860.0,80,3859.0,212
rb1805,20171222,20171221,210438500,3860.0,87566,2451680,3377762080.0,3860.0,56,3859.0,213
rb1805,20171222,20171221,210439000,3860.0,87608,2451718,3379383200.0,3860.0,40,3859.0,214
rb1805,20171222,20171221,210439500,3860.0,87714,2451680,3383474800.0,3861.0,381,3860.0,24
rb1805,20171222,20171221,210440000,3860.0,87740,2451674,3384478400.0,3861.0,383,3860.0,19
rb1805,20171222,20171221,210440500,3860.0,87786,2451678,3386254000.0,3861.0,381,3860.0,13
rb1805,20171222,20171221,210441000,3859.0,87868,2451676,3389419080.0,3860.0,22,3859.0,233
rb1805,20171222,20171221,210441500,3860.0,87882,2451676,3389959460.0,3860.0,28,3859.0,234
rb1805,20171222,20171221,210442000,3859.0,87954,2451676,3392738200.0,3860.0,56,3859.0,211
rb1805,20171222,20171221,210442500,3860.0,87976,2451696,3393587380.0,3860.0,29,3859.0,217
rb1805,20171222,20171221,210443000,3859.0,87994,2451684,3394282020.0,3860.0,54,3859.0,217
rb1805,20171222,20171221,210443500,3859.0,88074,2451652,3397369540.0,3860.0,40,3859.0,211
rb1805,20171222,20171221,210444000,3860.0,88160,2451622,3400688460.0,3860.0,36,3859.0,220
rb1805,20171222,20171221,210444500,3860.0,88208,2451624,3402541020.0,3860.0,39,3859.0,210
rb1805,20171222,20171221,210445000,3860.0,88232,2451646,3403467220.0,3860.0,47,3859.0,215
rb1805,20171222,20171221,210445500,3860.0,88330,2451610,3407249960.0,3860.0,14,3859.0,217
rb1805,20171222,20171221,210446000,3860.0,88354,2451632,3408176360.0,3860.0,138,3859.0,234
rb1805,20171222,20171221,210446500,3860.0,88376,2451638,3409025500.0,3860.0,140,3859.0,231
rb1805,20171222,20171221,210447000,3859.0,88380,2451638,3409179880.0,3860.0,179,3859.0,232
rb1805,20171222,20171221,210447500,3859.0,88418,2451638,3410646580.0,3860.0,218,3859.0,227
rb1805,20171222,20171221,210448000,3860.0,88578,2451636,3416821520.0,3860.0,191,3859.0,174
rb1805,20171222,20171221,210448500,3859.0,88584,2451638,3417053080.0,3860.0,195,3859.0,177
rb1805,20171222,20171221,210449000,3860.0,88632,2451636,3418905640.0,3860.0,190,3859.0,187
rb1805,20171222,20171221,210449500,3859.0,88782,2451524,3424695380.0,3860.0,144,3859.0,175
rb1805,20171222,20171221,210450000,3859.0,88804,2451530,3425544420.0,3860.0,126,3859.0,167
rb1805,20171222,20171221,210450500,3860.0,88950,2451580,3431179920.0,3860.0,58,3859.0,166
rb1805,20171222,20171221,210451000,3860.0,89162,2451506,3439361100.0,3860.0,56,3859.0,68
rb1805,20171222,20171221,210451500,3859.0,89174,2451518,3439824260.0,3860.0,86,3859.0,66
rb1805,20171222,20171221,210452000,3860.0,89208,2451550,3441136520.0,3860.0,81,3859.0,79
rb1805,20171222,20171221,210452500,3860.0,89238,2451568,3442294460.0,3860.0,135,3859.0,76
rb1805,20171222,20171221,210453000,3860.0,89540,2451522,3453951440.0,3861.0,418,3860.0,18
rb1805,20171222,20171221,210453500,3860.0,89596,2451564,3456113080.0,3860.0,93,3859.0,156
rb1805,20171222,20171221,210454000,3859.0,89618,2451568,3456962120.0,3860.0,93,3859.0,166
rb1805,20171222,20171221,210454500,3860.0,89642,2451570,3457888480.0,3860.0,94,3859.0,219
rb1805,20171222,20171221,210455000,3860.0,89670,2451598,3458969240.0,3860.0,145,3859.0,200
rb1805,20171222,20171221,210455500,3859.0,89712,2451606,3460590340.0,3860.0,143,3859.0,174
rb1805,20171222,20171221,210456000,3860.0,89718,2451610,3460821900.0,3860.0,147,3859.0,164
rb1805,20171222,20171221,210456500,3859.0,89838,2451592,3465452940.0,3860.0,139,3859.0,116
rb1805,20171222,20171221,210457000,3859.0,90124,2451732,3476489680.0,3860.0,143,3859.0,13
rb1805,20171222,20171221,210457500,3859.0,90158,2451736,3477801740.0,3859.0,136,3858.0,712
rb1805,20171222,20171221,210458000,3859.0,90196,2451774,3479268160.0,3859.0,157,3858.0,710
rb1805,20171222,20171221,210458500,3858.0,90200,2451774,3479422500.0,3859.0,159,3858.0,711
rb1805,20171222,20171221,210459000,3859.0,90218,2451790,3480117120.0,3859.0,153,3858.0,712
rb1805,20171222,20171221,210459500,3858.0,90246,2451816,3481197620.0,3859.0,104,3858.0,707
rb1805,20171222,20171221,210500000,3859.0,90318,2451798,3483976000.0,3859.0,107,3858.0,713
rb1805,20171222,20171221,210500500,3859.0,90352,2451782,3485287800.0,3859.0,112,3858.0,711
rb1805,20171222,20171221,210501000,3859.0,90578,2451800,3494008600.0,3859.0,42,3858.0,685
rb1805,20171222,20171221,210501500,3859.0,90682,2451720,3498021800.0,3860.0,207,3859.0,85
rb1805,20171222,20171221,210502000,3859.0,90838,2451686,3504041840.0,3860.0,196,3859.0,21
rb1805,20171222,20171221,210502500,3859.0,90900,2451692,3506434420.0,3860.0,341,3859.0,106
rb1805,20171222,20171221,210503000,3859.0,90944,2451676,3508132480.0,3860.0,337,3859.0,97
rb1805,20171222,20171221,210503500,3859.0,90976,2451678,3509367380.0,3860.0,352,3859.0,135
rb1805,20171222,20171221,210504000,3860.0,90988,2451678,3509830540.0,3860.0,388,3859.0,135
rb1805,20171222,20171221,210504500,3859.0,91296,2451770,3521716220.0,3859.0,355,3858.0,681
rb1805,20171222,20171221,210505000,3859.0,91308,2451776,3522179280.0,3859.0,374,3858.0,669
rb1805,20171222,20171221,210505500,3858.0,91312,2451776,3522333620.0,3859.0,376,3858.0,669
rb1805,20171222,20171221,210506000,3859.0,91330,2451790,3523028200.0,3859.0,369,3858.0,666
rb1805,20171222,20171221,210506500,3858.0,91336,2451794,3523259700.0,3859.0,349,3858.0,688
rb1805,20171222,20171221,210507000,3859.0,91358,2451812,3524108600.0,3859.0,343,3858.0,689
rb1805,20171222,20171221,210507500,3858.0,91474,2451804,3528583940.0,3859.0,391,3858.0,641
rb1805,20171222,20171221,210508000,3858.0,91510,2451818,3529972940.0,3859.0,407,3858.0,611
rb1805,20171222,20171221,210508500,3859.0,91536,2451844,3530976260.0,3859.0,397,3858.0,626
rb1805,20171222,20171221,210509000,3858.0,91632,2451858,3534679980.0,3859.0,419,3858.0,582
rb1805,20171222,20171221,210509500,3859.0,91656,2451870,3535606020.0,3859.0,415,3858.0,627
rb1805,20171222,20171221,210510000,3858.0,91688,2451900,3536840780.0,3859.0,406,3858.0,622
rb1805,20171222,20171221,210510500,3859.0,91708,2451920,3537612580.0,3859.0,377,3858.0,642
rb1805,20171222,20171221,210511000,3858.0,91724,2451930,3538229940.0,3859.0,373,3858.0,641
rb1805,20171222,20171221,210511500,3858.0,91754,2451960,3539387380.0,3859.0,371,3858.0,629
rb1805,20171222,20171221,210512000,3858.0,91970,2452158,3547722680.0,3859.0,290,3858.0,603
rb1805,20171222,20171221,210512500,3858.0,91980,2452164,3548108560.0,3859.0,270,3858.0,619
rb1805,20171222,20171221,210513000,3858.0,92562,2452000,3570567360.0,3859.0,9,3858.0,592
rb1805,20171222,20171221,210513500,3859.0,92594,2451982,3571802240.0,3860.0,498,3859.0,132
rb1805,20171222,20171221,210514000,3859.0,92750,2451978,3577822280.0,3860.0,497,3859.0,54
rb1805,20171222,20171221,210514500,3859.0,92760,2451984,3578208220.0,3860.0,496,3859.0,83
rb1805,20171222,20171221,210515000,3859.0,92764,2451988,3578362580.0,3860.0,520,3859.0,84
rb1805,20171222,20171221,210515500,3859.0,92778,2451996,3578902860.0,3860.0,520,3859.0,82
rb1805,20171222,20171221,210516000,3859.0,92966,2451932,3586157780.0,3859.0,78,3858.0,638
rb1805,20171222,20171221,210516500,3858.0,92970,2451932,3586312120.0,3859.0,103,3858.0,639
rb1805,20171222,20171221,210517000,3859.0,93022,2451928,3588318720.0,3859.0,87,3858.0,640
rb1805,20171222,20171221,210517500,3858.0,93028,2451928,3588550240.0,3859.0,102,3858.0,635
rb1805,20171222,20171221,210518000,3858.0,93032,2451926,3588704560.0,3859.0,114,3858.0,636
rb1805,20171222,20171221,210518500,3859.0,93090,2451884,3590942320.0,3859.0,117,3858.0,614
rb1805,20171222,20171221,210519000,3859.0,93090,2451884,3590942320.0,3859.0,128,3858.0,642
rb1805,20171222,20171221,210519500,3859.0,93442,2452064,3604525980.0,3860.0,536,3859.0,326
rb1805,20171222,20171221,210520000,3859.0,93634,2452242,3611935260.0,3860.0,537,3859.0,731
rb1805,20171222,20171221,210520500,3859.0,93652,2452250,3612629940.0,3860.0,518,3859.0,803
rb1805,20171222,20171221,210521000,3859.0,93812,2452230,3618805920.0,3860.0,408,3859.0,806
rb1805,20171222,20171221,210521500,3860.0,94034,2452358,3627374920.0,3860.0,309,3859.0,796
rb1805,20171222,20171221,210522000,3859.0,94078,2452362,3629072920.0,3860.0,308,3859.0,782
rb1805,20171222,20171221,210522500,3860.0,94094,2452370,3629690420.0,3860.0,305,3859.0,780
rb1805,20171222,20171221,210523000,3859.0,94162,2452412,3632314540.0,3860.0,306,3859.0,748
rb1805,20171222,20171221,210523500,3860.0,94164,2452414,3632391740.0,3860.0,346,3859.0,730
rb1805,20171222,20171221,210524000,3859.0,94178,2452422,3632932000.0,3860.0,347,3859.0,729
rb1805,20171222,20171221,210524500,3860.0,94220,2452454,3634553120.0,3860.0,327,3859.0,726
rb1805,20171222,20171221,210525000,3860.0,94362,2452594,3640034220.0,3860.0,243,3859.0,741
rb1805,20171222,20171221,210525500,3860.0,94942,2452906,3662422220.0,3861.0,420,3860.0,342
rb1805,20171222,20171221,210526000,3861.0,95072,2452918,3667441200.0,3861.0,353,3860.0,346
rb1805,20171222,20171221,210526500,3860.0,95132,2452954,3669757340.0,3861.0,359,3860.0,360
rb1805,20171222,20171221,210527000,3860.0,95156,2452956,3670683880.0,3861.0,346,3860.0,492
rb1805,20171222,20171221,210527500,3861.0,95186,2452966,3671841980.0,3861.0,342,3860.0,534
rb1805,20171222,20171221,210528000,3860.0,95236,2452934,3673771980.0,3861.0,343,3860.0,511
rb1805,20171222,20171221,210528500,3861.0,95290,2452914,3675856620.0,3861.0,332,3860.0,487
rb1805,20171222,20171221,210529000,3861.0,95400,2452836,3680103240.0,3861.0,321,3860.0,443
rb1805,20171222,20171221,210529500,3861.0,95424,2452826,3681029720.0,3861.0,317,3860.0,433
rb1805,20171222,20171221,210530000,3861.0,95454,2452822,3682187900.0,3861.0,313,3860.0,428
rb1805,20171222,20171221,210530500,3861.0,95548,2452872,3685817220.0,3861.0,258,3860.0,447
rb1805,20171222,20171221,210531000,3861.0,95566,2452880,3686512140.0,3861.0,252,3860.0,394
rb1805,20171222,20171221,210531500,3861.0,95780,2452800,3694772920.0,3861.0,206,3860.0,309
rb1805,20171222,20171221,210532000,3860.0,95818,2452822,3696239960.0,3861.0,194,3860.0,403
rb1805,20171222,20171221,210532500,3861.0,96178,2452678,3710139560.0,3861.0,17,3860.0,423
rb1805,20171222,20171221,210533000,3861.0,96230,2452706,3712147300.0,3862.0,633,3861.0,260
rb1805,20171222,20171221,210533500,3861.0,96314,2452738,3715390620.0,3862.0,623,3861.0,245
rb1805,20171222,20171221,210534000,3861.0,96400,2452676,3718711080.0,3862.0,643,3861.0,234
rb1805,20171222,20171221,210534500,3861.0,96622,2452598,3727284500.0,3862.0,543,3861.0,277
rb1805,20171222,20171221,210535000,3862.0,96636,2452598,3727825120.0,3862.0,518,3861.0,295
rb1805,20171222,20171221,210535500,3862.0,96810,2452540,3734544840.0,3862.0,449,3861.0,288
rb1805,20171222,20171221,210536000,3861.0,96998,2452580,3741803880.0,3862.0,435,3861.0,220
rb1805,20171222,20171221,210536500,3861.0,97058,2452600,3744120960.0,3862.0,412,3861.0,227
rb1805,20171222,20171221,210537000,3862.0,97108,2452624,3746051800.0,3862.0,395,3861.0,220
rb1805,20171222,20171221,210537500,3862.0,97128,2452634,3746824160.0,3862.0,389,3861.0,222
rb1805,20171222,20171221,210538000,3862.0,97156,2452624,3747905460.0,3862.0,380,3861.0,245
rb1805,20171222,20171221,210538500,3862.0,97176,2452626,3748677840.0,3862.0,379,3861.0,249
rb1805,20171222,20171221,210539000,3862.0,97204,2452638,3749759180.0,3862.0,372,3861.0,250
rb1805,20171222,20171221,210539500,3862.0,97258,2452654,3751844460.0,3862.0,366,3861.0,249
rb1805,20171222,20171221,210540000,3861.0,97266,2452660,3752153340.0,3862.0,366,3861.0,234
rb1805,20171222,20171221,210540500,3862.0,97312,2452656,3753929800.0,3862.0,346,3861.0,233
rb1805,20171222,20171221,210541000,3861.0,97540,2452630,3762733420.0,3862.0,323,3861.0,141
rb1805,20171222,20171221,210541500,3862.0,97568,2452610,3763814780.0,3862.0,326,3861.0,163
rb1805,20171222,20171221,210542000,3862.0,97762,2452614,3771306060.0,3862.0,290,3861.0,112
rb1805,20171222,20171221,210542500,3861.0,97774,2452616,3771769400.0,3862.0,287,3861.0,417
rb1805,20171222,20171221,210543000,3862.0,97814,2452618,3773314140.0,3862.0,291,3861.0,419
rb1805,20171222,20171221,210543500,3862.0,97840,2452624,3774318200.0,3862.0,311,3861.0,418
rb1805,20171222,20171221,210544000,3862.0,98098,2452672,3784282140.0,3862.0,183,3861.0,419
rb1805,20171222,20171221,210544500,3862.0,98152,2452686,3786367600.0,3862.0,180,3861.0,423
rb1805,20171222,20171221,210545000,3862.0,98202,2452728,3788298420.0,3862.0,164,3861.0,467
rb1805,20171222,20171221,210545500,3862.0,98232,2452748,3789456860.0,3862.0,171,3861.0,461
rb1805,20171222,20171221,210546000,3862.0,98306,2452748,3792314720.0,3862.0,136,3861.0,466
rb1805,20171222,20171221,210546500,3862.0,98438,2452834,3797412540.0,3862.0,80,3861.0,465
rb1805,20171222,20171221,210547000,3862.0,98498,2452848,3799729440.0,3862.0,81,3861.0,448
rb1805,20171222,20171221,210547500,3862.0,98582,2452844,3802973480.0,3862.0,135,3861.0,449
rb1805,20171222,20171221,210548000,3862.0,98624,2452860,3804595480.0,3862.0,153,3861.0,447
rb1805,20171222,20171221,210548500,3862.0,98694,2452842,3807298860.0,3862.0,142,3861.0,446
rb1805,20171222,20171221,210549000,3861.0,98708,2452844,3807839480.0,3862.0,157,3861.0,442
rb1805,20171222,20171221,210549500,3862.0,98804,2452852,3811546920.0,3862.0,123,3861.0,444
rb1805,20171222,20171221,210550000,3861.0,98862,2452864,3813786660.0,3862.0,107,3861.0,445
rb1805,20171222,20171221,210550500,3862.0,98938,2452834,3816721740.0,3862.0,93,3861.0,445
rb1805,20171222,20171221,210551000,3862.0,98958,2452832,3817494140.0,3862.0,92,3861.0,447
rb1805,20171222,20171221,210551500,3862.0,99034,2452834,3820429240.0,3862.0,56,3861.0,448
rb1805,20171222,20171221,210552000,3862.0,99056,2452852,3821278860.0,3862.0,69,3861.0,447
rb1805,20171222,20171221,210552500,3862.0,99334,2453028,3832015220.0,3863.0,604,3862.0,273
rb1805,20171222,20171221,210553000,3862.0,99480,2453116,3837653840.0,3863.0,572,3862.0,219
rb1805,20171222,20171221,210553500,3862.0,99528,2453164,3839507600.0,3863.0,575,3862.0,200
rb1805,20171222,20171221,210554000,3863.0,99556,2453192,3840589000.0,3863.0,576,3862.0,193
rb1805,20171222,20171221,210554500,3863.0,99984,2453214,3857120800.0,3863.0,466,3862.0,114
rb1805,20171222,20171221,210555000,3862.0,100066,2453208,3860288180.0,3863.0,439,3862.0,100
rb1805,20171222,20171221,210555500,3862.0,100162,2453226,3863995920.0,3863.0,536,3862.0,79
rb1805,20171222,20171221,210556000,3862.0,100188,2453248,3865000220.0,3863.0,527,3862.0,77
rb1805,20171222,20171221,210556500,3863.0,100220,2453258,3866236200.0,3863.0,525,3862.0,68
rb1805,20171222,20171221,210557000,3863.0,100268,2453274,3868090200.0,3863.0,516,3862.0,63
rb1805,20171222,20171221,210557500,3863.0,100302,2453276,3869403560.0,3863.0,521,3862.0,62
rb1805,20171222,20171221,210558000,3862.0,100356,2453248,3871489420.0,3863.0,505,3862.0,57
rb1805,20171222,20171221,210558500,3863.0,100470,2453250,3875893220.0,3863.0,453,3862.0,78
rb1805,20171222,20171221,210559000,3863.0,100602,2453190,3880992060.0,3863.0,404,3862.0,90
rb1805,20171222,20171221,210559500,3863.0,100658,2453238,3883155040.0,3863.0,372,3862.0,96
rb1805,20171222,20171221,210600000,3862.0,100752,2453292,3886786160.0,3863.0,337,3862.0,102
rb1805,20171222,20171221,210600500,3863.0,100832,2453324,3889876380.0,3863.0,337,3862.0,95
rb1805,20171222,20171221,210601000,3863.0,100904,2453376,3892657500.0,3863.0,313,3862.0,83
rb1805,20171222,20171221,210601500,3863.0,100968,2453436,3895129480.0,3863.0,300,3862.0,85
rb1805,20171222,20171221,210602000,3863.0,101012,2453462,3896829120.0,3863.0,284,3862.0,89
rb1805,20171222,20171221,210602500,3862.0,101120,2453534,3901000540.0,3863.0,383,3862.0,109
rb1805,20171222,20171221,210603000,3863.0,101208,2453532,3904399720.0,3863.0,353,3862.0,104
rb1805,20171222,20171221,210603500,3862.0,101246,2453548,3905867360.0,3863.0,353,3862.0,93
rb1805,20171222,20171221,210604000,3862.0,101328,2453552,3909034880.0,3863.0,331,3862.0,174
rb1805,20171222,20171221,210604500,3863.0,101424,2453578,3912742920.0,3863.0,285,3862.0,169
rb1805,20171222,20171221,210605000,3863.0,101464,2453568,3914288080.0,3863.0,267,3862.0,181
rb1805,20171222,20171221,210605500,3862.0,101504,2453566,3915833220.0,3863.0,251,3862.0,184
rb1805,20171222,20171221,210606000,3863.0,101552,2453584,3917687160.0,3863.0,273,3862.0,207
rb1805,20171222,20171221,210606500,3862.0,101804,2453722,3927421780.0,3863.0,157,3862.0,210
rb1805,20171222,20171221,210607000,3862.0,101848,2453718,3929121440.0,3863.0,159,3862.0,200
rb1805,20171222,20171221,210607500,3863.0,101982,2453624,3934297720.0,3863.0,102,3862.0,208
rb1805,20171222,20171221,210608000,3862.0,102046,2453608,3936769920.0,3863.0,113,3862.0,233
rb1805,20171222,20171221,210608500,3863.0,102062,2453616,3937387900.0,3863.0,130,3862.0,230
rb1805,20171222,20171221,210609000,3863.0,102090,2453622,3938469520.0,3863.0,251,3862.0,224
rb1805,20171222,20171221,210609500,3862.0,102156,2453604,3941019020.0,3863.0,223,3862.0,269
rb1805,20171222,20171221,210610000,3863.0,102236,2453634,3944109200.0,3863.0,235,3862.0,266
rb1805,20171222,20171221,210610500,3863.0,102290,2453676,3946195200.0,3863.0,214,3862.0,266
rb1805,20171222,20171221,210611000,3863.0,102364,2453748,3949053160.0,3863.0,228,3862.0,239
rb1805,20171222,20171221,210611500,3863.0,102406,2453752,3950675240.0,3863.0,229,3862.0,234
rb1805,20171222,20171221,210612000,3862.0,102588,2453822,3957705760.0,3863.0,210,3862.0,228
rb1805,20171222,20171221,210612500,3863.0,102738,2453926,3963499960.0,3863.0,174,3862.0,220
rb1805,20171222,20171221,210613000,3863.0,102778,2453954,3965044840.0,3863.0,194,3862.0,218
rb1805,20171222,20171221,210613500,3863.0,102826,2453996,3966899000.0,3863.0,250,3862.0,218
rb1805,20171222,20171221,210614000,3863.0,102836,2454004,3967285260.0,3863.0,261,3862.0,219
rb1805,20171222,20171221,210614500,3862.0,102994,2454112,3973388720.0,3863.0,189,3862.0,223
rb1805,20171222,20171221,210615000,3863.0,103064,2454168,3976092680.0,3863.0,155,3862.0,239
rb1805,20171222,20171221,210615500,3862.0,103550,2454040,3994862020.0,3862.0,213,3861.0,593
rb1805,20171222,20171221,210616000,3861.0,103604,2454040,3996947460.0,3862.0,213,3861.0,592
rb1805,20171222,20171221,210616500,3862.0,103664,2454030,3999264640.0,3862.0,208,3861.0,593
rb1805,20171222,20171221,210617000,3862.0,103680,2454028,3999882520.0,3862.0,275,3861.0,537
rb1805,20171222,20171221,210617500,3861.0,103716,2454030,4001272720.0,3862.0,275,3861.0,532
rb1805,20171222,20171221,210618000,3861.0,103762,2454054,4003048940.0,3862.0,262,3861.0,517
rb1805,20171222,20171221,210618500,3862.0,103802,2454056,4004593640.0,3862.0,268,3861.0,512
rb1805,20171222,20171221,210619000,3861.0,103816,2454050,4005134260.0,3862.0,267,3861.0,509
rb1805,20171222,20171221,210619500,3861.0,103854,2454048,4006601800.0,3862.0,251,3861.0,511
rb1805,20171222,20171221,210620000,3861.0,103884,2454022,4007760120.0,3862.0,281,3861.0,499
rb1805,20171222,20171221,210620500,3862.0,103906,2454014,4008609640.0,3862.0,283,3861.0,494
rb1805,20171222,20171221,210621000,3861.0,103926,2454012,4009381860.0,3862.0,307,3861.0,542
rb1805,20171222,20171221,210621500,3861.0,103954,2454012,4010463080.0,3862.0,302,3861.0,533
rb1805,20171222,20171221,210622000,3861.0,103996,2453970,4012084700.0,3862.0,304,3861.0,516
rb1805,20171222,20171221,210622500,3862.0,104008,2453970,4012548140.0,3862.0,300,3861.0,516
rb1805,20171222,20171221,210623000,3862.0,104222,2453806,4020812800.0,3862.0,196,3861.0,525
rb1805,20171222,20171221,210623500,3862.0,104340,2453796,4025369860.0,3862.0,124,3861.0,520
rb1805,20171222,20171221,210624000,3862.0,104340,2453796,4025369860.0,3862.0,137,3861.0,524
rb1805,20171222,20171221,210624500,3861.0,104428,2453786,4028768380.0,3862.0,95,3861.0,525
rb1805,20171222,20171221,210625000,3862.0,104656,2453842,4037573740.0,3862.0,12,3861.0,627
rb1805,20171222,20171221,210625500,3862.0,104700,2453848,4039273020.0,3863.0,236,3862.0,191
rb1805,20171222,20171221,210626000,3862.0,104940,2454068,4048541840.0,3863.0,217,3862.0,137
rb1805,20171222,20171221,210626500,3862.0,104960,2454078,4049314260.0,3863.0,236,3862.0,184
rb1805,20171222,20171221,210627000,3862.0,104988,2454080,4050395740.0,3863.0,213,3862.0,218
rb1805,20171222,20171221,210627500,3862.0,105022,2454076,4051708900.0,3863.0,210,3862.0,208
rb1805,20171222,20171221,210628000,3863.0,105066,2454072,4053408300.0,3863.0,206,3862.0,201
rb1805,20171222,20171221,210628500,3862.0,105112,2454066,4055185040.0,3863.0,222,3862.0,202
rb1805,20171222,20171221,210629000,3862.0,105156,2454040,4056884340.0,3863.0,223,3862.0,198
rb1805,20171222,20171221,210629500,3862.0,105186,2454028,4058043020.0,3863.0,220,3862.0,207
rb1805,20171222,20171221,210630000,3862.0,105410,2454070,4066695980.0,3863.0,114,3862.0,194
rb1805,20171222,20171221,210630500,3863.0,105652,2454202,4076044440.0,3864.0,772,3863.0,52
rb1805,20171222,20171221,210631000,3863.0,105720,2454230,4078671600.0,3864.0,762,3863.0,101
rb1805,20171222,20171221,210631500,3863.0,105762,2454226,4080294120.0,3864.0,760,3863.0,189
rb1805,20171222,20171221,210632000,3863.0,105824,2454194,4082689200.0,3864.0,759,3863.0,181
rb1805,20171222,20171221,210632500,3864.0,105872,2454210,4084543660.0,3864.0,911,3863.0,197
rb1805,20171222,20171221,210633000,3863.0,106966,2454190,4126812960.0,3864.0,512,3863.0,62
rb1805,20171222,20171221,210633500,3863.0,107094,2454276,4131758780.0,3864.0,436,3863.0,89
rb1805,20171222,20171221,210634000,3863.0,107248,2454390,4137709020.0,3864.0,376,3863.0,193
rb1805,20171222,20171221,210634500,3864.0,108174,2455050,4173489660.0,3865.0,1239,3864.0,145
rb1805,20171222,20171221,210635000,3864.0,108242,2455082,4176117420.0,3865.0,1247,3864.0,285
rb1805,20171222,20171221,210635500,3864.0,108450,2455100,4184156540.0,3865.0,1146,3864.0,315
rb1805,20171222,20171221,210636000,3864.0,108676,2455130,4192891160.0,3865.0,1034,3864.0,315
rb1805,20171222,20171221,210636500,3864.0,108708,2455136,4194127860.0,3865.0,1032,3864.0,323
rb1805,20171222,20171221,210637000,3865.0,108942,2455138,4203171920.0,3865.0,913,3864.0,329
rb1805,20171222,20171221,210637500,3864.0,109260,2455248,4215461820.0,3865.0,879,3864.0,299
rb1805,20171222,20171221,210638000,3865.0,109398,2455306,4220795060.0,3865.0,835,3864.0,291
rb1805,20171222,20171221,210638500,3865.0,109496,2455338,4224582580.0,3865.0,821,3864.0,406
rb1805,20171222,20171221,210639000,3865.0,109622,2455418,4229452280.0,3865.0,771,3864.0,576
rb1805,20171222,20171221,210639500,3864.0,109998,2455398,4243983540.0,3865.0,697,3864.0,610
rb1805,20171222,20171221,210640000,3865.0,110302,2455338,4255731080.0,3865.0,638,3864.0,506
rb1805,20171222,20171221,210640500,3865.0,110526,2455496,4264388640.0,3865.0,533,3864.0,505
rb1805,20171222,20171221,210641000,3865.0,110884,2455710,4278223040.0,3865.0,477,3864.0,415
rb1805,20171222,20171221,210641500,3865.0,111030,2455680,4283864900.0,3865.0,464,3864.0,363
rb1805,20171222,20171221,210642000,3865.0,111082,2455702,4285874680.0,3865.0,440,3864.0,362
rb1805,20171222,20171221,210642500,3865.0,111180,2455740,4289662280.0,3865.0,420,3864.0,373
rb1805,20171222,20171221,210643000,3864.0,111334,2455704,4295614040.0,3865.0,381,3864.0,383
rb1805,20171222,20171221,210643500,3865.0,112114,2455444,4325760980.0,3866.0,928,3865.0,128
rb1805,20171222,20171221,210644000,3865.0,112288,2455468,4332486100.0,3866.0,947,3865.0,127
rb1805,20171222,20171221,210644500,3865.0,112378,2455484,4335964960.0,3866.0,930,3865.0,230
rb1805,20171222,20171221,210645000,3865.0,112432,2455538,4338052300.0,3866.0,922,3865.0,315
rb1805,20171222,20171221,210645500,3865.0,113190,2455086,4367356280.0,3866.0,564,3865.0,327
rb1805,20171222,20171221,210646000,3866.0,113310,2455042,4371995240.0,3866.0,506,3865.0,326
rb1805,20171222,20171221,210646500,3865.0,114514,2454272,4418539780.0,3867.0,457,3865.0,175
rb1805,20171222,20171221,210647000,3867.0,114788,2454286,4429130460.0,3867.0,452,3866.0,18
rb1805,20171222,20171221,210647500,3866.0,114990,2454268,4436939600.0,3866.0,55,3865.0,286
rb1805,20171222,20171221,210648000,3866.0,115266,2454376,4447609640.0,3866.0,110,3865.0,283
rb1805,20171222,20171221,210648500,3866.0,115666,2454648,4463073640.0,3867.0,496,3866.0,375
rb1805,20171222,20171221,210649000,3866.0,115774,2454696,4467249420.0,3867.0,486,3866.0,354
rb1805,20171222,20171221,210649500,3867.0,116078,2454620,4479003700.0,3867.0,410,3866.0,295
rb1805,20171222,20171221,210650000,3867.0,116156,2454608,4482019780.0,3867.0,379,3866.0,300
rb1805,20171222,20171221,210650500,3867.0,116208,2454614,4484030260.0,3867.0,353,3866.0,312
rb1805,20171222,20171221,210651000,3867.0,116276,2454568,4486659680.0,3867.0,362,3866.0,339
rb1805,20171222,20171221,210651500,3866.0,116412,2454658,4491918480.0,3867.0,343,3866.0,329
rb1805,20171222,20171221,210652000,3867.0,117484,2454728,4533372520.0,3868.0,1271,3867.0,350
rb1805,20171222,20171221,210652500,3868.0,117604,2454786,4538013260.0,3868.0,1255,3867.0,361
rb1805,20171222,20171221,210653000,3867.0,118236,2454878,4562455160.0,3868.0,1299,3867.0,285
rb1805,20171222,20171221,210653500,3868.0,118670,2455020,4579239480.0,3868.0,1244,3867.0,154
rb1805,20171222,20171221,210654000,3867.0,119886,2455090,4626268020.0,3867.0,219,3866.0,353
rb1805,20171222,20171221,210654500,3867.0,120702,2455026,4657817220.0,3867.0,182,3866.0,105
rb1805,20171222,20171221,210655000,3866.0,121124,2454768,4674131760.0,3866.0,870,3865.0,391
rb1805,20171222,20171221,210655500,3866.0,122516,2455344,4727944840.0,3866.0,249,3865.0,330
rb1805,20171222,20171221,210656000,3865.0,122630,2455302,4732351920.0,3866.0,261,3865.0,322
rb1805,20171222,20171221,210656500,3866.0,123206,2455042,4754619840.0,3867.0,497,3866.0,192
rb1805,20171222,20171221,210657000,3866.0,123258,2455058,4756630480.0,3867.0,418,3866.0,205
rb1805,20171222,20171221,210657500,3867.0,123326,2455020,4759259480.0,3867.0,381,3866.0,227
rb1805,20171222,20171221,210658000,3866.0,123580,2455216,4769081420.0,3867.0,309,3866.0,285
rb1805,20171222,20171221,210658500,3866.0,123832,2455288,4778825760.0,3867.0,273,3866.0,285
rb1805,20171222,20171221,210659000,3867.0,124406,2455720,4801022300.0,3868.0,1124,3867.0,226
rb1805,20171222,20171221,210659500,3867.0,124492,2455766,4804348040.0,3868.0,1127,3867.0,278
rb1805,20171222,20171221,210700000,3867.0,124840,2455864,4817805400.0,3868.0,1154,3867.0,130
rb1805,20171222,20171221,210700500,3868.0,125904,2455806,4858954600.0,3867.0,8,3866.0,530
rb1805,20171222,20171221,210701000,3867.0,126102,2455942,4866611720.0,3868.0,858,3867.0,140
rb1805,20171222,20171221,210701500,3867.0,126444,2456082,4879836940.0,3868.0,861,3867.0,73
rb1805,20171222,20171221,210702000,3867.0,126654,2456200,4887957620.0,3867.0,50,3866.0,551
rb1805,20171222,20171221,210702500,3866.0,126802,2456248,4893680460.0,3867.0,3,3866.0,612
rb1805,20171222,20171221,210703000,3867.0,126918,2456216,4898165760.0,3867.0,46,3866.0,616
rb1805,20171222,20171221,210703500,3867.0,126980,2456234,4900563220.0,3867.0,147,3866.0,618
rb1805,20171222,20171221,210704000,3867.0,127150,2456354,4907136880.0,3867.0,231,3866.0,598
rb1805,20171222,20171221,210704500,3867.0,127204,2456396,4909225000.0,3867.0,259,3866.0,575
rb1805,20171222,20171221,210705000,3866.0,128354,2457066,4953699320.0,3868.0,682,3867.0,1
rb1805,20171222,20171221,210705500,3867.0,128478,2457046,4958494220.0,3867.0,41,3866.0,542
rb1805,20171222,20171221,210706000,3867.0,128636,2457120,4964604040.0,3868.0,713,3867.0,42
rb1805,20171222,20171221,210706500,3868.0,128798,2457202,4970868880.0,3868.0,709,3867.0,559
rb1805,20171222,20171221,210707000,3868.0,128842,2457208,4972570580.0,3868.0,713,3867.0,695
rb1805,20171222,20171221,210707500,3868.0,128960,2457228,4977134500.0,3868.0,651,3867.0,715
rb1805,20171222,20171221,210708000,3868.0,128980,2457236,4977908000.0,3868.0,655,3867.0,725
rb1805,20171222,20171221,210708500,3867.0,129126,2457252,4983554420.0,3868.0,625,3867.0,661
rb1805,20171222,20171221,210709000,3867.0,129726,2457254,5006757100.0,3868.0,593,3867.0,458
rb1805,20171222,20171221,210709500,3868.0,129828,2457274,5010702120.0,3868.0,602,3867.0,445
rb1805,20171222,20171221,210710000,3867.0,129868,2457280,5012249000.0,3868.0,611,3867.0,432
rb1805,20171222,20171221,210710500,3868.0,131030,2457974,5057194200.0,3868.0,89,3867.0,387
rb1805,20171222,20171221,210711000,3867.0,131222,2458046,5064620400.0,3868.0,30,3867.0,390
rb1805,20171222,20171221,210711500,3867.0,131288,2458058,5067172980.0,3868.0,84,3867.0,378
rb1805,20171222,20171221,210712000,3867.0,131732,2457998,5084342920.0,3868.0,121,3867.0,211
rb1805,20171222,20171221,210712500,3868.0,131876,2458052,5089912760.0,3868.0,111,3867.0,190
rb1805,20171222,20171221,210713000,3867.0,131934,2458094,5092156040.0,3868.0,123,3867.0,266
rb1805,20171222,20171221,210713500,3867.0,131994,2458146,5094476680.0,3868.0,287,3867.0,283
rb1805,20171222,20171221,210714000,3867.0,132256,2458298,5104610720.0,3868.0,291,3867.0,281
rb1805,20171222,20171221,210714500,3867.0,132404,2458350,5110334320.0,3868.0,314,3867.0,235
rb1805,20171222,20171221,210715000,3868.0,132814,2458366,5126191980.0,3868.0,110,3867.0,171
rb1805,20171222,20171221,210715500,3868.0,133132,2458444,5138491880.0,3869.0,1316,3868.0,20
rb1805,20171222,20171221,210716000,3868.0,133720,2458790,5161234740.0,3869.0,1395,3868.0,61
rb1805,20171222,20171221,210716500,3868.0,134196,2458854,5179646000.0,3869.0,1399,3868.0,82
rb1805,20171222,20171221,210717000,3868.0,134372,2458878,5186453780.0,3869.0,1393,3868.0,3
rb1805,20171222,20171221,210717500,3868.0,134432,2458910,5188774260.0,3868.0,60,3867.0,217
rb1805,20171222,20171221,210718000,3868.0,135732,2459390,5239067920.0,3868.0,5,3867.0,195
rb1805,20171222,20171221,210718500,3868.0,135866,2459364,5244251220.0,3869.0,894,3868.0,23
rb1805,20171222,20171221,210719000,3869.0,135974,2459424,5248428880.0,3869.0,895,3868.0,82
rb1805,20171222,20171221,210719500,3868.0,137304,2460090,5299885240.0,3869.0,363,3868.0,60
rb1805,20171222,20171221,210720000,3868.0,138076,2460534,5329753160.0,3869.0,37,3868.0,306
rb1805,20171222,20171221,210720500,3869.0,138250,2460686,5336485220.0,3870.0,2129,3869.0,122
rb1805,20171222,20171221,210721000,3870.0,138556,2460780,5348325400.0,3870.0,2068,3869.0,26
rb1805,20171222,20171221,210721500,3870.0,139192,2460500,5372934240.0,3870.0,1914,3869.0,68
rb1805,20171222,20171221,210722000,3869.0,139512,2460330,5385315740.0,3870.0,1961,3869.0,18
rb1805,20171222,20171221,210722500,3870.0,140974,2460348,5441893720.0,3870.0,1305,3869.0,4
rb1805,20171222,20171221,210723000,3869.0,141130,2460390,5447930800.0,3870.0,1234,3869.0,96
rb1805,20171222,20171221,210723500,3870.0,141436,2460202,5459772820.0,3870.0,1092,3869.0,217
rb1805,20171222,20171221,210724000,3870.0,142104,2460128,5485624360.0,3870.0,766,3869.0,254
rb1805,20171222,20171221,210724500,3871.0,143706,2460882,5547620220.0,3871.0,560,3870.0,93
rb1805,20171222,20171221,210725000,3870.0,144688,2460988,5585631060.0,3871.0,207,3870.0,221
rb1805,20171222,20171221,210725500,3871.0,145682,2461070,5624112460.0,3871.0,89,3870.0,221
rb1805,20171222,20171221,210726000,3872.0,147474,2460472,5693492780.0,3872.0,503,3871.0,23
rb1805,20171222,20171221,210726500,3871.0,149086,2460332,5755905380.0,3871.0,3,3870.0,208
rb1805,20171222,20171221,210727000,3871.0,149844,2460202,5785251540.0,3873.0,867,3871.0,46
rb1805,20171222,20171221,210727500,3872.0,150528,2460150,5811728380.0,3872.0,57,3870.0,120
rb1805,20171222,20171221,210728000,3871.0,150678,2460148,5817534860.0,3871.0,6,3870.0,118
rb1805,20171222,20171221,210728500,3870.0,150838,2460094,5823728360.0,3871.0,136,3870.0,104
rb1805,20171222,20171221,210729000,3871.0,151078,2460122,5833017660.0,3871.0,163,3870.0,67
rb1805,20171222,20171221,210729500,3870.0,151264,2460104,5840217040.0,3871.0,132,3870.0,56
rb1805,20171222,20171221,210730000,3871.0,151424,2460058,5846409300.0,3871.0,101,3870.0,29
rb1805,20171222,20171221,210730500,3870.0,151630,2460004,5854381320.0,3870.0,41,3869.0,280
rb1805,20171222,20171221,210731000,3870.0,151744,2460018,5858792980.0,3870.0,54,3869.0,288
rb1805,20171222,20171221,210731500,3870.0,151974,2459976,5867694140.0,3870.0,11,3869.0,223
rb1805,20171222,20171221,210732000,3870.0,152148,2460056,5874427580.0,3870.0,21,3869.0,206
rb1805,20171222,20171221,210732500,3870.0,152410,2459954,5884566920.0,3870.0,27,3869.0,216
rb1805,20171222,20171221,210733000,3870.0,152554,2459922,5890139920.0,3871.0,353,3870.0,42
rb1805,20171222,20171221,210733500,3870.0,152812,2459982,5900124980.0,3871.0,251,3869.0,198
rb1805,20171222,20171221,210734000,3870.0,152890,2460032,5903143560.0,3870.0,28,3869.0,373
rb1805,20171222,20171221,210734500,3870.0,153070,2460000,5910110160.0,3871.0,249,3870.0,162
rb1805,20171222,20171221,210735000,3870.0,153218,2460032,5915838480.0,3871.0,217,3870.0,133
rb1805,20171222,20171221,210735500,3871.0,153310,2460112,5919399060.0,3871.0,238,3870.0,130
rb1805,20171222,20171221,210736000,3871.0,153480,2460146,5925978380.0,3871.0,261,3870.0,99
rb1805,20171222,20171221,210736500,3871.0,153660,2460150,5932944820.0,3871.0,242,3870.0,45
rb1805,20171222,20171221,210737000,3871.0,153770,2460196,5937202340.0,3871.0,270,3870.0,39
rb1805,20171222,20171221,210737500,3870.0,153878,2460256,5941382600.0,3871.0,306,3870.0,25
rb1805,20171222,20171221,210738000,3871.0,154038,2460334,5947575540.0,3871.0,287,3869.0,209
rb1805,20171222,20171221,210738500,3870.0,154084,2460334,5949355820.0,3870.0,39,3869.0,229
rb1805,20171222,20171221,210739000,3870.0,154114,2460322,5950516780.0,3870.0,68,3869.0,229
rb1805,20171222,20171221,210739500,3870.0,154342,2460388,5959340260.0,3870.0,274,3869.0,223
rb1805,20171222,20171221,210740000,3870.0,154664,2460684,5971798580.0,3870.0,310,3869.0,75
rb1805,20171222,20171221,210740500,3869.0,154862,2460642,5979459520.0,3869.0,170,3868.0,538
rb1805,20171222,20171221,210741000,3869.0,154964,2460590,5983405820.0,3869.0,130,3868.0,564
rb1805,20171222,20171221,210741500,3869.0,155202,2460524,5992613640.0,3869.0,38,3868.0,505
rb1805,20171222,20171221,210742000,3868.0,155358,2460606,5998649040.0,3870.0,366,3868.0,481
rb1805,20171222,20171221,210742500,3869.0,155420,2460654,6001047780.0,3869.0,68,3868.0,488
rb1805,20171222,20171221,210743000,3868.0,155464,2460666,6002750080.0,3869.0,49,3868.0,486
rb1805,20171222,20171221,210743500,3868.0,155544,2460672,6005844720.0,3869.0,80,3868.0,458
rb1805,20171222,20171221,210744000,3869.0,155754,2460742,6013969140.0,3869.0,4,3868.0,436
rb1805,20171222,20171221,210744500,3869.0,155826,2460772,6016754660.0,3869.0,34,3868.0,433
rb1805,20171222,20171221,210745000,3869.0,155894,2460784,6019385440.0,3869.0,18,3868.0,426
rb1805,20171222,20171221,210745500,3868.0,156000,2460828,6023486120.0,3869.0,52,3868.0,413
rb1805,20171222,20171221,210746000,3868.0,156042,2460866,6025111040.0,3869.0,67,3868.0,411
rb1805,20171222,20171221,210746500,3869.0,156068,2460880,6026116840.0,3869.0,120,3868.0,416
rb1805,20171222,20171221,210747000,3869.0,156630,2460862,6047855180.0,3869.0,155,3868.0,147
rb1805,20171222,20171221,210747500,3868.0,156944,2460988,6060000880.0,3868.0,57,3867.0,282
rb1805,20171222,20171221,210748000,3869.0,157176,2460986,6068974760.0,3869.0,218,3868.0,44
rb1805,20171222,20171221,210748500,3868.0,157204,2460990,6070057840.0,3869.0,265,3868.0,28
rb1805,20171222,20171221,210749000,3868.0,157266,2460968,6072456040.0,3869.0,285,3868.0,30
rb1805,20171222,20171221,210749500,3867.0,157362,2460912,6076169340.0,3868.0,73,3867.0,277
rb1805,20171222,20171221,210750000,3868.0,157388,2460922,6077174880.0,3868.0,106,3867.0,276
rb1805,20171222,20171221,210750500,3868.0,157396,2460926,6077484280.0,3868.0,111,3867.0,276
rb1805,20171222,20171221,210751000,3867.0,157524,2460820,6082435300.0,3868.0,142,3867.0,285
rb1805,20171222,20171221,210751500,3867.0,157554,2460826,6083595540.0,3868.0,181,3867.0,379
rb1805,20171222,20171221,210752000,3868.0,157602,2460856,6085451940.0,3868.0,170,3867.0,377
rb1805,20171222,20171221,210752500,3867.0,157688,2460876,6088777980.0,3868.0,160,3867.0,372
rb1805,20171222,20171221,210753000,3867.0,157800,2460884,6093109820.0,3868.0,136,3867.0,357
rb1805,20171222,20171221,210753500,3867.0,157854,2460914,6095198300.0,3868.0,125,3867.0,360
rb1805,20171222,20171221,210754000,3868.0,157890,2460912,6096590640.0,3868.0,114,3867.0,355
rb1805,20171222,20171221,210754500,3868.0,158372,2461112,6115232580.0,3868.0,1,3867.0,271
rb1805,20171222,20171221,210755000,3868.0,158432,2461106,6117552900.0,3869.0,305,3868.0,10
rb1805,20171222,20171221,210755500,3868.0,158528,2461080,6121266280.0,3869.0,298,3868.0,270
rb1805,20171222,20171221,210756000,3868.0,158556,2461066,6122349320.0,3869.0,298,3868.0,258
rb1805,20171222,20171221,210756500,3868.0,158596,2461060,6123896760.0,3869.0,231,3868.0,292
rb1805,20171222,20171221,210757000,3868.0,158656,2461062,6126217620.0,3869.0,203,3868.0,297
rb1805,20171222,20171221,210757500,3868.0,158694,2461086,6127687500.0,3869.0,225,3868.0,294
rb1805,20171222,20171221,210758000,3868.0,158706,2461090,6128151740.0,3869.0,236,3868.0,294
rb1805,20171222,20171221,210758500,3868.0,158788,2461140,6131323940.0,3869.0,210,3868.0,282
rb1805,20171222,20171221,210759000,3869.0,158880,2461100,6134882960.0,3869.0,206,3868.0,320
rb1805,20171222,20171221,210759500,3868.0,158960,2461150,6137977380.0,3869.0,212,3868.0,314
rb1805,20171222,20171221,210800000,3868.0,159236,2461270,6148655720.0,3869.0,94,3868.0,312
rb1805,20171222,20171221,210800500,3868.0,159526,2461268,6159875020.0,3869.0,3,3868.0,295
rb1805,20171222,20171221,210801000,3869.0,159606,2461316,6162970220.0,3870.0,527,3869.0,163
rb1805,20171222,20171221,210801500,3869.0,160092,2461080,6181776320.0,3870.0,423,3869.0,50
rb1805,20171222,20171221,210802000,3869.0,160106,2461080,6182317980.0,3870.0,427,3869.0,48
rb1805,20171222,20171221,210802500,3869.0,160150,2461072,6184020420.0,3870.0,423,3869.0,39
rb1805,20171222,20171221,210803000,3870.0,160318,2461034,6190520400.0,3869.0,6,3868.0,305
rb1805,20171222,20171221,210803500,3869.0,160410,2461070,6194079880.0,3869.0,19,3868.0,311
rb1805,20171222,20171221,210804000,3869.0,160510,2461058,6197948760.0,3869.0,14,3868.0,300
rb1805,20171222,20171221,210804500,3868.0,160548,2461070,6199418940.0,3869.0,51,3868.0,302
rb1805,20171222,20171221,210805000,3868.0,160596,2461070,6201276040.0,3869.0,118,3868.0,417
rb1805,20171222,20171221,210805500,3869.0,160660,2461046,6203752120.0,3869.0,200,3868.0,436
rb1805,20171222,20171221,210806000,3868.0,160728,2461006,6206382620.0,3869.0,247,3868.0,415
rb1805,20171222,20171221,210806500,3869.0,160768,2461014,6207930140.0,3869.0,242,3868.0,421
rb1805,20171222,20171221,210807000,3869.0,160830,2460982,6210328880.0,3869.0,304,3868.0,435
rb1805,20171222,20171221,210807500,3869.0,160918,2461012,6213733500.0,3869.0,341,3868.0,435
rb1805,20171222,20171221,210808000,3868.0,161216,2461138,6225260720.0,3869.0,328,3868.0,320
rb1805,20171222,20171221,210808500,3869.0,161910,2461522,6252111480.0,3870.0,435,3869.0,162
rb1805,20171222,20171221,210809000,3869.0,161982,2461544,6254897180.0,3870.0,456,3869.0,139
rb1805,20171222,20171221,210809500,3870.0,162216,2461752,6263950660.0,3870.0,457,3869.0,80
rb1805,20171222,20171221,210810000,3868.0,162462,2461704,6273468140.0,3869.0,103,3868.0,345
rb1805,20171222,20171221,210810500,3869.0,162494,2461702,6274706100.0,3869.0,140,3868.0,321
rb1805,20171222,20171221,210811000,3869.0,162544,2461668,6276640600.0,3869.0,150,3868.0,344
rb1805,20171222,20171221,210811500,3868.0,162628,2461682,6279890500.0,3869.0,113,3868.0,445
rb1805,20171222,20171221,210812000,3869.0,162654,2461706,6280896440.0,3869.0,213,3868.0,493
rb1805,20171222,20171221,210812500,3868.0,162732,2461778,6283914220.0,3869.0,177,3868.0,496
rb1805,20171222,20171221,210813000,3869.0,162784,2461772,6285926100.0,3869.0,162,3868.0,498
rb1805,20171222,20171221,210813500,3868.0,162854,2461748,6288634340.0,3869.0,129,3868.0,497
rb1805,20171222,20171221,210814000,3868.0,163430,2461462,6310914260.0,3869.0,129,3868.0,233
rb1805,20171222,20171221,210814500,3868.0,163808,2461750,6325535920.0,3869.0,111,3868.0,174
rb1805,20171222,20171221,210815000,3868.0,163886,2461778,6328553200.0,3869.0,234,3868.0,209
rb1805,20171222,20171221,210815500,3868.0,164392,2461638,6348125280.0,3868.0,94,3867.0,305
rb1805,20171222,20171221,210816000,3868.0,164474,2461710,6351296960.0,3868.0,104,3867.0,301
rb1805,20171222,20171221,210816500,3867.0,164644,2461804,6357872540.0,3868.0,54,3867.0,301
rb1805,20171222,20171221,210817000,3867.0,164674,2461792,6359032820.0,3868.0,76,3867.0,296
rb1805,20171222,20171221,210817500,3867.0,164766,2461846,6362591280.0,3868.0,87,3867.0,291
rb1805,20171222,20171221,210818000,3867.0,164954,2461802,6369861960.0,3868.0,553,3867.0,246
rb1805,20171222,20171221,210818500,3867.0,166086,2461840,6413646780.0,3868.0,53,3867.0,181
rb1805,20171222,20171221,210819000,3868.0,166358,2461994,6424168720.0,3869.0,276,3867.0,190
rb1805,20171222,20171221,210819500,3867.0,166468,2461964,6428422440.0,3868.0,1,3867.0,191
rb1805,20171222,20171221,210820000,3867.0,166504,2461952,6429814840.0,3869.0,275,3868.0,1
rb1805,20171222,20171221,210820500,3868.0,166594,2461948,6433296460.0,3869.0,252,3868.0,1
rb1805,20171222,20171221,210821000,3868.0,166650,2461996,6435462540.0,3869.0,258,3868.0,28
rb1805,20171222,20171221,210821500,3869.0,166694,2462022,6437164700.0,3869.0,257,3868.0,26
rb1805,20171222,20171221,210822000,3868.0,166838,2462020,6442735820.0,3869.0,237,3868.0,51
rb1805,20171222,20171221,210822500,3868.0,166924,2462008,6446062300.0,3869.0,232,3868.0,59
rb1805,20171222,20171221,210823000,3869.0,166994,2462050,6448770040.0,3869.0,226,3868.0,138
rb1805,20171222,20171221,210823500,3868.0,167136,2462016,6454263240.0,3869.0,197,3868.0,120
rb1805,20171222,20171221,210824000,3869.0,167176,2461990,6455810520.0,3869.0,196,3868.0,156
rb1805,20171222,20171221,210824500,3868.0,167294,2462052,6460375500.0,3869.0,193,3868.0,135
rb1805,20171222,20171221,210825000,3869.0,167404,2462022,6464630440.0,3869.0,186,3868.0,92
rb1805,20171222,20171221,210825500,3868.0,167618,2461964,6472908160.0,3868.0,229,3867.0,306
rb1805,20171222,20171221,210826000,3867.0,167740,2461870,6477627020.0,3868.0,184,3867.0,301
rb1805,20171222,20171221,210826500,3868.0,167924,2461712,6484744140.0,3868.0,118,3867.0,307
rb1805,20171222,20171221,210827000,3868.0,168212,2461660,6495884040.0,3869.0,253,3868.0,154
rb1805,20171222,20171221,210827500,3868.0,168340,2461734,6500835200.0,3869.0,262,3868.0,102
rb1805,20171222,20171221,210828000,3868.0,168444,2461718,6504858400.0,3869.0,243,3868.0,96
rb1805,20171222,20171221,210828500,3869.0,168848,2461654,6520488580.0,3869.0,75,3868.0,91
rb1805,20171222,20171221,210829000,3869.0,169016,2461580,6526988480.0,3870.0,1087,3869.0,32
rb1805,20171222,20171221,210829500,3869.0,169098,2461566,6530161120.0,3870.0,1096,3869.0,42
rb1805,20171222,20171221,210830000,3869.0,169224,2461646,6535035920.0,3869.0,30,3868.0,298
rb1805,20171222,20171221,210830500,3869.0,169256,2461662,6536273820.0,3869.0,32,3868.0,327
rb1805,20171222,20171221,210831000,3868.0,169386,2461624,6541302720.0,3869.0,51,3868.0,291
rb1805,20171222,20171221,210831500,3868.0,169486,2461674,6545171680.0,3869.0,5,3868.0,329
rb1805,20171222,20171221,210832000,3869.0,169570,2461722,6548421520.0,3870.0,1101,3869.0,470
rb1805,20171222,20171221,210832500,3869.0,169606,2461736,6549814360.0,3870.0,1102,3869.0,479
rb1805,20171222,20171221,210833000,3869.0,169686,2461746,6552910060.0,3870.0,1085,3869.0,511
rb1805,20171222,20171221,210833500,3869.0,169728,2461760,6554535080.0,3870.0,1095,3869.0,500
rb1805,20171222,20171221,210834000,3869.0,169740,2461772,6554999360.0,3870.0,1104,3869.0,534
rb1805,20171222,20171221,210834500,3869.0,169796,2461824,6557166140.0,3870.0,1099,3869.0,513
rb1805,20171222,20171221,210835000,3869.0,170106,2461934,6569162860.0,3870.0,958,3869.0,506
rb1805,20171222,20171221,210835500,3869.0,170214,2461984,6573341420.0,3870.0,941,3869.0,452
rb1805,20171222,20171221,210836000,3870.0,170576,2462144,6587350040.0,3870.0,829,3869.0,404
rb1805,20171222,20171221,210836500,3869.0,170602,2462156,6588356000.0,3870.0,817,3869.0,472
rb1805,20171222,20171221,210837000,3869.0,170914,2462188,6600428260.0,3870.0,782,3869.0,369
rb1805,20171222,20171221,210837500,3870.0,170968,2462204,6602517960.0,3870.0,761,3869.0,390
rb1805,20171222,20171221,210838000,3869.0,171066,2462292,6606309640.0,3870.0,756,3869.0,437
rb1805,20171222,20171221,210838500,3869.0,171124,2462350,6608553840.0,3870.0,749,3869.0,418
rb1805,20171222,20171221,210839000,3870.0,171264,2462486,6613970900.0,3870.0,984,3869.0,406
rb1805,20171222,20171221,210839500,3869.0,171424,2462596,6620162720.0,3870.0,938,3869.0,376
rb1805,20171222,20171221,210840000,3870.0,171516,2462688,6623722320.0,3870.0,935,3869.0,338
rb1805,20171222,20171221,210840500,3870.0,171658,2462670,6629217360.0,3870.0,889,3869.0,326
rb1805,20171222,20171221,210841000,3869.0,172898,2463680,6677203520.0,3870.0,351,3869.0,256
rb1805,20171222,20171221,210841500,3870.0,172992,2463678,6680840420.0,3870.0,361,3869.0,212
rb1805,20171222,20171221,210842000,3870.0,173242,2463860,6690515340.0,3870.0,263,3869.0,248
rb1805,20171222,20171221,210842500,3869.0,173316,2463912,6693378820.0,3870.0,231,3869.0,254
rb1805,20171222,20171221,210843000,3869.0,173364,2463948,6695236320.0,3870.0,225,3869.0,283
rb1805,20171222,20171221,210843500,3869.0,173418,2463974,6697325900.0,3870.0,245,3869.0,297
rb1805,20171222,20171221,210844000,3870.0,173486,2463980,6699957420.0,3870.0,233,3869.0,296
rb1805,20171222,20171221,210844500,3869.0,173524,2464008,6701427920.0,3870.0,220,3869.0,295
rb1805,20171222,20171221,210845000,3870.0,173598,2464066,6704291260.0,3870.0,217,3869.0,279
rb1805,20171222,20171221,210845500,3870.0,173736,2464124,6709630660.0,3870.0,221,3869.0,241
rb1805,20171222,20171221,210846000,3870.0,174050,2464382,6721782360.0,3870.0,96,3869.0,321
rb1805,20171222,20171221,210846500,3870.0,174066,2464380,6722401540.0,3870.0,296,3869.0,378
rb1805,20171222,20171221,210847000,3870.0,174232,2464394,6728824920.0,3870.0,258,3869.0,344
rb1805,20171222,20171221,210847500,3870.0,174842,2464412,6752431900.0,3871.0,458,3870.0,236
rb1805,20171222,20171221,210848000,3870.0,175094,2464608,6762184300.0,3871.0,460,3870.0,199
rb1805,20171222,20171221,210848500,3870.0,175292,2464802,6769846900.0,3871.0,460,3870.0,144
rb1805,20171222,20171221,210849000,3870.0,175358,2464864,6772401100.0,3871.0,461,3870.0,138
rb1805,20171222,20171221,210849500,3870.0,175464,2464890,6776503940.0,3871.0,431,3870.0,119
rb1805,20171222,20171221,210850000,3870.0,175632,2464946,6783005640.0,3871.0,431,3870.0,42
rb1805,20171222,20171221,210850500,3870.0,175682,2464974,6784940700.0,3871.0,436,3870.0,26
rb1805,20171222,20171221,210851000,3870.0,175746,2464968,6787417580.0,3870.0,6,3869.0,311
rb1805,20171222,20171221,210851500,3870.0,175844,2464902,6791210180.0,3871.0,501,3870.0,5
rb1805,20171222,20171221,210852000,3870.0,175916,2464922,6793996660.0,3871.0,502,3870.0,475
rb1805,20171222,20171221,210852500,3870.0,175946,2464938,6795157700.0,3871.0,457,3870.0,490
rb1805,20171222,20171221,210853000,3871.0,176130,2465110,6802278900.0,3871.0,524,3870.0,432
rb1805,20171222,20171221,210853500,3871.0,176636,2465332,6821865100.0,3871.0,343,3870.0,380
rb1805,20171222,20171221,210854000,3870.0,176742,2465382,6825967860.0,3871.0,319,3870.0,379
rb1805,20171222,20171221,210854500,3871.0,177020,2465422,6836728800.0,3871.0,205,3870.0,400
rb1805,20171222,20171221,210855000,3870.0,177092,2465444,6839515700.0,3871.0,181,3870.0,397
rb1805,20171222,20171221,210855500,3871.0,177144,2465470,6841528560.0,3871.0,215,3870.0,419
rb1805,20171222,20171221,210856000,3871.0,177192,2465510,6843386540.0,3871.0,325,3870.0,425
rb1805,20171222,20171221,210856500,3870.0,177256,2465562,6845863900.0,3871.0,380,3870.0,403
rb1805,20171222,20171221,210857000,3870.0,177434,2465566,6852754180.0,3871.0,302,3870.0,423
rb1805,20171222,20171221,210857500,3870.0,177448,2465572,6853296040.0,3871.0,303,3870.0,425
rb1805,20171222,20171221,210858000,3871.0,177968,2465838,6873425080.0,3871.0,60,3870.0,418
rb1805,20171222,20171221,210858500,3871.0,178144,2465948,6880238080.0,3872.0,1221,3871.0,361
rb1805,20171222,20171221,210859000,3871.0,178452,2466036,6892163200.0,3872.0,1079,3871.0,786
rb1805,20171222,20171221,210859500,3872.0,179654,2466490,6938704420.0,3872.0,490,3871.0,801
rb1805,20171222,20171221,210900000,3871.0,180416,2466432,6968208640.0,3872.0,147,3871.0,684
rb1805,20171222,20171221,210900500,3872.0,180706,2466504,6979436640.0,3872.0,44,3871.0,647
rb1805,20171222,20171221,210901000,3872.0,180850,2466556,6985011900.0,3872.0,53,3871.0,827
rb1805,20171222,20171221,210901500,3872.0,180974,2466638,6989812600.0,3872.0,1214,3871.0,799
rb1805,20171222,20171221,210902000,3872.0,182514,2466354,7049430300.0,3872.0,893,3871.0,246
rb1805,20171222,20171221,210902500,3871.0,183050,2466518,7070178840.0,3871.0,224,3870.0,414
rb1805,20171222,20171221,210903000,3871.0,183188,2466560,7075520520.0,3871.0,214,3870.0,389
rb1805,20171222,20171221,210903500,3871.0,183278,2466562,7079004420.0,3871.0,186,3870.0,391
rb1805,20171222,20171221,210904000,3871.0,183404,2466534,7083881420.0,3871.0,166,3870.0,385
rb1805,20171222,20171221,210904500,3870.0,183464,2466576,7086203540.0,3871.0,259,3870.0,346
rb1805,20171222,20171221,210905000,3871.0,183540,2466574,7089145320.0,3871.0,321,3870.0,339
rb1805,20171222,20171221,210905500,3870.0,183566,2466574,7090151720.0,3871.0,344,3870.0,340
rb1805,20171222,20171221,210906000,3870.0,183778,2466732,7098356560.0,3871.0,411,3870.0,257
rb1805,20171222,20171221,210906500,3870.0,183888,2466760,7102614100.0,3871.0,400,3870.0,240
rb1805,20171222,20171221,210907000,3871.0,183982,2466812,7106252320.0,3871.0,441,3870.0,240
rb1805,20171222,20171221,210907500,3870.0,184072,2466876,7109735480.0,3871.0,443,3870.0,212
rb1805,20171222,20171221,210908000,3870.0,184680,2466774,7133265080.0,3870.0,45,3869.0,311
rb1805,20171222,20171221,210908500,3870.0,184814,2466806,7138450880.0,3870.0,22,3869.0,313
rb1805,20171222,20171221,210909000,3870.0,185200,2466996,7153389060.0,3871.0,474,3870.0,64
rb1805,20171222,20171221,210909500,3870.0,185254,2467024,7155478960.0,3871.0,490,3870.0,115
