instrument,tradingday,calendarday,time,lastp,volume,openinterest,turnover,ask1,asksz1,bid1,bidsz1
rb1805,20170728,20170727,183415500,3313.0,0,105728,0.0,0.0,0,0.0,0
rb1805,20170728,20170727,205900500,3313.0,24,105712,795120.0,3315.0,1,3313.0,3
rb1805,20170728,20170727,210000500,3310.0,110,105796,3641940.0,3310.0,7,3307.0,1
rb1805,20170728,20170727,210001000,3313.0,132,105794,4370380.0,3313.0,4,3312.0,3
rb1805,20170728,20170727,210001500,3312.0,152,105814,5032780.0,3313.0,4,3312.0,1
rb1805,20170728,20170727,210002000,3311.0,168,105814,5562680.0,3313.0,1,3310.0,2
rb1805,20170728,20170727,210002500,3310.0,174,105820,5761280.0,3312.0,3,3307.0,1
rb1805,20170728,20170727,210003000,3310.0,174,105820,5761280.0,3312.0,3,3307.0,1
rb1805,20170728,20170727,210003500,3316.0,186,105816,6159020.0,3316.0,9,3308.0,3
rb1805,20170728,20170727,210004000,3316.0,188,105818,6225340.0,3314.0,2,3307.0,1
rb1805,20170728,20170727,210004500,3316.0,188,105818,6225340.0,3313.0,1,3308.0,1
rb1805,20170728,20170727,210005000,3314.0,190,105820,6291620.0,3316.0,9,3308.0,2
rb1805,20170728,20170727,210005500,3318.0,228,105802,7551680.0,3318.0,18,3310.0,10
rb1805,20170728,20170727,210006000,3318.0,228,105802,7551680.0,3317.0,5,3310.0,10
rb1805,20170728,20170727,210006500,3318.0,228,105802,7551680.0,3317.0,3,3310.0,10
rb1805,20170728,20170727,210007000,3318.0,228,105802,7551680.0,3318.0,18,3310.0,10
rb1805,20170728,20170727,210007500,3318.0,228,105802,7551680.0,3318.0,26,3310.0,10
rb1805,20170728,20170727,210008000,3318.0,228,105802,7551680.0,3318.0,26,3310.0,10
rb1805,20170728,20170727,210008500,3318.0,228,105802,7551680.0,3318.0,26,3310.0,10
rb1805,20170728,20170727,210009000,3318.0,228,105802,7551680.0,3318.0,27,3310.0,10
rb1805,20170728,20170727,210009500,3318.0,228,105802,7551680.0,3318.0,27,3310.0,10
rb1805,20170728,20170727,210010000,3318.0,228,105802,7551680.0,3318.0,27,3311.0,4
rb1805,20170728,20170727,210010500,3318.0,228,105802,7551680.0,3318.0,23,3312.0,4
rb1805,20170728,20170727,210011000,3318.0,258,105802,8547080.0,3318.0,15,3313.0,4
rb1805,20170728,20170727,210011500,3318.0,258,105802,8547080.0,3317.0,1,3314.0,4
rb1805,20170728,20170727,210012000,3315.0,262,105802,8679680.0,3316.0,1,3315.0,4
rb1805,20170728,20170727,210012500,3316.0,264,105804,8746000.0,3317.0,1,3316.0,4
rb1805,20170728,20170727,210013000,3318.0,274,105798,9077720.0,3318.0,7,3317.0,4
rb1805,20170728,20170727,210013500,3317.0,282,105800,9343080.0,3317.0,3,3316.0,4
rb1805,20170728,20170727,210014000,3317.0,286,105800,9475760.0,3317.0,2,3316.0,4
rb1805,20170728,20170727,210014500,3317.0,290,105796,9608440.0,3318.0,7,3316.0,4
rb1805,20170728,20170727,210015000,3317.0,290,105796,9608440.0,3317.0,4,3316.0,4
rb1805,20170728,20170727,210015500,3317.0,298,105802,9873800.0,3318.0,7,3317.0,1
rb1805,20170728,20170727,210016500,3318.0,304,105796,10072880.0,3318.0,4,3317.0,1
rb1805,20170728,20170727,210017000,3317.0,314,105800,10404640.0,3318.0,3,3316.0,4
rb1805,20170728,20170727,210017500,3318.0,324,105804,10736440.0,3319.0,23,3316.0,4
rb1805,20170728,20170727,210018000,3318.0,324,105804,10736440.0,3318.0,10,3316.0,4
rb1805,20170728,20170727,210018500,3318.0,330,105804,10935520.0,3318.0,7,3316.0,4
rb1805,20170728,20170727,210019000,3319.0,356,105778,11798320.0,3319.0,17,3318.0,43
rb1805,20170728,20170727,210019500,3319.0,356,105778,11798320.0,3319.0,17,3318.0,43
rb1805,20170728,20170727,210020000,3319.0,356,105778,11798320.0,3319.0,17,3318.0,43
rb1805,20170728,20170727,210020500,3320.0,394,105748,13059580.0,3320.0,25,3318.0,43
rb1805,20170728,20170727,210021000,3318.0,434,105738,14387300.0,3320.0,12,3318.0,36
rb1805,20170728,20170727,210021500,3318.0,436,105736,14453660.0,3319.0,1,3318.0,35
rb1805,20170728,20170727,210023000,3318.0,436,105736,14453660.0,3319.0,1,3318.0,35
rb1805,20170728,20170727,210023500,3319.0,438,105738,14520040.0,3320.0,13,3319.0,9
rb1805,20170728,20170727,210024000,3319.0,452,105738,14984700.0,3320.0,13,3319.0,2
rb1805,20170728,20170727,210024500,3319.0,452,105738,14984700.0,3320.0,16,3319.0,2
rb1805,20170728,20170727,210025000,3319.0,452,105738,14984700.0,3320.0,14,3319.0,2
rb1805,20170728,20170727,210025500,3319.0,452,105738,14984700.0,3320.0,14,3319.0,2
rb1805,20170728,20170727,210026000,3318.0,518,105732,17174620.0,3319.0,6,3318.0,14
rb1805,20170728,20170727,210026500,3318.0,524,105730,17373700.0,3319.0,2,3318.0,11
rb1805,20170728,20170727,210027000,3318.0,528,105728,17506420.0,3319.0,7,3318.0,9
rb1805,20170728,20170727,210027500,3318.0,548,105728,18170020.0,3318.0,10,3317.0,2
rb1805,20170728,20170727,210028000,3317.0,552,105732,18302700.0,3317.0,2,3316.0,4
rb1805,20170728,20170727,210028500,3317.0,556,105732,18435380.0,3317.0,3,3316.0,5
rb1805,20170728,20170727,210029000,3317.0,556,105732,18435380.0,3317.0,5,3316.0,5
rb1805,20170728,20170727,210029500,3317.0,556,105732,18435380.0,3317.0,6,3316.0,4
rb1805,20170728,20170727,210030000,3317.0,556,105732,18435380.0,3317.0,5,3316.0,4
rb1805,20170728,20170727,210030500,3317.0,558,105734,18501720.0,3317.0,4,3316.0,4
rb1805,20170728,20170727,210031000,3317.0,558,105734,18501720.0,3318.0,5,3316.0,4
rb1805,20170728,20170727,210031500,3317.0,558,105734,18501720.0,3318.0,6,3316.0,4
rb1805,20170728,20170727,210032000,3317.0,558,105734,18501720.0,3318.0,9,3316.0,4
rb1805,20170728,20170727,210032500,3317.0,558,105734,18501720.0,3318.0,4,3316.0,4
rb1805,20170728,20170727,210033500,3317.0,558,105734,18501720.0,3318.0,4,3316.0,5
rb1805,20170728,20170727,210034000,3316.0,560,105734,18568040.0,3317.0,3,3316.0,4
rb1805,20170728,20170727,210034500,3316.0,560,105734,18568040.0,3318.0,2,3316.0,4
rb1805,20170728,20170727,210035000,3318.0,562,105732,18634400.0,3318.0,4,3316.0,4
rb1805,20170728,20170727,210035500,3318.0,562,105732,18634400.0,3318.0,1,3316.0,4
rb1805,20170728,20170727,210036000,3318.0,562,105732,18634400.0,3318.0,1,3316.0,4
rb1805,20170728,20170727,210036500,3318.0,564,105734,18700760.0,3319.0,4,3318.0,4
rb1805,20170728,20170727,210037000,3318.0,570,105734,18899840.0,3319.0,5,3316.0,10
rb1805,20170728,20170727,210037500,3318.0,570,105734,18899840.0,3319.0,5,3318.0,1
rb1805,20170728,20170727,210038000,3319.0,580,105742,19231740.0,3320.0,17,3316.0,9
rb1805,20170728,20170727,210038500,3319.0,580,105742,19231740.0,3320.0,17,3319.0,1
rb1805,20170728,20170727,210039000,3319.0,582,105742,19298120.0,3320.0,20,3317.0,1
rb1805,20170728,20170727,210039500,3319.0,582,105742,19298120.0,3320.0,17,3317.0,1
rb1805,20170728,20170727,210040000,3316.0,588,105742,19497100.0,3319.0,2,3318.0,50
rb1805,20170728,20170727,210040500,3316.0,588,105742,19497100.0,3319.0,2,3318.0,50
rb1805,20170728,20170727,210041000,3316.0,590,105744,19563420.0,3319.0,2,3318.0,49
rb1805,20170728,20170727,210041500,3319.0,594,105744,19696180.0,3320.0,14,3318.0,49
rb1805,20170728,20170727,210042000,3319.0,594,105744,19696180.0,3320.0,17,3319.0,1
rb1805,20170728,20170727,210042500,3319.0,596,105746,19762560.0,3319.0,2,3318.0,49
rb1805,20170728,20170727,210043000,3318.0,598,105746,19828920.0,3320.0,17,3318.0,48
rb1805,20170728,20170727,210043500,3318.0,598,105746,19828920.0,3319.0,1,3318.0,48
rb1805,20170728,20170727,210044000,3320.0,602,105746,19961700.0,3320.0,13,3316.0,16
rb1805,20170728,20170727,210044500,3318.0,612,105756,20293500.0,3318.0,45,3316.0,16
rb1805,20170728,20170727,210045000,3318.0,612,105756,20293500.0,3318.0,45,3316.0,16
rb1805,20170728,20170727,210045500,3318.0,612,105756,20293500.0,3318.0,45,3316.0,16
rb1805,20170728,20170727,210046000,3318.0,706,105850,23412420.0,3319.0,1,3318.0,3
rb1805,20170728,20170727,210046500,3318.0,710,105850,23545140.0,3319.0,4,3318.0,1
rb1805,20170728,20170727,210047000,3318.0,710,105850,23545140.0,3319.0,4,3318.0,1
rb1805,20170728,20170727,210047500,3319.0,712,105852,23611520.0,3320.0,12,3319.0,2
rb1805,20170728,20170727,210048000,3319.0,716,105852,23744280.0,3319.0,3,3318.0,1
rb1805,20170728,20170727,210048500,3320.0,722,105852,23943480.0,3320.0,9,3318.0,1
rb1805,20170728,20170727,210049000,3318.0,728,105854,24142640.0,3319.0,1,3318.0,10
rb1805,20170728,20170727,210049500,3318.0,728,105854,24142640.0,3319.0,1,3318.0,10
rb1805,20170728,20170727,210050000,3318.0,730,105854,24209000.0,3319.0,1,3318.0,9
rb1805,20170728,20170727,210050500,3319.0,754,105838,25005720.0,3321.0,21,3320.0,2
rb1805,20170728,20170727,210051000,3320.0,760,105844,25204920.0,3320.0,12,3318.0,12
rb1805,20170728,20170727,210051500,3320.0,760,105844,25204920.0,3320.0,9,3319.0,2
rb1805,20170728,20170727,210052000,3318.0,766,105848,25404040.0,3319.0,3,3318.0,9
rb1805,20170728,20170727,210052500,3320.0,782,105848,25935200.0,3320.0,1,3319.0,3
rb1805,20170728,20170727,210053000,3320.0,784,105850,26001600.0,3320.0,3,3318.0,9
rb1805,20170728,20170727,210053500,3320.0,786,105852,26068000.0,3320.0,2,3318.0,9
rb1805,20170728,20170727,210055000,3320.0,786,105852,26068000.0,3320.0,3,3319.0,2
rb1805,20170728,20170727,210055500,3319.0,788,105854,26134380.0,3320.0,3,3319.0,1
rb1805,20170728,20170727,210056000,3319.0,788,105854,26134380.0,3320.0,3,3319.0,2
rb1805,20170728,20170727,210056500,3321.0,804,105860,26665680.0,3321.0,20,3319.0,2
rb1805,20170728,20170727,210057000,3319.0,810,105862,26864820.0,3321.0,17,3318.0,9
rb1805,20170728,20170727,210057500,3319.0,812,105860,26931200.0,3321.0,25,3318.0,9
rb1805,20170728,20170727,210058000,3319.0,812,105860,26931200.0,3320.0,2,3318.0,9
rb1805,20170728,20170727,210058500,3318.0,814,105860,26997560.0,3320.0,2,3318.0,8
rb1805,20170728,20170727,210059500,3320.0,828,105870,27462360.0,3321.0,17,3320.0,43
rb1805,20170728,20170727,210100000,3320.0,914,105934,30317560.0,3321.0,24,3318.0,10
rb1805,20170728,20170727,210100500,3320.0,914,105934,30317560.0,3320.0,3,3318.0,8
rb1805,20170728,20170727,210101000,3320.0,914,105934,30317560.0,3320.0,3,3318.0,8
rb1805,20170728,20170727,210101500,3320.0,914,105934,30317560.0,3320.0,3,3319.0,10
rb1805,20170728,20170727,210102000,3320.0,914,105934,30317560.0,3320.0,3,3319.0,5
rb1805,20170728,20170727,210102500,3320.0,914,105934,30317560.0,3321.0,21,3319.0,5
rb1805,20170728,20170727,210103000,3320.0,914,105934,30317560.0,3321.0,31,3319.0,5
rb1805,20170728,20170727,210103500,3320.0,914,105934,30317560.0,3321.0,31,3319.0,5
rb1805,20170728,20170727,210104000,3320.0,914,105934,30317560.0,3321.0,31,3319.0,5
rb1805,20170728,20170727,210104500,3320.0,916,105934,30383960.0,3321.0,28,3320.0,1
rb1805,20170728,20170727,210105000,3320.0,918,105936,30450360.0,3321.0,36,3319.0,5
rb1805,20170728,20170727,210105500,3320.0,918,105936,30450360.0,3320.0,1,3319.0,50
rb1805,20170728,20170727,210106000,3320.0,920,105934,30516760.0,3321.0,36,3320.0,25
rb1805,20170728,20170727,210106500,3320.0,920,105934,30516760.0,3321.0,31,3320.0,25
rb1805,20170728,20170727,210107000,3320.0,922,105932,30583160.0,3321.0,31,3320.0,24
rb1805,20170728,20170727,210107500,3320.0,922,105932,30583160.0,3321.0,28,3320.0,24
rb1805,20170728,20170727,210108000,3320.0,924,105932,30649560.0,3321.0,28,3320.0,23
rb1805,20170728,20170727,210108500,3320.0,924,105932,30649560.0,3321.0,31,3320.0,23
rb1805,20170728,20170727,210109000,3320.0,924,105932,30649560.0,3321.0,28,3320.0,33
rb1805,20170728,20170727,210109500,3320.0,926,105930,30715960.0,3321.0,31,3320.0,32
rb1805,20170728,20170727,210110000,3322.0,992,105900,32907880.0,3322.0,23,3320.0,33
rb1805,20170728,20170727,210110500,3322.0,992,105900,32907880.0,3322.0,30,3320.0,31
rb1805,20170728,20170727,210111000,3322.0,992,105900,32907880.0,3322.0,38,3320.0,32
rb1805,20170728,20170727,210112500,3322.0,992,105900,32907880.0,3322.0,38,3320.0,32
rb1805,20170728,20170727,210113000,3322.0,992,105900,32907880.0,3322.0,38,3320.0,32
rb1805,20170728,20170727,210114000,3320.0,996,105896,33040680.0,3322.0,38,3320.0,30
rb1805,20170728,20170727,210115000,3320.0,996,105896,33040680.0,3322.0,39,3320.0,30
rb1805,20170728,20170727,210115500,3320.0,996,105896,33040680.0,3322.0,39,3320.0,30
rb1805,20170728,20170727,210117000,3320.0,998,105894,33107080.0,3322.0,38,3320.0,29
rb1805,20170728,20170727,210117500,3320.0,998,105894,33107080.0,3322.0,39,3320.0,29
rb1805,20170728,20170727,210118000,3320.0,1000,105892,33173480.0,3322.0,39,3320.0,28
rb1805,20170728,20170727,210118500,3322.0,1002,105890,33239920.0,3322.0,38,3320.0,28
rb1805,20170728,20170727,210119000,3322.0,1012,105890,33572120.0,3322.0,35,3320.0,28
rb1805,20170728,20170727,210119500,3322.0,1012,105890,33572120.0,3322.0,34,3320.0,28
rb1805,20170728,20170727,210120000,3320.0,1018,105890,33771320.0,3321.0,11,3320.0,25
rb1805,20170728,20170727,210120500,3320.0,1088,105892,36095320.0,3321.0,28,3319.0,8
rb1805,20170728,20170727,210121000,3319.0,1090,105894,36161700.0,3321.0,27,3318.0,16
rb1805,20170728,20170727,210121500,3319.0,1090,105894,36161700.0,3321.0,27,3318.0,21
rb1805,20170728,20170727,210122000,3319.0,1090,105894,36161700.0,3321.0,28,3318.0,21
rb1805,20170728,20170727,210123000,3319.0,1090,105894,36161700.0,3319.0,50,3318.0,21
rb1805,20170728,20170727,210123500,3318.0,1102,105894,36559860.0,3319.0,50,3318.0,18
rb1805,20170728,20170727,210124000,3318.0,1102,105894,36559860.0,3319.0,50,3318.0,18
rb1805,20170728,20170727,210124500,3318.0,1102,105894,36559860.0,3319.0,50,3318.0,13
rb1805,20170728,20170727,210125000,3318.0,1102,105894,36559860.0,3319.0,50,3318.0,18
rb1805,20170728,20170727,210126000,3318.0,1122,105882,37223500.0,3319.0,48,3318.0,5
rb1805,20170728,20170727,210127000,3318.0,1122,105882,37223500.0,3319.0,48,3318.0,10
rb1805,20170728,20170727,210127500,3318.0,1122,105882,37223500.0,3319.0,48,3318.0,10
rb1805,20170728,20170727,210129000,3318.0,1142,105896,37887100.0,3319.0,48,3317.0,1
rb1805,20170728,20170727,210129500,3318.0,1142,105896,37887100.0,3318.0,5,3317.0,1
rb1805,20170728,20170727,210130000,3318.0,1150,105896,38152540.0,3318.0,2,3317.0,4
rb1805,20170728,20170727,210130500,3318.0,1150,105896,38152540.0,3318.0,2,3317.0,4
rb1805,20170728,20170727,210131000,3318.0,1150,105896,38152540.0,3318.0,1,3317.0,4
rb1805,20170728,20170727,210131500,3318.0,1150,105896,38152540.0,3318.0,1,3317.0,4
rb1805,20170728,20170727,210132000,3318.0,1150,105896,38152540.0,3318.0,1,3317.0,4
rb1805,20170728,20170727,210133500,3318.0,1150,105896,38152540.0,3318.0,1,3317.0,4
rb1805,20170728,20170727,210134000,3318.0,1150,105896,38152540.0,3318.0,1,3317.0,4
rb1805,20170728,20170727,210134500,3318.0,1150,105896,38152540.0,3318.0,2,3317.0,1
rb1805,20170728,20170727,210135500,3317.0,1152,105896,38218880.0,3317.0,1,3316.0,6
rb1805,20170728,20170727,210136000,3317.0,1152,105896,38218880.0,3317.0,1,3316.0,6
rb1805,20170728,20170727,210136500,3317.0,1152,105896,38218880.0,3317.0,2,3316.0,5
rb1805,20170728,20170727,210137000,3317.0,1152,105896,38218880.0,3317.0,2,3316.0,5
rb1805,20170728,20170727,210137500,3318.0,1160,105888,38484280.0,3319.0,48,3318.0,1
rb1805,20170728,20170727,210138000,3318.0,1160,105888,38484280.0,3318.0,1,3317.0,3
rb1805,20170728,20170727,210138500,3318.0,1160,105888,38484280.0,3317.0,2,3316.0,8
rb1805,20170728,20170727,210139000,3318.0,1160,105888,38484280.0,3317.0,2,3316.0,8
rb1805,20170728,20170727,210139500,3317.0,1168,105888,38749640.0,3317.0,3,3316.0,8
rb1805,20170728,20170727,210140000,3317.0,1188,105888,39413040.0,3317.0,43,3316.0,5
rb1805,20170728,20170727,210141000,3317.0,1248,105888,41403240.0,3317.0,13,3316.0,5
rb1805,20170728,20170727,210141500,3317.0,1248,105888,41403240.0,3317.0,13,3316.0,5
rb1805,20170728,20170727,210142000,3317.0,1248,105888,41403240.0,3317.0,13,3316.0,5
rb1805,20170728,20170727,210142500,3317.0,1248,105888,41403240.0,3317.0,13,3316.0,5
rb1805,20170728,20170727,210143000,3316.0,1250,105888,41469560.0,3317.0,13,3316.0,4
rb1805,20170728,20170727,210144000,3316.0,1250,105888,41469560.0,3317.0,14,3316.0,4
rb1805,20170728,20170727,210145000,3316.0,1256,105886,41668520.0,3317.0,14,3316.0,1
rb1805,20170728,20170727,210145500,3316.0,1258,105888,41734840.0,3317.0,14,3315.0,5
rb1805,20170728,20170727,210146000,3315.0,1260,105888,41801140.0,3317.0,14,3314.0,7
rb1805,20170728,20170727,210146500,3315.0,1260,105888,41801140.0,3316.0,2,3314.0,6
rb1805,20170728,20170727,210147000,3316.0,1264,105892,41933780.0,3316.0,3,3315.0,1
rb1805,20170728,20170727,210147500,3317.0,1274,105898,42265420.0,3317.0,17,3315.0,5
rb1805,20170728,20170727,210148000,3317.0,1276,105898,42331760.0,3317.0,16,3315.0,50
rb1805,20170728,20170727,210148500,3317.0,1276,105898,42331760.0,3317.0,16,3315.0,50
rb1805,20170728,20170727,210149000,3317.0,1276,105898,42331760.0,3316.0,1,3315.0,53
rb1805,20170728,20170727,210149500,3316.0,1318,105878,43724580.0,3317.0,11,3316.0,1
rb1805,20170728,20170727,210150000,3317.0,1322,105874,43857260.0,3317.0,4,3315.0,54
rb1805,20170728,20170727,210150500,3317.0,1326,105870,43989940.0,3317.0,2,3315.0,57
rb1805,20170728,20170727,210151000,3317.0,1330,105866,44122620.0,3319.0,48,3317.0,4
rb1805,20170728,20170727,210151500,3317.0,1330,105866,44122620.0,3319.0,48,3316.0,3
rb1805,20170728,20170727,210152000,3317.0,1330,105866,44122620.0,3319.0,53,3317.0,1
rb1805,20170728,20170727,210152500,3317.0,1332,105866,44188960.0,3319.0,56,3316.0,3
rb1805,20170728,20170727,210153000,3316.0,1334,105864,44255280.0,3319.0,56,3316.0,5
rb1805,20170728,20170727,210154000,3316.0,1334,105864,44255280.0,3319.0,57,3316.0,2
rb1805,20170728,20170727,210154500,3316.0,1334,105864,44255280.0,3318.0,8,3316.0,2
rb1805,20170728,20170727,210155000,3316.0,1334,105864,44255280.0,3317.0,1,3316.0,2
rb1805,20170728,20170727,210155500,3316.0,1334,105864,44255280.0,3317.0,1,3316.0,2
rb1805,20170728,20170727,210156000,3316.0,1334,105864,44255280.0,3317.0,1,3316.0,2
rb1805,20170728,20170727,210156500,3316.0,1334,105864,44255280.0,3317.0,4,3316.0,2
rb1805,20170728,20170727,210157000,3316.0,1334,105864,44255280.0,3317.0,4,3316.0,1
rb1805,20170728,20170727,210158000,3316.0,1334,105864,44255280.0,3317.0,4,3316.0,1
rb1805,20170728,20170727,210158500,3316.0,1334,105864,44255280.0,3317.0,4,3316.0,1
rb1805,20170728,20170727,210159000,3316.0,1334,105864,44255280.0,3317.0,4,3316.0,11
rb1805,20170728,20170727,210159500,3316.0,1334,105864,44255280.0,3317.0,4,3316.0,2
rb1805,20170728,20170727,210200500,3317.0,1348,105866,44719600.0,3318.0,10,3317.0,45
rb1805,20170728,20170727,210201000,3317.0,1352,105868,44852280.0,3318.0,12,3317.0,43
rb1805,20170728,20170727,210201500,3317.0,1352,105868,44852280.0,3318.0,11,3317.0,43
rb1805,20170728,20170727,210202000,3317.0,1352,105868,44852280.0,3318.0,12,3317.0,43
rb1805,20170728,20170727,210202500,3317.0,1352,105868,44852280.0,3318.0,11,3317.0,43
rb1805,20170728,20170727,210203000,3317.0,1352,105868,44852280.0,3318.0,9,3317.0,43
rb1805,20170728,20170727,210205000,3317.0,1352,105868,44852280.0,3318.0,9,3317.0,43
rb1805,20170728,20170727,210205500,3317.0,1352,105868,44852280.0,3318.0,9,3317.0,43
rb1805,20170728,20170727,210206000,3317.0,1352,105868,44852280.0,3318.0,10,3317.0,43
rb1805,20170728,20170727,210206500,3317.0,1352,105868,44852280.0,3318.0,9,3317.0,43
rb1805,20170728,20170727,210207000,3317.0,1352,105868,44852280.0,3318.0,9,3317.0,43
rb1805,20170728,20170727,210208500,3317.0,1352,105868,44852280.0,3318.0,9,3317.0,43
rb1805,20170728,20170727,210209500,3318.0,1354,105870,44918640.0,3318.0,9,3317.0,46
rb1805,20170728,20170727,210210000,3318.0,1354,105870,44918640.0,3318.0,9,3317.0,43
rb1805,20170728,20170727,210211500,3317.0,1356,105870,44984980.0,3318.0,9,3317.0,42
rb1805,20170728,20170727,210212000,3318.0,1372,105884,45515860.0,3319.0,57,3317.0,42
rb1805,20170728,20170727,210212500,3318.0,1372,105884,45515860.0,3319.0,58,3317.0,42
rb1805,20170728,20170727,210213000,3318.0,1372,105884,45515860.0,3318.0,3,3317.0,42
rb1805,20170728,20170727,210213500,3317.0,1380,105888,45781220.0,3318.0,3,3317.0,38
rb1805,20170728,20170727,210214000,3317.0,1398,105888,46378280.0,3318.0,3,3317.0,29
rb1805,20170728,20170727,210214500,3318.0,1400,105888,46444640.0,3318.0,3,3317.0,29
rb1805,20170728,20170727,210215500,3318.0,1402,105888,46511000.0,3318.0,2,3317.0,31
rb1805,20170728,20170727,210216500,3318.0,1402,105888,46511000.0,3318.0,2,3317.0,31
rb1805,20170728,20170727,210219000,3318.0,1402,105888,46511000.0,3318.0,2,3317.0,31
rb1805,20170728,20170727,210219500,3318.0,1402,105888,46511000.0,3318.0,2,3317.0,34
rb1805,20170728,20170727,210220500,3318.0,1402,105888,46511000.0,3318.0,1,3317.0,34
rb1805,20170728,20170727,210222000,3318.0,1402,105888,46511000.0,3318.0,1,3317.0,34
rb1805,20170728,20170727,210222500,3318.0,1402,105888,46511000.0,3318.0,1,3317.0,35
rb1805,20170728,20170727,210223500,3318.0,1402,105888,46511000.0,3318.0,2,3317.0,38
rb1805,20170728,20170727,210224000,3317.0,1406,105888,46643680.0,3318.0,2,3317.0,36
rb1805,20170728,20170727,210224500,3317.0,1406,105888,46643680.0,3318.0,4,3317.0,33
rb1805,20170728,20170727,210225000,3317.0,1406,105888,46643680.0,3318.0,14,3317.0,33
rb1805,20170728,20170727,210225500,3317.0,1406,105888,46643680.0,3318.0,57,3317.0,36
rb1805,20170728,20170727,210226500,3317.0,1406,105888,46643680.0,3318.0,57,3317.0,36
rb1805,20170728,20170727,210227000,3317.0,1406,105888,46643680.0,3318.0,56,3317.0,36
rb1805,20170728,20170727,210227500,3317.0,1406,105888,46643680.0,3318.0,56,3317.0,37
rb1805,20170728,20170727,210228000,3317.0,1406,105888,46643680.0,3318.0,56,3317.0,37
rb1805,20170728,20170727,210228500,3317.0,1414,105890,46909080.0,3318.0,54,3317.0,35
rb1805,20170728,20170727,210229500,3317.0,1414,105890,46909080.0,3318.0,54,3317.0,38
rb1805,20170728,20170727,210230500,3317.0,1414,105890,46909080.0,3318.0,54,3317.0,38
rb1805,20170728,20170727,210231000,3317.0,1414,105890,46909080.0,3318.0,54,3317.0,38
rb1805,20170728,20170727,210232000,3317.0,1414,105890,46909080.0,3318.0,54,3317.0,35
rb1805,20170728,20170727,210232500,3317.0,1414,105890,46909080.0,3318.0,54,3317.0,35
rb1805,20170728,20170727,210233000,3317.0,1414,105890,46909080.0,3318.0,54,3317.0,32
rb1805,20170728,20170727,210234000,3317.0,1414,105890,46909080.0,3318.0,54,3317.0,35
rb1805,20170728,20170727,210234500,3317.0,1414,105890,46909080.0,3318.0,54,3317.0,32
rb1805,20170728,20170727,210235000,3317.0,1414,105890,46909080.0,3318.0,56,3317.0,32
rb1805,20170728,20170727,210235500,3318.0,1420,105896,47108160.0,3318.0,53,3317.0,32
rb1805,20170728,20170727,210236500,3318.0,1420,105896,47108160.0,3318.0,53,3317.0,32
rb1805,20170728,20170727,210237000,3318.0,1420,105896,47108160.0,3318.0,53,3317.0,35
rb1805,20170728,20170727,210237500,3318.0,1524,105992,50558880.0,3318.0,1,3317.0,35
rb1805,20170728,20170727,210238000,3318.0,1524,105992,50558880.0,3318.0,1,3317.0,10
rb1805,20170728,20170727,210238500,3319.0,1528,105992,50691620.0,3319.0,62,3317.0,10
rb1805,20170728,20170727,210239000,3319.0,1528,105992,50691620.0,3319.0,63,3317.0,7
rb1805,20170728,20170727,210240000,3317.0,1530,105990,50757960.0,3319.0,64,3317.0,6
rb1805,20170728,20170727,210241000,3317.0,1530,105990,50757960.0,3319.0,64,3317.0,6
rb1805,20170728,20170727,210242000,3317.0,1530,105990,50757960.0,3319.0,63,3317.0,10
rb1805,20170728,20170727,210242500,3317.0,1530,105990,50757960.0,3319.0,64,3317.0,10
rb1805,20170728,20170727,210243000,3317.0,1530,105990,50757960.0,3319.0,64,3317.0,11
rb1805,20170728,20170727,210243500,3317.0,1530,105990,50757960.0,3319.0,64,3317.0,11
rb1805,20170728,20170727,210244000,3317.0,1530,105990,50757960.0,3319.0,64,3317.0,11
rb1805,20170728,20170727,210244500,3317.0,1530,105990,50757960.0,3319.0,64,3317.0,11
rb1805,20170728,20170727,210245500,3317.0,1530,105990,50757960.0,3319.0,64,3317.0,12
rb1805,20170728,20170727,210246000,3317.0,1532,105990,50824300.0,3319.0,64,3317.0,11
rb1805,20170728,20170727,210247500,3319.0,1552,105990,51488100.0,3319.0,54,3317.0,12
rb1805,20170728,20170727,210248000,3319.0,1552,105990,51488100.0,3319.0,54,3317.0,12
rb1805,20170728,20170727,210249000,3319.0,1552,105990,51488100.0,3319.0,54,3317.0,15
rb1805,20170728,20170727,210250000,3319.0,1552,105990,51488100.0,3318.0,2,3317.0,15
rb1805,20170728,20170727,210251000,3319.0,1552,105990,51488100.0,3318.0,2,3317.0,15
rb1805,20170728,20170727,210251500,3317.0,1562,105982,51819820.0,3319.0,54,3318.0,3
rb1805,20170728,20170727,210252000,3318.0,1568,105978,52018900.0,3318.0,4,3317.0,9
rb1805,20170728,20170727,210252500,3318.0,1568,105978,52018900.0,3319.0,49,3317.0,9
rb1805,20170728,20170727,210253000,3318.0,1568,105978,52018900.0,3318.0,1,3317.0,9
rb1805,20170728,20170727,210253500,3318.0,1568,105978,52018900.0,3318.0,1,3317.0,8
rb1805,20170728,20170727,210254000,3318.0,1568,105978,52018900.0,3318.0,1,3317.0,11
rb1805,20170728,20170727,210255000,3318.0,1568,105978,52018900.0,3318.0,1,3317.0,11
rb1805,20170728,20170727,210255500,3319.0,1600,105980,53080960.0,3319.0,36,3317.0,11
rb1805,20170728,20170727,210256000,3319.0,1600,105980,53080960.0,3319.0,37,3318.0,2
rb1805,20170728,20170727,210257000,3319.0,1600,105980,53080960.0,3319.0,37,3318.0,2
rb1805,20170728,20170727,210258000,3319.0,1600,105980,53080960.0,3319.0,37,3318.0,2
rb1805,20170728,20170727,210258500,3319.0,1602,105978,53147340.0,3319.0,36,3318.0,2
rb1805,20170728,20170727,210259000,3318.0,1604,105980,53213700.0,3319.0,36,3318.0,1
rb1805,20170728,20170727,210259500,3318.0,1604,105980,53213700.0,3319.0,36,3318.0,1
rb1805,20170728,20170727,210300000,3318.0,1604,105980,53213700.0,3319.0,36,3318.0,1
rb1805,20170728,20170727,210300500,3318.0,1604,105980,53213700.0,3319.0,36,3318.0,1
rb1805,20170728,20170727,210301500,3318.0,1604,105980,53213700.0,3319.0,36,3318.0,1
rb1805,20170728,20170727,210302000,3318.0,1606,105980,53280060.0,3318.0,1,3317.0,11
rb1805,20170728,20170727,210302500,3318.0,1608,105980,53346420.0,3319.0,36,3318.0,8
rb1805,20170728,20170727,210303000,3318.0,1608,105980,53346420.0,3319.0,36,3318.0,1
rb1805,20170728,20170727,210303500,3318.0,1610,105982,53412780.0,3319.0,36,3317.0,11
rb1805,20170728,20170727,210304000,3318.0,1610,105982,53412780.0,3318.0,1,3317.0,11
rb1805,20170728,20170727,210306000,3318.0,1610,105982,53412780.0,3318.0,1,3317.0,8
rb1805,20170728,20170727,210306500,3318.0,1610,105982,53412780.0,3318.0,2,3317.0,8
rb1805,20170728,20170727,210307000,3317.0,1612,105982,53479120.0,3318.0,1,3317.0,7
rb1805,20170728,20170727,210307500,3318.0,1614,105984,53545480.0,3319.0,36,3317.0,7
rb1805,20170728,20170727,210308000,3318.0,1614,105984,53545480.0,3319.0,36,3317.0,4
rb1805,20170728,20170727,210308500,3318.0,1614,105984,53545480.0,3318.0,1,3317.0,4
rb1805,20170728,20170727,210309000,3317.0,1616,105986,53611820.0,3318.0,1,3317.0,3
rb1805,20170728,20170727,210309500,3317.0,1616,105986,53611820.0,3318.0,1,3317.0,3
rb1805,20170728,20170727,210310000,3317.0,1616,105986,53611820.0,3318.0,1,3317.0,6
rb1805,20170728,20170727,210311500,3317.0,1618,105986,53678160.0,3318.0,1,3317.0,5
rb1805,20170728,20170727,210312000,3317.0,1618,105986,53678160.0,3318.0,1,3317.0,1
rb1805,20170728,20170727,210312500,3317.0,1620,105988,53744500.0,3318.0,1,3315.0,5
rb1805,20170728,20170727,210313000,3317.0,1620,105988,53744500.0,3317.0,2,3316.0,3
rb1805,20170728,20170727,210313500,3317.0,1620,105988,53744500.0,3317.0,2,3315.0,2
rb1805,20170728,20170727,210314000,3317.0,1620,105988,53744500.0,3317.0,2,3315.0,8
rb1805,20170728,20170727,210314500,3317.0,1620,105988,53744500.0,3317.0,2,3315.0,8
rb1805,20170728,20170727,210315000,3317.0,1620,105988,53744500.0,3317.0,2,3315.0,8
rb1805,20170728,20170727,210317000,3317.0,1620,105988,53744500.0,3317.0,2,3315.0,8
rb1805,20170728,20170727,210318000,3317.0,1620,105988,53744500.0,3317.0,7,3315.0,8
rb1805,20170728,20170727,210319000,3317.0,1620,105988,53744500.0,3317.0,10,3315.0,8
rb1805,20170728,20170727,210319500,3317.0,1620,105988,53744500.0,3317.0,10,3315.0,8
rb1805,20170728,20170727,210320000,3317.0,1620,105988,53744500.0,3317.0,10,3315.0,8
rb1805,20170728,20170727,210320500,3317.0,1620,105988,53744500.0,3317.0,10,3315.0,8
rb1805,20170728,20170727,210321000,3317.0,1620,105988,53744500.0,3317.0,8,3315.0,8
rb1805,20170728,20170727,210321500,3317.0,1620,105988,53744500.0,3317.0,8,3315.0,8
rb1805,20170728,20170727,210322000,3315.0,1626,105986,53943400.0,3317.0,8,3315.0,5
rb1805,20170728,20170727,210322500,3315.0,1626,105986,53943400.0,3317.0,8,3315.0,2
rb1805,20170728,20170727,210323500,3315.0,1626,105986,53943400.0,3317.0,8,3314.0,5
rb1805,20170728,20170727,210324000,3315.0,1626,105986,53943400.0,3316.0,1,3314.0,8
rb1805,20170728,20170727,210324500,3315.0,1626,105986,53943400.0,3316.0,6,3314.0,8
rb1805,20170728,20170727,210325000,3315.0,1626,105986,53943400.0,3316.0,7,3314.0,2
rb1805,20170728,20170727,210325500,3315.0,1626,105986,53943400.0,3316.0,7,3314.0,3
rb1805,20170728,20170727,210326000,3315.0,1626,105986,53943400.0,3315.0,1,3314.0,2
rb1805,20170728,20170727,210326500,3315.0,1626,105986,53943400.0,3315.0,1,3314.0,5
rb1805,20170728,20170727,210327000,3315.0,1626,105986,53943400.0,3316.0,7,3314.0,5
rb1805,20170728,20170727,210327500,3315.0,1626,105986,53943400.0,3316.0,8,3314.0,2
rb1805,20170728,20170727,210328000,3315.0,1626,105986,53943400.0,3316.0,9,3314.0,3
rb1805,20170728,20170727,210328500,3315.0,1626,105986,53943400.0,3316.0,9,3314.0,7
rb1805,20170728,20170727,210329000,3315.0,1626,105986,53943400.0,3316.0,4,3314.0,7
rb1805,20170728,20170727,210329500,3315.0,1626,105986,53943400.0,3316.0,4,3314.0,10
rb1805,20170728,20170727,210330000,3315.0,1626,105986,53943400.0,3316.0,3,3314.0,11
rb1805,20170728,20170727,210330500,3315.0,1626,105986,53943400.0,3316.0,3,3314.0,11
rb1805,20170728,20170727,210331000,3315.0,1626,105986,53943400.0,3315.0,5,3314.0,10
rb1805,20170728,20170727,210332500,3315.0,1626,105986,53943400.0,3315.0,5,3314.0,10
rb1805,20170728,20170727,210333000,3317.0,1648,106006,54672880.0,3317.0,7,3314.0,11
rb1805,20170728,20170727,210333500,3317.0,1648,106006,54672880.0,3316.0,3,3314.0,12
rb1805,20170728,20170727,210334000,3317.0,1648,106006,54672880.0,3316.0,3,3314.0,12
rb1805,20170728,20170727,210334500,3317.0,1648,106006,54672880.0,3316.0,3,3315.0,4
rb1805,20170728,20170727,210335000,3317.0,1648,106006,54672880.0,3316.0,3,3315.0,4
rb1805,20170728,20170727,210335500,3317.0,1648,106006,54672880.0,3316.0,3,3315.0,4
rb1805,20170728,20170727,210336000,3317.0,1648,106006,54672880.0,3316.0,3,3315.0,5
rb1805,20170728,20170727,210336500,3317.0,1648,106006,54672880.0,3316.0,3,3315.0,8
rb1805,20170728,20170727,210337000,3315.0,1650,106006,54739180.0,3316.0,3,3315.0,7
rb1805,20170728,20170727,210337500,3315.0,1650,106006,54739180.0,3316.0,3,3315.0,7
rb1805,20170728,20170727,210338000,3315.0,1650,106006,54739180.0,3316.0,3,3315.0,4
rb1805,20170728,20170727,210339000,3315.0,1650,106006,54739180.0,3316.0,3,3315.0,4
rb1805,20170728,20170727,210340500,3315.0,1652,106006,54805480.0,3316.0,3,3315.0,3
rb1805,20170728,20170727,210341000,3315.0,1652,106006,54805480.0,3316.0,3,3315.0,3
rb1805,20170728,20170727,210341500,3315.0,1652,106006,54805480.0,3316.0,1,3315.0,3
rb1805,20170728,20170727,210342000,3315.0,1652,106006,54805480.0,3316.0,1,3315.0,3
rb1805,20170728,20170727,210342500,3315.0,1654,106006,54871780.0,3316.0,1,3315.0,2
rb1805,20170728,20170727,210343000,3315.0,1654,106006,54871780.0,3316.0,1,3315.0,2
rb1805,20170728,20170727,210343500,3315.0,1654,106006,54871780.0,3316.0,1,3315.0,2
rb1805,20170728,20170727,210344000,3315.0,1654,106006,54871780.0,3316.0,1,3315.0,2
rb1805,20170728,20170727,210344500,3315.0,1654,106006,54871780.0,3316.0,1,3315.0,2
rb1805,20170728,20170727,210345000,3315.0,1654,106006,54871780.0,3316.0,1,3315.0,2
rb1805,20170728,20170727,210346000,3315.0,1654,106006,54871780.0,3316.0,2,3315.0,2
rb1805,20170728,20170727,210346500,3315.0,1654,106006,54871780.0,3316.0,2,3315.0,2
rb1805,20170728,20170727,210347000,3315.0,1654,106006,54871780.0,3316.0,2,3315.0,2
rb1805,20170728,20170727,210347500,3315.0,1654,106006,54871780.0,3316.0,2,3315.0,2
rb1805,20170728,20170727,210348000,3315.0,1654,106006,54871780.0,3316.0,2,3315.0,3
rb1805,20170728,20170727,210349000,3315.0,1654,106006,54871780.0,3316.0,2,3315.0,3
rb1805,20170728,20170727,210350000,3315.0,1656,106006,54938080.0,3316.0,2,3315.0,2
rb1805,20170728,20170727,210350500,3315.0,1656,106006,54938080.0,3316.0,2,3315.0,2
rb1805,20170728,20170727,210351000,3315.0,1656,106006,54938080.0,3316.0,2,3315.0,2
rb1805,20170728,20170727,210353000,3315.0,1660,106004,55070680.0,3315.0,175,3314.0,13
rb1805,20170728,20170727,210353500,3314.0,1662,106004,55136960.0,3315.0,175,3314.0,10
rb1805,20170728,20170727,210354000,3314.0,1670,106008,55402080.0,3315.0,175,3314.0,6
rb1805,20170728,20170727,210354500,3314.0,1676,106010,55600920.0,3315.0,176,3313.0,9
rb1805,20170728,20170727,210355000,3314.0,1676,106010,55600920.0,3315.0,176,3314.0,3
rb1805,20170728,20170727,210355500,3313.0,1678,106012,55667180.0,3315.0,176,3313.0,5
rb1805,20170728,20170727,210356000,3313.0,1678,106012,55667180.0,3315.0,176,3313.0,11
rb1805,20170728,20170727,210356500,3313.0,1678,106012,55667180.0,3315.0,176,3313.0,8
rb1805,20170728,20170727,210357000,3313.0,1678,106012,55667180.0,3315.0,184,3313.0,8
rb1805,20170728,20170727,210357500,3315.0,1746,106012,57921380.0,3315.0,150,3313.0,8
rb1805,20170728,20170727,210358000,3315.0,1746,106012,57921380.0,3315.0,150,3313.0,7
rb1805,20170728,20170727,210358500,3313.0,1754,106012,58186420.0,3313.0,16,3312.0,6
rb1805,20170728,20170727,210359000,3313.0,1754,106012,58186420.0,3313.0,16,3312.0,9
rb1805,20170728,20170727,210400000,3313.0,1754,106012,58186420.0,3313.0,16,3312.0,9
rb1805,20170728,20170727,210400500,3313.0,1754,106012,58186420.0,3313.0,16,3312.0,9
rb1805,20170728,20170727,210401500,3313.0,1758,106012,58318940.0,3313.0,14,3312.0,10
rb1805,20170728,20170727,210402000,3313.0,1758,106012,58318940.0,3313.0,14,3312.0,11
rb1805,20170728,20170727,210402500,3313.0,1760,106012,58385200.0,3313.0,13,3312.0,14
rb1805,20170728,20170727,210403500,3313.0,1760,106012,58385200.0,3315.0,150,3312.0,14
rb1805,20170728,20170727,210404000,3312.0,1784,106000,59180080.0,3312.0,1,3311.0,5
rb1805,20170728,20170727,210404500,3314.0,1788,105998,59312600.0,3314.0,1,3313.0,1
rb1805,20170728,20170727,210405000,3314.0,1792,105998,59445140.0,3315.0,150,3312.0,11
rb1805,20170728,20170727,210405500,3314.0,1792,105998,59445140.0,3315.0,150,3312.0,1
rb1805,20170728,20170727,210406000,3314.0,1792,105998,59445140.0,3314.0,3,3312.0,1
rb1805,20170728,20170727,210406500,3314.0,1792,105998,59445140.0,3314.0,3,3311.0,5
rb1805,20170728,20170727,210407000,3314.0,1792,105998,59445140.0,3315.0,150,3311.0,5
rb1805,20170728,20170727,210407500,3314.0,1792,105998,59445140.0,3315.0,151,3311.0,7
rb1805,20170728,20170727,210408000,3314.0,1792,105998,59445140.0,3315.0,151,3311.0,7
rb1805,20170728,20170727,210408500,3314.0,1792,105998,59445140.0,3315.0,151,3311.0,4
rb1805,20170728,20170727,210409500,3314.0,1792,105998,59445140.0,3315.0,150,3311.0,4
rb1805,20170728,20170727,210410000,3315.0,1798,106000,59644000.0,3315.0,149,3311.0,4
rb1805,20170728,20170727,210410500,3315.0,1798,106000,59644000.0,3314.0,1,3311.0,4
rb1805,20170728,20170727,210411000,3315.0,1798,106000,59644000.0,3314.0,6,3312.0,2
rb1805,20170728,20170727,210411500,3315.0,1798,106000,59644000.0,3314.0,6,3312.0,2
rb1805,20170728,20170727,210412000,3315.0,1798,106000,59644000.0,3314.0,6,3312.0,3
rb1805,20170728,20170727,210413500,3315.0,1798,106000,59644000.0,3314.0,1,3312.0,3
rb1805,20170728,20170727,210414000,3315.0,1798,106000,59644000.0,3314.0,1,3312.0,8
rb1805,20170728,20170727,210414500,3315.0,1798,106000,59644000.0,3314.0,1,3313.0,8
rb1805,20170728,20170727,210415000,3315.0,1798,106000,59644000.0,3314.0,1,3313.0,8
rb1805,20170728,20170727,210415500,3315.0,1798,106000,59644000.0,3314.0,2,3313.0,8
rb1805,20170728,20170727,210416000,3315.0,1798,106000,59644000.0,3314.0,2,3313.0,8
rb1805,20170728,20170727,210417500,3315.0,1798,106000,59644000.0,3314.0,2,3313.0,8
rb1805,20170728,20170727,210418000,3315.0,1798,106000,59644000.0,3314.0,2,3313.0,8
rb1805,20170728,20170727,210418500,3315.0,1798,106000,59644000.0,3314.0,2,3313.0,9
rb1805,20170728,20170727,210419000,3315.0,1798,106000,59644000.0,3314.0,2,3313.0,9
rb1805,20170728,20170727,210420000,3315.0,1798,106000,59644000.0,3314.0,3,3313.0,9
rb1805,20170728,20170727,210420500,3314.0,1804,106004,59842840.0,3315.0,145,3314.0,5
rb1805,20170728,20170727,210421000,3314.0,1806,106006,59909120.0,3315.0,148,3314.0,4
rb1805,20170728,20170727,210421500,3314.0,1806,106006,59909120.0,3315.0,140,3314.0,4
rb1805,20170728,20170727,210422000,3314.0,1806,106006,59909120.0,3315.0,141,3314.0,4
rb1805,20170728,20170727,210422500,3314.0,1806,106006,59909120.0,3315.0,141,3314.0,4
rb1805,20170728,20170727,210423500,3314.0,1806,106006,59909120.0,3315.0,141,3314.0,5
rb1805,20170728,20170727,210424000,3314.0,1806,106006,59909120.0,3315.0,143,3314.0,1
rb1805,20170728,20170727,210425000,3314.0,1806,106006,59909120.0,3315.0,145,3314.0,1
rb1805,20170728,20170727,210425500,3314.0,1806,106006,59909120.0,3315.0,143,3314.0,1
rb1805,20170728,20170727,210426000,3314.0,1808,106008,59975400.0,3315.0,143,3313.0,9
rb1805,20170728,20170727,210426500,3314.0,1808,106008,59975400.0,3315.0,141,3313.0,11
rb1805,20170728,20170727,210427000,3314.0,1808,106008,59975400.0,3314.0,10,3313.0,11
rb1805,20170728,20170727,210427500,3314.0,1850,105988,61367480.0,3315.0,134,3314.0,10
rb1805,20170728,20170727,210428000,3315.0,1870,105988,62030480.0,3315.0,124,3314.0,11
rb1805,20170728,20170727,210428500,3315.0,1870,105988,62030480.0,3315.0,124,3314.0,7
rb1805,20170728,20170727,210429000,3315.0,1870,105988,62030480.0,3315.0,124,3314.0,7
rb1805,20170728,20170727,210429500,3315.0,1870,105988,62030480.0,3315.0,124,3314.0,7
rb1805,20170728,20170727,210431000,3315.0,1870,105988,62030480.0,3315.0,124,3314.0,7
rb1805,20170728,20170727,210431500,3315.0,1870,105988,62030480.0,3315.0,124,3314.0,3
rb1805,20170728,20170727,210432500,3315.0,1870,105988,62030480.0,3315.0,124,3314.0,3
rb1805,20170728,20170727,210433000,3315.0,1870,105988,62030480.0,3315.0,126,3314.0,3
rb1805,20170728,20170727,210433500,3314.0,1876,105984,62229320.0,3314.0,7,3313.0,9
rb1805,20170728,20170727,210434000,3315.0,1906,105974,63223680.0,3315.0,118,3314.0,6
rb1805,20170728,20170727,210434500,3315.0,1920,105974,63687780.0,3315.0,111,3314.0,3
rb1805,20170728,20170727,210435000,3315.0,1920,105974,63687780.0,3315.0,111,3314.0,2
rb1805,20170728,20170727,210436000,3315.0,1920,105974,63687780.0,3315.0,111,3314.0,2
rb1805,20170728,20170727,210436500,3315.0,1920,105974,63687780.0,3315.0,111,3314.0,2
rb1805,20170728,20170727,210437500,3315.0,1920,105974,63687780.0,3315.0,111,3314.0,3
rb1805,20170728,20170727,210438500,3315.0,1920,105974,63687780.0,3315.0,111,3314.0,4
rb1805,20170728,20170727,210439000,3315.0,1920,105974,63687780.0,3315.0,111,3314.0,4
rb1805,20170728,20170727,210439500,3314.0,1960,105942,65013640.0,3315.0,98,3314.0,1
rb1805,20170728,20170727,210440000,3314.0,1960,105942,65013640.0,3315.0,98,3314.0,4
rb1805,20170728,20170727,210442000,3314.0,1960,105942,65013640.0,3315.0,98,3314.0,1
rb1805,20170728,20170727,210442500,3314.0,1960,105942,65013640.0,3315.0,98,3314.0,1
rb1805,20170728,20170727,210443000,3315.0,1968,105942,65278840.0,3315.0,93,3314.0,7
rb1805,20170728,20170727,210443500,3315.0,2094,105916,69455740.0,3315.0,30,3314.0,7
rb1805,20170728,20170727,210444000,3317.0,2172,105912,72041780.0,3318.0,7,3317.0,47
rb1805,20170728,20170727,210444500,3317.0,2176,105914,72174460.0,3318.0,11,3317.0,45
rb1805,20170728,20170727,210445000,3317.0,2178,105914,72240800.0,3318.0,8,3317.0,3
rb1805,20170728,20170727,210445500,3317.0,2178,105914,72240800.0,3318.0,8,3316.0,5
rb1805,20170728,20170727,210446000,3317.0,2178,105914,72240800.0,3318.0,7,3316.0,8
rb1805,20170728,20170727,210446500,3317.0,2178,105914,72240800.0,3318.0,7,3316.0,8
rb1805,20170728,20170727,210447500,3317.0,2178,105914,72240800.0,3318.0,7,3316.0,8
rb1805,20170728,20170727,210448500,3317.0,2178,105914,72240800.0,3317.0,1,3316.0,8
rb1805,20170728,20170727,210449000,3317.0,2178,105914,72240800.0,3317.0,1,3316.0,8
rb1805,20170728,20170727,210450000,3316.0,2180,105914,72307120.0,3317.0,1,3316.0,7
rb1805,20170728,20170727,210450500,3316.0,2180,105914,72307120.0,3317.0,1,3316.0,7
rb1805,20170728,20170727,210451000,3316.0,2180,105914,72307120.0,3317.0,1,3316.0,7
rb1805,20170728,20170727,210452000,3316.0,2180,105914,72307120.0,3317.0,1,3316.0,9
rb1805,20170728,20170727,210452500,3317.0,2184,105912,72439800.0,3318.0,11,3317.0,1
rb1805,20170728,20170727,210453000,3317.0,2184,105912,72439800.0,3318.0,12,3316.0,9
rb1805,20170728,20170727,210453500,3317.0,2184,105912,72439800.0,3318.0,9,3316.0,9
rb1805,20170728,20170727,210454000,3317.0,2184,105912,72439800.0,3318.0,12,3316.0,6
rb1805,20170728,20170727,210454500,3317.0,2184,105912,72439800.0,3318.0,12,3316.0,6
rb1805,20170728,20170727,210455000,3317.0,2184,105912,72439800.0,3318.0,9,3316.0,6
rb1805,20170728,20170727,210457000,3317.0,2184,105912,72439800.0,3318.0,9,3316.0,6
rb1805,20170728,20170727,210457500,3318.0,2186,105910,72506160.0,3318.0,8,3316.0,7
rb1805,20170728,20170727,210458000,3318.0,2186,105910,72506160.0,3318.0,8,3317.0,1
rb1805,20170728,20170727,210458500,3318.0,2186,105910,72506160.0,3318.0,12,3317.0,1
rb1805,20170728,20170727,210459000,3318.0,2206,105896,73169740.0,3318.0,3,3316.0,7
rb1805,20170728,20170727,210459500,3319.0,2218,105888,73567940.0,3319.0,32,3317.0,5
rb1805,20170728,20170727,210500000,3319.0,2250,105856,74630020.0,3319.0,16,3317.0,9
rb1805,20170728,20170727,210500500,3319.0,2250,105856,74630020.0,3319.0,16,3317.0,9
rb1805,20170728,20170727,210501000,3319.0,2252,105856,74696400.0,3319.0,15,3318.0,2
rb1805,20170728,20170727,210501500,3319.0,2252,105856,74696400.0,3319.0,15,3318.0,2
rb1805,20170728,20170727,210502000,3319.0,2252,105856,74696400.0,3319.0,14,3318.0,2
rb1805,20170728,20170727,210502500,3319.0,2252,105856,74696400.0,3319.0,14,3318.0,2
rb1805,20170728,20170727,210503000,3319.0,2252,105856,74696400.0,3319.0,19,3318.0,2
rb1805,20170728,20170727,210503500,3319.0,2252,105856,74696400.0,3319.0,19,3318.0,2
rb1805,20170728,20170727,210505500,3318.0,2254,105856,74762760.0,3319.0,22,3318.0,1
rb1805,20170728,20170727,210506000,3318.0,2254,105856,74762760.0,3319.0,19,3318.0,1
rb1805,20170728,20170727,210507000,3319.0,2266,105864,75161040.0,3319.0,13,3318.0,1
rb1805,20170728,20170727,210507500,3319.0,2266,105864,75161040.0,3319.0,8,3318.0,1
rb1805,20170728,20170727,210508000,3318.0,2268,105864,75227400.0,3318.0,2,3317.0,9
rb1805,20170728,20170727,210508500,3318.0,2272,105860,75360120.0,3319.0,5,3317.0,9
rb1805,20170728,20170727,210509000,3318.0,2272,105860,75360120.0,3319.0,5,3317.0,12
rb1805,20170728,20170727,210509500,3318.0,2272,105860,75360120.0,3319.0,8,3317.0,12
rb1805,20170728,20170727,210510000,3318.0,2272,105860,75360120.0,3319.0,13,3317.0,9
rb1805,20170728,20170727,210511000,3318.0,2272,105860,75360120.0,3319.0,13,3317.0,9
rb1805,20170728,20170727,210511500,3318.0,2272,105860,75360120.0,3319.0,13,3318.0,1
rb1805,20170728,20170727,210514500,3318.0,2272,105860,75360120.0,3319.0,13,3318.0,1
rb1805,20170728,20170727,210515000,3318.0,2272,105860,75360120.0,3319.0,8,3318.0,1
rb1805,20170728,20170727,210516000,3318.0,2274,105862,75426480.0,3319.0,8,3318.0,1
rb1805,20170728,20170727,210518000,3318.0,2276,105862,75492840.0,3319.0,8,3317.0,9
rb1805,20170728,20170727,210519000,3318.0,2276,105862,75492840.0,3319.0,8,3317.0,9
rb1805,20170728,20170727,210519500,3319.0,2292,105872,76023880.0,3320.0,47,3319.0,2
rb1805,20170728,20170727,210520000,3319.0,2296,105876,76156640.0,3319.0,14,3317.0,11
rb1805,20170728,20170727,210520500,3319.0,2296,105876,76156640.0,3319.0,5,3317.0,9
rb1805,20170728,20170727,210521000,3319.0,2296,105876,76156640.0,3319.0,10,3317.0,9
rb1805,20170728,20170727,210521500,3319.0,2296,105876,76156640.0,3318.0,5,3317.0,9
rb1805,20170728,20170727,210522000,3319.0,2296,105876,76156640.0,3318.0,5,3317.0,7
rb1805,20170728,20170727,210523000,3319.0,2296,105876,76156640.0,3318.0,10,3317.0,7
rb1805,20170728,20170727,210523500,3317.0,2302,105882,76355660.0,3318.0,13,3317.0,2
rb1805,20170728,20170727,210524000,3317.0,2302,105882,76355660.0,3318.0,13,3317.0,2
rb1805,20170728,20170727,210524500,3317.0,2302,105882,76355660.0,3318.0,13,3317.0,2
rb1805,20170728,20170727,210525000,3318.0,2312,105890,76687460.0,3318.0,8,3317.0,2
rb1805,20170728,20170727,210525500,3318.0,2328,105900,77218340.0,3319.0,23,3318.0,2
rb1805,20170728,20170727,210526000,3318.0,2332,105900,77351060.0,3318.0,13,3317.0,5
rb1805,20170728,20170727,210526500,3318.0,2332,105900,77351060.0,3318.0,4,3317.0,5
rb1805,20170728,20170727,210527500,3318.0,2332,105900,77351060.0,3318.0,4,3317.0,6
rb1805,20170728,20170727,210528500,3318.0,2340,105908,77616500.0,3319.0,24,3317.0,6
rb1805,20170728,20170727,210529000,3318.0,2340,105908,77616500.0,3319.0,18,3317.0,11
rb1805,20170728,20170727,210529500,3318.0,2340,105908,77616500.0,3319.0,18,3317.0,11
rb1805,20170728,20170727,210533500,3318.0,2340,105908,77616500.0,3319.0,18,3317.0,11
rb1805,20170728,20170727,210534000,3318.0,2340,105908,77616500.0,3319.0,19,3317.0,11
rb1805,20170728,20170727,210535000,3317.0,2342,105910,77682840.0,3319.0,19,3317.0,10
rb1805,20170728,20170727,210536000,3317.0,2342,105910,77682840.0,3319.0,19,3317.0,10
rb1805,20170728,20170727,210536500,3317.0,2342,105910,77682840.0,3319.0,15,3318.0,7
rb1805,20170728,20170727,210538000,3317.0,2342,105910,77682840.0,3319.0,15,3318.0,7
rb1805,20170728,20170727,210539000,3319.0,2352,105906,78014740.0,3319.0,10,3318.0,12
rb1805,20170728,20170727,210539500,3320.0,2374,105906,78744940.0,3320.0,47,3319.0,7
rb1805,20170728,20170727,210540000,3320.0,2404,105928,79740940.0,3320.0,32,3319.0,13
rb1805,20170728,20170727,210540500,3320.0,2404,105928,79740940.0,3320.0,32,3319.0,8
rb1805,20170728,20170727,210541000,3320.0,2406,105926,79807340.0,3320.0,31,3319.0,7
rb1805,20170728,20170727,210541500,3320.0,2406,105926,79807340.0,3320.0,31,3319.0,7
rb1805,20170728,20170727,210542000,3319.0,2408,105928,79873720.0,3320.0,34,3319.0,6
rb1805,20170728,20170727,210542500,3319.0,2410,105928,79940100.0,3320.0,31,3319.0,5
rb1805,20170728,20170727,210543000,3319.0,2410,105928,79940100.0,3320.0,31,3319.0,5
rb1805,20170728,20170727,210544500,3319.0,2410,105928,79940100.0,3320.0,31,3319.0,5
rb1805,20170728,20170727,210546000,3320.0,2422,105928,80338500.0,3320.0,25,3319.0,5
rb1805,20170728,20170727,210546500,3320.0,2422,105928,80338500.0,3320.0,25,3319.0,5
rb1805,20170728,20170727,210548000,3320.0,2422,105928,80338500.0,3320.0,25,3319.0,5
rb1805,20170728,20170727,210548500,3320.0,2422,105928,80338500.0,3320.0,26,3319.0,5
rb1805,20170728,20170727,210550000,3320.0,2422,105928,80338500.0,3320.0,27,3319.0,5
rb1805,20170728,20170727,210550500,3320.0,2422,105928,80338500.0,3320.0,27,3319.0,5
rb1805,20170728,20170727,210551000,3320.0,2438,105912,80869700.0,3320.0,19,3319.0,5
rb1805,20170728,20170727,210552000,3320.0,2442,105910,81002500.0,3320.0,17,3319.0,5
rb1805,20170728,20170727,210552500,3320.0,2442,105910,81002500.0,3320.0,27,3319.0,6
rb1805,20170728,20170727,210553000,3320.0,2496,105916,82795300.0,3321.0,17,3320.0,13
rb1805,20170728,20170727,210553500,3320.0,2506,105922,83127300.0,3321.0,17,3320.0,13
rb1805,20170728,20170727,210554000,3320.0,2510,105926,83260100.0,3321.0,17,3320.0,11
rb1805,20170728,20170727,210554500,3320.0,2510,105926,83260100.0,3321.0,17,3320.0,11
rb1805,20170728,20170727,210555500,3320.0,2510,105926,83260100.0,3321.0,17,3320.0,11
rb1805,20170728,20170727,210556000,3321.0,2544,105928,84389240.0,3322.0,33,3321.0,4
rb1805,20170728,20170727,210556500,3321.0,2552,105936,84654920.0,3321.0,11,3320.0,11
rb1805,20170728,20170727,210557000,3321.0,2552,105936,84654920.0,3322.0,37,3320.0,15
rb1805,20170728,20170727,210557500,3320.0,2554,105938,84721320.0,3322.0,37,3320.0,14
rb1805,20170728,20170727,210558000,3320.0,2554,105938,84721320.0,3322.0,36,3320.0,11
rb1805,20170728,20170727,210558500,3320.0,2554,105938,84721320.0,3322.0,36,3320.0,16
rb1805,20170728,20170727,210559000,3320.0,2554,105938,84721320.0,3322.0,34,3320.0,16
rb1805,20170728,20170727,210559500,3322.0,2556,105938,84787760.0,3322.0,32,3320.0,19
rb1805,20170728,20170727,210600000,3320.0,2560,105938,84920560.0,3322.0,32,3320.0,17
rb1805,20170728,20170727,210600500,3322.0,2600,105942,86249360.0,3322.0,12,3320.0,17
rb1805,20170728,20170727,210601000,3322.0,2600,105942,86249360.0,3322.0,11,3320.0,27
rb1805,20170728,20170727,210601500,3322.0,2600,105942,86249360.0,3322.0,11,3320.0,27
rb1805,20170728,20170727,210602000,3322.0,2600,105942,86249360.0,3322.0,11,3321.0,7
rb1805,20170728,20170727,210602500,3321.0,2614,105956,86714300.0,3321.0,3,3320.0,28
rb1805,20170728,20170727,210603000,3321.0,2614,105956,86714300.0,3322.0,14,3320.0,28
rb1805,20170728,20170727,210603500,3321.0,2614,105956,86714300.0,3322.0,11,3320.0,28
rb1805,20170728,20170727,210604000,3321.0,2614,105956,86714300.0,3322.0,12,3320.0,28
rb1805,20170728,20170727,210604500,3321.0,2614,105956,86714300.0,3322.0,12,3320.0,28
rb1805,20170728,20170727,210605000,3321.0,2614,105956,86714300.0,3322.0,12,3320.0,28
rb1805,20170728,20170727,210605500,3322.0,2626,105960,87112940.0,3322.0,6,3320.0,28
rb1805,20170728,20170727,210606500,3322.0,2626,105960,87112940.0,3321.0,1,3320.0,28
rb1805,20170728,20170727,210607000,3321.0,2628,105960,87179360.0,3322.0,6,3320.0,28
rb1805,20170728,20170727,210608000,3321.0,2628,105960,87179360.0,3322.0,6,3320.0,29
rb1805,20170728,20170727,210608500,3321.0,2628,105960,87179360.0,3322.0,6,3320.0,29
rb1805,20170728,20170727,210609000,3322.0,2640,105966,87578000.0,3323.0,22,3322.0,14
rb1805,20170728,20170727,210609500,3322.0,2648,105974,87843760.0,3323.0,25,3322.0,10
rb1805,20170728,20170727,210610000,3322.0,2648,105974,87843760.0,3323.0,25,3322.0,10
rb1805,20170728,20170727,210610500,3322.0,2648,105974,87843760.0,3323.0,25,3322.0,10
rb1805,20170728,20170727,210611000,3322.0,2648,105974,87843760.0,3323.0,25,3322.0,10
rb1805,20170728,20170727,210611500,3322.0,2648,105974,87843760.0,3323.0,25,3322.0,10
rb1805,20170728,20170727,210612000,3323.0,2680,105946,88907100.0,3323.0,10,3322.0,9
rb1805,20170728,20170727,210612500,3324.0,2698,105928,89505280.0,3324.0,20,3322.0,9
rb1805,20170728,20170727,210613000,3324.0,2708,105922,89837680.0,3324.0,18,3322.0,14
rb1805,20170728,20170727,210613500,3324.0,2714,105916,90037120.0,3324.0,15,3322.0,14
rb1805,20170728,20170727,210614000,3324.0,2714,105916,90037120.0,3324.0,14,3322.0,15
rb1805,20170728,20170727,210614500,3324.0,2714,105916,90037120.0,3324.0,14,3322.0,15
rb1805,20170728,20170727,210615000,3322.0,2732,105926,90635080.0,3323.0,3,3322.0,6
rb1805,20170728,20170727,210615500,3323.0,2734,105926,90701540.0,3323.0,2,3322.0,1
rb1805,20170728,20170727,210616000,3323.0,2734,105926,90701540.0,3323.0,5,3322.0,1
rb1805,20170728,20170727,210617000,3323.0,2744,105926,91033840.0,3324.0,18,3322.0,1
rb1805,20170728,20170727,210617500,3323.0,2744,105926,91033840.0,3324.0,18,3323.0,1
rb1805,20170728,20170727,210618000,3324.0,2750,105928,91233260.0,3324.0,15,3322.0,1
rb1805,20170728,20170727,210618500,3324.0,2750,105928,91233260.0,3324.0,15,3323.0,5
rb1805,20170728,20170727,210619000,3324.0,2750,105928,91233260.0,3324.0,15,3323.0,6
rb1805,20170728,20170727,210619500,3324.0,2762,105916,91632140.0,3324.0,9,3323.0,6
rb1805,20170728,20170727,210621000,3324.0,2766,105916,91765100.0,3324.0,7,3323.0,6
rb1805,20170728,20170727,210621500,3323.0,2778,105918,92163960.0,3324.0,1,3323.0,8
rb1805,20170728,20170727,210622000,3323.0,2778,105918,92163960.0,3325.0,45,3323.0,8
rb1805,20170728,20170727,210622500,3323.0,2778,105918,92163960.0,3324.0,2,3323.0,5
rb1805,20170728,20170727,210623000,3323.0,2778,105918,92163960.0,3324.0,2,3323.0,5
rb1805,20170728,20170727,210623500,3324.0,2780,105918,92230440.0,3324.0,1,3323.0,5
rb1805,20170728,20170727,210624000,3324.0,2780,105918,92230440.0,3324.0,2,3323.0,5
rb1805,20170728,20170727,210624500,3324.0,2784,105918,92363400.0,3325.0,48,3323.0,8
rb1805,20170728,20170727,210625000,3325.0,2804,105920,93028400.0,3325.0,38,3323.0,8
rb1805,20170728,20170727,210625500,3324.0,2826,105922,93759880.0,3325.0,26,3324.0,1
rb1805,20170728,20170727,210626000,3325.0,2848,105936,94491360.0,3325.0,16,3323.0,8
rb1805,20170728,20170727,210626500,3325.0,2848,105936,94491360.0,3325.0,16,3323.0,15
rb1805,20170728,20170727,210628000,3325.0,2848,105936,94491360.0,3325.0,16,3323.0,15
rb1805,20170728,20170727,210628500,3325.0,2848,105936,94491360.0,3324.0,1,3323.0,15
rb1805,20170728,20170727,210629000,3324.0,2850,105936,94557840.0,3325.0,16,3324.0,4
rb1805,20170728,20170727,210629500,3325.0,2852,105936,94624340.0,3325.0,15,3323.0,15
rb1805,20170728,20170727,210630000,3325.0,2852,105936,94624340.0,3324.0,9,3323.0,15
rb1805,20170728,20170727,210630500,3325.0,2852,105936,94624340.0,3324.0,10,3323.0,15
rb1805,20170728,20170727,210631000,3325.0,2852,105936,94624340.0,3324.0,10,3323.0,15
rb1805,20170728,20170727,210632000,3325.0,2852,105936,94624340.0,3324.0,10,3323.0,15
rb1805,20170728,20170727,210633000,3325.0,2852,105936,94624340.0,3324.0,10,3323.0,11
rb1805,20170728,20170727,210633500,3325.0,2852,105936,94624340.0,3324.0,10,3323.0,6
rb1805,20170728,20170727,210634500,3324.0,2854,105936,94690820.0,3324.0,9,3323.0,6
rb1805,20170728,20170727,210635000,3324.0,2854,105936,94690820.0,3324.0,9,3323.0,6
rb1805,20170728,20170727,210635500,3324.0,2854,105936,94690820.0,3324.0,9,3323.0,6
rb1805,20170728,20170727,210636500,3325.0,2884,105906,95688140.0,3325.0,29,3323.0,6
rb1805,20170728,20170727,210637000,3323.0,2886,105906,95754600.0,3325.0,32,3323.0,2
rb1805,20170728,20170727,210637500,3323.0,2886,105906,95754600.0,3325.0,32,3323.0,7
rb1805,20170728,20170727,210638500,3324.0,2888,105908,95821080.0,3325.0,32,3323.0,17
rb1805,20170728,20170727,210639000,3324.0,2888,105908,95821080.0,3325.0,30,3323.0,17
rb1805,20170728,20170727,210640000,3325.0,2890,105908,95887580.0,3325.0,29,3323.0,18
rb1805,20170728,20170727,210641000,3325.0,2892,105908,95954080.0,3325.0,28,3323.0,18
rb1805,20170728,20170727,210642000,3325.0,2892,105908,95954080.0,3324.0,1,3323.0,18
rb1805,20170728,20170727,210642500,3324.0,2894,105910,96020560.0,3325.0,28,3324.0,3
rb1805,20170728,20170727,210643000,3324.0,2894,105910,96020560.0,3325.0,31,3323.0,18
rb1805,20170728,20170727,210643500,3325.0,2898,105910,96153560.0,3325.0,28,3323.0,18
rb1805,20170728,20170727,210644000,3325.0,2898,105910,96153560.0,3325.0,28,3323.0,21
rb1805,20170728,20170727,210645000,3325.0,2898,105910,96153560.0,3325.0,28,3324.0,8
rb1805,20170728,20170727,210645500,3325.0,2898,105910,96153560.0,3325.0,28,3324.0,11
rb1805,20170728,20170727,210646000,3325.0,2898,105910,96153560.0,3325.0,28,3324.0,11
rb1805,20170728,20170727,210646500,3325.0,2898,105910,96153560.0,3325.0,28,3324.0,11
rb1805,20170728,20170727,210647000,3325.0,2904,105912,96353060.0,3325.0,25,3324.0,12
rb1805,20170728,20170727,210647500,3325.0,2912,105914,96619060.0,3325.0,21,3324.0,12
rb1805,20170728,20170727,210648000,3325.0,2912,105914,96619060.0,3325.0,21,3324.0,11
rb1805,20170728,20170727,210649000,3324.0,2914,105916,96685540.0,3325.0,21,3324.0,10
rb1805,20170728,20170727,210649500,3324.0,2914,105916,96685540.0,3325.0,21,3324.0,11
rb1805,20170728,20170727,210650000,3324.0,2914,105916,96685540.0,3325.0,21,3324.0,11
rb1805,20170728,20170727,210651000,3324.0,2918,105916,96818500.0,3325.0,21,3324.0,9
rb1805,20170728,20170727,210652000,3324.0,2918,105916,96818500.0,3325.0,21,3324.0,13
rb1805,20170728,20170727,210652500,3324.0,2918,105916,96818500.0,3325.0,21,3324.0,18
rb1805,20170728,20170727,210653000,3324.0,2918,105916,96818500.0,3325.0,22,3324.0,14
rb1805,20170728,20170727,210654500,3324.0,2918,105916,96818500.0,3325.0,22,3324.0,14
rb1805,20170728,20170727,210655000,3325.0,2956,105918,98082000.0,3325.0,3,3324.0,14
rb1805,20170728,20170727,210655500,3324.0,2958,105918,98148480.0,3325.0,3,3324.0,13
rb1805,20170728,20170727,210656000,3325.0,2960,105920,98214980.0,3325.0,2,3324.0,13
rb1805,20170728,20170727,210657500,3325.0,2960,105920,98214980.0,3325.0,3,3324.0,13
rb1805,20170728,20170727,210658500,3325.0,2960,105920,98214980.0,3325.0,3,3324.0,22
rb1805,20170728,20170727,210659000,3325.0,2966,105916,98414480.0,3326.0,29,3325.0,3
rb1805,20170728,20170727,210659500,3326.0,2968,105914,98481000.0,3326.0,28,3325.0,1
rb1805,20170728,20170727,210700000,3325.0,2970,105916,98547500.0,3325.0,1,3324.0,23
rb1805,20170728,20170727,210700500,3325.0,2972,105916,98614000.0,3326.0,28,3324.0,23
rb1805,20170728,20170727,210701000,3325.0,2972,105916,98614000.0,3326.0,25,3325.0,2
rb1805,20170728,20170727,210701500,3325.0,2972,105916,98614000.0,3326.0,28,3325.0,1
rb1805,20170728,20170727,210703000,3325.0,2972,105916,98614000.0,3326.0,28,3325.0,1
rb1805,20170728,20170727,210704000,3325.0,2972,105916,98614000.0,3326.0,29,3325.0,1
rb1805,20170728,20170727,210705000,3325.0,2972,105916,98614000.0,3326.0,29,3325.0,1
rb1805,20170728,20170727,210705500,3325.0,2972,105916,98614000.0,3326.0,29,3325.0,1
rb1805,20170728,20170727,210706500,3325.0,2972,105916,98614000.0,3326.0,29,3325.0,1
rb1805,20170728,20170727,210707000,3325.0,2974,105918,98680500.0,3326.0,29,3324.0,20
rb1805,20170728,20170727,210707500,3325.0,2974,105918,98680500.0,3326.0,29,3324.0,20
rb1805,20170728,20170727,210708000,3325.0,2974,105918,98680500.0,3325.0,1,3324.0,20
rb1805,20170728,20170727,210709000,3325.0,2974,105918,98680500.0,3325.0,1,3324.0,20
rb1805,20170728,20170727,210709500,3325.0,2976,105918,98747000.0,3326.0,29,3324.0,18
rb1805,20170728,20170727,210710000,3326.0,2978,105918,98813520.0,3326.0,28,3324.0,15
rb1805,20170728,20170727,210711000,3326.0,2978,105918,98813520.0,3326.0,29,3324.0,15
rb1805,20170728,20170727,210711500,3325.0,2980,105918,98880020.0,3326.0,29,3325.0,1
rb1805,20170728,20170727,210712000,3325.0,2980,105918,98880020.0,3326.0,29,3325.0,1
rb1805,20170728,20170727,210713000,3326.0,3000,105918,99545220.0,3326.0,19,3325.0,1
rb1805,20170728,20170727,210713500,3326.0,3000,105918,99545220.0,3326.0,20,3325.0,1
rb1805,20170728,20170727,210714000,3326.0,3000,105918,99545220.0,3326.0,20,3325.0,1
rb1805,20170728,20170727,210714500,3326.0,3010,105918,99877820.0,3326.0,15,3325.0,7
rb1805,20170728,20170727,210715000,3326.0,3010,105918,99877820.0,3326.0,12,3325.0,7
rb1805,20170728,20170727,210715500,3326.0,3010,105918,99877820.0,3326.0,12,3325.0,7
rb1805,20170728,20170727,210716000,3326.0,3010,105918,99877820.0,3326.0,16,3325.0,7
rb1805,20170728,20170727,210716500,3326.0,3010,105918,99877820.0,3326.0,12,3325.0,7
rb1805,20170728,20170727,210717500,3326.0,3012,105918,99944340.0,3326.0,11,3325.0,2
rb1805,20170728,20170727,210718000,3326.0,3012,105918,99944340.0,3326.0,15,3325.0,2
rb1805,20170728,20170727,210719000,3326.0,3012,105918,99944340.0,3326.0,15,3325.0,2
rb1805,20170728,20170727,210719500,3326.0,3012,105918,99944340.0,3326.0,16,3325.0,2
rb1805,20170728,20170727,210720000,3325.0,3014,105920,100010840.0,3326.0,16,3325.0,1
rb1805,20170728,20170727,210720500,3325.0,3016,105920,100077340.0,3326.0,16,3324.0,17
rb1805,20170728,20170727,210721000,3325.0,3016,105920,100077340.0,3326.0,16,3325.0,1
rb1805,20170728,20170727,210721500,3326.0,3018,105922,100143860.0,3326.0,15,3325.0,2
rb1805,20170728,20170727,210722500,3326.0,3030,105920,100542980.0,3326.0,9,3325.0,4
rb1805,20170728,20170727,210723000,3326.0,3030,105920,100542980.0,3326.0,9,3325.0,4
rb1805,20170728,20170727,210723500,3326.0,3048,105914,101141660.0,3327.0,21,3326.0,21
rb1805,20170728,20170727,210724000,3326.0,3048,105914,101141660.0,3327.0,25,3326.0,21
rb1805,20170728,20170727,210724500,3326.0,3068,105914,101806860.0,3327.0,25,3326.0,11
rb1805,20170728,20170727,210725000,3326.0,3068,105914,101806860.0,3327.0,28,3326.0,11
rb1805,20170728,20170727,210725500,3327.0,3140,105900,104202080.0,3328.0,21,3327.0,5
rb1805,20170728,20170727,210726000,3325.0,3158,105906,104800780.0,3328.0,25,3324.0,17
rb1805,20170728,20170727,210726500,3325.0,3158,105906,104800780.0,3328.0,27,3324.0,22
rb1805,20170728,20170727,210727000,3328.0,3188,105876,105799180.0,3328.0,12,3324.0,22
rb1805,20170728,20170727,210727500,3328.0,3198,105866,106131980.0,3328.0,6,3324.0,23
rb1805,20170728,20170727,210728000,3328.0,3200,105868,106198540.0,3328.0,5,3324.0,23
rb1805,20170728,20170727,210728500,3328.0,3202,105868,106265100.0,3328.0,4,3324.0,23
rb1805,20170728,20170727,210729000,3328.0,3202,105868,106265100.0,3328.0,4,3325.0,1
rb1805,20170728,20170727,210729500,3328.0,3204,105868,106331660.0,3328.0,6,3325.0,6
rb1805,20170728,20170727,210731000,3328.0,3204,105868,106331660.0,3328.0,6,3325.0,6
rb1805,20170728,20170727,210731500,3328.0,3204,105868,106331660.0,3328.0,7,3325.0,6
rb1805,20170728,20170727,210732500,3328.0,3204,105868,106331660.0,3327.0,10,3325.0,6
rb1805,20170728,20170727,210734000,3328.0,3204,105868,106331660.0,3327.0,10,3325.0,6
rb1805,20170728,20170727,210735000,3328.0,3206,105870,106398220.0,3327.0,9,3326.0,1
rb1805,20170728,20170727,210735500,3328.0,3206,105870,106398220.0,3327.0,12,3326.0,1
rb1805,20170728,20170727,210736500,3328.0,3206,105870,106398220.0,3327.0,12,3326.0,1
rb1805,20170728,20170727,210737000,3328.0,3206,105870,106398220.0,3327.0,12,3326.0,1
rb1805,20170728,20170727,210737500,3328.0,3206,105870,106398220.0,3327.0,12,3326.0,1
rb1805,20170728,20170727,210738000,3328.0,3206,105870,106398220.0,3327.0,12,3326.0,1
rb1805,20170728,20170727,210738500,3328.0,3206,105870,106398220.0,3327.0,12,3326.0,1
rb1805,20170728,20170727,210739000,3328.0,3206,105870,106398220.0,3327.0,12,3326.0,2
rb1805,20170728,20170727,210739500,3328.0,3206,105870,106398220.0,3327.0,9,3326.0,7
rb1805,20170728,20170727,210740500,3328.0,3214,105870,106664460.0,3327.0,5,3326.0,7
rb1805,20170728,20170727,210741000,3327.0,3224,105872,106997160.0,3327.0,36,3326.0,7
rb1805,20170728,20170727,210741500,3326.0,3228,105872,107130220.0,3327.0,35,3326.0,6
rb1805,20170728,20170727,210742000,3326.0,3228,105872,107130220.0,3327.0,35,3326.0,6
rb1805,20170728,20170727,210742500,3326.0,3238,105868,107462900.0,3327.0,31,3326.0,5
rb1805,20170728,20170727,210743000,3325.0,3286,105906,109059000.0,3325.0,3,3324.0,10
rb1805,20170728,20170727,210743500,3326.0,3304,105906,109657620.0,3327.0,36,3325.0,1
rb1805,20170728,20170727,210744000,3327.0,3306,105906,109724160.0,3327.0,30,3326.0,1
rb1805,20170728,20170727,210744500,3326.0,3308,105908,109790680.0,3327.0,30,3325.0,6
rb1805,20170728,20170727,210745000,3327.0,3320,105896,110189920.0,3327.0,24,3326.0,1
rb1805,20170728,20170727,210746000,3327.0,3320,105896,110189920.0,3327.0,24,3326.0,1
rb1805,20170728,20170727,210746500,3327.0,3320,105896,110189920.0,3327.0,24,3326.0,1
rb1805,20170728,20170727,210748000,3327.0,3320,105896,110189920.0,3327.0,24,3326.0,1
rb1805,20170728,20170727,210748500,3327.0,3320,105896,110189920.0,3327.0,24,3326.0,1
rb1805,20170728,20170727,210749000,3327.0,3320,105896,110189920.0,3327.0,24,3326.0,1
rb1805,20170728,20170727,210749500,3327.0,3320,105896,110189920.0,3327.0,27,3326.0,1
rb1805,20170728,20170727,210750000,3326.0,3322,105894,110256440.0,3326.0,1,3325.0,1
rb1805,20170728,20170727,210750500,3326.0,3324,105892,110322960.0,3327.0,27,3325.0,5
rb1805,20170728,20170727,210751000,3326.0,3324,105892,110322960.0,3327.0,24,3326.0,3
rb1805,20170728,20170727,210751500,3326.0,3324,105892,110322960.0,3327.0,27,3325.0,8
rb1805,20170728,20170727,210752000,3326.0,3324,105892,110322960.0,3327.0,24,3326.0,3
rb1805,20170728,20170727,210752500,3326.0,3324,105892,110322960.0,3327.0,27,3325.0,2
rb1805,20170728,20170727,210753000,3326.0,3324,105892,110322960.0,3327.0,25,3326.0,3
rb1805,20170728,20170727,210753500,3326.0,3324,105892,110322960.0,3327.0,28,3326.0,3
rb1805,20170728,20170727,210754000,3326.0,3324,105892,110322960.0,3327.0,28,3326.0,3
rb1805,20170728,20170727,210755000,3326.0,3324,105892,110322960.0,3327.0,28,3325.0,7
rb1805,20170728,20170727,210755500,3326.0,3324,105892,110322960.0,3326.0,1,3325.0,12
rb1805,20170728,20170727,210756000,3327.0,3376,105894,112052980.0,3328.0,12,3327.0,74
rb1805,20170728,20170727,210756500,3327.0,3382,105896,112252600.0,3328.0,6,3327.0,71
rb1805,20170728,20170727,210757000,3328.0,3390,105892,112518840.0,3328.0,2,3327.0,71
rb1805,20170728,20170727,210757500,3328.0,3390,105892,112518840.0,3328.0,2,3327.0,71
rb1805,20170728,20170727,210758000,3328.0,3390,105892,112518840.0,3328.0,7,3327.0,71
rb1805,20170728,20170727,210758500,3328.0,3390,105892,112518840.0,3328.0,10,3327.0,71
rb1805,20170728,20170727,210759000,3327.0,3438,105916,114115800.0,3328.0,13,3327.0,47
rb1805,20170728,20170727,210759500,3327.0,3534,106002,117309720.0,3327.0,15,3325.0,3
rb1805,20170728,20170727,210800000,3327.0,3534,106002,117309720.0,3326.0,11,3325.0,3
rb1805,20170728,20170727,210801000,3326.0,3536,106002,117376240.0,3326.0,10,3325.0,8
rb1805,20170728,20170727,210801500,3329.0,3592,105976,119239700.0,3329.0,2,3327.0,3
rb1805,20170728,20170727,210802000,3329.0,3592,105976,119239700.0,3327.0,5,3326.0,3
rb1805,20170728,20170727,210802500,3329.0,3592,105976,119239700.0,3327.0,5,3326.0,3
rb1805,20170728,20170727,210803000,3329.0,3592,105976,119239700.0,3327.0,5,3326.0,3
rb1805,20170728,20170727,210803500,3330.0,3624,105994,120305140.0,3330.0,37,3325.0,10
rb1805,20170728,20170727,210804000,3330.0,3652,105986,121237360.0,3330.0,30,3325.0,8
rb1805,20170728,20170727,210804500,3325.0,3654,105986,121303860.0,3330.0,30,3325.0,8
rb1805,20170728,20170727,210805500,3325.0,3654,105986,121303860.0,3330.0,30,3329.0,50
rb1805,20170728,20170727,210806000,3329.0,3754,106038,124632860.0,3329.0,50,3325.0,11
rb1805,20170728,20170727,210806500,3329.0,3756,106036,124699440.0,3330.0,29,3326.0,2
rb1805,20170728,20170727,210807000,3329.0,3756,106036,124699440.0,3330.0,30,3326.0,7
rb1805,20170728,20170727,210808000,3329.0,3756,106036,124699440.0,3329.0,2,3326.0,7
rb1805,20170728,20170727,210808500,3329.0,3756,106036,124699440.0,3329.0,2,3326.0,7
rb1805,20170728,20170727,210809000,3329.0,3762,106034,124899180.0,3329.0,3,3326.0,7
rb1805,20170728,20170727,210809500,3326.0,3764,106034,124965700.0,3329.0,3,3326.0,9
rb1805,20170728,20170727,210810000,3326.0,3764,106034,124965700.0,3329.0,3,3326.0,14
rb1805,20170728,20170727,210810500,3326.0,3802,106018,126229580.0,3326.0,11,3325.0,10
rb1805,20170728,20170727,210811000,3329.0,3828,106008,127094460.0,3329.0,3,3327.0,1
rb1805,20170728,20170727,210811500,3327.0,3830,106010,127161000.0,3328.0,2,3326.0,7
rb1805,20170728,20170727,210812000,3326.0,3848,106000,127759680.0,3327.0,3,3326.0,3
rb1805,20170728,20170727,210812500,3325.0,3862,106000,128225320.0,3328.0,2,3326.0,1
rb1805,20170728,20170727,210813000,3326.0,3864,106000,128291840.0,3328.0,7,3327.0,1
rb1805,20170728,20170727,210813500,3327.0,3866,105998,128358380.0,3327.0,1,3326.0,1
rb1805,20170728,20170727,210814000,3326.0,3868,105998,128424900.0,3327.0,1,3325.0,9
rb1805,20170728,20170727,210814500,3325.0,3886,105990,129023440.0,3328.0,10,3325.0,4
rb1805,20170728,20170727,210815000,3325.0,3888,105990,129089940.0,3328.0,10,3326.0,1
rb1805,20170728,20170727,210815500,3327.0,3890,105988,129156480.0,3327.0,3,3326.0,1
rb1805,20170728,20170727,210816500,3327.0,3890,105988,129156480.0,3327.0,3,3326.0,1
rb1805,20170728,20170727,210817000,3327.0,3890,105988,129156480.0,3327.0,3,3326.0,1
rb1805,20170728,20170727,210817500,3326.0,3892,105988,129223000.0,3326.0,29,3324.0,10
rb1805,20170728,20170727,210818000,3326.0,3892,105988,129223000.0,3326.0,36,3325.0,12
rb1805,20170728,20170727,210818500,3326.0,3892,105988,129223000.0,3326.0,36,3325.0,13
rb1805,20170728,20170727,210819500,3326.0,3892,105988,129223000.0,3326.0,36,3325.0,13
rb1805,20170728,20170727,210820000,3326.0,3892,105988,129223000.0,3326.0,36,3325.0,16
rb1805,20170728,20170727,210820500,3326.0,3892,105988,129223000.0,3326.0,36,3325.0,16
rb1805,20170728,20170727,210821000,3326.0,3892,105988,129223000.0,3326.0,41,3325.0,16
rb1805,20170728,20170727,210821500,3326.0,3892,105988,129223000.0,3326.0,41,3325.0,13
rb1805,20170728,20170727,210822000,3326.0,3892,105988,129223000.0,3326.0,44,3325.0,11
rb1805,20170728,20170727,210823000,3326.0,3892,105988,129223000.0,3326.0,44,3325.0,11
rb1805,20170728,20170727,210823500,3326.0,3892,105988,129223000.0,3326.0,39,3325.0,11
rb1805,20170728,20170727,210824000,3326.0,3892,105988,129223000.0,3326.0,39,3325.0,11
rb1805,20170728,20170727,210824500,3326.0,3892,105988,129223000.0,3326.0,39,3325.0,12
rb1805,20170728,20170727,210825500,3326.0,3892,105988,129223000.0,3326.0,39,3325.0,13
rb1805,20170728,20170727,210826000,3326.0,3892,105988,129223000.0,3326.0,39,3325.0,13
rb1805,20170728,20170727,210826500,3326.0,3892,105988,129223000.0,3326.0,39,3325.0,15
rb1805,20170728,20170727,210827000,3325.0,3894,105986,129289500.0,3326.0,39,3325.0,12
rb1805,20170728,20170727,210828000,3325.0,3896,105984,129356000.0,3326.0,44,3325.0,20
rb1805,20170728,20170727,210828500,3326.0,3916,105984,130021200.0,3326.0,35,3325.0,20
rb1805,20170728,20170727,210829000,3326.0,3916,105984,130021200.0,3326.0,35,3325.0,20
rb1805,20170728,20170727,210829500,3326.0,3918,105984,130087720.0,3326.0,34,3325.0,20
rb1805,20170728,20170727,210830000,3326.0,3924,105978,130287280.0,3326.0,19,3325.0,20
rb1805,20170728,20170727,210833500,3325.0,3926,105976,130353780.0,3326.0,19,3325.0,19
rb1805,20170728,20170727,210834000,3325.0,3926,105976,130353780.0,3326.0,19,3325.0,20
rb1805,20170728,20170727,210834500,3326.0,3930,105976,130486820.0,3326.0,14,3325.0,26
rb1805,20170728,20170727,210835500,3325.0,3938,105968,130752820.0,3326.0,14,3325.0,22
rb1805,20170728,20170727,210838500,3325.0,3938,105968,130752820.0,3326.0,14,3325.0,22
rb1805,20170728,20170727,210839000,3325.0,3938,105968,130752820.0,3326.0,14,3325.0,22
rb1805,20170728,20170727,210840000,3326.0,3964,105968,131617580.0,3326.0,1,3325.0,22
rb1805,20170728,20170727,210841500,3326.0,3964,105968,131617580.0,3326.0,1,3325.0,22
rb1805,20170728,20170727,210843000,3326.0,3964,105968,131617580.0,3326.0,1,3325.0,22
rb1805,20170728,20170727,210844000,3326.0,3964,105968,131617580.0,3326.0,1,3325.0,22
rb1805,20170728,20170727,210844500,3326.0,3964,105968,131617580.0,3326.0,6,3325.0,22
rb1805,20170728,20170727,210845000,3325.0,3974,105960,131950080.0,3326.0,9,3325.0,12
rb1805,20170728,20170727,210845500,3325.0,3982,105964,132216080.0,3326.0,9,3325.0,8
rb1805,20170728,20170727,210846000,3325.0,3986,105964,132349080.0,3326.0,9,3325.0,6
rb1805,20170728,20170727,210846500,3325.0,3988,105964,132415580.0,3326.0,9,3325.0,5
rb1805,20170728,20170727,210847000,3326.0,3996,105964,132681620.0,3326.0,7,3325.0,3
rb1805,20170728,20170727,210847500,3326.0,3996,105964,132681620.0,3326.0,8,3325.0,3
rb1805,20170728,20170727,210848000,3325.0,4000,105964,132814620.0,3326.0,8,3325.0,1
rb1805,20170728,20170727,210848500,3325.0,4002,105962,132881120.0,3326.0,8,3324.0,13
rb1805,20170728,20170727,210849000,3325.0,4002,105962,132881120.0,3325.0,1,3324.0,13
rb1805,20170728,20170727,210849500,3324.0,4020,105980,133479440.0,3325.0,9,3324.0,1
rb1805,20170728,20170727,210850000,3324.0,4022,105982,133545920.0,3324.0,3,3323.0,26
rb1805,20170728,20170727,210850500,3324.0,4022,105982,133545920.0,3324.0,8,3323.0,23
rb1805,20170728,20170727,210851000,3323.0,4028,105988,133745300.0,3324.0,16,3323.0,20
rb1805,20170728,20170727,210851500,3323.0,4030,105988,133811760.0,3324.0,16,3323.0,19
rb1805,20170728,20170727,210852000,3323.0,4030,105988,133811760.0,3324.0,11,3323.0,24
rb1805,20170728,20170727,210852500,3325.0,4052,105994,134543060.0,3325.0,9,3323.0,27
rb1805,20170728,20170727,210853000,3325.0,4052,105994,134543060.0,3325.0,10,3323.0,24
rb1805,20170728,20170727,210853500,3325.0,4052,105994,134543060.0,3325.0,10,3324.0,2
rb1805,20170728,20170727,210854000,3324.0,4056,105998,134676020.0,3324.0,4,3323.0,24
rb1805,20170728,20170727,210854500,3324.0,4056,105998,134676020.0,3325.0,10,3323.0,19
rb1805,20170728,20170727,210855000,3324.0,4056,105998,134676020.0,3325.0,10,3323.0,20
rb1805,20170728,20170727,210856000,3324.0,4056,105998,134676020.0,3325.0,10,3323.0,25
rb1805,20170728,20170727,210856500,3324.0,4056,105998,134676020.0,3325.0,6,3323.0,31
rb1805,20170728,20170727,210857000,3324.0,4056,105998,134676020.0,3325.0,1,3323.0,31
rb1805,20170728,20170727,210857500,3324.0,4056,105998,134676020.0,3325.0,1,3324.0,9
rb1805,20170728,20170727,210859000,3324.0,4056,105998,134676020.0,3325.0,1,3324.0,9
rb1805,20170728,20170727,210859500,3324.0,4056,105998,134676020.0,3325.0,1,3323.0,31
rb1805,20170728,20170727,210900000,3324.0,4056,105998,134676020.0,3325.0,1,3323.0,31
rb1805,20170728,20170727,210900500,3324.0,4056,105998,134676020.0,3325.0,1,3324.0,2
rb1805,20170728,20170727,210901000,3324.0,4056,105998,134676020.0,3325.0,1,3324.0,2
rb1805,20170728,20170727,210902000,3324.0,4056,105998,134676020.0,3325.0,3,3324.0,2
rb1805,20170728,20170727,210903000,3324.0,4058,105998,134742500.0,3325.0,3,3324.0,1
rb1805,20170728,20170727,210903500,3324.0,4058,105998,134742500.0,3325.0,3,3324.0,1
rb1805,20170728,20170727,210904500,3324.0,4060,105998,134808980.0,3325.0,3,3323.0,33
rb1805,20170728,20170727,210905000,3324.0,4060,105998,134808980.0,3325.0,4,3323.0,33
rb1805,20170728,20170727,210906000,3324.0,4060,105998,134808980.0,3325.0,4,3323.0,33
rb1805,20170728,20170727,210906500,3324.0,4060,105998,134808980.0,3325.0,5,3323.0,33
rb1805,20170728,20170727,210907500,3324.0,4060,105998,134808980.0,3325.0,6,3323.0,33
rb1805,20170728,20170727,210908000,3324.0,4060,105998,134808980.0,3325.0,4,3323.0,33
rb1805,20170728,20170727,210908500,3324.0,4060,105998,134808980.0,3325.0,4,3323.0,33
rb1805,20170728,20170727,210909000,3325.0,4062,106000,134875480.0,3325.0,3,3323.0,34
rb1805,20170728,20170727,210909500,3325.0,4062,106000,134875480.0,3325.0,3,3323.0,33
rb1805,20170728,20170727,210910000,3325.0,4062,106000,134875480.0,3325.0,3,3323.0,30
rb1805,20170728,20170727,210911000,3325.0,4062,106000,134875480.0,3325.0,3,3324.0,1
rb1805,20170728,20170727,210912000,3324.0,4066,106002,135008440.0,3324.0,1,3323.0,30
rb1805,20170728,20170727,210912500,3324.0,4068,106004,135074920.0,3325.0,3,3324.0,2
rb1805,20170728,20170727,210913000,3324.0,4068,106004,135074920.0,3325.0,3,3323.0,33
rb1805,20170728,20170727,210914000,3324.0,4068,106004,135074920.0,3324.0,10,3323.0,33
rb1805,20170728,20170727,210914500,3324.0,4078,106000,135407320.0,3324.0,5,3323.0,34
rb1805,20170728,20170727,210915000,3324.0,4078,106000,135407320.0,3324.0,5,3323.0,33
rb1805,20170728,20170727,210915500,3324.0,4088,106000,135739720.0,3325.0,3,3324.0,2
rb1805,20170728,20170727,210916000,3324.0,4088,106000,135739720.0,3325.0,3,3323.0,34
rb1805,20170728,20170727,210916500,3324.0,4088,106000,135739720.0,3325.0,3,3323.0,30
rb1805,20170728,20170727,210917000,3323.0,4108,106000,136404320.0,3325.0,3,3323.0,20
rb1805,20170728,20170727,210917500,3323.0,4108,106000,136404320.0,3325.0,3,3323.0,20
rb1805,20170728,20170727,210918000,3323.0,4108,106000,136404320.0,3325.0,3,3323.0,21
rb1805,20170728,20170727,210918500,3323.0,4108,106000,136404320.0,3325.0,3,3323.0,22
rb1805,20170728,20170727,210919000,3323.0,4108,106000,136404320.0,3325.0,4,3323.0,22
rb1805,20170728,20170727,210919500,3323.0,4108,106000,136404320.0,3325.0,3,3323.0,23
rb1805,20170728,20170727,210920000,3323.0,4108,106000,136404320.0,3325.0,9,3323.0,17
rb1805,20170728,20170727,210921000,3323.0,4108,106000,136404320.0,3325.0,9,3323.0,17
rb1805,20170728,20170727,210922000,3323.0,4108,106000,136404320.0,3325.0,9,3323.0,18
rb1805,20170728,20170727,210923000,3323.0,4122,106000,136869540.0,3325.0,9,3323.0,11
rb1805,20170728,20170727,210924500,3323.0,4122,106000,136869540.0,3325.0,9,3324.0,1
rb1805,20170728,20170727,210925000,3324.0,4124,106002,136936020.0,3324.0,1,3323.0,8
rb1805,20170728,20170727,210925500,3324.0,4124,106002,136936020.0,3324.0,1,3323.0,6
rb1805,20170728,20170727,210926500,3323.0,4126,106002,137002480.0,3324.0,2,3323.0,5
rb1805,20170728,20170727,210927000,3325.0,4132,106002,137201940.0,3325.0,8,3323.0,5
rb1805,20170728,20170727,210927500,3325.0,4132,106002,137201940.0,3325.0,7,3324.0,1
rb1805,20170728,20170727,210929500,3324.0,4134,106002,137268420.0,3325.0,8,3323.0,9
rb1805,20170728,20170727,210933000,3324.0,4134,106002,137268420.0,3325.0,8,3324.0,6
rb1805,20170728,20170727,210933500,3324.0,4134,106002,137268420.0,3325.0,10,3324.0,6
rb1805,20170728,20170727,210935000,3324.0,4136,106002,137334900.0,3325.0,10,3324.0,7
rb1805,20170728,20170727,210935500,3324.0,4150,105992,137800260.0,3324.0,4,3323.0,6
rb1805,20170728,20170727,210936000,3326.0,4172,105980,138531760.0,3326.0,8,3324.0,9
rb1805,20170728,20170727,210936500,3324.0,4176,105976,138664720.0,3325.0,3,3323.0,6
rb1805,20170728,20170727,210937500,3324.0,4176,105976,138664720.0,3325.0,3,3323.0,7
rb1805,20170728,20170727,210938000,3324.0,4176,105976,138664720.0,3324.0,1,3323.0,7
rb1805,20170728,20170727,210938500,3324.0,4176,105976,138664720.0,3324.0,3,3323.0,8
rb1805,20170728,20170727,210941000,3324.0,4176,105976,138664720.0,3324.0,4,3323.0,8
rb1805,20170728,20170727,210941500,3324.0,4176,105976,138664720.0,3324.0,4,3323.0,8
rb1805,20170728,20170727,210942000,3324.0,4180,105976,138797680.0,3324.0,2,3323.0,8
rb1805,20170728,20170727,210943000,3323.0,4186,105976,138997060.0,3324.0,2,3323.0,5
rb1805,20170728,20170727,210944500,3323.0,4198,105976,139395840.0,3323.0,14,3322.0,8
rb1805,20170728,20170727,210945000,3323.0,4222,105972,140193360.0,3323.0,2,3322.0,8
rb1805,20170728,20170727,210945500,3323.0,4222,105972,140193360.0,3323.0,2,3322.0,11
rb1805,20170728,20170727,210946000,3323.0,4222,105972,140193360.0,3323.0,2,3322.0,8
rb1805,20170728,20170727,210946500,3323.0,4222,105972,140193360.0,3323.0,2,3322.0,7
rb1805,20170728,20170727,210947500,3323.0,4226,105972,140326280.0,3324.0,1,3323.0,8
rb1805,20170728,20170727,210948000,3323.0,4226,105972,140326280.0,3324.0,1,3323.0,8
rb1805,20170728,20170727,210948500,3323.0,4226,105972,140326280.0,3324.0,1,3323.0,8
rb1805,20170728,20170727,210949000,3323.0,4226,105972,140326280.0,3324.0,1,3323.0,8
rb1805,20170728,20170727,210950000,3323.0,4226,105972,140326280.0,3324.0,4,3323.0,8
rb1805,20170728,20170727,210951000,3323.0,4226,105972,140326280.0,3324.0,4,3323.0,8
rb1805,20170728,20170727,210951500,3323.0,4230,105972,140459200.0,3324.0,4,3323.0,6
rb1805,20170728,20170727,210952000,3323.0,4234,105972,140592120.0,3324.0,4,3323.0,4
rb1805,20170728,20170727,210952500,3323.0,4234,105972,140592120.0,3324.0,4,3323.0,5
rb1805,20170728,20170727,210953000,3323.0,4244,105982,140924420.0,3323.0,5,3322.0,7
rb1805,20170728,20170727,210953500,3323.0,4244,105982,140924420.0,3323.0,7,3322.0,7
rb1805,20170728,20170727,210956000,3323.0,4244,105982,140924420.0,3323.0,7,3322.0,7
rb1805,20170728,20170727,210956500,3323.0,4244,105982,140924420.0,3323.0,7,3322.0,4
rb1805,20170728,20170727,210957500,3323.0,4254,105992,141256720.0,3323.0,2,3322.0,4
rb1805,20170728,20170727,210958000,3323.0,4254,105992,141256720.0,3323.0,2,3322.0,4
rb1805,20170728,20170727,210958500,3323.0,4254,105992,141256720.0,3323.0,2,3322.0,4
rb1805,20170728,20170727,210959000,3323.0,4254,105992,141256720.0,3323.0,2,3322.0,4
rb1805,20170728,20170727,210959500,3323.0,4256,105992,141323180.0,3323.0,1,3322.0,4
rb1805,20170728,20170727,211000500,3323.0,4256,105992,141323180.0,3323.0,1,3322.0,4
rb1805,20170728,20170727,211002500,3322.0,4258,105992,141389620.0,3323.0,1,3322.0,3
rb1805,20170728,20170727,211003000,3322.0,4258,105992,141389620.0,3323.0,1,3322.0,3
rb1805,20170728,20170727,211003500,3322.0,4258,105992,141389620.0,3323.0,1,3322.0,3
rb1805,20170728,20170727,211005500,3322.0,4258,105992,141389620.0,3323.0,1,3322.0,3
rb1805,20170728,20170727,211006000,3322.0,4258,105992,141389620.0,3323.0,1,3322.0,3
rb1805,20170728,20170727,211006500,3322.0,4258,105992,141389620.0,3323.0,1,3322.0,3
rb1805,20170728,20170727,211007000,3322.0,4258,105992,141389620.0,3323.0,1,3322.0,3
rb1805,20170728,20170727,211007500,3322.0,4264,105998,141588940.0,3322.0,1,3321.0,1
rb1805,20170728,20170727,211008000,3322.0,4266,105998,141655380.0,3323.0,1,3321.0,2
rb1805,20170728,20170727,211008500,3322.0,4266,105998,141655380.0,3323.0,1,3321.0,8
rb1805,20170728,20170727,211009500,3322.0,4266,105998,141655380.0,3322.0,1,3321.0,8
rb1805,20170728,20170727,211010000,3322.0,4268,105996,141721820.0,3323.0,1,3322.0,3
rb1805,20170728,20170727,211010500,3322.0,4268,105996,141721820.0,3323.0,1,3321.0,8
rb1805,20170728,20170727,211012500,3322.0,4268,105996,141721820.0,3323.0,5,3321.0,8
rb1805,20170728,20170727,211013000,3321.0,4272,105994,141854660.0,3323.0,5,3321.0,6
rb1805,20170728,20170727,211013500,3321.0,4272,105994,141854660.0,3323.0,6,3321.0,6
rb1805,20170728,20170727,211015000,3321.0,4272,105994,141854660.0,3323.0,6,3321.0,6
rb1805,20170728,20170727,211015500,3321.0,4272,105994,141854660.0,3323.0,5,3322.0,1
rb1805,20170728,20170727,211016000,3321.0,4272,105994,141854660.0,3323.0,1,3322.0,1
rb1805,20170728,20170727,211016500,3321.0,4272,105994,141854660.0,3323.0,1,3322.0,4
rb1805,20170728,20170727,211018000,3321.0,4272,105994,141854660.0,3323.0,2,3322.0,4
rb1805,20170728,20170727,211018500,3324.0,4278,105990,142054060.0,3324.0,7,3322.0,4
rb1805,20170728,20170727,211019000,3325.0,4302,105976,142851840.0,3325.0,16,3322.0,4
rb1805,20170728,20170727,211019500,3325.0,4302,105976,142851840.0,3324.0,2,3322.0,6
rb1805,20170728,20170727,211020000,3325.0,4302,105976,142851840.0,3324.0,2,3322.0,9
rb1805,20170728,20170727,211021500,3322.0,4304,105976,142918280.0,3324.0,2,3322.0,8
rb1805,20170728,20170727,211022500,3322.0,4304,105976,142918280.0,3324.0,2,3322.0,8
rb1805,20170728,20170727,211023000,3322.0,4304,105976,142918280.0,3324.0,2,3323.0,2
rb1805,20170728,20170727,211023500,3322.0,4308,105976,143051160.0,3324.0,2,3322.0,8
rb1805,20170728,20170727,211024000,3322.0,4308,105976,143051160.0,3324.0,2,3322.0,9
rb1805,20170728,20170727,211026500,3322.0,4308,105976,143051160.0,3324.0,2,3322.0,11
rb1805,20170728,20170727,211027000,3322.0,4308,105976,143051160.0,3324.0,2,3322.0,12
rb1805,20170728,20170727,211028000,3322.0,4308,105976,143051160.0,3325.0,17,3322.0,12
rb1805,20170728,20170727,211028500,3322.0,4308,105976,143051160.0,3324.0,2,3322.0,12
rb1805,20170728,20170727,211029000,3322.0,4308,105976,143051160.0,3324.0,2,3322.0,15
rb1805,20170728,20170727,211029500,3322.0,4308,105976,143051160.0,3324.0,2,3322.0,15
rb1805,20170728,20170727,211031000,3322.0,4308,105976,143051160.0,3324.0,2,3322.0,15
rb1805,20170728,20170727,211031500,3322.0,4308,105976,143051160.0,3324.0,2,3322.0,17
rb1805,20170728,20170727,211033000,3322.0,4308,105976,143051160.0,3324.0,2,3322.0,17
rb1805,20170728,20170727,211036500,3322.0,4308,105976,143051160.0,3325.0,17,3322.0,17
rb1805,20170728,20170727,211037000,3322.0,4308,105976,143051160.0,3325.0,16,3322.0,17
rb1805,20170728,20170727,211037500,3322.0,4308,105976,143051160.0,3325.0,16,3322.0,18
rb1805,20170728,20170727,211038000,3323.0,4330,105976,143782620.0,3325.0,6,3323.0,14
rb1805,20170728,20170727,211038500,3323.0,4330,105976,143782620.0,3325.0,5,3323.0,14
rb1805,20170728,20170727,211039000,3323.0,4330,105976,143782620.0,3325.0,5,3323.0,14
rb1805,20170728,20170727,211039500,3323.0,4332,105976,143849080.0,3325.0,5,3323.0,8
rb1805,20170728,20170727,211040500,3323.0,4332,105976,143849080.0,3325.0,5,3323.0,8
rb1805,20170728,20170727,211041000,3323.0,4332,105976,143849080.0,3325.0,6,3323.0,8
rb1805,20170728,20170727,211041500,3323.0,4332,105976,143849080.0,3325.0,9,3323.0,8
rb1805,20170728,20170727,211042000,3323.0,4332,105976,143849080.0,3325.0,6,3323.0,8
rb1805,20170728,20170727,211043500,3323.0,4332,105976,143849080.0,3325.0,6,3324.0,3
rb1805,20170728,20170727,211044000,3324.0,4338,105976,144048520.0,3324.0,3,3323.0,8
rb1805,20170728,20170727,211044500,3324.0,4338,105976,144048520.0,3325.0,6,3323.0,8
rb1805,20170728,20170727,211046500,3324.0,4338,105976,144048520.0,3325.0,6,3324.0,1
rb1805,20170728,20170727,211047000,3324.0,4340,105978,144115000.0,3325.0,6,3323.0,10
rb1805,20170728,20170727,211047500,3324.0,4340,105978,144115000.0,3325.0,6,3323.0,10
rb1805,20170728,20170727,211048000,3324.0,4340,105978,144115000.0,3325.0,6,3323.0,10
rb1805,20170728,20170727,211048500,3325.0,4342,105976,144181500.0,3325.0,5,3323.0,10
rb1805,20170728,20170727,211049000,3323.0,4362,105976,144846100.0,3323.0,12,3322.0,19
rb1805,20170728,20170727,211049500,3325.0,4402,105960,146175620.0,3326.0,9,3325.0,4
rb1805,20170728,20170727,211050000,3325.0,4434,105980,147239620.0,3325.0,4,3324.0,5
rb1805,20170728,20170727,211050500,3325.0,4434,105980,147239620.0,3326.0,9,3324.0,2
rb1805,20170728,20170727,211051000,3326.0,4444,105980,147572220.0,3326.0,8,3324.0,2
rb1805,20170728,20170727,211051500,3326.0,4444,105980,147572220.0,3326.0,8,3324.0,6
rb1805,20170728,20170727,211052000,3327.0,4454,105980,147904840.0,3327.0,2,3324.0,6
rb1805,20170728,20170727,211052500,3324.0,4464,105974,148237240.0,3326.0,2,3324.0,1
rb1805,20170728,20170727,211053000,3324.0,4464,105974,148237240.0,3326.0,2,3324.0,1
rb1805,20170728,20170727,211053500,3324.0,4464,105974,148237240.0,3326.0,2,3324.0,1
rb1805,20170728,20170727,211054000,3324.0,4464,105974,148237240.0,3326.0,2,3324.0,1
rb1805,20170728,20170727,211054500,3324.0,4464,105974,148237240.0,3326.0,2,3324.0,3
rb1805,20170728,20170727,211055000,3324.0,4464,105974,148237240.0,3326.0,5,3324.0,6
rb1805,20170728,20170727,211056000,3324.0,4464,105974,148237240.0,3326.0,6,3324.0,10
rb1805,20170728,20170727,211056500,3324.0,4464,105974,148237240.0,3326.0,6,3324.0,10
rb1805,20170728,20170727,211057000,3324.0,4464,105974,148237240.0,3326.0,6,3324.0,11
rb1805,20170728,20170727,211057500,3324.0,4464,105974,148237240.0,3326.0,3,3324.0,11
rb1805,20170728,20170727,211058000,3324.0,4464,105974,148237240.0,3326.0,6,3324.0,16
rb1805,20170728,20170727,211058500,3324.0,4464,105974,148237240.0,3326.0,4,3325.0,4
rb1805,20170728,20170727,211059000,3324.0,4464,105974,148237240.0,3326.0,4,3325.0,4
rb1805,20170728,20170727,211100500,3325.0,4466,105974,148303740.0,3326.0,2,3325.0,3
rb1805,20170728,20170727,211101000,3326.0,4470,105974,148436780.0,3327.0,2,3326.0,1
rb1805,20170728,20170727,211101500,3326.0,4472,105976,148503300.0,3327.0,5,3325.0,3
rb1805,20170728,20170727,211102000,3326.0,4472,105976,148503300.0,3327.0,3,3325.0,3
rb1805,20170728,20170727,211102500,3326.0,4472,105976,148503300.0,3326.0,1,3325.0,4
rb1805,20170728,20170727,211103000,3327.0,4480,105976,148769440.0,3328.0,3,3327.0,2
rb1805,20170728,20170727,211103500,3327.0,4484,105976,148902520.0,3327.0,2,3326.0,1
rb1805,20170728,20170727,211104000,3326.0,4486,105978,148969040.0,3326.0,1,3325.0,4
rb1805,20170728,20170727,211104500,3326.0,4488,105978,149035560.0,3328.0,3,3325.0,4
rb1805,20170728,20170727,211105000,3326.0,4488,105978,149035560.0,3327.0,2,3326.0,1
rb1805,20170728,20170727,211105500,3327.0,4492,105978,149168640.0,3329.0,5,3326.0,1
rb1805,20170728,20170727,211106000,3327.0,4492,105978,149168640.0,3329.0,9,3326.0,6
rb1805,20170728,20170727,211106500,3327.0,4492,105978,149168640.0,3329.0,9,3326.0,6
rb1805,20170728,20170727,211107000,3326.0,4494,105978,149235160.0,3329.0,9,3326.0,5
rb1805,20170728,20170727,211108500,3326.0,4494,105978,149235160.0,3328.0,1,3326.0,5
rb1805,20170728,20170727,211109000,3326.0,4494,105978,149235160.0,3328.0,1,3327.0,3
rb1805,20170728,20170727,211109500,3326.0,4494,105978,149235160.0,3328.0,1,3327.0,3
rb1805,20170728,20170727,211110000,3326.0,4494,105978,149235160.0,3328.0,1,3327.0,3
rb1805,20170728,20170727,211110500,3326.0,4494,105978,149235160.0,3328.0,1,3327.0,3
rb1805,20170728,20170727,211111000,3326.0,4494,105978,149235160.0,3328.0,1,3327.0,3
rb1805,20170728,20170727,211111500,3326.0,4494,105978,149235160.0,3328.0,2,3327.0,3
rb1805,20170728,20170727,211112000,3326.0,4494,105978,149235160.0,3328.0,2,3327.0,3
rb1805,20170728,20170727,211113500,3327.0,4498,105982,149368240.0,3328.0,2,3327.0,1
rb1805,20170728,20170727,211114000,3327.0,4498,105982,149368240.0,3328.0,5,3327.0,1
rb1805,20170728,20170727,211114500,3327.0,4498,105982,149368240.0,3328.0,7,3327.0,1
rb1805,20170728,20170727,211115000,3327.0,4498,105982,149368240.0,3328.0,7,3327.0,1
rb1805,20170728,20170727,211117000,3327.0,4498,105982,149368240.0,3328.0,7,3327.0,1
rb1805,20170728,20170727,211117500,3327.0,4500,105982,149434780.0,3327.0,16,3326.0,5
rb1805,20170728,20170727,211118500,3327.0,4500,105982,149434780.0,3327.0,16,3326.0,5
rb1805,20170728,20170727,211119000,3327.0,4500,105982,149434780.0,3327.0,18,3326.0,5
rb1805,20170728,20170727,211119500,3327.0,4500,105982,149434780.0,3327.0,18,3325.0,14
rb1805,20170728,20170727,211120000,3327.0,4500,105982,149434780.0,3327.0,18,3326.0,2
rb1805,20170728,20170727,211120500,3327.0,4500,105982,149434780.0,3327.0,18,3326.0,2
rb1805,20170728,20170727,211121000,3327.0,4500,105982,149434780.0,3327.0,18,3326.0,4
rb1805,20170728,20170727,211122000,3327.0,4500,105982,149434780.0,3327.0,20,3326.0,4
rb1805,20170728,20170727,211122500,3327.0,4500,105982,149434780.0,3327.0,20,3326.0,4
rb1805,20170728,20170727,211123500,3326.0,4504,105986,149567820.0,3327.0,21,3326.0,2
rb1805,20170728,20170727,211124000,3326.0,4504,105986,149567820.0,3327.0,20,3326.0,2
rb1805,20170728,20170727,211125000,3326.0,4504,105986,149567820.0,3327.0,20,3326.0,2
rb1805,20170728,20170727,211125500,3326.0,4504,105986,149567820.0,3327.0,20,3326.0,5
rb1805,20170728,20170727,211127500,3326.0,4504,105986,149567820.0,3327.0,20,3326.0,6
rb1805,20170728,20170727,211128000,3326.0,4506,105988,149634340.0,3327.0,20,3326.0,5
rb1805,20170728,20170727,211129500,3326.0,4506,105988,149634340.0,3327.0,20,3326.0,5
rb1805,20170728,20170727,211130000,3329.0,4578,105940,152030240.0,3329.0,4,3328.0,7
rb1805,20170728,20170727,211130500,3329.0,4594,105948,152562860.0,3330.0,43,3329.0,14
rb1805,20170728,20170727,211131000,3329.0,4600,105954,152762600.0,3330.0,43,3329.0,11
rb1805,20170728,20170727,211131500,3329.0,4604,105958,152895760.0,3330.0,43,3329.0,9
rb1805,20170728,20170727,211132000,3329.0,4604,105958,152895760.0,3330.0,43,3329.0,9
rb1805,20170728,20170727,211133500,3329.0,4604,105958,152895760.0,3330.0,44,3329.0,9
rb1805,20170728,20170727,211134000,3329.0,4604,105958,152895760.0,3330.0,44,3329.0,9
rb1805,20170728,20170727,211135500,3329.0,4604,105958,152895760.0,3330.0,44,3329.0,9
rb1805,20170728,20170727,211136000,3329.0,4606,105958,152962340.0,3330.0,44,3329.0,8
rb1805,20170728,20170727,211137000,3329.0,4606,105958,152962340.0,3330.0,44,3329.0,13
rb1805,20170728,20170727,211138000,3329.0,4608,105960,153028920.0,3330.0,44,3329.0,12
rb1805,20170728,20170727,211138500,3329.0,4612,105964,153162080.0,3330.0,44,3329.0,10
rb1805,20170728,20170727,211139000,3329.0,4612,105964,153162080.0,3330.0,43,3329.0,5
rb1805,20170728,20170727,211139500,3329.0,4612,105964,153162080.0,3330.0,43,3329.0,5
rb1805,20170728,20170727,211140000,3329.0,4612,105964,153162080.0,3330.0,43,3329.0,8
rb1805,20170728,20170727,211141500,3330.0,4620,105966,153428460.0,3330.0,40,3329.0,7
rb1805,20170728,20170727,211142000,3330.0,4622,105966,153495060.0,3330.0,39,3329.0,7
rb1805,20170728,20170727,211142500,3329.0,4630,105966,153761380.0,3330.0,39,3329.0,4
rb1805,20170728,20170727,211143000,3329.0,4630,105966,153761380.0,3330.0,39,3329.0,4
rb1805,20170728,20170727,211144000,3329.0,4630,105966,153761380.0,3330.0,39,3329.0,4
rb1805,20170728,20170727,211144500,3329.0,4630,105966,153761380.0,3330.0,39,3329.0,5
rb1805,20170728,20170727,211145000,3329.0,4632,105966,153827960.0,3330.0,39,3329.0,4
rb1805,20170728,20170727,211145500,3329.0,4632,105966,153827960.0,3330.0,39,3329.0,4
rb1805,20170728,20170727,211146000,3329.0,4634,105968,153894540.0,3330.0,39,3329.0,5
rb1805,20170728,20170727,211146500,3329.0,4634,105968,153894540.0,3330.0,39,3329.0,5
rb1805,20170728,20170727,211147000,3329.0,4634,105968,153894540.0,3330.0,41,3329.0,4
rb1805,20170728,20170727,211149500,3330.0,4636,105968,153961140.0,3330.0,40,3329.0,4
rb1805,20170728,20170727,211150500,3330.0,4636,105968,153961140.0,3330.0,40,3329.0,4
rb1805,20170728,20170727,211151000,3329.0,4638,105968,154027720.0,3330.0,40,3329.0,3
rb1805,20170728,20170727,211151500,3329.0,4638,105968,154027720.0,3330.0,42,3329.0,3
rb1805,20170728,20170727,211152000,3329.0,4640,105970,154094300.0,3330.0,42,3329.0,2
rb1805,20170728,20170727,211152500,3329.0,4640,105970,154094300.0,3330.0,44,3329.0,2
rb1805,20170728,20170727,211153500,3329.0,4640,105970,154094300.0,3330.0,45,3329.0,2
rb1805,20170728,20170727,211154500,3329.0,4640,105970,154094300.0,3330.0,45,3329.0,2
rb1805,20170728,20170727,211155000,3329.0,4640,105970,154094300.0,3330.0,46,3329.0,2
rb1805,20170728,20170727,211155500,3329.0,4640,105970,154094300.0,3330.0,46,3329.0,2
rb1805,20170728,20170727,211156000,3329.0,4644,105970,154227460.0,3330.0,46,3329.0,1
rb1805,20170728,20170727,211156500,3329.0,4644,105970,154227460.0,3330.0,45,3329.0,1
rb1805,20170728,20170727,211157500,3329.0,4644,105970,154227460.0,3330.0,45,3329.0,1
rb1805,20170728,20170727,211158000,3329.0,4646,105972,154294040.0,3330.0,45,3328.0,9
rb1805,20170728,20170727,211158500,3329.0,4646,105972,154294040.0,3330.0,43,3328.0,8
rb1805,20170728,20170727,211159000,3329.0,4646,105972,154294040.0,3330.0,43,3329.0,1
rb1805,20170728,20170727,211159500,3329.0,4646,105972,154294040.0,3330.0,45,3329.0,1
rb1805,20170728,20170727,211200000,3329.0,4648,105970,154360620.0,3330.0,45,3328.0,8
rb1805,20170728,20170727,211200500,3329.0,4648,105970,154360620.0,3329.0,1,3328.0,8
rb1805,20170728,20170727,211201000,3329.0,4650,105970,154427200.0,3330.0,45,3329.0,5
rb1805,20170728,20170727,211201500,3329.0,4650,105970,154427200.0,3330.0,43,3329.0,5
rb1805,20170728,20170727,211202500,3329.0,4650,105970,154427200.0,3330.0,44,3329.0,5
rb1805,20170728,20170727,211203000,3329.0,4650,105970,154427200.0,3330.0,44,3329.0,5
rb1805,20170728,20170727,211203500,3329.0,4662,105962,154826680.0,3329.0,13,3328.0,15
rb1805,20170728,20170727,211204000,3329.0,4664,105962,154893260.0,3329.0,12,3328.0,14
rb1805,20170728,20170727,211205500,3329.0,4666,105962,154959840.0,3329.0,11,3328.0,14
rb1805,20170728,20170727,211206000,3329.0,4666,105962,154959840.0,3329.0,12,3328.0,14
rb1805,20170728,20170727,211207500,3329.0,4666,105962,154959840.0,3329.0,12,3328.0,14
rb1805,20170728,20170727,211209000,3329.0,4666,105962,154959840.0,3329.0,12,3328.0,14
rb1805,20170728,20170727,211209500,3329.0,4666,105962,154959840.0,3329.0,12,3328.0,11
rb1805,20170728,20170727,211210000,3329.0,4674,105962,155226160.0,3329.0,8,3328.0,11
rb1805,20170728,20170727,211210500,3329.0,4688,105958,155692220.0,3329.0,1,3328.0,11
rb1805,20170728,20170727,211211000,3330.0,4698,105966,156025200.0,3330.0,43,3328.0,11
rb1805,20170728,20170727,211211500,3330.0,4698,105966,156025200.0,3330.0,43,3329.0,1
rb1805,20170728,20170727,211214000,3330.0,4698,105966,156025200.0,3330.0,48,3329.0,1
rb1805,20170728,20170727,211214500,3330.0,4708,105974,156358200.0,3330.0,38,3329.0,1
rb1805,20170728,20170727,211215000,3330.0,4718,105974,156691200.0,3330.0,33,3329.0,1
rb1805,20170728,20170727,211216500,3329.0,4736,105976,157290560.0,3330.0,26,3328.0,11
rb1805,20170728,20170727,211217000,3329.0,4736,105976,157290560.0,3330.0,24,3328.0,11
rb1805,20170728,20170727,211217500,3330.0,4746,105976,157623560.0,3330.0,19,3328.0,11
rb1805,20170728,20170727,211218000,3330.0,4746,105976,157623560.0,3330.0,20,3328.0,11
rb1805,20170728,20170727,211218500,3330.0,4746,105976,157623560.0,3330.0,20,3328.0,11
rb1805,20170728,20170727,211219500,3330.0,4746,105976,157623560.0,3330.0,21,3328.0,11
rb1805,20170728,20170727,211220500,3330.0,4746,105976,157623560.0,3330.0,26,3328.0,11
rb1805,20170728,20170727,211221000,3330.0,4746,105976,157623560.0,3330.0,21,3329.0,3
rb1805,20170728,20170727,211221500,3330.0,4746,105976,157623560.0,3330.0,24,3329.0,3
rb1805,20170728,20170727,211222000,3329.0,4748,105978,157690140.0,3330.0,24,3329.0,2
rb1805,20170728,20170727,211222500,3329.0,4748,105978,157690140.0,3330.0,24,3329.0,2
rb1805,20170728,20170727,211223000,3329.0,4748,105978,157690140.0,3330.0,24,3329.0,2
rb1805,20170728,20170727,211223500,3329.0,4748,105978,157690140.0,3330.0,25,3328.0,12
rb1805,20170728,20170727,211224000,3330.0,4758,105980,158023140.0,3330.0,20,3328.0,12
rb1805,20170728,20170727,211224500,3330.0,4768,105986,158356140.0,3330.0,16,3328.0,12
rb1805,20170728,20170727,211225000,3330.0,4768,105986,158356140.0,3330.0,13,3329.0,2
rb1805,20170728,20170727,211225500,3330.0,4778,105986,158689140.0,3330.0,11,3328.0,12
rb1805,20170728,20170727,211226000,3330.0,4778,105986,158689140.0,3330.0,8,3328.0,12
rb1805,20170728,20170727,211226500,3330.0,4778,105986,158689140.0,3330.0,8,3328.0,12
rb1805,20170728,20170727,211227000,3330.0,4778,105986,158689140.0,3330.0,13,3329.0,2
rb1805,20170728,20170727,211227500,3330.0,4788,105988,159022140.0,3330.0,11,3328.0,12
rb1805,20170728,20170727,211228000,3330.0,4788,105988,159022140.0,3330.0,11,3328.0,17
rb1805,20170728,20170727,211228500,3330.0,4788,105988,159022140.0,3330.0,8,3328.0,18
rb1805,20170728,20170727,211229000,3330.0,4798,105992,159355140.0,3330.0,3,3328.0,18
rb1805,20170728,20170727,211229500,3330.0,4804,105992,159554940.0,3331.0,2,3330.0,2
rb1805,20170728,20170727,211230000,3331.0,4814,105992,159888040.0,3329.0,1,3328.0,21
rb1805,20170728,20170727,211230500,3329.0,4824,105984,160220940.0,3332.0,14,3329.0,6
rb1805,20170728,20170727,211231000,3329.0,4824,105984,160220940.0,3331.0,2,3329.0,5
rb1805,20170728,20170727,211231500,3329.0,4824,105984,160220940.0,3331.0,2,3329.0,5
rb1805,20170728,20170727,211233000,3329.0,4824,105984,160220940.0,3331.0,2,3328.0,14
rb1805,20170728,20170727,211234000,3329.0,4824,105984,160220940.0,3331.0,2,3328.0,14
rb1805,20170728,20170727,211234500,3329.0,4824,105984,160220940.0,3331.0,5,3328.0,14
rb1805,20170728,20170727,211235500,3329.0,4824,105984,160220940.0,3331.0,5,3329.0,1
rb1805,20170728,20170727,211236000,3329.0,4824,105984,160220940.0,3330.0,3,3329.0,1
rb1805,20170728,20170727,211236500,3329.0,4824,105984,160220940.0,3330.0,4,3329.0,1
rb1805,20170728,20170727,211237000,3329.0,4824,105984,160220940.0,3330.0,4,3329.0,1
rb1805,20170728,20170727,211237500,3329.0,4824,105984,160220940.0,3330.0,4,3329.0,1
rb1805,20170728,20170727,211238000,3329.0,4826,105986,160287520.0,3329.0,3,3328.0,14
rb1805,20170728,20170727,211238500,3329.0,4828,105988,160354100.0,3329.0,2,3328.0,17
rb1805,20170728,20170727,211239000,3329.0,4828,105988,160354100.0,3329.0,2,3328.0,17
rb1805,20170728,20170727,211239500,3329.0,4828,105988,160354100.0,3329.0,2,3328.0,17
rb1805,20170728,20170727,211240000,3329.0,4828,105988,160354100.0,3329.0,2,3328.0,14
rb1805,20170728,20170727,211240500,3329.0,4828,105988,160354100.0,3329.0,2,3328.0,14
rb1805,20170728,20170727,211241000,3328.0,4838,105988,160686900.0,3329.0,2,3328.0,9
rb1805,20170728,20170727,211242000,3328.0,4838,105988,160686900.0,3329.0,2,3328.0,9
rb1805,20170728,20170727,211243500,3328.0,4838,105988,160686900.0,3329.0,2,3328.0,9
rb1805,20170728,20170727,211244500,3329.0,4840,105990,160753480.0,3329.0,1,3328.0,9
rb1805,20170728,20170727,211245000,3329.0,4840,105990,160753480.0,3329.0,1,3328.0,9
rb1805,20170728,20170727,211245500,3328.0,4842,105990,160820040.0,3329.0,1,3328.0,8
rb1805,20170728,20170727,211246000,3328.0,4846,105988,160953160.0,3329.0,1,3328.0,6
rb1805,20170728,20170727,211246500,3328.0,4846,105988,160953160.0,3329.0,1,3328.0,6
rb1805,20170728,20170727,211247000,3328.0,4858,105982,161352520.0,3329.0,2,3327.0,1
rb1805,20170728,20170727,211247500,3328.0,4858,105982,161352520.0,3328.0,2,3327.0,1
rb1805,20170728,20170727,211248500,3328.0,4858,105982,161352520.0,3328.0,2,3327.0,1
rb1805,20170728,20170727,211249000,3328.0,4858,105982,161352520.0,3328.0,2,3327.0,1
rb1805,20170728,20170727,211250000,3328.0,4858,105982,161352520.0,3328.0,2,3327.0,1
rb1805,20170728,20170727,211250500,3328.0,4858,105982,161352520.0,3328.0,2,3326.0,13
rb1805,20170728,20170727,211251000,3328.0,4858,105982,161352520.0,3328.0,3,3326.0,12
rb1805,20170728,20170727,211251500,3328.0,4862,105982,161485640.0,3328.0,1,3327.0,3
rb1805,20170728,20170727,211252000,3328.0,4864,105982,161552200.0,3329.0,4,3326.0,12
rb1805,20170728,20170727,211252500,3328.0,4864,105982,161552200.0,3327.0,5,3326.0,12
rb1805,20170728,20170727,211253000,3327.0,4874,105972,161884900.0,3329.0,5,3326.0,12
rb1805,20170728,20170727,211253500,3327.0,4874,105972,161884900.0,3328.0,2,3326.0,12
rb1805,20170728,20170727,211254000,3327.0,4874,105972,161884900.0,3328.0,2,3326.0,12
rb1805,20170728,20170727,211255000,3327.0,4874,105972,161884900.0,3327.0,2,3326.0,12
rb1805,20170728,20170727,211255500,3327.0,4874,105972,161884900.0,3327.0,2,3326.0,7
rb1805,20170728,20170727,211256500,3327.0,4874,105972,161884900.0,3327.0,2,3326.0,7
rb1805,20170728,20170727,211257500,3326.0,4876,105972,161951420.0,3328.0,12,3326.0,6
rb1805,20170728,20170727,211258000,3326.0,4876,105972,161951420.0,3327.0,1,3326.0,6
rb1805,20170728,20170727,211258500,3326.0,4876,105972,161951420.0,3327.0,2,3326.0,6
