instrument,tradingday,calendarday,time,lastp,volume,openinterest,turnover,ask1,asksz1,bid1,bidsz1
rb1805,20170724,20170721,183617500,3205.0,0,88324,0.0,0.0,0,0.0,0
rb1805,20170724,20170721,205900500,3210.0,30,88306,963000.0,3213.0,2,3210.0,3
rb1805,20170724,20170721,210000500,3209.0,42,88312,1348140.0,3209.0,14,3208.0,3
rb1805,20170724,20170721,210001000,3209.0,56,88318,1797400.0,3209.0,7,3208.0,3
rb1805,20170724,20170721,210001500,3209.0,64,88326,2054120.0,3209.0,3,3208.0,3
rb1805,20170724,20170721,210002000,3208.0,68,88330,2182440.0,3209.0,3,3208.0,7
rb1805,20170724,20170721,210002500,3208.0,68,88330,2182440.0,3209.0,3,3208.0,1
rb1805,20170724,20170721,210003500,3209.0,74,88332,2374980.0,3213.0,6,3210.0,1
rb1805,20170724,20170721,210004000,3209.0,74,88332,2374980.0,3213.0,6,3210.0,1
rb1805,20170724,20170721,210004500,3209.0,74,88332,2374980.0,3213.0,6,3210.0,1
rb1805,20170724,20170721,210005000,3209.0,74,88332,2374980.0,3213.0,6,3210.0,1
rb1805,20170724,20170721,210005500,3213.0,76,88332,2439240.0,3213.0,5,3210.0,1
rb1805,20170724,20170721,210006000,3210.0,88,88328,2824620.0,3209.0,4,3208.0,1
rb1805,20170724,20170721,210006500,3210.0,102,88328,3274000.0,3213.0,2,3210.0,4
rb1805,20170724,20170721,210007000,3210.0,102,88328,3274000.0,3213.0,2,3210.0,2
rb1805,20170724,20170721,210007500,3213.0,106,88328,3402520.0,3214.0,1,3213.0,4
rb1805,20170724,20170721,210008000,3214.0,108,88328,3466800.0,3215.0,3,3214.0,1
rb1805,20170724,20170721,210008500,3214.0,110,88328,3531080.0,3214.0,2,3213.0,4
rb1805,20170724,20170721,210009000,3214.0,110,88328,3531080.0,3215.0,3,3213.0,4
rb1805,20170724,20170721,210009500,3215.0,112,88330,3595380.0,3215.0,2,3213.0,4
rb1805,20170724,20170721,210010000,3215.0,114,88328,3659680.0,3215.0,4,3213.0,4
rb1805,20170724,20170721,210010500,3215.0,114,88328,3659680.0,3215.0,10,3213.0,4
rb1805,20170724,20170721,210011000,3215.0,118,88326,3788280.0,3215.0,8,3213.0,4
rb1805,20170724,20170721,210011500,3215.0,132,88334,4238140.0,3215.0,8,3210.0,1
rb1805,20170724,20170721,210012000,3215.0,132,88334,4238140.0,3215.0,8,3211.0,9
rb1805,20170724,20170721,210012500,3215.0,144,88334,4623940.0,3215.0,3,3212.0,1
rb1805,20170724,20170721,210013000,3212.0,154,88342,4945140.0,3214.0,1,3212.0,1
rb1805,20170724,20170721,210013500,3215.0,166,88348,5330840.0,3216.0,11,3215.0,1
rb1805,20170724,20170721,210014000,3215.0,168,88350,5395140.0,3215.0,2,3212.0,1
rb1805,20170724,20170721,210014500,3215.0,168,88350,5395140.0,3215.0,1,3210.0,1
rb1805,20170724,20170721,210015000,3215.0,168,88350,5395140.0,3215.0,2,3211.0,2
rb1805,20170724,20170721,210015500,3215.0,168,88350,5395140.0,3215.0,1,3212.0,1
rb1805,20170724,20170721,210016000,3212.0,170,88352,5459380.0,3214.0,1,3212.0,2
rb1805,20170724,20170721,210016500,3215.0,178,88360,5716560.0,3216.0,11,3212.0,2
rb1805,20170724,20170721,210017000,3215.0,178,88360,5716560.0,3216.0,12,3215.0,1
rb1805,20170724,20170721,210017500,3215.0,180,88362,5780860.0,3214.0,2,3212.0,1
rb1805,20170724,20170721,210018000,3215.0,182,88362,5845160.0,3212.0,2,3211.0,1
rb1805,20170724,20170721,210018500,3214.0,192,88366,6166460.0,3216.0,20,3211.0,6
rb1805,20170724,20170721,210019000,3214.0,192,88366,6166460.0,3215.0,2,3211.0,6
rb1805,20170724,20170721,210019500,3214.0,192,88366,6166460.0,3216.0,20,3211.0,6
rb1805,20170724,20170721,210020000,3214.0,192,88366,6166460.0,3215.0,1,3211.0,6
rb1805,20170724,20170721,210020500,3214.0,192,88366,6166460.0,3215.0,1,3211.0,1
rb1805,20170724,20170721,210021000,3214.0,192,88366,6166460.0,3215.0,1,3211.0,2
rb1805,20170724,20170721,210021500,3214.0,192,88366,6166460.0,3215.0,1,3212.0,2
rb1805,20170724,20170721,210022000,3214.0,194,88366,6230740.0,3215.0,1,3212.0,2
rb1805,20170724,20170721,210022500,3214.0,194,88366,6230740.0,3215.0,4,3212.0,2
rb1805,20170724,20170721,210023000,3212.0,196,88366,6294980.0,3214.0,1,3212.0,1
rb1805,20170724,20170721,210023500,3212.0,196,88366,6294980.0,3214.0,1,3212.0,1
rb1805,20170724,20170721,210024000,3212.0,196,88366,6294980.0,3215.0,5,3212.0,2
rb1805,20170724,20170721,210024500,3212.0,196,88366,6294980.0,3215.0,6,3212.0,2
rb1805,20170724,20170721,210025000,3212.0,196,88366,6294980.0,3214.0,1,3211.0,3
rb1805,20170724,20170721,210025500,3212.0,196,88366,6294980.0,3214.0,1,3211.0,2
rb1805,20170724,20170721,210026000,3212.0,196,88366,6294980.0,3215.0,7,3212.0,3
rb1805,20170724,20170721,210026500,3214.0,198,88366,6359260.0,3215.0,8,3212.0,2
rb1805,20170724,20170721,210027000,3214.0,198,88366,6359260.0,3215.0,7,3212.0,2
rb1805,20170724,20170721,210027500,3214.0,198,88366,6359260.0,3215.0,7,3212.0,2
rb1805,20170724,20170721,210028000,3214.0,198,88366,6359260.0,3215.0,8,3212.0,2
rb1805,20170724,20170721,210028500,3214.0,198,88366,6359260.0,3214.0,2,3212.0,2
rb1805,20170724,20170721,210029000,3214.0,198,88366,6359260.0,3214.0,2,3212.0,2
rb1805,20170724,20170721,210029500,3214.0,198,88366,6359260.0,3214.0,2,3212.0,4
rb1805,20170724,20170721,210030000,3214.0,198,88366,6359260.0,3214.0,2,3212.0,4
rb1805,20170724,20170721,210030500,3214.0,198,88366,6359260.0,3214.0,2,3212.0,4
rb1805,20170724,20170721,210031000,3214.0,198,88366,6359260.0,3214.0,3,3212.0,3
rb1805,20170724,20170721,210031500,3212.0,202,88370,6487740.0,3214.0,3,3212.0,1
rb1805,20170724,20170721,210032000,3212.0,202,88370,6487740.0,3214.0,3,3212.0,1
rb1805,20170724,20170721,210032500,3212.0,202,88370,6487740.0,3214.0,5,3212.0,1
rb1805,20170724,20170721,210033000,3212.0,202,88370,6487740.0,3214.0,6,3212.0,1
rb1805,20170724,20170721,210033500,3212.0,202,88370,6487740.0,3213.0,1,3212.0,2
rb1805,20170724,20170721,210034000,3213.0,204,88372,6552000.0,3214.0,4,3212.0,2
rb1805,20170724,20170721,210034500,3213.0,204,88372,6552000.0,3214.0,4,3212.0,2
rb1805,20170724,20170721,210035000,3213.0,204,88372,6552000.0,3214.0,4,3212.0,3
rb1805,20170724,20170721,210035500,3213.0,204,88372,6552000.0,3214.0,5,3212.0,3
rb1805,20170724,20170721,210036000,3212.0,208,88374,6680480.0,3214.0,5,3211.0,2
rb1805,20170724,20170721,210036500,3212.0,208,88374,6680480.0,3214.0,5,3211.0,2
rb1805,20170724,20170721,210037000,3212.0,208,88374,6680480.0,3213.0,1,3211.0,2
rb1805,20170724,20170721,210038000,3213.0,210,88376,6744740.0,3214.0,5,3212.0,1
rb1805,20170724,20170721,210039500,3213.0,210,88376,6744740.0,3214.0,5,3212.0,1
rb1805,20170724,20170721,210040500,3213.0,210,88376,6744740.0,3214.0,5,3212.0,2
rb1805,20170724,20170721,210041000,3213.0,210,88376,6744740.0,3214.0,5,3212.0,2
rb1805,20170724,20170721,210042000,3213.0,210,88376,6744740.0,3214.0,5,3212.0,3
rb1805,20170724,20170721,210042500,3212.0,216,88372,6937460.0,3212.0,11,3211.0,2
rb1805,20170724,20170721,210043000,3212.0,226,88372,7258660.0,3212.0,6,3211.0,2
rb1805,20170724,20170721,210043500,3211.0,230,88372,7387100.0,3211.0,1,3210.0,5
rb1805,20170724,20170721,210044000,3211.0,232,88370,7451320.0,3212.0,6,3211.0,3
rb1805,20170724,20170721,210044500,3211.0,232,88370,7451320.0,3212.0,6,3210.0,5
rb1805,20170724,20170721,210045000,3211.0,232,88370,7451320.0,3212.0,6,3210.0,5
rb1805,20170724,20170721,210045500,3211.0,232,88370,7451320.0,3212.0,6,3210.0,6
rb1805,20170724,20170721,210046000,3211.0,232,88370,7451320.0,3212.0,6,3210.0,5
rb1805,20170724,20170721,210046500,3212.0,244,88358,7836760.0,3214.0,5,3211.0,2
rb1805,20170724,20170721,210047000,3212.0,244,88358,7836760.0,3214.0,6,3211.0,22
rb1805,20170724,20170721,210047500,3212.0,244,88358,7836760.0,3214.0,6,3211.0,22
rb1805,20170724,20170721,210048000,3212.0,244,88358,7836760.0,3212.0,2,3211.0,22
rb1805,20170724,20170721,210048500,3212.0,244,88358,7836760.0,3212.0,2,3211.0,23
rb1805,20170724,20170721,210049000,3212.0,244,88358,7836760.0,3212.0,2,3211.0,23
rb1805,20170724,20170721,210050000,3212.0,244,88358,7836760.0,3212.0,2,3211.0,23
rb1805,20170724,20170721,210050500,3212.0,244,88358,7836760.0,3212.0,2,3211.0,23
rb1805,20170724,20170721,210051000,3212.0,244,88358,7836760.0,3212.0,2,3211.0,23
rb1805,20170724,20170721,210052500,3212.0,244,88358,7836760.0,3212.0,2,3211.0,23
rb1805,20170724,20170721,210053000,3212.0,246,88358,7901000.0,3212.0,1,3211.0,23
rb1805,20170724,20170721,210053500,3212.0,248,88358,7965240.0,3214.0,7,3211.0,23
rb1805,20170724,20170721,210054000,3212.0,248,88358,7965240.0,3213.0,4,3211.0,23
rb1805,20170724,20170721,210055000,3212.0,248,88358,7965240.0,3214.0,7,3211.0,23
rb1805,20170724,20170721,210055500,3212.0,248,88358,7965240.0,3214.0,6,3211.0,23
rb1805,20170724,20170721,210056000,3214.0,260,88366,8350920.0,3215.0,6,3214.0,6
rb1805,20170724,20170721,210056500,3214.0,266,88360,8543760.0,3215.0,13,3212.0,1
rb1805,20170724,20170721,210057000,3215.0,274,88352,8800960.0,3215.0,9,3213.0,2
rb1805,20170724,20170721,210057500,3215.0,292,88352,9379660.0,3216.0,19,3213.0,2
rb1805,20170724,20170721,210058000,3215.0,292,88352,9379660.0,3215.0,1,3213.0,2
rb1805,20170724,20170721,210058500,3215.0,292,88352,9379660.0,3216.0,19,3215.0,1
rb1805,20170724,20170721,210059000,3215.0,294,88354,9443960.0,3216.0,20,3213.0,3
rb1805,20170724,20170721,210059500,3215.0,294,88354,9443960.0,3216.0,19,3213.0,2
rb1805,20170724,20170721,210101000,3215.0,294,88354,9443960.0,3216.0,19,3213.0,2
rb1805,20170724,20170721,210101500,3215.0,294,88354,9443960.0,3216.0,19,3213.0,2
rb1805,20170724,20170721,210102000,3215.0,294,88354,9443960.0,3216.0,20,3213.0,2
rb1805,20170724,20170721,210103000,3215.0,294,88354,9443960.0,3216.0,20,3213.0,2
rb1805,20170724,20170721,210103500,3213.0,298,88354,9572480.0,3213.0,3,3212.0,3
rb1805,20170724,20170721,210104000,3213.0,300,88354,9636740.0,3216.0,21,3212.0,3
rb1805,20170724,20170721,210104500,3213.0,300,88354,9636740.0,3215.0,2,3212.0,3
rb1805,20170724,20170721,210105000,3213.0,300,88354,9636740.0,3215.0,2,3212.0,3
rb1805,20170724,20170721,210105500,3213.0,300,88354,9636740.0,3215.0,3,3212.0,3
rb1805,20170724,20170721,210107500,3213.0,300,88354,9636740.0,3215.0,3,3212.0,3
rb1805,20170724,20170721,210108000,3213.0,300,88354,9636740.0,3215.0,3,3212.0,3
rb1805,20170724,20170721,210108500,3213.0,300,88354,9636740.0,3215.0,3,3212.0,3
rb1805,20170724,20170721,210109000,3213.0,300,88354,9636740.0,3215.0,4,3212.0,3
rb1805,20170724,20170721,210109500,3213.0,300,88354,9636740.0,3214.0,1,3212.0,3
rb1805,20170724,20170721,210110500,3213.0,300,88354,9636740.0,3214.0,1,3212.0,3
rb1805,20170724,20170721,210111000,3213.0,300,88354,9636740.0,3215.0,4,3212.0,4
rb1805,20170724,20170721,210111500,3213.0,300,88354,9636740.0,3214.0,1,3213.0,1
rb1805,20170724,20170721,210112000,3213.0,302,88354,9701000.0,3213.0,3,3212.0,4
rb1805,20170724,20170721,210112500,3213.0,302,88354,9701000.0,3214.0,1,3212.0,4
rb1805,20170724,20170721,210113000,3213.0,302,88354,9701000.0,3214.0,1,3212.0,9
rb1805,20170724,20170721,210115000,3212.0,304,88354,9765240.0,3214.0,1,3212.0,8
rb1805,20170724,20170721,210115500,3212.0,304,88354,9765240.0,3215.0,11,3212.0,8
rb1805,20170724,20170721,210116000,3214.0,306,88354,9829520.0,3215.0,13,3214.0,1
rb1805,20170724,20170721,210116500,3214.0,308,88354,9893800.0,3214.0,3,3212.0,9
rb1805,20170724,20170721,210117000,3214.0,308,88354,9893800.0,3215.0,13,3212.0,8
rb1805,20170724,20170721,210117500,3214.0,308,88354,9893800.0,3215.0,12,3212.0,8
rb1805,20170724,20170721,210118000,3214.0,308,88354,9893800.0,3215.0,13,3212.0,8
rb1805,20170724,20170721,210119000,3214.0,308,88354,9893800.0,3215.0,12,3212.0,8
rb1805,20170724,20170721,210120500,3214.0,308,88354,9893800.0,3215.0,14,3212.0,8
rb1805,20170724,20170721,210121000,3215.0,330,88356,10601100.0,3215.0,3,3213.0,1
rb1805,20170724,20170721,210121500,3215.0,330,88356,10601100.0,3215.0,3,3214.0,2
rb1805,20170724,20170721,210122000,3215.0,332,88356,10665400.0,3215.0,2,3214.0,2
rb1805,20170724,20170721,210122500,3215.0,332,88356,10665400.0,3215.0,2,3214.0,2
rb1805,20170724,20170721,210124000,3215.0,336,88356,10794000.0,3216.0,25,3215.0,3
rb1805,20170724,20170721,210124500,3215.0,342,88356,10986900.0,3215.0,4,3214.0,2
rb1805,20170724,20170721,210125000,3215.0,342,88356,10986900.0,3216.0,26,3214.0,2
rb1805,20170724,20170721,210125500,3215.0,342,88356,10986900.0,3215.0,1,3214.0,2
rb1805,20170724,20170721,210126000,3215.0,342,88356,10986900.0,3215.0,1,3214.0,2
rb1805,20170724,20170721,210126500,3215.0,342,88356,10986900.0,3215.0,1,3214.0,2
rb1805,20170724,20170721,210127000,3215.0,342,88356,10986900.0,3215.0,1,3214.0,2
rb1805,20170724,20170721,210128500,3214.0,344,88358,11051180.0,3215.0,1,3214.0,1
rb1805,20170724,20170721,210129000,3214.0,344,88358,11051180.0,3215.0,1,3214.0,1
rb1805,20170724,20170721,210129500,3214.0,344,88358,11051180.0,3215.0,1,3214.0,1
rb1805,20170724,20170721,210130000,3216.0,360,88360,11565720.0,3216.0,20,3215.0,1
rb1805,20170724,20170721,210130500,3216.0,360,88360,11565720.0,3216.0,20,3215.0,1
rb1805,20170724,20170721,210131000,3216.0,360,88360,11565720.0,3216.0,20,3214.0,1
rb1805,20170724,20170721,210131500,3216.0,360,88360,11565720.0,3216.0,20,3215.0,3
rb1805,20170724,20170721,210132500,3216.0,392,88366,12594840.0,3216.0,4,3215.0,4
rb1805,20170724,20170721,210133000,3216.0,400,88368,12852120.0,3217.0,2,3215.0,4
rb1805,20170724,20170721,210133500,3216.0,400,88368,12852120.0,3217.0,2,3215.0,4
rb1805,20170724,20170721,210134000,3216.0,400,88368,12852120.0,3217.0,2,3216.0,1
rb1805,20170724,20170721,210134500,3216.0,400,88368,12852120.0,3217.0,2,3216.0,4
rb1805,20170724,20170721,210135000,3216.0,400,88368,12852120.0,3217.0,2,3216.0,4
rb1805,20170724,20170721,210135500,3217.0,404,88370,12980800.0,3218.0,3,3217.0,1
rb1805,20170724,20170721,210136000,3218.0,410,88372,13173880.0,3219.0,2,3217.0,3
rb1805,20170724,20170721,210136500,3218.0,410,88372,13173880.0,3219.0,2,3218.0,1
rb1805,20170724,20170721,210137000,3219.0,414,88372,13302640.0,3220.0,13,3219.0,1
rb1805,20170724,20170721,210137500,3219.0,414,88372,13302640.0,3220.0,13,3218.0,1
rb1805,20170724,20170721,210138000,3219.0,414,88372,13302640.0,3220.0,13,3218.0,7
rb1805,20170724,20170721,210138500,3219.0,414,88372,13302640.0,3220.0,13,3219.0,4
rb1805,20170724,20170721,210139000,3219.0,414,88372,13302640.0,3220.0,14,3219.0,4
rb1805,20170724,20170721,210139500,3220.0,460,88372,14783680.0,3222.0,1,3220.0,2
rb1805,20170724,20170721,210140000,3223.0,476,88372,15298980.0,3223.0,11,3222.0,5
rb1805,20170724,20170721,210140500,3220.0,488,88376,15685580.0,3220.0,5,3219.0,2
rb1805,20170724,20170721,210141000,3219.0,492,88378,15814340.0,3220.0,5,3218.0,1
rb1805,20170724,20170721,210141500,3220.0,502,88378,16136340.0,3222.0,1,3220.0,2
rb1805,20170724,20170721,210142000,3220.0,504,88376,16200740.0,3222.0,1,3220.0,1
rb1805,20170724,20170721,210142500,3220.0,506,88378,16265140.0,3222.0,1,3220.0,1
rb1805,20170724,20170721,210143000,3222.0,508,88378,16329580.0,3223.0,11,3222.0,3
rb1805,20170724,20170721,210143500,3222.0,514,88384,16522900.0,3222.0,4,3221.0,2
rb1805,20170724,20170721,210144000,3223.0,518,88386,16651800.0,3223.0,10,3222.0,16
rb1805,20170724,20170721,210144500,3222.0,530,88386,17038440.0,3223.0,10,3222.0,7
rb1805,20170724,20170721,210145000,3222.0,530,88386,17038440.0,3223.0,10,3222.0,10
rb1805,20170724,20170721,210145500,3222.0,530,88386,17038440.0,3223.0,10,3222.0,10
rb1805,20170724,20170721,210146000,3224.0,552,88406,17747520.0,3224.0,1,3222.0,10
rb1805,20170724,20170721,210146500,3222.0,556,88410,17876400.0,3224.0,4,3222.0,8
rb1805,20170724,20170721,210147000,3222.0,586,88408,18843000.0,3224.0,1,3223.0,2
rb1805,20170724,20170721,210147500,3225.0,600,88416,19294440.0,3226.0,4,3225.0,7
rb1805,20170724,20170721,210148000,3226.0,632,88444,20326560.0,3227.0,2,3226.0,2
rb1805,20170724,20170721,210148500,3229.0,646,88452,20778520.0,3229.0,5,3228.0,2
rb1805,20170724,20170721,210149000,3225.0,664,88446,21359500.0,3228.0,1,3225.0,1
rb1805,20170724,20170721,210149500,3230.0,672,88446,21617840.0,3230.0,66,3229.0,2
rb1805,20170724,20170721,210150000,3233.0,814,88438,26204580.0,3234.0,24,3230.0,67
rb1805,20170724,20170721,210150500,3231.0,828,88436,26656920.0,3230.0,1,3227.0,1
rb1805,20170724,20170721,210151000,3230.0,830,88438,26721520.0,3234.0,2,3230.0,2
rb1805,20170724,20170721,210151500,3225.0,850,88458,27366700.0,3229.0,1,3223.0,38
rb1805,20170724,20170721,210152000,3231.0,884,88452,28466120.0,3234.0,1,3231.0,7
rb1805,20170724,20170721,210152500,3234.0,886,88452,28530800.0,3236.0,16,3234.0,1
rb1805,20170724,20170721,210153000,3234.0,890,88452,28660160.0,3234.0,29,3233.0,1
rb1805,20170724,20170721,210153500,3234.0,958,88458,30859240.0,3236.0,16,3234.0,26
rb1805,20170724,20170721,210154000,3232.0,1012,88508,32605560.0,3236.0,20,3229.0,1
rb1805,20170724,20170721,210154500,3232.0,1012,88508,32605560.0,3235.0,1,3230.0,9
rb1805,20170724,20170721,210155000,3236.0,1018,88508,32799700.0,3236.0,14,3230.0,8
rb1805,20170724,20170721,210155500,3230.0,1022,88510,32928900.0,3235.0,4,3230.0,7
rb1805,20170724,20170721,210156000,3230.0,1022,88510,32928900.0,3234.0,6,3229.0,1
rb1805,20170724,20170721,210156500,3230.0,1022,88510,32928900.0,3234.0,7,3229.0,1
rb1805,20170724,20170721,210157000,3230.0,1022,88510,32928900.0,3234.0,8,3229.0,1
rb1805,20170724,20170721,210157500,3230.0,1022,88510,32928900.0,3234.0,8,3229.0,2
rb1805,20170724,20170721,210158000,3230.0,1022,88510,32928900.0,3233.0,1,3229.0,2
rb1805,20170724,20170721,210158500,3229.0,1026,88510,33058140.0,3232.0,2,3229.0,1
rb1805,20170724,20170721,210159000,3229.0,1026,88510,33058140.0,3232.0,3,3229.0,1
rb1805,20170724,20170721,210159500,3229.0,1026,88510,33058140.0,3232.0,4,3229.0,1
rb1805,20170724,20170721,210200000,3229.0,1026,88510,33058140.0,3232.0,4,3229.0,1
rb1805,20170724,20170721,210200500,3229.0,1028,88510,33122720.0,3231.0,3,3226.0,24
rb1805,20170724,20170721,210201000,3229.0,1028,88510,33122720.0,3231.0,3,3225.0,1
rb1805,20170724,20170721,210201500,3229.0,1030,88508,33187300.0,3230.0,1,3225.0,1
rb1805,20170724,20170721,210202000,3229.0,1030,88508,33187300.0,3230.0,1,3225.0,1
rb1805,20170724,20170721,210202500,3229.0,1030,88508,33187300.0,3230.0,1,3225.0,1
rb1805,20170724,20170721,210203000,3229.0,1034,88508,33316460.0,3230.0,2,3229.0,3
rb1805,20170724,20170721,210203500,3229.0,1038,88510,33445640.0,3230.0,1,3229.0,3
rb1805,20170724,20170721,210204000,3229.0,1042,88510,33574800.0,3230.0,1,3225.0,1
rb1805,20170724,20170721,210204500,3229.0,1042,88510,33574800.0,3230.0,1,3226.0,3
rb1805,20170724,20170721,210205500,3226.0,1048,88516,33768440.0,3231.0,1,3226.0,1
rb1805,20170724,20170721,210206000,3226.0,1050,88514,33832960.0,3230.0,3,3225.0,1
rb1805,20170724,20170721,210206500,3226.0,1050,88514,33832960.0,3230.0,4,3226.0,2
rb1805,20170724,20170721,210207000,3226.0,1050,88514,33832960.0,3230.0,4,3225.0,1
rb1805,20170724,20170721,210207500,3226.0,1050,88514,33832960.0,3229.0,3,3226.0,1
rb1805,20170724,20170721,210208000,3226.0,1050,88514,33832960.0,3228.0,2,3226.0,1
rb1805,20170724,20170721,210208500,3228.0,1052,88512,33897520.0,3228.0,1,3226.0,1
rb1805,20170724,20170721,210209000,3230.0,1072,88514,34543420.0,3233.0,2,3226.0,1
rb1805,20170724,20170721,210209500,3230.0,1072,88514,34543420.0,3232.0,4,3229.0,1
rb1805,20170724,20170721,210210000,3229.0,1074,88514,34608000.0,3230.0,4,3228.0,1
rb1805,20170724,20170721,210210500,3229.0,1074,88514,34608000.0,3231.0,2,3228.0,3
rb1805,20170724,20170721,210211000,3229.0,1074,88514,34608000.0,3233.0,2,3231.0,1
rb1805,20170724,20170721,210211500,3230.0,1078,88514,34737220.0,3233.0,2,3229.0,1
rb1805,20170724,20170721,210212000,3230.0,1078,88514,34737220.0,3230.0,4,3229.0,1
rb1805,20170724,20170721,210212500,3227.0,1084,88514,34930900.0,3230.0,1,3227.0,2
rb1805,20170724,20170721,210213000,3227.0,1084,88514,34930900.0,3230.0,1,3225.0,3
rb1805,20170724,20170721,210213500,3227.0,1084,88514,34930900.0,3229.0,3,3226.0,4
rb1805,20170724,20170721,210214000,3227.0,1084,88514,34930900.0,3229.0,4,3227.0,3
rb1805,20170724,20170721,210214500,3227.0,1084,88514,34930900.0,3229.0,6,3226.0,3
rb1805,20170724,20170721,210215000,3227.0,1084,88514,34930900.0,3228.0,5,3226.0,3
rb1805,20170724,20170721,210215500,3228.0,1092,88514,35189140.0,3228.0,1,3226.0,3
rb1805,20170724,20170721,210216000,3228.0,1092,88514,35189140.0,3228.0,1,3227.0,3
rb1805,20170724,20170721,210217000,3226.0,1100,88514,35447280.0,3228.0,1,3226.0,2
rb1805,20170724,20170721,210217500,3226.0,1100,88514,35447280.0,3227.0,3,3226.0,2
rb1805,20170724,20170721,210218000,3226.0,1104,88514,35576320.0,3227.0,4,3225.0,4
rb1805,20170724,20170721,210218500,3226.0,1104,88514,35576320.0,3227.0,4,3225.0,4
rb1805,20170724,20170721,210219000,3227.0,1108,88512,35705360.0,3227.0,2,3225.0,3
rb1805,20170724,20170721,210219500,3225.0,1112,88510,35834360.0,3227.0,2,3225.0,1
rb1805,20170724,20170721,210220000,3225.0,1112,88510,35834360.0,3227.0,2,3225.0,1
rb1805,20170724,20170721,210220500,3227.0,1116,88510,35963400.0,3227.0,1,3224.0,1
rb1805,20170724,20170721,210221000,3227.0,1118,88510,36027940.0,3228.0,56,3227.0,5
rb1805,20170724,20170721,210221500,3224.0,1132,88518,36479600.0,3225.0,2,3223.0,1
rb1805,20170724,20170721,210222000,3225.0,1134,88516,36544100.0,3225.0,1,3223.0,1
rb1805,20170724,20170721,210222500,3225.0,1134,88516,36544100.0,3225.0,1,3223.0,1
rb1805,20170724,20170721,210223000,3225.0,1134,88516,36544100.0,3225.0,1,3223.0,1
rb1805,20170724,20170721,210223500,3225.0,1136,88516,36608600.0,3226.0,4,3223.0,1
rb1805,20170724,20170721,210224000,3225.0,1136,88516,36608600.0,3226.0,4,3223.0,1
rb1805,20170724,20170721,210224500,3225.0,1136,88516,36608600.0,3226.0,59,3223.0,2
rb1805,20170724,20170721,210225000,3225.0,1136,88516,36608600.0,3225.0,4,3223.0,2
rb1805,20170724,20170721,210225500,3225.0,1136,88516,36608600.0,3226.0,59,3225.0,1
rb1805,20170724,20170721,210226000,3224.0,1146,88512,36930980.0,3225.0,56,3223.0,1
rb1805,20170724,20170721,210226500,3224.0,1146,88512,36930980.0,3225.0,56,3223.0,1
rb1805,20170724,20170721,210227000,3224.0,1146,88512,36930980.0,3224.0,2,3223.0,1
rb1805,20170724,20170721,210227500,3224.0,1146,88512,36930980.0,3224.0,2,3223.0,1
rb1805,20170724,20170721,210228000,3224.0,1146,88512,36930980.0,3224.0,2,3223.0,1
rb1805,20170724,20170721,210228500,3224.0,1146,88512,36930980.0,3224.0,2,3223.0,1
rb1805,20170724,20170721,210229000,3224.0,1148,88512,36995460.0,3224.0,1,3223.0,2
rb1805,20170724,20170721,210229500,3224.0,1148,88512,36995460.0,3224.0,1,3223.0,2
rb1805,20170724,20170721,210230000,3224.0,1148,88512,36995460.0,3224.0,1,3223.0,2
rb1805,20170724,20170721,210230500,3223.0,1150,88514,37059920.0,3224.0,1,3223.0,1
rb1805,20170724,20170721,210231000,3223.0,1152,88514,37124380.0,3223.0,2,3222.0,3
rb1805,20170724,20170721,210231500,3223.0,1152,88514,37124380.0,3223.0,2,3222.0,3
rb1805,20170724,20170721,210232000,3223.0,1152,88514,37124380.0,3223.0,2,3222.0,3
rb1805,20170724,20170721,210232500,3223.0,1152,88514,37124380.0,3226.0,4,3222.0,3
rb1805,20170724,20170721,210233000,3223.0,1152,88514,37124380.0,3225.0,6,3222.0,3
rb1805,20170724,20170721,210233500,3223.0,1152,88514,37124380.0,3224.0,2,3222.0,3
rb1805,20170724,20170721,210234000,3223.0,1152,88514,37124380.0,3224.0,2,3222.0,3
rb1805,20170724,20170721,210234500,3223.0,1152,88514,37124380.0,3224.0,2,3222.0,3
rb1805,20170724,20170721,210235000,3223.0,1152,88514,37124380.0,3224.0,57,3222.0,3
rb1805,20170724,20170721,210235500,3223.0,1158,88508,37317760.0,3224.0,57,3223.0,17
rb1805,20170724,20170721,210236000,3223.0,1158,88508,37317760.0,3224.0,2,3223.0,17
rb1805,20170724,20170721,210236500,3223.0,1158,88508,37317760.0,3224.0,2,3223.0,17
rb1805,20170724,20170721,210237000,3223.0,1160,88506,37382220.0,3224.0,2,3223.0,16
rb1805,20170724,20170721,210237500,3224.0,1164,88510,37511180.0,3225.0,9,3223.0,16
rb1805,20170724,20170721,210238000,3224.0,1164,88510,37511180.0,3224.0,1,3223.0,16
rb1805,20170724,20170721,210238500,3223.0,1166,88508,37575640.0,3224.0,1,3223.0,15
rb1805,20170724,20170721,210239000,3223.0,1166,88508,37575640.0,3224.0,1,3223.0,15
rb1805,20170724,20170721,210239500,3223.0,1166,88508,37575640.0,3224.0,1,3223.0,15
rb1805,20170724,20170721,210240000,3223.0,1166,88508,37575640.0,3224.0,1,3223.0,15
rb1805,20170724,20170721,210240500,3223.0,1170,88504,37704560.0,3224.0,1,3223.0,13
rb1805,20170724,20170721,210241000,3223.0,1170,88504,37704560.0,3224.0,1,3223.0,13
rb1805,20170724,20170721,210241500,3223.0,1172,88504,37769020.0,3224.0,1,3223.0,12
rb1805,20170724,20170721,210242000,3223.0,1172,88504,37769020.0,3224.0,1,3223.0,16
rb1805,20170724,20170721,210242500,3223.0,1172,88504,37769020.0,3224.0,1,3223.0,16
rb1805,20170724,20170721,210243000,3223.0,1172,88504,37769020.0,3224.0,1,3223.0,16
rb1805,20170724,20170721,210243500,3223.0,1172,88504,37769020.0,3224.0,1,3223.0,16
rb1805,20170724,20170721,210244000,3223.0,1176,88504,37897940.0,3224.0,1,3223.0,14
rb1805,20170724,20170721,210244500,3223.0,1176,88504,37897940.0,3224.0,1,3223.0,14
rb1805,20170724,20170721,210245000,3223.0,1176,88504,37897940.0,3224.0,1,3223.0,14
rb1805,20170724,20170721,210246000,3223.0,1176,88504,37897940.0,3224.0,2,3223.0,14
rb1805,20170724,20170721,210247000,3223.0,1176,88504,37897940.0,3224.0,56,3223.0,10
rb1805,20170724,20170721,210247500,3223.0,1176,88504,37897940.0,3224.0,1,3223.0,10
rb1805,20170724,20170721,210248000,3223.0,1176,88504,37897940.0,3224.0,1,3223.0,10
rb1805,20170724,20170721,210248500,3223.0,1176,88504,37897940.0,3224.0,1,3223.0,10
rb1805,20170724,20170721,210249000,3223.0,1182,88498,38091320.0,3224.0,56,3223.0,7
rb1805,20170724,20170721,210249500,3223.0,1196,88498,38542540.0,3223.0,55,3222.0,3
rb1805,20170724,20170721,210250000,3223.0,1196,88498,38542540.0,3224.0,1,3222.0,4
rb1805,20170724,20170721,210250500,3222.0,1198,88498,38606980.0,3224.0,1,3222.0,2
rb1805,20170724,20170721,210251000,3222.0,1198,88498,38606980.0,3224.0,1,3222.0,2
rb1805,20170724,20170721,210251500,3222.0,1198,88498,38606980.0,3224.0,1,3222.0,5
rb1805,20170724,20170721,210252000,3222.0,1198,88498,38606980.0,3224.0,2,3222.0,5
rb1805,20170724,20170721,210252500,3222.0,1198,88498,38606980.0,3224.0,5,3222.0,4
rb1805,20170724,20170721,210253000,3222.0,1198,88498,38606980.0,3224.0,60,3222.0,4
rb1805,20170724,20170721,210253500,3222.0,1198,88498,38606980.0,3224.0,60,3222.0,4
rb1805,20170724,20170721,210254000,3222.0,1198,88498,38606980.0,3224.0,5,3222.0,5
rb1805,20170724,20170721,210254500,3222.0,1200,88498,38671420.0,3224.0,2,3222.0,14
rb1805,20170724,20170721,210255000,3222.0,1202,88498,38735860.0,3224.0,2,3223.0,4
rb1805,20170724,20170721,210255500,3222.0,1202,88498,38735860.0,3224.0,3,3223.0,4
rb1805,20170724,20170721,210256000,3223.0,1206,88498,38864780.0,3224.0,3,3223.0,2
rb1805,20170724,20170721,210256500,3224.0,1212,88494,39058220.0,3225.0,64,3224.0,19
rb1805,20170724,20170721,210257000,3224.0,1212,88494,39058220.0,3225.0,9,3224.0,13
rb1805,20170724,20170721,210258000,3224.0,1212,88494,39058220.0,3225.0,9,3224.0,13
rb1805,20170724,20170721,210258500,3224.0,1212,88494,39058220.0,3225.0,9,3224.0,14
rb1805,20170724,20170721,210259000,3225.0,1230,88476,39638720.0,3226.0,2,3225.0,3
rb1805,20170724,20170721,210259500,3226.0,1232,88476,39703240.0,3226.0,1,3224.0,13
rb1805,20170724,20170721,210300000,3224.0,1234,88476,39767720.0,3226.0,1,3224.0,12
rb1805,20170724,20170721,210301000,3224.0,1234,88476,39767720.0,3226.0,1,3224.0,12
rb1805,20170724,20170721,210301500,3224.0,1234,88476,39767720.0,3225.0,1,3224.0,12
rb1805,20170724,20170721,210302000,3225.0,1236,88476,39832220.0,3226.0,2,3224.0,12
rb1805,20170724,20170721,210302500,3225.0,1236,88476,39832220.0,3225.0,1,3224.0,12
rb1805,20170724,20170721,210303000,3225.0,1236,88476,39832220.0,3225.0,1,3224.0,13
rb1805,20170724,20170721,210303500,3225.0,1236,88476,39832220.0,3225.0,1,3224.0,12
rb1805,20170724,20170721,210304000,3225.0,1236,88476,39832220.0,3225.0,1,3224.0,12
rb1805,20170724,20170721,210305000,3225.0,1240,88478,39961220.0,3226.0,57,3225.0,1
rb1805,20170724,20170721,210305500,3224.0,1244,88480,40090200.0,3225.0,3,3224.0,11
rb1805,20170724,20170721,210306000,3224.0,1248,88478,40219160.0,3226.0,60,3224.0,9
rb1805,20170724,20170721,210306500,3223.0,1268,88476,40863940.0,3224.0,1,3222.0,13
rb1805,20170724,20170721,210307000,3223.0,1268,88476,40863940.0,3225.0,1,3222.0,14
rb1805,20170724,20170721,210307500,3223.0,1268,88476,40863940.0,3225.0,1,3222.0,14
rb1805,20170724,20170721,210308000,3223.0,1268,88476,40863940.0,3225.0,1,3222.0,14
rb1805,20170724,20170721,210308500,3223.0,1268,88476,40863940.0,3224.0,3,3223.0,2
rb1805,20170724,20170721,210309000,3223.0,1268,88476,40863940.0,3224.0,3,3223.0,2
rb1805,20170724,20170721,210309500,3223.0,1268,88476,40863940.0,3224.0,23,3223.0,2
rb1805,20170724,20170721,210310000,3223.0,1270,88478,40928400.0,3224.0,24,3223.0,1
rb1805,20170724,20170721,210310500,3223.0,1270,88478,40928400.0,3224.0,24,3223.0,1
rb1805,20170724,20170721,210311000,3223.0,1270,88478,40928400.0,3224.0,24,3223.0,1
rb1805,20170724,20170721,210311500,3223.0,1274,88478,41057320.0,3224.0,24,3222.0,13
rb1805,20170724,20170721,210312000,3223.0,1274,88478,41057320.0,3224.0,24,3223.0,1
rb1805,20170724,20170721,210312500,3223.0,1274,88478,41057320.0,3224.0,24,3223.0,1
rb1805,20170724,20170721,210314000,3223.0,1274,88478,41057320.0,3224.0,24,3223.0,1
rb1805,20170724,20170721,210314500,3223.0,1306,88478,42088680.0,3223.0,4,3222.0,14
rb1805,20170724,20170721,210315000,3223.0,1306,88478,42088680.0,3223.0,4,3222.0,14
rb1805,20170724,20170721,210315500,3223.0,1308,88476,42153140.0,3223.0,3,3222.0,14
rb1805,20170724,20170721,210316000,3223.0,1308,88476,42153140.0,3223.0,3,3222.0,15
rb1805,20170724,20170721,210316500,3223.0,1314,88476,42346520.0,3224.0,24,3222.0,15
rb1805,20170724,20170721,210317000,3223.0,1314,88476,42346520.0,3224.0,24,3222.0,15
rb1805,20170724,20170721,210317500,3223.0,1314,88476,42346520.0,3224.0,23,3222.0,15
rb1805,20170724,20170721,210318000,3223.0,1316,88474,42410980.0,3224.0,23,3222.0,15
rb1805,20170724,20170721,210318500,3222.0,1320,88474,42539860.0,3224.0,23,3222.0,13
rb1805,20170724,20170721,210319500,3222.0,1320,88474,42539860.0,3224.0,23,3222.0,13
rb1805,20170724,20170721,210320000,3222.0,1320,88474,42539860.0,3224.0,23,3222.0,13
rb1805,20170724,20170721,210321500,3222.0,1320,88474,42539860.0,3224.0,23,3222.0,13
rb1805,20170724,20170721,210322000,3222.0,1320,88474,42539860.0,3224.0,23,3222.0,13
rb1805,20170724,20170721,210322500,3222.0,1322,88472,42604300.0,3224.0,23,3222.0,13
rb1805,20170724,20170721,210323000,3222.0,1322,88472,42604300.0,3224.0,23,3222.0,13
rb1805,20170724,20170721,210323500,3222.0,1322,88472,42604300.0,3224.0,23,3222.0,12
rb1805,20170724,20170721,210324000,3222.0,1322,88472,42604300.0,3224.0,23,3222.0,12
rb1805,20170724,20170721,210324500,3222.0,1322,88472,42604300.0,3224.0,23,3222.0,12
rb1805,20170724,20170721,210325000,3222.0,1322,88472,42604300.0,3224.0,78,3222.0,12
rb1805,20170724,20170721,210325500,3222.0,1322,88472,42604300.0,3224.0,78,3222.0,12
rb1805,20170724,20170721,210326500,3222.0,1322,88472,42604300.0,3224.0,23,3222.0,12
rb1805,20170724,20170721,210327000,3222.0,1322,88472,42604300.0,3224.0,24,3222.0,12
rb1805,20170724,20170721,210327500,3222.0,1322,88472,42604300.0,3224.0,25,3222.0,11
rb1805,20170724,20170721,210328000,3222.0,1322,88472,42604300.0,3224.0,24,3222.0,12
rb1805,20170724,20170721,210328500,3222.0,1322,88472,42604300.0,3224.0,25,3222.0,12
rb1805,20170724,20170721,210329000,3222.0,1322,88472,42604300.0,3224.0,24,3222.0,13
rb1805,20170724,20170721,210329500,3222.0,1322,88472,42604300.0,3223.0,1,3222.0,13
rb1805,20170724,20170721,210331000,3223.0,1324,88474,42668760.0,3224.0,79,3222.0,12
rb1805,20170724,20170721,210332000,3223.0,1324,88474,42668760.0,3224.0,79,3222.0,12
rb1805,20170724,20170721,210332500,3223.0,1324,88474,42668760.0,3224.0,27,3222.0,13
rb1805,20170724,20170721,210333000,3223.0,1324,88474,42668760.0,3224.0,27,3222.0,13
rb1805,20170724,20170721,210333500,3223.0,1324,88474,42668760.0,3223.0,1,3222.0,12
rb1805,20170724,20170721,210334000,3223.0,1324,88474,42668760.0,3223.0,60,3222.0,12
rb1805,20170724,20170721,210334500,3222.0,1334,88464,42990960.0,3223.0,64,3222.0,7
rb1805,20170724,20170721,210335000,3222.0,1334,88464,42990960.0,3223.0,61,3222.0,7
rb1805,20170724,20170721,210336000,3222.0,1334,88464,42990960.0,3223.0,61,3222.0,7
rb1805,20170724,20170721,210336500,3222.0,1334,88464,42990960.0,3223.0,61,3222.0,7
rb1805,20170724,20170721,210337000,3222.0,1334,88464,42990960.0,3223.0,61,3222.0,7
rb1805,20170724,20170721,210337500,3222.0,1334,88464,42990960.0,3223.0,6,3222.0,7
rb1805,20170724,20170721,210338000,3222.0,1334,88464,42990960.0,3223.0,5,3222.0,7
rb1805,20170724,20170721,210338500,3222.0,1336,88464,43055400.0,3223.0,5,3222.0,7
rb1805,20170724,20170721,210339000,3222.0,1336,88464,43055400.0,3223.0,4,3222.0,8
rb1805,20170724,20170721,210339500,3222.0,1336,88464,43055400.0,3223.0,4,3222.0,8
rb1805,20170724,20170721,210340000,3222.0,1336,88464,43055400.0,3223.0,4,3222.0,8
rb1805,20170724,20170721,210340500,3222.0,1336,88464,43055400.0,3223.0,59,3222.0,7
rb1805,20170724,20170721,210341000,3222.0,1336,88464,43055400.0,3223.0,4,3222.0,7
rb1805,20170724,20170721,210341500,3222.0,1338,88462,43119840.0,3223.0,4,3222.0,6
rb1805,20170724,20170721,210342000,3222.0,1338,88462,43119840.0,3223.0,4,3222.0,6
rb1805,20170724,20170721,210342500,3222.0,1338,88462,43119840.0,3223.0,59,3222.0,6
rb1805,20170724,20170721,210343000,3222.0,1338,88462,43119840.0,3223.0,60,3222.0,6
rb1805,20170724,20170721,210343500,3222.0,1338,88462,43119840.0,3223.0,60,3222.0,6
rb1805,20170724,20170721,210344000,3222.0,1338,88462,43119840.0,3223.0,60,3222.0,6
rb1805,20170724,20170721,210344500,3222.0,1338,88462,43119840.0,3223.0,60,3222.0,6
rb1805,20170724,20170721,210345000,3222.0,1338,88462,43119840.0,3223.0,60,3222.0,6
rb1805,20170724,20170721,210347000,3222.0,1338,88462,43119840.0,3223.0,60,3222.0,6
rb1805,20170724,20170721,210348000,3222.0,1338,88462,43119840.0,3223.0,60,3222.0,7
rb1805,20170724,20170721,210349500,3222.0,1338,88462,43119840.0,3223.0,60,3222.0,7
rb1805,20170724,20170721,210350000,3222.0,1352,88456,43570920.0,3222.0,49,3221.0,5
rb1805,20170724,20170721,210350500,3222.0,1352,88456,43570920.0,3222.0,49,3221.0,5
rb1805,20170724,20170721,210351000,3222.0,1352,88456,43570920.0,3222.0,49,3221.0,5
rb1805,20170724,20170721,210352000,3222.0,1352,88456,43570920.0,3222.0,50,3221.0,5
rb1805,20170724,20170721,210352500,3222.0,1352,88456,43570920.0,3222.0,51,3221.0,5
rb1805,20170724,20170721,210353000,3222.0,1352,88456,43570920.0,3222.0,51,3221.0,5
rb1805,20170724,20170721,210354000,3221.0,1354,88454,43635340.0,3222.0,51,3221.0,4
rb1805,20170724,20170721,210354500,3222.0,1356,88454,43699780.0,3222.0,52,3221.0,4
rb1805,20170724,20170721,210355000,3222.0,1358,88454,43764220.0,3222.0,51,3221.0,4
rb1805,20170724,20170721,210355500,3222.0,1358,88454,43764220.0,3222.0,51,3221.0,4
rb1805,20170724,20170721,210356000,3222.0,1358,88454,43764220.0,3222.0,51,3221.0,4
rb1805,20170724,20170721,210357500,3222.0,1358,88454,43764220.0,3222.0,51,3221.0,4
rb1805,20170724,20170721,210358000,3222.0,1358,88454,43764220.0,3222.0,51,3221.0,4
rb1805,20170724,20170721,210359000,3222.0,1360,88454,43828660.0,3222.0,49,3221.0,4
rb1805,20170724,20170721,210359500,3222.0,1360,88454,43828660.0,3222.0,4,3221.0,5
rb1805,20170724,20170721,210400000,3221.0,1368,88452,44086340.0,3221.0,42,3220.0,12
rb1805,20170724,20170721,210400500,3221.0,1374,88452,44279600.0,3221.0,1,3220.0,12
rb1805,20170724,20170721,210401000,3221.0,1376,88452,44344020.0,3222.0,4,3221.0,3
rb1805,20170724,20170721,210401500,3221.0,1376,88452,44344020.0,3222.0,4,3220.0,12
rb1805,20170724,20170721,210402000,3221.0,1376,88452,44344020.0,3222.0,42,3220.0,12
rb1805,20170724,20170721,210402500,3221.0,1376,88452,44344020.0,3222.0,43,3220.0,12
rb1805,20170724,20170721,210403000,3221.0,1376,88452,44344020.0,3222.0,5,3220.0,12
rb1805,20170724,20170721,210403500,3221.0,1376,88452,44344020.0,3222.0,5,3220.0,12
rb1805,20170724,20170721,210404000,3221.0,1376,88452,44344020.0,3222.0,5,3220.0,13
rb1805,20170724,20170721,210405500,3221.0,1376,88452,44344020.0,3222.0,5,3221.0,1
rb1805,20170724,20170721,210406000,3221.0,1376,88452,44344020.0,3222.0,4,3221.0,1
rb1805,20170724,20170721,210406500,3221.0,1376,88452,44344020.0,3222.0,3,3221.0,1
rb1805,20170724,20170721,210407000,3221.0,1376,88452,44344020.0,3222.0,5,3221.0,1
rb1805,20170724,20170721,210407500,3221.0,1376,88452,44344020.0,3222.0,43,3221.0,1
rb1805,20170724,20170721,210408000,3221.0,1376,88452,44344020.0,3222.0,44,3221.0,1
rb1805,20170724,20170721,210408500,3221.0,1376,88452,44344020.0,3222.0,44,3221.0,6
rb1805,20170724,20170721,210409000,3221.0,1376,88452,44344020.0,3222.0,44,3221.0,6
rb1805,20170724,20170721,210410000,3221.0,1376,88452,44344020.0,3222.0,44,3221.0,6
rb1805,20170724,20170721,210410500,3221.0,1376,88452,44344020.0,3222.0,6,3221.0,6
rb1805,20170724,20170721,210411000,3221.0,1376,88452,44344020.0,3222.0,5,3221.0,6
rb1805,20170724,20170721,210412500,3221.0,1376,88452,44344020.0,3222.0,5,3221.0,6
rb1805,20170724,20170721,210413500,3221.0,1376,88452,44344020.0,3222.0,5,3221.0,6
rb1805,20170724,20170721,210415000,3221.0,1376,88452,44344020.0,3222.0,43,3221.0,6
rb1805,20170724,20170721,210416000,3221.0,1376,88452,44344020.0,3222.0,43,3221.0,6
rb1805,20170724,20170721,210416500,3221.0,1376,88452,44344020.0,3222.0,49,3221.0,6
rb1805,20170724,20170721,210418000,3221.0,1394,88454,44923860.0,3221.0,33,3220.0,14
rb1805,20170724,20170721,210418500,3221.0,1394,88454,44923860.0,3222.0,8,3220.0,14
rb1805,20170724,20170721,210419000,3221.0,1394,88454,44923860.0,3222.0,7,3220.0,14
rb1805,20170724,20170721,210420000,3221.0,1394,88454,44923860.0,3221.0,33,3220.0,14
rb1805,20170724,20170721,210420500,3222.0,1426,88426,45954620.0,3222.0,5,3220.0,14
rb1805,20170724,20170721,210421500,3222.0,1426,88426,45954620.0,3222.0,5,3220.0,14
rb1805,20170724,20170721,210422000,3222.0,1426,88426,45954620.0,3221.0,19,3220.0,16
rb1805,20170724,20170721,210422500,3222.0,1426,88426,45954620.0,3221.0,19,3220.0,16
rb1805,20170724,20170721,210423000,3222.0,1426,88426,45954620.0,3222.0,24,3220.0,16
rb1805,20170724,20170721,210423500,3222.0,1426,88426,45954620.0,3222.0,5,3220.0,16
rb1805,20170724,20170721,210425000,3222.0,1426,88426,45954620.0,3221.0,19,3220.0,16
rb1805,20170724,20170721,210427500,3222.0,1426,88426,45954620.0,3221.0,19,3220.0,16
rb1805,20170724,20170721,210428000,3222.0,1426,88426,45954620.0,3221.0,19,3220.0,17
rb1805,20170724,20170721,210428500,3222.0,1426,88426,45954620.0,3222.0,24,3221.0,1
rb1805,20170724,20170721,210429000,3221.0,1428,88426,46019040.0,3221.0,18,3220.0,17
rb1805,20170724,20170721,210429500,3221.0,1428,88426,46019040.0,3222.0,6,3220.0,17
rb1805,20170724,20170721,210431000,3221.0,1428,88426,46019040.0,3221.0,18,3220.0,17
rb1805,20170724,20170721,210431500,3221.0,1428,88426,46019040.0,3221.0,18,3220.0,15
rb1805,20170724,20170721,210432000,3221.0,1428,88426,46019040.0,3221.0,18,3220.0,15
rb1805,20170724,20170721,210432500,3221.0,1428,88426,46019040.0,3221.0,18,3220.0,15
rb1805,20170724,20170721,210434000,3220.0,1458,88424,46985040.0,3220.0,3,3219.0,3
rb1805,20170724,20170721,210434500,3220.0,1458,88424,46985040.0,3220.0,3,3219.0,3
rb1805,20170724,20170721,210435000,3220.0,1458,88424,46985040.0,3221.0,5,3219.0,3
rb1805,20170724,20170721,210435500,3220.0,1458,88424,46985040.0,3221.0,5,3219.0,3
rb1805,20170724,20170721,210436000,3221.0,1460,88426,47049460.0,3221.0,4,3219.0,3
rb1805,20170724,20170721,210436500,3221.0,1472,88432,47435980.0,3221.0,1,3219.0,3
rb1805,20170724,20170721,210437000,3221.0,1472,88432,47435980.0,3221.0,1,3220.0,5
rb1805,20170724,20170721,210438500,3221.0,1474,88434,47500400.0,3222.0,6,3220.0,5
rb1805,20170724,20170721,210439000,3221.0,1474,88434,47500400.0,3222.0,7,3220.0,5
rb1805,20170724,20170721,210440500,3220.0,1484,88434,47822400.0,3220.0,6,3219.0,3
rb1805,20170724,20170721,210441000,3220.0,1488,88434,47951200.0,3220.0,4,3219.0,3
rb1805,20170724,20170721,210441500,3220.0,1488,88434,47951200.0,3220.0,4,3219.0,3
rb1805,20170724,20170721,210442000,3220.0,1488,88434,47951200.0,3220.0,4,3219.0,3
rb1805,20170724,20170721,210442500,3220.0,1488,88434,47951200.0,3220.0,4,3219.0,3
rb1805,20170724,20170721,210444000,3220.0,1492,88430,48080000.0,3220.0,2,3219.0,3
rb1805,20170724,20170721,210444500,3220.0,1492,88430,48080000.0,3220.0,2,3219.0,3
rb1805,20170724,20170721,210445000,3220.0,1492,88430,48080000.0,3220.0,2,3219.0,4
rb1805,20170724,20170721,210445500,3220.0,1492,88430,48080000.0,3220.0,2,3219.0,4
rb1805,20170724,20170721,210446000,3220.0,1492,88430,48080000.0,3220.0,2,3219.0,4
rb1805,20170724,20170721,210446500,3220.0,1492,88430,48080000.0,3220.0,2,3219.0,4
rb1805,20170724,20170721,210447000,3220.0,1492,88430,48080000.0,3220.0,2,3219.0,5
rb1805,20170724,20170721,210448000,3220.0,1492,88430,48080000.0,3220.0,2,3219.0,5
rb1805,20170724,20170721,210449000,3220.0,1492,88430,48080000.0,3220.0,2,3219.0,5
rb1805,20170724,20170721,210450000,3220.0,1492,88430,48080000.0,3220.0,2,3219.0,5
rb1805,20170724,20170721,210451000,3220.0,1492,88430,48080000.0,3220.0,2,3219.0,5
rb1805,20170724,20170721,210451500,3220.0,1496,88426,48208800.0,3221.0,6,3220.0,1
rb1805,20170724,20170721,210452000,3219.0,1506,88424,48530700.0,3221.0,6,3220.0,1
rb1805,20170724,20170721,210452500,3219.0,1506,88424,48530700.0,3221.0,6,3220.0,1
rb1805,20170724,20170721,210453000,3219.0,1506,88424,48530700.0,3221.0,6,3220.0,1
rb1805,20170724,20170721,210453500,3219.0,1506,88424,48530700.0,3221.0,7,3220.0,1
rb1805,20170724,20170721,210454000,3219.0,1508,88426,48595080.0,3221.0,7,3219.0,1
rb1805,20170724,20170721,210455000,3219.0,1508,88426,48595080.0,3221.0,7,3219.0,1
rb1805,20170724,20170721,210456000,3219.0,1508,88426,48595080.0,3221.0,7,3219.0,1
rb1805,20170724,20170721,210457000,3219.0,1508,88426,48595080.0,3221.0,7,3219.0,2
rb1805,20170724,20170721,210457500,3219.0,1508,88426,48595080.0,3221.0,7,3219.0,3
rb1805,20170724,20170721,210458000,3219.0,1508,88426,48595080.0,3221.0,7,3219.0,3
rb1805,20170724,20170721,210459000,3219.0,1508,88426,48595080.0,3221.0,7,3219.0,3
rb1805,20170724,20170721,210459500,3219.0,1508,88426,48595080.0,3221.0,7,3219.0,3
rb1805,20170724,20170721,210500000,3219.0,1508,88426,48595080.0,3221.0,7,3219.0,3
rb1805,20170724,20170721,210500500,3221.0,1510,88426,48659500.0,3221.0,6,3219.0,3
rb1805,20170724,20170721,210501000,3221.0,1510,88426,48659500.0,3220.0,1,3219.0,3
rb1805,20170724,20170721,210501500,3221.0,1510,88426,48659500.0,3220.0,1,3219.0,3
rb1805,20170724,20170721,210502000,3220.0,1512,88426,48723900.0,3221.0,5,3220.0,1
rb1805,20170724,20170721,210502500,3220.0,1512,88426,48723900.0,3221.0,5,3219.0,3
rb1805,20170724,20170721,210503000,3220.0,1512,88426,48723900.0,3220.0,5,3219.0,3
rb1805,20170724,20170721,210503500,3220.0,1512,88426,48723900.0,3220.0,5,3219.0,3
rb1805,20170724,20170721,210504000,3220.0,1512,88426,48723900.0,3220.0,5,3219.0,3
rb1805,20170724,20170721,210506000,3220.0,1512,88426,48723900.0,3220.0,5,3219.0,3
rb1805,20170724,20170721,210506500,3220.0,1512,88426,48723900.0,3220.0,5,3219.0,3
rb1805,20170724,20170721,210507500,3220.0,1512,88426,48723900.0,3220.0,5,3219.0,3
rb1805,20170724,20170721,210508000,3220.0,1512,88426,48723900.0,3220.0,6,3219.0,3
rb1805,20170724,20170721,210508500,3220.0,1518,88426,48917100.0,3220.0,4,3219.0,3
rb1805,20170724,20170721,210509000,3220.0,1518,88426,48917100.0,3220.0,4,3219.0,3
rb1805,20170724,20170721,210509500,3220.0,1526,88420,49174700.0,3221.0,6,3220.0,46
rb1805,20170724,20170721,210510000,3220.0,1572,88402,50655900.0,3221.0,6,3220.0,23
rb1805,20170724,20170721,210510500,3221.0,1590,88392,51235540.0,3221.0,4,3220.0,16
rb1805,20170724,20170721,210511000,3219.0,1628,88384,52459080.0,3220.0,7,3219.0,1
rb1805,20170724,20170721,210511500,3219.0,1630,88384,52523460.0,3219.0,1,3218.0,4
rb1805,20170724,20170721,210512000,3219.0,1630,88384,52523460.0,3219.0,1,3218.0,4
rb1805,20170724,20170721,210514000,3219.0,1630,88384,52523460.0,3219.0,1,3218.0,3
rb1805,20170724,20170721,210514500,3218.0,1636,88386,52716540.0,3218.0,1,3217.0,8
rb1805,20170724,20170721,210515000,3218.0,1640,88388,52845260.0,3220.0,3,3218.0,10
rb1805,20170724,20170721,210515500,3218.0,1640,88388,52845260.0,3219.0,6,3218.0,2
rb1805,20170724,20170721,210516000,3218.0,1644,88388,52973980.0,3218.0,3,3217.0,8
rb1805,20170724,20170721,210516500,3218.0,1644,88388,52973980.0,3218.0,3,3217.0,8
rb1805,20170724,20170721,210517500,3218.0,1650,88388,53167060.0,3219.0,4,3218.0,4
rb1805,20170724,20170721,210518000,3218.0,1650,88388,53167060.0,3219.0,5,3218.0,1
rb1805,20170724,20170721,210518500,3218.0,1652,88386,53231420.0,3219.0,5,3217.0,8
rb1805,20170724,20170721,210519000,3218.0,1652,88386,53231420.0,3219.0,5,3217.0,11
rb1805,20170724,20170721,210520000,3218.0,1652,88386,53231420.0,3219.0,5,3217.0,11
rb1805,20170724,20170721,210520500,3218.0,1652,88386,53231420.0,3219.0,5,3217.0,8
rb1805,20170724,20170721,210521000,3218.0,1652,88386,53231420.0,3219.0,5,3217.0,11
rb1805,20170724,20170721,210521500,3218.0,1652,88386,53231420.0,3219.0,5,3217.0,8
rb1805,20170724,20170721,210522000,3218.0,1652,88386,53231420.0,3218.0,1,3217.0,8
rb1805,20170724,20170721,210522500,3218.0,1652,88386,53231420.0,3218.0,1,3217.0,8
rb1805,20170724,20170721,210523500,3218.0,1652,88386,53231420.0,3218.0,1,3217.0,8
rb1805,20170724,20170721,210525500,3218.0,1654,88384,53295780.0,3219.0,5,3217.0,8
rb1805,20170724,20170721,210526000,3218.0,1654,88384,53295780.0,3218.0,1,3217.0,8
rb1805,20170724,20170721,210526500,3217.0,1656,88384,53360120.0,3218.0,1,3217.0,7
rb1805,20170724,20170721,210528500,3217.0,1666,88374,53681820.0,3218.0,1,3217.0,2
rb1805,20170724,20170721,210529500,3217.0,1666,88374,53681820.0,3218.0,1,3217.0,2
rb1805,20170724,20170721,210530000,3217.0,1668,88374,53746160.0,3218.0,1,3217.0,2
rb1805,20170724,20170721,210531000,3217.0,1668,88374,53746160.0,3218.0,1,3217.0,2
rb1805,20170724,20170721,210531500,3217.0,1668,88374,53746160.0,3218.0,1,3217.0,3
rb1805,20170724,20170721,210533000,3217.0,1668,88374,53746160.0,3218.0,1,3217.0,3
rb1805,20170724,20170721,210533500,3217.0,1670,88372,53810500.0,3218.0,1,3217.0,2
rb1805,20170724,20170721,210534000,3217.0,1670,88372,53810500.0,3218.0,1,3217.0,2
rb1805,20170724,20170721,210534500,3217.0,1670,88372,53810500.0,3218.0,1,3217.0,3
rb1805,20170724,20170721,210536500,3217.0,1670,88372,53810500.0,3218.0,1,3217.0,3
rb1805,20170724,20170721,210537500,3217.0,1670,88372,53810500.0,3218.0,1,3217.0,3
rb1805,20170724,20170721,210538500,3217.0,1670,88372,53810500.0,3218.0,1,3217.0,4
rb1805,20170724,20170721,210539000,3217.0,1670,88372,53810500.0,3218.0,1,3217.0,4
rb1805,20170724,20170721,210539500,3217.0,1674,88372,53939180.0,3218.0,1,3217.0,2
rb1805,20170724,20170721,210540000,3217.0,1674,88372,53939180.0,3218.0,1,3217.0,2
rb1805,20170724,20170721,210540500,3217.0,1674,88372,53939180.0,3218.0,1,3217.0,2
rb1805,20170724,20170721,210541500,3217.0,1674,88372,53939180.0,3218.0,2,3217.0,2
rb1805,20170724,20170721,210542000,3217.0,1674,88372,53939180.0,3218.0,2,3217.0,2
rb1805,20170724,20170721,210542500,3217.0,1674,88372,53939180.0,3218.0,1,3217.0,2
rb1805,20170724,20170721,210543000,3217.0,1676,88374,54003520.0,3218.0,1,3217.0,1
rb1805,20170724,20170721,210545000,3217.0,1676,88374,54003520.0,3218.0,1,3217.0,1
rb1805,20170724,20170721,210545500,3217.0,1676,88374,54003520.0,3218.0,1,3217.0,1
rb1805,20170724,20170721,210546000,3217.0,1676,88374,54003520.0,3218.0,1,3217.0,1
rb1805,20170724,20170721,210546500,3217.0,1676,88374,54003520.0,3218.0,1,3217.0,1
rb1805,20170724,20170721,210547000,3217.0,1676,88374,54003520.0,3218.0,1,3217.0,1
rb1805,20170724,20170721,210547500,3217.0,1678,88372,54067860.0,3217.0,19,3216.0,9
rb1805,20170724,20170721,210548000,3217.0,1716,88334,55290320.0,3218.0,1,3217.0,11
rb1805,20170724,20170721,210548500,3217.0,1716,88334,55290320.0,3218.0,1,3217.0,3
rb1805,20170724,20170721,210549500,3217.0,1716,88334,55290320.0,3218.0,1,3217.0,3
rb1805,20170724,20170721,210550000,3217.0,1716,88334,55290320.0,3218.0,2,3217.0,1
rb1805,20170724,20170721,210550500,3217.0,1716,88334,55290320.0,3218.0,2,3217.0,1
rb1805,20170724,20170721,210551000,3217.0,1716,88334,55290320.0,3218.0,2,3217.0,1
rb1805,20170724,20170721,210552000,3217.0,1716,88334,55290320.0,3218.0,2,3217.0,1
rb1805,20170724,20170721,210552500,3217.0,1716,88334,55290320.0,3218.0,2,3217.0,1
rb1805,20170724,20170721,210553000,3217.0,1716,88334,55290320.0,3218.0,2,3217.0,1
rb1805,20170724,20170721,210553500,3217.0,1716,88334,55290320.0,3218.0,2,3217.0,1
rb1805,20170724,20170721,210554000,3217.0,1716,88334,55290320.0,3218.0,2,3217.0,1
rb1805,20170724,20170721,210554500,3217.0,1716,88334,55290320.0,3218.0,2,3217.0,1
rb1805,20170724,20170721,210555500,3217.0,1718,88334,55354660.0,3217.0,4,3216.0,9
rb1805,20170724,20170721,210556000,3217.0,1724,88334,55547680.0,3217.0,1,3216.0,12
rb1805,20170724,20170721,210556500,3217.0,1724,88334,55547680.0,3217.0,21,3216.0,12
rb1805,20170724,20170721,210557000,3217.0,1724,88334,55547680.0,3217.0,21,3216.0,12
rb1805,20170724,20170721,210558000,3217.0,1726,88332,55612020.0,3217.0,20,3216.0,12
rb1805,20170724,20170721,210558500,3217.0,1726,88332,55612020.0,3217.0,20,3216.0,13
rb1805,20170724,20170721,210559000,3217.0,1726,88332,55612020.0,3217.0,20,3216.0,13
rb1805,20170724,20170721,210559500,3217.0,1728,88332,55676360.0,3217.0,19,3216.0,13
rb1805,20170724,20170721,210601000,3217.0,1728,88332,55676360.0,3217.0,19,3216.0,13
rb1805,20170724,20170721,210602500,3217.0,1732,88332,55805040.0,3217.0,17,3216.0,13
rb1805,20170724,20170721,210603000,3217.0,1742,88332,56126740.0,3217.0,12,3216.0,10
rb1805,20170724,20170721,210603500,3217.0,1742,88332,56126740.0,3217.0,12,3216.0,10
rb1805,20170724,20170721,210604000,3217.0,1742,88332,56126740.0,3217.0,12,3216.0,10
rb1805,20170724,20170721,210604500,3217.0,1742,88332,56126740.0,3217.0,12,3216.0,10
rb1805,20170724,20170721,210605000,3217.0,1742,88332,56126740.0,3217.0,12,3216.0,12
rb1805,20170724,20170721,210605500,3217.0,1742,88332,56126740.0,3217.0,12,3216.0,12
rb1805,20170724,20170721,210606000,3216.0,1744,88332,56191060.0,3217.0,12,3216.0,11
rb1805,20170724,20170721,210606500,3216.0,1768,88352,56962900.0,3216.0,6,3215.0,4
rb1805,20170724,20170721,210607000,3216.0,1768,88352,56962900.0,3216.0,12,3215.0,4
rb1805,20170724,20170721,210607500,3215.0,1776,88358,57220100.0,3216.0,12,3213.0,1
rb1805,20170724,20170721,210608000,3213.0,1780,88356,57348620.0,3215.0,2,3213.0,2
rb1805,20170724,20170721,210608500,3213.0,1780,88356,57348620.0,3215.0,14,3214.0,3
rb1805,20170724,20170721,210609000,3213.0,1780,88356,57348620.0,3215.0,14,3213.0,2
rb1805,20170724,20170721,210609500,3213.0,1780,88356,57348620.0,3215.0,14,3213.0,2
rb1805,20170724,20170721,210610000,3213.0,1780,88356,57348620.0,3215.0,14,3213.0,2
rb1805,20170724,20170721,210611000,3213.0,1780,88356,57348620.0,3215.0,14,3212.0,12
rb1805,20170724,20170721,210611500,3213.0,1780,88356,57348620.0,3215.0,14,3214.0,1
rb1805,20170724,20170721,210612000,3213.0,1780,88356,57348620.0,3215.0,14,3214.0,2
rb1805,20170724,20170721,210612500,3213.0,1780,88356,57348620.0,3215.0,14,3214.0,2
rb1805,20170724,20170721,210613000,3213.0,1780,88356,57348620.0,3215.0,14,3214.0,2
rb1805,20170724,20170721,210614000,3215.0,1782,88354,57412920.0,3215.0,13,3214.0,2
rb1805,20170724,20170721,210614500,3215.0,1794,88354,57798720.0,3215.0,7,3214.0,2
rb1805,20170724,20170721,210615000,3215.0,1794,88354,57798720.0,3215.0,7,3214.0,2
rb1805,20170724,20170721,210615500,3214.0,1800,88358,57991560.0,3215.0,7,3213.0,2
rb1805,20170724,20170721,210616000,3215.0,1814,88344,58441660.0,3216.0,3,3215.0,1
rb1805,20170724,20170721,210616500,3215.0,1814,88344,58441660.0,3216.0,6,3215.0,1
rb1805,20170724,20170721,210617000,3214.0,1820,88344,58634520.0,3215.0,11,3214.0,1
rb1805,20170724,20170721,210617500,3214.0,1820,88344,58634520.0,3216.0,8,3215.0,2
rb1805,20170724,20170721,210618000,3214.0,1820,88344,58634520.0,3216.0,9,3215.0,2
rb1805,20170724,20170721,210618500,3214.0,1820,88344,58634520.0,3216.0,6,3215.0,2
rb1805,20170724,20170721,210619000,3214.0,1820,88344,58634520.0,3216.0,9,3215.0,2
rb1805,20170724,20170721,210619500,3214.0,1820,88344,58634520.0,3216.0,8,3215.0,2
rb1805,20170724,20170721,210620500,3214.0,1820,88344,58634520.0,3216.0,9,3215.0,2
rb1805,20170724,20170721,210621000,3214.0,1820,88344,58634520.0,3216.0,6,3215.0,2
rb1805,20170724,20170721,210621500,3215.0,1826,88348,58827420.0,3215.0,2,3213.0,2
rb1805,20170724,20170721,210622000,3216.0,1828,88346,58891740.0,3216.0,3,3213.0,2
rb1805,20170724,20170721,210622500,3216.0,1828,88346,58891740.0,3216.0,5,3213.0,2
rb1805,20170724,20170721,210623000,3216.0,1828,88346,58891740.0,3216.0,4,3213.0,4
rb1805,20170724,20170721,210623500,3216.0,1828,88346,58891740.0,3216.0,8,3213.0,4
rb1805,20170724,20170721,210624000,3216.0,1828,88346,58891740.0,3216.0,6,3213.0,5
rb1805,20170724,20170721,210624500,3216.0,1828,88346,58891740.0,3215.0,2,3213.0,4
rb1805,20170724,20170721,210625000,3213.0,1832,88350,59020260.0,3215.0,10,3213.0,2
rb1805,20170724,20170721,210625500,3213.0,1836,88350,59148780.0,3213.0,3,3212.0,13
rb1805,20170724,20170721,210626000,3213.0,1838,88348,59213040.0,3213.0,9,3212.0,13
rb1805,20170724,20170721,210626500,3213.0,1840,88348,59277300.0,3213.0,9,3212.0,13
rb1805,20170724,20170721,210627000,3212.0,1846,88354,59470020.0,3213.0,10,3212.0,10
rb1805,20170724,20170721,210627500,3212.0,1866,88374,60112420.0,3212.0,3,3211.0,2
rb1805,20170724,20170721,210628000,3211.0,1870,88374,60240860.0,3211.0,2,3210.0,15
rb1805,20170724,20170721,210628500,3211.0,1888,88368,60818780.0,3212.0,1,3210.0,12
rb1805,20170724,20170721,210629000,3212.0,1892,88366,60947260.0,3212.0,2,3210.0,13
rb1805,20170724,20170721,210629500,3212.0,1892,88366,60947260.0,3213.0,6,3210.0,13
rb1805,20170724,20170721,210630000,3212.0,1896,88362,61075740.0,3213.0,7,3210.0,12
rb1805,20170724,20170721,210630500,3212.0,1896,88362,61075740.0,3213.0,7,3210.0,12
rb1805,20170724,20170721,210631000,3212.0,1896,88362,61075740.0,3213.0,7,3211.0,2
rb1805,20170724,20170721,210631500,3212.0,1896,88362,61075740.0,3213.0,4,3211.0,3
rb1805,20170724,20170721,210632000,3210.0,1906,88370,61396800.0,3211.0,10,3210.0,14
rb1805,20170724,20170721,210632500,3211.0,1908,88368,61461020.0,3213.0,5,3211.0,1
rb1805,20170724,20170721,210633000,3211.0,1908,88368,61461020.0,3212.0,2,3210.0,10
rb1805,20170724,20170721,210633500,3212.0,1910,88366,61525260.0,3212.0,1,3210.0,10
rb1805,20170724,20170721,210634000,3212.0,1910,88366,61525260.0,3212.0,6,3210.0,14
rb1805,20170724,20170721,210634500,3212.0,1910,88366,61525260.0,3213.0,4,3211.0,1
rb1805,20170724,20170721,210635000,3212.0,1910,88366,61525260.0,3212.0,1,3211.0,1
rb1805,20170724,20170721,210635500,3212.0,1910,88366,61525260.0,3213.0,4,3211.0,1
rb1805,20170724,20170721,210636500,3211.0,1912,88366,61589480.0,3211.0,5,3210.0,11
rb1805,20170724,20170721,210637000,3211.0,1912,88366,61589480.0,3211.0,5,3210.0,11
rb1805,20170724,20170721,210637500,3211.0,1912,88366,61589480.0,3213.0,11,3212.0,11
rb1805,20170724,20170721,210638000,3212.0,1934,88368,62296120.0,3213.0,14,3210.0,10
rb1805,20170724,20170721,210638500,3212.0,1934,88368,62296120.0,3212.0,7,3210.0,10
rb1805,20170724,20170721,210639000,3212.0,1934,88368,62296120.0,3212.0,3,3210.0,15
rb1805,20170724,20170721,210640000,3212.0,1934,88368,62296120.0,3212.0,3,3210.0,15
rb1805,20170724,20170721,210641000,3212.0,1934,88368,62296120.0,3212.0,4,3210.0,15
rb1805,20170724,20170721,210641500,3212.0,1934,88368,62296120.0,3212.0,7,3210.0,15
rb1805,20170724,20170721,210642000,3212.0,1934,88368,62296120.0,3212.0,7,3210.0,15
rb1805,20170724,20170721,210642500,3212.0,1934,88368,62296120.0,3212.0,7,3211.0,3
rb1805,20170724,20170721,210643000,3212.0,1934,88368,62296120.0,3212.0,7,3211.0,3
rb1805,20170724,20170721,210644000,3212.0,1934,88368,62296120.0,3212.0,4,3211.0,3
rb1805,20170724,20170721,210644500,3212.0,1934,88368,62296120.0,3212.0,4,3211.0,3
rb1805,20170724,20170721,210645500,3212.0,1934,88368,62296120.0,3212.0,4,3211.0,3
rb1805,20170724,20170721,210646500,3212.0,1938,88368,62424600.0,3212.0,2,3211.0,3
rb1805,20170724,20170721,210647500,3212.0,1938,88368,62424600.0,3212.0,2,3211.0,3
rb1805,20170724,20170721,210648000,3211.0,1944,88362,62617260.0,3212.0,7,3210.0,16
rb1805,20170724,20170721,210648500,3212.0,1950,88356,62809940.0,3212.0,6,3210.0,16
rb1805,20170724,20170721,210649000,3210.0,1952,88356,62874140.0,3211.0,1,3210.0,15
rb1805,20170724,20170721,210649500,3210.0,1952,88356,62874140.0,3212.0,6,3211.0,2
rb1805,20170724,20170721,210650000,3210.0,1952,88356,62874140.0,3212.0,6,3210.0,16
rb1805,20170724,20170721,210650500,3210.0,1952,88356,62874140.0,3211.0,5,3210.0,16
rb1805,20170724,20170721,210651000,3210.0,1954,88354,62938340.0,3211.0,1,3210.0,10
rb1805,20170724,20170721,210651500,3210.0,1954,88354,62938340.0,3211.0,1,3210.0,10
rb1805,20170724,20170721,210652000,3210.0,1954,88354,62938340.0,3211.0,1,3210.0,10
rb1805,20170724,20170721,210653000,3211.0,1956,88352,63002560.0,3212.0,6,3210.0,10
rb1805,20170724,20170721,210653500,3211.0,1956,88352,63002560.0,3212.0,6,3210.0,9
rb1805,20170724,20170721,210654500,3210.0,1974,88340,63580360.0,3211.0,5,3209.0,1
rb1805,20170724,20170721,210655000,3210.0,1974,88340,63580360.0,3212.0,1,3209.0,4
rb1805,20170724,20170721,210655500,3210.0,1974,88340,63580360.0,3212.0,11,3210.0,1
rb1805,20170724,20170721,210656000,3210.0,1974,88340,63580360.0,3211.0,10,3210.0,1
rb1805,20170724,20170721,210656500,3210.0,1976,88340,63644560.0,3210.0,5,3209.0,9
rb1805,20170724,20170721,210657000,3210.0,1982,88340,63837160.0,3211.0,6,3209.0,4
rb1805,20170724,20170721,210657500,3210.0,1982,88340,63837160.0,3211.0,6,3210.0,3
rb1805,20170724,20170721,210658000,3210.0,1982,88340,63837160.0,3211.0,6,3210.0,8
rb1805,20170724,20170721,210658500,3210.0,1986,88338,63965560.0,3211.0,6,3210.0,6
rb1805,20170724,20170721,210659000,3210.0,1986,88338,63965560.0,3211.0,6,3210.0,7
rb1805,20170724,20170721,210659500,3210.0,1986,88338,63965560.0,3211.0,11,3210.0,6
rb1805,20170724,20170721,210700000,3210.0,1998,88336,64350760.0,3211.0,11,3210.0,4
rb1805,20170724,20170721,210700500,3210.0,1998,88336,64350760.0,3211.0,11,3210.0,7
rb1805,20170724,20170721,210701000,3210.0,1998,88336,64350760.0,3211.0,11,3210.0,7
rb1805,20170724,20170721,210701500,3210.0,1998,88336,64350760.0,3211.0,11,3210.0,4
rb1805,20170724,20170721,210702500,3210.0,2004,88332,64543360.0,3211.0,14,3210.0,1
rb1805,20170724,20170721,210703000,3210.0,2006,88330,64607560.0,3210.0,10,3209.0,10
rb1805,20170724,20170721,210703500,3210.0,2006,88330,64607560.0,3210.0,14,3209.0,4
rb1805,20170724,20170721,210704000,3210.0,2006,88330,64607560.0,3210.0,14,3209.0,4
rb1805,20170724,20170721,210704500,3210.0,2006,88330,64607560.0,3210.0,14,3209.0,4
rb1805,20170724,20170721,210705000,3210.0,2006,88330,64607560.0,3210.0,14,3209.0,4
rb1805,20170724,20170721,210706500,3210.0,2008,88330,64671760.0,3210.0,13,3209.0,4
rb1805,20170724,20170721,210707000,3210.0,2008,88330,64671760.0,3210.0,10,3209.0,1
rb1805,20170724,20170721,210707500,3209.0,2014,88330,64864300.0,3210.0,10,3209.0,1
rb1805,20170724,20170721,210708000,3209.0,2014,88330,64864300.0,3210.0,10,3209.0,2
rb1805,20170724,20170721,210708500,3209.0,2014,88330,64864300.0,3210.0,10,3209.0,2
rb1805,20170724,20170721,210709000,3209.0,2014,88330,64864300.0,3210.0,10,3209.0,7
rb1805,20170724,20170721,210709500,3209.0,2014,88330,64864300.0,3210.0,10,3209.0,2
rb1805,20170724,20170721,210710000,3209.0,2014,88330,64864300.0,3210.0,18,3209.0,2
rb1805,20170724,20170721,210710500,3209.0,2014,88330,64864300.0,3210.0,15,3209.0,2
rb1805,20170724,20170721,210711000,3209.0,2014,88330,64864300.0,3210.0,17,3209.0,2
rb1805,20170724,20170721,210711500,3209.0,2014,88330,64864300.0,3210.0,17,3209.0,2
rb1805,20170724,20170721,210712000,3209.0,2014,88330,64864300.0,3210.0,17,3209.0,2
rb1805,20170724,20170721,210712500,3209.0,2018,88332,64992660.0,3209.0,8,3208.0,7
rb1805,20170724,20170721,210713000,3208.0,2022,88330,65120980.0,3209.0,7,3208.0,5
rb1805,20170724,20170721,210713500,3208.0,2032,88340,65441780.0,3208.0,3,3207.0,2
rb1805,20170724,20170721,210714000,3209.0,2042,88350,65762620.0,3209.0,10,3207.0,2
rb1805,20170724,20170721,210714500,3207.0,2044,88350,65826760.0,3208.0,8,3207.0,4
rb1805,20170724,20170721,210715000,3208.0,2056,88360,66211700.0,3208.0,3,3207.0,4
rb1805,20170724,20170721,210715500,3208.0,2070,88360,66660740.0,3209.0,5,3208.0,3
rb1805,20170724,20170721,210716000,3208.0,2070,88360,66660740.0,3209.0,5,3208.0,3
rb1805,20170724,20170721,210716500,3208.0,2070,88360,66660740.0,3210.0,17,3208.0,3
rb1805,20170724,20170721,210717000,3208.0,2072,88360,66724900.0,3210.0,15,3208.0,3
rb1805,20170724,20170721,210717500,3208.0,2072,88360,66724900.0,3210.0,15,3208.0,9
rb1805,20170724,20170721,210718000,3208.0,2072,88360,66724900.0,3210.0,9,3209.0,2
rb1805,20170724,20170721,210718500,3210.0,2078,88354,66917500.0,3210.0,6,3209.0,8
rb1805,20170724,20170721,210719000,3210.0,2080,88354,66981700.0,3210.0,5,3209.0,8
rb1805,20170724,20170721,210719500,3210.0,2090,88346,67302700.0,3211.0,5,3210.0,5
rb1805,20170724,20170721,210720000,3210.0,2090,88346,67302700.0,3211.0,5,3209.0,8
rb1805,20170724,20170721,210721000,3209.0,2096,88346,67495240.0,3209.0,12,3208.0,10
rb1805,20170724,20170721,210721500,3209.0,2102,88346,67687780.0,3209.0,9,3208.0,5
rb1805,20170724,20170721,210722000,3209.0,2102,88346,67687780.0,3209.0,9,3208.0,5
rb1805,20170724,20170721,210722500,3209.0,2104,88346,67751960.0,3209.0,8,3208.0,5
rb1805,20170724,20170721,210724000,3209.0,2104,88346,67751960.0,3209.0,8,3208.0,5
rb1805,20170724,20170721,210724500,3209.0,2104,88346,67751960.0,3209.0,8,3208.0,5
rb1805,20170724,20170721,210725000,3209.0,2120,88340,68265400.0,3211.0,7,3209.0,7
rb1805,20170724,20170721,210725500,3209.0,2120,88340,68265400.0,3211.0,7,3209.0,2
rb1805,20170724,20170721,210726000,3209.0,2120,88340,68265400.0,3211.0,8,3209.0,2
rb1805,20170724,20170721,210726500,3209.0,2120,88340,68265400.0,3211.0,8,3209.0,2
rb1805,20170724,20170721,210727000,3209.0,2122,88340,68329580.0,3210.0,5,3209.0,1
rb1805,20170724,20170721,210727500,3209.0,2124,88340,68393760.0,3210.0,5,3208.0,7
rb1805,20170724,20170721,210728000,3209.0,2124,88340,68393760.0,3209.0,1,3208.0,11
rb1805,20170724,20170721,210728500,3209.0,2126,88340,68457940.0,3210.0,5,3209.0,1
rb1805,20170724,20170721,210729000,3209.0,2126,88340,68457940.0,3210.0,5,3208.0,11
rb1805,20170724,20170721,210729500,3209.0,2126,88340,68457940.0,3210.0,5,3209.0,1
rb1805,20170724,20170721,210730500,3209.0,2126,88340,68457940.0,3210.0,5,3209.0,1
rb1805,20170724,20170721,210731000,3209.0,2126,88340,68457940.0,3210.0,5,3209.0,2
rb1805,20170724,20170721,210731500,3209.0,2126,88340,68457940.0,3210.0,5,3209.0,2
rb1805,20170724,20170721,210733000,3210.0,2136,88340,68778940.0,3211.0,5,3210.0,45
rb1805,20170724,20170721,210733500,3210.0,2136,88340,68778940.0,3211.0,5,3210.0,45
rb1805,20170724,20170721,210734000,3210.0,2136,88340,68778940.0,3211.0,6,3210.0,45
rb1805,20170724,20170721,210734500,3210.0,2140,88342,68907340.0,3211.0,6,3210.0,43
rb1805,20170724,20170721,210735000,3210.0,2144,88346,69035740.0,3211.0,6,3210.0,41
rb1805,20170724,20170721,210735500,3210.0,2144,88346,69035740.0,3211.0,6,3210.0,41
rb1805,20170724,20170721,210736000,3210.0,2156,88354,69420940.0,3211.0,7,3210.0,35
rb1805,20170724,20170721,210736500,3210.0,2156,88354,69420940.0,3211.0,7,3210.0,35
rb1805,20170724,20170721,210737000,3210.0,2162,88354,69613540.0,3211.0,6,3210.0,33
rb1805,20170724,20170721,210737500,3210.0,2162,88354,69613540.0,3211.0,6,3210.0,33
rb1805,20170724,20170721,210738000,3210.0,2162,88354,69613540.0,3211.0,6,3210.0,32
rb1805,20170724,20170721,210739500,3210.0,2166,88354,69741940.0,3211.0,6,3210.0,30
rb1805,20170724,20170721,210741000,3210.0,2166,88354,69741940.0,3211.0,6,3210.0,30
rb1805,20170724,20170721,210741500,3211.0,2168,88354,69806160.0,3211.0,5,3210.0,30
rb1805,20170724,20170721,210742500,3211.0,2168,88354,69806160.0,3211.0,5,3210.0,30
rb1805,20170724,20170721,210743000,3211.0,2168,88354,69806160.0,3211.0,5,3210.0,30
rb1805,20170724,20170721,210743500,3211.0,2168,88354,69806160.0,3211.0,5,3210.0,30
rb1805,20170724,20170721,210746000,3211.0,2168,88354,69806160.0,3211.0,5,3210.0,30
rb1805,20170724,20170721,210747000,3211.0,2168,88354,69806160.0,3211.0,5,3210.0,30
rb1805,20170724,20170721,210748500,3211.0,2170,88354,69870380.0,3211.0,4,3210.0,30
rb1805,20170724,20170721,210749000,3211.0,2170,88354,69870380.0,3211.0,4,3210.0,31
rb1805,20170724,20170721,210749500,3211.0,2178,88346,70127260.0,3212.0,33,3211.0,1
rb1805,20170724,20170721,210750000,3211.0,2178,88346,70127260.0,3211.0,1,3210.0,31
rb1805,20170724,20170721,210750500,3211.0,2180,88348,70191480.0,3212.0,33,3211.0,2
rb1805,20170724,20170721,210751000,3211.0,2180,88348,70191480.0,3212.0,33,3210.0,32
rb1805,20170724,20170721,210751500,3211.0,2180,88348,70191480.0,3212.0,33,3211.0,1
rb1805,20170724,20170721,210752500,3211.0,2182,88348,70255700.0,3211.0,5,3210.0,32
rb1805,20170724,20170721,210753000,3211.0,2184,88346,70319920.0,3212.0,35,3210.0,32
rb1805,20170724,20170721,210755500,3211.0,2184,88346,70319920.0,3212.0,35,3210.0,32
rb1805,20170724,20170721,210756500,3211.0,2184,88346,70319920.0,3212.0,35,3210.0,31
rb1805,20170724,20170721,210757000,3211.0,2184,88346,70319920.0,3212.0,35,3210.0,34
rb1805,20170724,20170721,210757500,3211.0,2184,88346,70319920.0,3212.0,35,3210.0,35
rb1805,20170724,20170721,210758000,3211.0,2184,88346,70319920.0,3212.0,35,3210.0,36
rb1805,20170724,20170721,210759500,3211.0,2184,88346,70319920.0,3212.0,34,3210.0,36
rb1805,20170724,20170721,210800000,3211.0,2184,88346,70319920.0,3212.0,34,3210.0,36
rb1805,20170724,20170721,210803000,3211.0,2184,88346,70319920.0,3212.0,34,3211.0,1
rb1805,20170724,20170721,210803500,3211.0,2186,88348,70384140.0,3212.0,34,3210.0,41
rb1805,20170724,20170721,210804500,3211.0,2186,88348,70384140.0,3212.0,34,3210.0,41
rb1805,20170724,20170721,210805500,3211.0,2186,88348,70384140.0,3212.0,34,3211.0,2
rb1805,20170724,20170721,210806000,3211.0,2188,88346,70448360.0,3212.0,34,3211.0,1
rb1805,20170724,20170721,210806500,3211.0,2190,88344,70512580.0,3211.0,3,3210.0,42
rb1805,20170724,20170721,210807000,3211.0,2190,88344,70512580.0,3212.0,35,3210.0,43
rb1805,20170724,20170721,210807500,3211.0,2190,88344,70512580.0,3212.0,35,3211.0,1
rb1805,20170724,20170721,210808000,3211.0,2192,88344,70576800.0,3211.0,2,3210.0,38
rb1805,20170724,20170721,210808500,3211.0,2196,88340,70705240.0,3212.0,35,3210.0,38
rb1805,20170724,20170721,210809000,3211.0,2196,88340,70705240.0,3212.0,34,3210.0,38
rb1805,20170724,20170721,210810500,3211.0,2196,88340,70705240.0,3212.0,34,3211.0,1
rb1805,20170724,20170721,210811000,3211.0,2196,88340,70705240.0,3212.0,34,3211.0,1
rb1805,20170724,20170721,210811500,3211.0,2198,88338,70769460.0,3211.0,4,3210.0,38
rb1805,20170724,20170721,210812000,3211.0,2206,88338,71026340.0,3212.0,4,3211.0,5
rb1805,20170724,20170721,210812500,3211.0,2206,88338,71026340.0,3212.0,4,3210.0,41
rb1805,20170724,20170721,210813000,3211.0,2206,88338,71026340.0,3212.0,4,3210.0,41
rb1805,20170724,20170721,210813500,3211.0,2206,88338,71026340.0,3211.0,1,3210.0,41
rb1805,20170724,20170721,210814000,3211.0,2206,88338,71026340.0,3211.0,1,3210.0,40
rb1805,20170724,20170721,210814500,3211.0,2206,88338,71026340.0,3211.0,1,3210.0,45
rb1805,20170724,20170721,210815000,3211.0,2206,88338,71026340.0,3211.0,1,3210.0,45
rb1805,20170724,20170721,210815500,3211.0,2206,88338,71026340.0,3211.0,1,3210.0,46
rb1805,20170724,20170721,210816000,3211.0,2208,88338,71090560.0,3212.0,3,3210.0,46
rb1805,20170724,20170721,210819000,3211.0,2208,88338,71090560.0,3212.0,3,3210.0,45
rb1805,20170724,20170721,210820500,3211.0,2208,88338,71090560.0,3212.0,4,3210.0,45
rb1805,20170724,20170721,210821000,3211.0,2208,88338,71090560.0,3211.0,4,3210.0,42
rb1805,20170724,20170721,210822000,3211.0,2208,88338,71090560.0,3211.0,4,3210.0,42
rb1805,20170724,20170721,210822500,3211.0,2208,88338,71090560.0,3211.0,4,3210.0,42
rb1805,20170724,20170721,210823000,3211.0,2208,88338,71090560.0,3211.0,4,3210.0,42
rb1805,20170724,20170721,210824000,3211.0,2216,88330,71347440.0,3212.0,3,3211.0,6
rb1805,20170724,20170721,210824500,3211.0,2218,88330,71411660.0,3212.0,3,3211.0,5
rb1805,20170724,20170721,210825000,3211.0,2218,88330,71411660.0,3212.0,3,3211.0,6
rb1805,20170724,20170721,210825500,3211.0,2218,88330,71411660.0,3212.0,4,3211.0,6
rb1805,20170724,20170721,210826000,3211.0,2218,88330,71411660.0,3212.0,4,3211.0,6
rb1805,20170724,20170721,210826500,3211.0,2218,88330,71411660.0,3212.0,4,3211.0,5
rb1805,20170724,20170721,210827000,3211.0,2228,88320,71732760.0,3212.0,4,3210.0,43
rb1805,20170724,20170721,210828000,3211.0,2228,88320,71732760.0,3212.0,4,3210.0,43
rb1805,20170724,20170721,210828500,3211.0,2228,88320,71732760.0,3212.0,4,3211.0,1
rb1805,20170724,20170721,210829500,3211.0,2230,88320,71796980.0,3211.0,15,3210.0,43
rb1805,20170724,20170721,210830000,3211.0,2230,88320,71796980.0,3211.0,6,3210.0,43
rb1805,20170724,20170721,210830500,3211.0,2230,88320,71796980.0,3211.0,5,3210.0,43
rb1805,20170724,20170721,210831000,3211.0,2232,88322,71861200.0,3211.0,5,3210.0,44
rb1805,20170724,20170721,210834000,3211.0,2232,88322,71861200.0,3211.0,5,3210.0,43
rb1805,20170724,20170721,210834500,3211.0,2236,88326,71989640.0,3211.0,3,3210.0,43
rb1805,20170724,20170721,210835000,3211.0,2240,88330,72118080.0,3211.0,1,3210.0,43
rb1805,20170724,20170721,210835500,3211.0,2240,88330,72118080.0,3211.0,1,3210.0,43
rb1805,20170724,20170721,210836000,3211.0,2240,88330,72118080.0,3212.0,7,3211.0,36
rb1805,20170724,20170721,210836500,3211.0,2306,88368,74237340.0,3212.0,10,3211.0,3
rb1805,20170724,20170721,210837000,3211.0,2310,88368,74365780.0,3212.0,10,3211.0,1
rb1805,20170724,20170721,210837500,3211.0,2318,88366,74622660.0,3211.0,5,3210.0,43
rb1805,20170724,20170721,210838000,3211.0,2318,88366,74622660.0,3211.0,6,3210.0,43
rb1805,20170724,20170721,210838500,3210.0,2332,88376,75072060.0,3211.0,3,3210.0,36
rb1805,20170724,20170721,210839000,3210.0,2332,88376,75072060.0,3211.0,3,3210.0,36
rb1805,20170724,20170721,210839500,3211.0,2334,88376,75136280.0,3211.0,2,3210.0,36
rb1805,20170724,20170721,210840000,3211.0,2334,88376,75136280.0,3211.0,3,3210.0,36
rb1805,20170724,20170721,210840500,3211.0,2334,88376,75136280.0,3211.0,1,3210.0,37
rb1805,20170724,20170721,210841500,3210.0,2354,88376,75778280.0,3211.0,2,3210.0,27
rb1805,20170724,20170721,210842000,3210.0,2354,88376,75778280.0,3211.0,4,3210.0,32
rb1805,20170724,20170721,210842500,3210.0,2354,88376,75778280.0,3211.0,3,3210.0,32
rb1805,20170724,20170721,210844500,3210.0,2354,88376,75778280.0,3211.0,4,3210.0,32
rb1805,20170724,20170721,210846000,3211.0,2362,88370,76035160.0,3212.0,37,3210.0,32
rb1805,20170724,20170721,210846500,3211.0,2362,88370,76035160.0,3212.0,37,3210.0,32
rb1805,20170724,20170721,210847000,3211.0,2362,88370,76035160.0,3211.0,1,3210.0,31
rb1805,20170724,20170721,210847500,3211.0,2362,88370,76035160.0,3211.0,1,3210.0,27
rb1805,20170724,20170721,210848000,3211.0,2362,88370,76035160.0,3211.0,1,3210.0,27
rb1805,20170724,20170721,210851000,3211.0,2362,88370,76035160.0,3211.0,6,3210.0,27
rb1805,20170724,20170721,210851500,3211.0,2362,88370,76035160.0,3211.0,6,3210.0,28
rb1805,20170724,20170721,210852000,3211.0,2362,88370,76035160.0,3211.0,6,3210.0,28
rb1805,20170724,20170721,210852500,3210.0,2372,88380,76356160.0,3211.0,6,3210.0,23
rb1805,20170724,20170721,210853000,3210.0,2414,88394,77704360.0,3211.0,2,3210.0,2
rb1805,20170724,20170721,210853500,3209.0,2420,88396,77896940.0,3211.0,1,3208.0,12
rb1805,20170724,20170721,210854000,3209.0,2420,88396,77896940.0,3211.0,6,3209.0,3
rb1805,20170724,20170721,210854500,3209.0,2420,88396,77896940.0,3211.0,6,3209.0,3
rb1805,20170724,20170721,210855000,3209.0,2420,88396,77896940.0,3211.0,6,3208.0,17
rb1805,20170724,20170721,210855500,3209.0,2420,88396,77896940.0,3211.0,6,3208.0,20
rb1805,20170724,20170721,210856000,3209.0,2420,88396,77896940.0,3211.0,6,3209.0,3
rb1805,20170724,20170721,210857000,3209.0,2420,88396,77896940.0,3210.0,1,3209.0,3
rb1805,20170724,20170721,210857500,3210.0,2422,88394,77961140.0,3211.0,2,3209.0,3
rb1805,20170724,20170721,210858000,3210.0,2422,88394,77961140.0,3211.0,11,3209.0,4
rb1805,20170724,20170721,210901000,3210.0,2422,88394,77961140.0,3211.0,11,3209.0,1
rb1805,20170724,20170721,210903500,3210.0,2422,88394,77961140.0,3211.0,11,3209.0,1
rb1805,20170724,20170721,210904000,3210.0,2422,88394,77961140.0,3210.0,3,3209.0,1
rb1805,20170724,20170721,210904500,3209.0,2426,88394,78089500.0,3209.0,3,3208.0,21
rb1805,20170724,20170721,210905000,3209.0,2432,88388,78282040.0,3210.0,1,3209.0,24
rb1805,20170724,20170721,210905500,3209.0,2440,88388,78538760.0,3210.0,1,3209.0,11
rb1805,20170724,20170721,210906000,3209.0,2444,88388,78667120.0,3211.0,8,3209.0,9
rb1805,20170724,20170721,210906500,3209.0,2444,88388,78667120.0,3210.0,2,3209.0,9
rb1805,20170724,20170721,210907000,3209.0,2444,88388,78667120.0,3210.0,2,3209.0,9
rb1805,20170724,20170721,210908000,3209.0,2452,88396,78923840.0,3210.0,2,3209.0,5
rb1805,20170724,20170721,210908500,3209.0,2454,88398,78988020.0,3210.0,2,3209.0,4
rb1805,20170724,20170721,210909000,3209.0,2454,88398,78988020.0,3210.0,2,3209.0,4
rb1805,20170724,20170721,210909500,3209.0,2458,88402,79116380.0,3210.0,2,3209.0,2
rb1805,20170724,20170721,210910000,3209.0,2460,88402,79180560.0,3211.0,8,3209.0,1
rb1805,20170724,20170721,210910500,3209.0,2460,88402,79180560.0,3210.0,3,3209.0,1
rb1805,20170724,20170721,210911000,3209.0,2476,88414,79693880.0,3209.0,2,3208.0,12
rb1805,20170724,20170721,210911500,3208.0,2480,88412,79822200.0,3209.0,5,3208.0,5
rb1805,20170724,20170721,210912000,3208.0,2490,88418,80143000.0,3208.0,4,3207.0,1
rb1805,20170724,20170721,210912500,3208.0,2494,88422,80271300.0,3208.0,2,3206.0,16
rb1805,20170724,20170721,210913000,3208.0,2494,88422,80271300.0,3208.0,2,3206.0,19
rb1805,20170724,20170721,210913500,3208.0,2494,88422,80271300.0,3208.0,2,3206.0,19
rb1805,20170724,20170721,210914500,3206.0,2498,88418,80399540.0,3208.0,2,3206.0,22
rb1805,20170724,20170721,210915000,3206.0,2504,88412,80591900.0,3207.0,1,3206.0,19
rb1805,20170724,20170721,210915500,3207.0,2506,88410,80656040.0,3208.0,2,3207.0,2
rb1805,20170724,20170721,210916000,3207.0,2508,88410,80720180.0,3208.0,1,3206.0,14
rb1805,20170724,20170721,210916500,3207.0,2508,88410,80720180.0,3208.0,1,3206.0,16
rb1805,20170724,20170721,210917000,3207.0,2508,88410,80720180.0,3208.0,1,3206.0,17
rb1805,20170724,20170721,210917500,3207.0,2508,88410,80720180.0,3208.0,1,3207.0,9
rb1805,20170724,20170721,210918000,3207.0,2508,88410,80720180.0,3208.0,1,3207.0,9
rb1805,20170724,20170721,210921000,3207.0,2508,88410,80720180.0,3208.0,1,3207.0,10
rb1805,20170724,20170721,210921500,3208.0,2510,88408,80784340.0,3209.0,1,3208.0,2
rb1805,20170724,20170721,210922000,3207.0,2534,88412,81554060.0,3209.0,1,3206.0,16
rb1805,20170724,20170721,210922500,3207.0,2534,88412,81554060.0,3209.0,1,3206.0,21
rb1805,20170724,20170721,210923500,3207.0,2534,88412,81554060.0,3209.0,1,3206.0,22
rb1805,20170724,20170721,210924000,3208.0,2536,88412,81618220.0,3209.0,1,3206.0,22
rb1805,20170724,20170721,210925000,3208.0,2536,88412,81618220.0,3209.0,1,3207.0,1
rb1805,20170724,20170721,210925500,3208.0,2536,88412,81618220.0,3209.0,1,3207.0,1
rb1805,20170724,20170721,210926000,3208.0,2536,88412,81618220.0,3209.0,1,3207.0,1
rb1805,20170724,20170721,210926500,3208.0,2536,88412,81618220.0,3209.0,1,3207.0,1
rb1805,20170724,20170721,210927000,3208.0,2536,88412,81618220.0,3209.0,1,3207.0,2
rb1805,20170724,20170721,210928000,3208.0,2536,88412,81618220.0,3209.0,1,3207.0,2
rb1805,20170724,20170721,210928500,3208.0,2536,88412,81618220.0,3209.0,1,3207.0,2
rb1805,20170724,20170721,210930500,3208.0,2536,88412,81618220.0,3209.0,2,3207.0,2
rb1805,20170724,20170721,210931500,3208.0,2536,88412,81618220.0,3209.0,2,3207.0,2
rb1805,20170724,20170721,210932500,3208.0,2536,88412,81618220.0,3209.0,1,3207.0,2
rb1805,20170724,20170721,210933000,3208.0,2536,88412,81618220.0,3208.0,1,3207.0,8
rb1805,20170724,20170721,210933500,3208.0,2536,88412,81618220.0,3208.0,1,3207.0,7
rb1805,20170724,20170721,210934000,3208.0,2536,88412,81618220.0,3208.0,1,3207.0,2
rb1805,20170724,20170721,210934500,3208.0,2536,88412,81618220.0,3208.0,1,3207.0,1
rb1805,20170724,20170721,210935000,3208.0,2538,88412,81682380.0,3209.0,2,3207.0,1
rb1805,20170724,20170721,210935500,3208.0,2538,88412,81682380.0,3208.0,2,3207.0,1
rb1805,20170724,20170721,210936000,3208.0,2540,88410,81746540.0,3208.0,1,3207.0,1
rb1805,20170724,20170721,210937000,3208.0,2540,88410,81746540.0,3209.0,2,3207.0,1
rb1805,20170724,20170721,210937500,3208.0,2540,88410,81746540.0,3209.0,2,3207.0,1
rb1805,20170724,20170721,210940500,3208.0,2540,88410,81746540.0,3209.0,3,3207.0,1
rb1805,20170724,20170721,210942500,3208.0,2540,88410,81746540.0,3208.0,1,3207.0,1
rb1805,20170724,20170721,210943500,3208.0,2540,88410,81746540.0,3208.0,1,3207.0,2
rb1805,20170724,20170721,210944000,3208.0,2540,88410,81746540.0,3208.0,1,3207.0,3
rb1805,20170724,20170721,210944500,3208.0,2540,88410,81746540.0,3208.0,1,3207.0,3
rb1805,20170724,20170721,210947500,3208.0,2540,88410,81746540.0,3208.0,1,3207.0,3
rb1805,20170724,20170721,210949000,3208.0,2544,88410,81874860.0,3209.0,4,3207.0,3
rb1805,20170724,20170721,210950000,3208.0,2544,88410,81874860.0,3208.0,5,3207.0,6
rb1805,20170724,20170721,210950500,3207.0,2546,88410,81939000.0,3208.0,1,3207.0,2
rb1805,20170724,20170721,210951000,3208.0,2548,88408,82003160.0,3209.0,3,3207.0,5
rb1805,20170724,20170721,210951500,3208.0,2548,88408,82003160.0,3209.0,3,3207.0,4
rb1805,20170724,20170721,210952000,3208.0,2548,88408,82003160.0,3209.0,3,3207.0,4
rb1805,20170724,20170721,210952500,3208.0,2548,88408,82003160.0,3209.0,3,3207.0,4
rb1805,20170724,20170721,210953000,3208.0,2548,88408,82003160.0,3209.0,3,3207.0,5
rb1805,20170724,20170721,210953500,3208.0,2548,88408,82003160.0,3209.0,2,3207.0,5
rb1805,20170724,20170721,210955000,3208.0,2548,88408,82003160.0,3209.0,2,3208.0,3
rb1805,20170724,20170721,210955500,3208.0,2552,88408,82131480.0,3209.0,2,3208.0,2
rb1805,20170724,20170721,210956000,3209.0,2558,88406,82324020.0,3210.0,1,3209.0,1
rb1805,20170724,20170721,210956500,3209.0,2558,88406,82324020.0,3209.0,1,3208.0,2
rb1805,20170724,20170721,210957000,3208.0,2560,88406,82388180.0,3210.0,1,3209.0,1
rb1805,20170724,20170721,210957500,3208.0,2560,88406,82388180.0,3210.0,4,3208.0,1
rb1805,20170724,20170721,210958000,3208.0,2566,88406,82580660.0,3209.0,9,3208.0,1
rb1805,20170724,20170721,210958500,3209.0,2574,88398,82837380.0,3209.0,5,3208.0,1
rb1805,20170724,20170721,210959000,3209.0,2584,88398,83158280.0,3210.0,4,3208.0,7
rb1805,20170724,20170721,210959500,3209.0,2584,88398,83158280.0,3210.0,4,3208.0,7
rb1805,20170724,20170721,211000000,3209.0,2584,88398,83158280.0,3210.0,4,3208.0,7
rb1805,20170724,20170721,211000500,3209.0,2584,88398,83158280.0,3210.0,4,3208.0,7
rb1805,20170724,20170721,211001000,3209.0,2584,88398,83158280.0,3210.0,4,3208.0,7
rb1805,20170724,20170721,211002000,3209.0,2584,88398,83158280.0,3210.0,1,3208.0,7
rb1805,20170724,20170721,211002500,3209.0,2584,88398,83158280.0,3210.0,1,3209.0,3
rb1805,20170724,20170721,211003000,3209.0,2584,88398,83158280.0,3210.0,1,3209.0,3
rb1805,20170724,20170721,211003500,3210.0,2586,88396,83222480.0,3211.0,5,3209.0,3
rb1805,20170724,20170721,211004000,3210.0,2586,88396,83222480.0,3211.0,5,3209.0,4
rb1805,20170724,20170721,211004500,3209.0,2592,88402,83415020.0,3210.0,5,3209.0,1
rb1805,20170724,20170721,211005000,3209.0,2592,88402,83415020.0,3211.0,4,3209.0,1
rb1805,20170724,20170721,211005500,3209.0,2592,88402,83415020.0,3211.0,4,3208.0,8
rb1805,20170724,20170721,211006000,3209.0,2592,88402,83415020.0,3211.0,9,3208.0,8
rb1805,20170724,20170721,211006500,3209.0,2592,88402,83415020.0,3211.0,9,3208.0,10
rb1805,20170724,20170721,211007000,3209.0,2592,88402,83415020.0,3211.0,9,3208.0,9
rb1805,20170724,20170721,211007500,3209.0,2592,88402,83415020.0,3211.0,9,3209.0,1
rb1805,20170724,20170721,211009000,3209.0,2592,88402,83415020.0,3210.0,1,3209.0,2
rb1805,20170724,20170721,211009500,3210.0,2594,88400,83479220.0,3211.0,9,3210.0,2
rb1805,20170724,20170721,211010000,3210.0,2594,88400,83479220.0,3211.0,4,3209.0,2
rb1805,20170724,20170721,211010500,3210.0,2594,88400,83479220.0,3211.0,4,3209.0,3
rb1805,20170724,20170721,211011000,3209.0,2596,88402,83543400.0,3211.0,4,3209.0,2
rb1805,20170724,20170721,211012000,3209.0,2596,88402,83543400.0,3211.0,4,3209.0,8
rb1805,20170724,20170721,211013000,3209.0,2596,88402,83543400.0,3211.0,4,3210.0,2
rb1805,20170724,20170721,211013500,3209.0,2596,88402,83543400.0,3211.0,4,3210.0,2
rb1805,20170724,20170721,211014500,3209.0,2596,88402,83543400.0,3211.0,3,3210.0,3
rb1805,20170724,20170721,211015000,3209.0,2596,88402,83543400.0,3211.0,3,3210.0,3
rb1805,20170724,20170721,211016000,3209.0,2596,88402,83543400.0,3211.0,3,3210.0,8
rb1805,20170724,20170721,211016500,3211.0,2602,88398,83736060.0,3212.0,6,3210.0,8
rb1805,20170724,20170721,211017000,3211.0,2602,88398,83736060.0,3212.0,6,3211.0,4
rb1805,20170724,20170721,211017500,3211.0,2602,88398,83736060.0,3212.0,6,3211.0,4
rb1805,20170724,20170721,211018500,3211.0,2602,88398,83736060.0,3212.0,6,3211.0,5
rb1805,20170724,20170721,211019000,3211.0,2602,88398,83736060.0,3212.0,6,3211.0,5
rb1805,20170724,20170721,211019500,3211.0,2602,88398,83736060.0,3212.0,6,3211.0,5
rb1805,20170724,20170721,211020000,3211.0,2602,88398,83736060.0,3212.0,6,3211.0,5
rb1805,20170724,20170721,211020500,3211.0,2602,88398,83736060.0,3212.0,6,3211.0,5
rb1805,20170724,20170721,211024500,3211.0,2602,88398,83736060.0,3212.0,6,3211.0,5
rb1805,20170724,20170721,211025000,3211.0,2602,88398,83736060.0,3212.0,6,3211.0,5
rb1805,20170724,20170721,211026000,3211.0,2602,88398,83736060.0,3212.0,6,3211.0,5
rb1805,20170724,20170721,211026500,3211.0,2602,88398,83736060.0,3212.0,6,3211.0,10
rb1805,20170724,20170721,211027000,3212.0,2614,88402,84121500.0,3213.0,5,3212.0,5
rb1805,20170724,20170721,211027500,3212.0,2614,88402,84121500.0,3213.0,5,3212.0,9
rb1805,20170724,20170721,211028000,3213.0,2618,88402,84250020.0,3213.0,3,3212.0,9
rb1805,20170724,20170721,211028500,3213.0,2618,88402,84250020.0,3213.0,3,3212.0,10
rb1805,20170724,20170721,211029000,3213.0,2618,88402,84250020.0,3213.0,3,3212.0,11
rb1805,20170724,20170721,211030000,3213.0,2618,88402,84250020.0,3213.0,3,3212.0,6
rb1805,20170724,20170721,211030500,3213.0,2622,88402,84378540.0,3213.0,1,3212.0,7
rb1805,20170724,20170721,211031000,3213.0,2622,88402,84378540.0,3213.0,7,3212.0,7
rb1805,20170724,20170721,211031500,3213.0,2622,88402,84378540.0,3213.0,7,3212.0,7
rb1805,20170724,20170721,211032000,3213.0,2622,88402,84378540.0,3213.0,7,3212.0,4
rb1805,20170724,20170721,211033500,3213.0,2622,88402,84378540.0,3213.0,7,3212.0,4
rb1805,20170724,20170721,211034500,3213.0,2630,88394,84635580.0,3213.0,3,3212.0,9
rb1805,20170724,20170721,211035000,3212.0,2632,88394,84699820.0,3213.0,3,3212.0,8
rb1805,20170724,20170721,211038000,3212.0,2632,88394,84699820.0,3213.0,3,3212.0,3
rb1805,20170724,20170721,211039000,3213.0,2636,88390,84828340.0,3213.0,1,3212.0,3
rb1805,20170724,20170721,211039500,3213.0,2638,88390,84892600.0,3214.0,1,3213.0,3
rb1805,20170724,20170721,211040000,3213.0,2638,88390,84892600.0,3214.0,1,3213.0,3
rb1805,20170724,20170721,211041000,3213.0,2638,88390,84892600.0,3214.0,2,3213.0,3
rb1805,20170724,20170721,211041500,3213.0,2638,88390,84892600.0,3214.0,2,3213.0,3
rb1805,20170724,20170721,211042500,3214.0,2640,88390,84956880.0,3214.0,1,3213.0,3
rb1805,20170724,20170721,211043000,3213.0,2642,88390,85021140.0,3214.0,5,3213.0,2
rb1805,20170724,20170721,211044000,3213.0,2644,88390,85085400.0,3214.0,6,3213.0,1
rb1805,20170724,20170721,211044500,3213.0,2644,88390,85085400.0,3214.0,11,3212.0,5
rb1805,20170724,20170721,211045000,3213.0,2644,88390,85085400.0,3214.0,11,3213.0,2
rb1805,20170724,20170721,211045500,3213.0,2644,88390,85085400.0,3214.0,12,3213.0,2
rb1805,20170724,20170721,211046500,3213.0,2644,88390,85085400.0,3214.0,12,3212.0,5
rb1805,20170724,20170721,211047000,3213.0,2644,88390,85085400.0,3214.0,12,3212.0,6
rb1805,20170724,20170721,211047500,3213.0,2644,88390,85085400.0,3214.0,12,3213.0,5
rb1805,20170724,20170721,211048000,3214.0,2646,88390,85149680.0,3214.0,11,3213.0,5
rb1805,20170724,20170721,211050000,3214.0,2646,88390,85149680.0,3214.0,16,3213.0,5
rb1805,20170724,20170721,211050500,3214.0,2652,88390,85342520.0,3214.0,13,3213.0,5
rb1805,20170724,20170721,211052000,3214.0,2652,88390,85342520.0,3214.0,14,3213.0,5
rb1805,20170724,20170721,211053000,3214.0,2652,88390,85342520.0,3214.0,14,3213.0,6
rb1805,20170724,20170721,211054000,3214.0,2654,88390,85406800.0,3214.0,16,3213.0,6
rb1805,20170724,20170721,211054500,3214.0,2654,88390,85406800.0,3214.0,11,3213.0,6
rb1805,20170724,20170721,211055000,3214.0,2654,88390,85406800.0,3214.0,11,3213.0,6
rb1805,20170724,20170721,211056500,3214.0,2654,88390,85406800.0,3214.0,11,3213.0,6
rb1805,20170724,20170721,211058000,3214.0,2654,88390,85406800.0,3214.0,11,3213.0,6
rb1805,20170724,20170721,211058500,3213.0,2656,88392,85471060.0,3214.0,11,3213.0,5
rb1805,20170724,20170721,211059000,3213.0,2656,88392,85471060.0,3214.0,7,3213.0,10
rb1805,20170724,20170721,211101500,3213.0,2656,88392,85471060.0,3214.0,7,3213.0,10
rb1805,20170724,20170721,211102000,3213.0,2656,88392,85471060.0,3214.0,7,3213.0,10
rb1805,20170724,20170721,211103000,3213.0,2656,88392,85471060.0,3214.0,7,3213.0,10
rb1805,20170724,20170721,211103500,3213.0,2656,88392,85471060.0,3214.0,7,3213.0,12
rb1805,20170724,20170721,211107500,3213.0,2656,88392,85471060.0,3214.0,9,3213.0,12
rb1805,20170724,20170721,211108500,3213.0,2656,88392,85471060.0,3214.0,9,3213.0,13
rb1805,20170724,20170721,211109000,3213.0,2656,88392,85471060.0,3214.0,9,3213.0,8
rb1805,20170724,20170721,211110000,3213.0,2656,88392,85471060.0,3214.0,9,3213.0,8
rb1805,20170724,20170721,211111500,3213.0,2660,88396,85599580.0,3214.0,9,3213.0,6
rb1805,20170724,20170721,211113000,3213.0,2660,88396,85599580.0,3214.0,9,3213.0,6
rb1805,20170724,20170721,211113500,3213.0,2660,88396,85599580.0,3214.0,9,3213.0,6
rb1805,20170724,20170721,211115000,3213.0,2660,88396,85599580.0,3214.0,11,3213.0,7
rb1805,20170724,20170721,211116000,3213.0,2660,88396,85599580.0,3214.0,11,3213.0,7
rb1805,20170724,20170721,211118500,3213.0,2660,88396,85599580.0,3214.0,11,3213.0,7
rb1805,20170724,20170721,211119500,3213.0,2662,88396,85663840.0,3214.0,11,3213.0,6
rb1805,20170724,20170721,211120500,3213.0,2662,88396,85663840.0,3214.0,17,3213.0,6
rb1805,20170724,20170721,211121000,3213.0,2662,88396,85663840.0,3214.0,17,3213.0,6
rb1805,20170724,20170721,211124000,3213.0,2662,88396,85663840.0,3214.0,17,3213.0,6
rb1805,20170724,20170721,211125000,3213.0,2662,88396,85663840.0,3214.0,12,3213.0,6
rb1805,20170724,20170721,211125500,3213.0,2662,88396,85663840.0,3214.0,11,3213.0,6
rb1805,20170724,20170721,211127000,3213.0,2662,88396,85663840.0,3214.0,11,3213.0,6
rb1805,20170724,20170721,211127500,3213.0,2662,88396,85663840.0,3214.0,11,3213.0,6
rb1805,20170724,20170721,211128500,3213.0,2662,88396,85663840.0,3214.0,11,3213.0,6
rb1805,20170724,20170721,211129000,3213.0,2662,88396,85663840.0,3214.0,11,3213.0,6
rb1805,20170724,20170721,211130000,3213.0,2662,88396,85663840.0,3214.0,11,3213.0,6
rb1805,20170724,20170721,211130500,3213.0,2662,88396,85663840.0,3214.0,11,3213.0,7
rb1805,20170724,20170721,211132500,3213.0,2662,88396,85663840.0,3214.0,11,3213.0,7
rb1805,20170724,20170721,211133000,3213.0,2662,88396,85663840.0,3214.0,11,3213.0,6
rb1805,20170724,20170721,211134000,3213.0,2662,88396,85663840.0,3214.0,11,3213.0,6
rb1805,20170724,20170721,211134500,3213.0,2662,88396,85663840.0,3214.0,11,3213.0,7
rb1805,20170724,20170721,211135000,3214.0,2672,88386,85985240.0,3214.0,6,3213.0,7
rb1805,20170724,20170721,211135500,3214.0,2672,88386,85985240.0,3214.0,6,3213.0,7
rb1805,20170724,20170721,211136000,3214.0,2672,88386,85985240.0,3214.0,6,3213.0,7
rb1805,20170724,20170721,211136500,3214.0,2672,88386,85985240.0,3214.0,6,3213.0,13
rb1805,20170724,20170721,211137000,3214.0,2684,88382,86370920.0,3215.0,107,3214.0,13
rb1805,20170724,20170721,211137500,3214.0,2684,88382,86370920.0,3215.0,107,3214.0,1
rb1805,20170724,20170721,211138000,3214.0,2684,88382,86370920.0,3215.0,7,3214.0,6
rb1805,20170724,20170721,211138500,3215.0,2686,88382,86435220.0,3215.0,6,3214.0,9
rb1805,20170724,20170721,211139000,3215.0,2686,88382,86435220.0,3215.0,6,3214.0,10
rb1805,20170724,20170721,211139500,3215.0,2698,88386,86821020.0,3216.0,7,3214.0,11
rb1805,20170724,20170721,211140000,3215.0,2698,88386,86821020.0,3216.0,7,3214.0,11
rb1805,20170724,20170721,211141000,3216.0,2700,88386,86885340.0,3216.0,6,3214.0,11
rb1805,20170724,20170721,211141500,3216.0,2700,88386,86885340.0,3216.0,11,3214.0,6
rb1805,20170724,20170721,211142000,3216.0,2700,88386,86885340.0,3216.0,11,3214.0,6
rb1805,20170724,20170721,211142500,3214.0,2712,88386,87271020.0,3214.0,4,3213.0,13
rb1805,20170724,20170721,211143000,3214.0,2716,88382,87399580.0,3214.0,2,3213.0,8
rb1805,20170724,20170721,211143500,3214.0,2716,88382,87399580.0,3214.0,2,3213.0,8
rb1805,20170724,20170721,211144000,3214.0,2716,88382,87399580.0,3214.0,2,3213.0,8
rb1805,20170724,20170721,211145500,3214.0,2716,88382,87399580.0,3214.0,8,3213.0,8
rb1805,20170724,20170721,211146000,3213.0,2728,88390,87785140.0,3214.0,8,3213.0,2
rb1805,20170724,20170721,211146500,3213.0,2732,88390,87913660.0,3214.0,8,3212.0,5
rb1805,20170724,20170721,211147500,3213.0,2732,88390,87913660.0,3214.0,8,3212.0,6
rb1805,20170724,20170721,211148000,3214.0,2734,88390,87977940.0,3214.0,6,3212.0,6
rb1805,20170724,20170721,211148500,3214.0,2734,88390,87977940.0,3214.0,6,3212.0,5
rb1805,20170724,20170721,211149000,3214.0,2734,88390,87977940.0,3214.0,6,3212.0,5
rb1805,20170724,20170721,211150000,3214.0,2734,88390,87977940.0,3214.0,1,3212.0,12
rb1805,20170724,20170721,211150500,3214.0,2736,88390,88042220.0,3215.0,101,3213.0,3
rb1805,20170724,20170721,211151500,3214.0,2736,88390,88042220.0,3215.0,101,3213.0,3
rb1805,20170724,20170721,211152000,3214.0,2736,88390,88042220.0,3215.0,101,3213.0,1
rb1805,20170724,20170721,211152500,3214.0,2736,88390,88042220.0,3214.0,2,3213.0,1
rb1805,20170724,20170721,211153000,3214.0,2736,88390,88042220.0,3214.0,3,3213.0,1
rb1805,20170724,20170721,211154000,3214.0,2736,88390,88042220.0,3214.0,2,3213.0,1
rb1805,20170724,20170721,211154500,3214.0,2736,88390,88042220.0,3214.0,3,3213.0,1
rb1805,20170724,20170721,211155000,3214.0,2736,88390,88042220.0,3214.0,4,3213.0,1
rb1805,20170724,20170721,211156000,3214.0,2736,88390,88042220.0,3214.0,4,3213.0,1
rb1805,20170724,20170721,211156500,3213.0,2738,88392,88106480.0,3214.0,6,3212.0,13
rb1805,20170724,20170721,211157000,3213.0,2738,88392,88106480.0,3214.0,5,3213.0,2
rb1805,20170724,20170721,211159000,3213.0,2738,88392,88106480.0,3214.0,5,3213.0,2
rb1805,20170724,20170721,211200000,3213.0,2738,88392,88106480.0,3214.0,6,3213.0,2
rb1805,20170724,20170721,211200500,3213.0,2738,88392,88106480.0,3214.0,6,3213.0,2
rb1805,20170724,20170721,211201000,3213.0,2738,88392,88106480.0,3214.0,6,3212.0,13
rb1805,20170724,20170721,211202000,3213.0,2738,88392,88106480.0,3214.0,6,3212.0,12
rb1805,20170724,20170721,211203000,3213.0,2738,88392,88106480.0,3214.0,7,3212.0,12
rb1805,20170724,20170721,211203500,3213.0,2738,88392,88106480.0,3214.0,10,3212.0,12
rb1805,20170724,20170721,211204000,3213.0,2738,88392,88106480.0,3214.0,7,3213.0,3
rb1805,20170724,20170721,211208500,3213.0,2738,88392,88106480.0,3214.0,5,3213.0,3
rb1805,20170724,20170721,211211000,3213.0,2738,88392,88106480.0,3214.0,6,3213.0,3
rb1805,20170724,20170721,211211500,3213.0,2738,88392,88106480.0,3214.0,9,3213.0,3
rb1805,20170724,20170721,211212500,3213.0,2738,88392,88106480.0,3214.0,9,3213.0,3
rb1805,20170724,20170721,211213000,3213.0,2740,88394,88170740.0,3214.0,9,3213.0,2
rb1805,20170724,20170721,211213500,3213.0,2744,88398,88299260.0,3213.0,7,3212.0,12
rb1805,20170724,20170721,211214000,3213.0,2744,88398,88299260.0,3213.0,3,3212.0,7
rb1805,20170724,20170721,211215000,3213.0,2744,88398,88299260.0,3213.0,3,3212.0,7
rb1805,20170724,20170721,211216500,3213.0,2744,88398,88299260.0,3213.0,4,3212.0,7
rb1805,20170724,20170721,211218500,3213.0,2752,88398,88556300.0,3214.0,16,3213.0,1
rb1805,20170724,20170721,211219000,3213.0,2754,88398,88620560.0,3213.0,3,3212.0,7
rb1805,20170724,20170721,211219500,3213.0,2754,88398,88620560.0,3213.0,2,3212.0,7
rb1805,20170724,20170721,211221000,3212.0,2756,88400,88684800.0,3213.0,2,3212.0,6
rb1805,20170724,20170721,211222000,3212.0,2756,88400,88684800.0,3213.0,3,3212.0,6
rb1805,20170724,20170721,211222500,3213.0,2762,88400,88877580.0,3214.0,11,3213.0,14
rb1805,20170724,20170721,211223000,3213.0,2768,88400,89070360.0,3214.0,10,3213.0,2
rb1805,20170724,20170721,211223500,3213.0,2768,88400,89070360.0,3214.0,9,3213.0,2
rb1805,20170724,20170721,211224500,3213.0,2768,88400,89070360.0,3214.0,9,3213.0,2
rb1805,20170724,20170721,211225000,3213.0,2768,88400,89070360.0,3214.0,7,3213.0,2
rb1805,20170724,20170721,211225500,3213.0,2770,88400,89134620.0,3214.0,7,3212.0,7
rb1805,20170724,20170721,211226000,3212.0,2774,88404,89263100.0,3214.0,7,3212.0,7
rb1805,20170724,20170721,211229000,3212.0,2774,88404,89263100.0,3214.0,8,3212.0,7
rb1805,20170724,20170721,211231000,3212.0,2774,88404,89263100.0,3214.0,8,3212.0,8
rb1805,20170724,20170721,211232000,3212.0,2774,88404,89263100.0,3213.0,1,3212.0,8
rb1805,20170724,20170721,211232500,3213.0,2776,88404,89327360.0,3214.0,8,3213.0,9
rb1805,20170724,20170721,211233000,3213.0,2776,88404,89327360.0,3213.0,2,3212.0,13
rb1805,20170724,20170721,211233500,3213.0,2780,88404,89455880.0,3214.0,8,3213.0,8
rb1805,20170724,20170721,211234000,3213.0,2780,88404,89455880.0,3214.0,8,3212.0,13
rb1805,20170724,20170721,211235500,3213.0,2780,88404,89455880.0,3214.0,13,3212.0,13
rb1805,20170724,20170721,211237000,3213.0,2780,88404,89455880.0,3214.0,14,3212.0,13
rb1805,20170724,20170721,211239000,3213.0,2780,88404,89455880.0,3214.0,14,3212.0,13
rb1805,20170724,20170721,211240000,3213.0,2780,88404,89455880.0,3214.0,14,3212.0,13
rb1805,20170724,20170721,211241500,3213.0,2780,88404,89455880.0,3214.0,15,3212.0,13
rb1805,20170724,20170721,211242000,3213.0,2780,88404,89455880.0,3214.0,15,3212.0,13
rb1805,20170724,20170721,211242500,3213.0,2780,88404,89455880.0,3214.0,15,3213.0,3
rb1805,20170724,20170721,211243000,3213.0,2784,88408,89584400.0,3214.0,15,3213.0,1
rb1805,20170724,20170721,211246000,3213.0,2784,88408,89584400.0,3214.0,15,3213.0,1
rb1805,20170724,20170721,211248000,3213.0,2784,88408,89584400.0,3214.0,15,3213.0,6
rb1805,20170724,20170721,211250000,3213.0,2784,88408,89584400.0,3214.0,16,3213.0,6
rb1805,20170724,20170721,211252000,3213.0,2784,88408,89584400.0,3214.0,16,3213.0,6
rb1805,20170724,20170721,211252500,3213.0,2784,88408,89584400.0,3214.0,16,3213.0,6
rb1805,20170724,20170721,211253500,3213.0,2784,88408,89584400.0,3214.0,16,3213.0,6
rb1805,20170724,20170721,211256500,3213.0,2784,88408,89584400.0,3214.0,17,3213.0,6
rb1805,20170724,20170721,211258500,3213.0,2784,88408,89584400.0,3214.0,17,3213.0,6
rb1805,20170724,20170721,211259000,3213.0,2784,88408,89584400.0,3214.0,17,3213.0,6
rb1805,20170724,20170721,211300000,3214.0,2786,88410,89648680.0,3214.0,16,3213.0,6
rb1805,20170724,20170721,211301000,3213.0,2788,88410,89712940.0,3214.0,16,3213.0,5
rb1805,20170724,20170721,211302000,3213.0,2788,88410,89712940.0,3214.0,16,3213.0,5
rb1805,20170724,20170721,211303000,3213.0,2792,88414,89841460.0,3214.0,15,3213.0,3
rb1805,20170724,20170721,211304000,3213.0,2792,88414,89841460.0,3214.0,14,3213.0,3
rb1805,20170724,20170721,211306000,3214.0,2794,88416,89905740.0,3214.0,13,3213.0,3
rb1805,20170724,20170721,211310000,3214.0,2794,88416,89905740.0,3214.0,14,3213.0,3
rb1805,20170724,20170721,211315000,3214.0,2794,88416,89905740.0,3214.0,14,3213.0,3
rb1805,20170724,20170721,211317000,3214.0,2794,88416,89905740.0,3214.0,14,3213.0,3
rb1805,20170724,20170721,211319500,3214.0,2794,88416,89905740.0,3214.0,14,3213.0,3
rb1805,20170724,20170721,211320000,3214.0,2794,88416,89905740.0,3214.0,14,3213.0,3
rb1805,20170724,20170721,211321500,3214.0,2794,88416,89905740.0,3214.0,14,3213.0,3
rb1805,20170724,20170721,211323000,3214.0,2794,88416,89905740.0,3214.0,13,3213.0,3
rb1805,20170724,20170721,211324000,3214.0,2794,88416,89905740.0,3214.0,13,3213.0,3
rb1805,20170724,20170721,211324500,3214.0,2794,88416,89905740.0,3214.0,13,3213.0,3
rb1805,20170724,20170721,211330000,3214.0,2794,88416,89905740.0,3214.0,13,3213.0,3
rb1805,20170724,20170721,211333000,3214.0,2794,88416,89905740.0,3214.0,13,3213.0,3
rb1805,20170724,20170721,211333500,3214.0,2794,88416,89905740.0,3214.0,13,3213.0,3
rb1805,20170724,20170721,211334000,3214.0,2794,88416,89905740.0,3214.0,13,3213.0,3
rb1805,20170724,20170721,211335000,3214.0,2794,88416,89905740.0,3214.0,13,3213.0,3
rb1805,20170724,20170721,211335500,3214.0,2794,88416,89905740.0,3214.0,13,3213.0,3
rb1805,20170724,20170721,211336000,3214.0,2794,88416,89905740.0,3214.0,13,3213.0,3
rb1805,20170724,20170721,211337000,3214.0,2794,88416,89905740.0,3214.0,13,3213.0,4
rb1805,20170724,20170721,211337500,3214.0,2794,88416,89905740.0,3214.0,13,3213.0,4
rb1805,20170724,20170721,211338500,3213.0,2798,88420,90034260.0,3214.0,13,3213.0,2
rb1805,20170724,20170721,211339000,3213.0,2798,88420,90034260.0,3214.0,13,3213.0,2
rb1805,20170724,20170721,211346500,3213.0,2800,88420,90098520.0,3214.0,13,3213.0,1
rb1805,20170724,20170721,211349500,3214.0,2802,88420,90162800.0,3214.0,12,3213.0,1
rb1805,20170724,20170721,211351000,3214.0,2802,88420,90162800.0,3214.0,12,3213.0,1
rb1805,20170724,20170721,211352500,3214.0,2802,88420,90162800.0,3214.0,12,3213.0,1
rb1805,20170724,20170721,211353000,3214.0,2802,88420,90162800.0,3214.0,12,3213.0,1
rb1805,20170724,20170721,211356000,3214.0,2802,88420,90162800.0,3214.0,12,3213.0,1
rb1805,20170724,20170721,211402000,3213.0,2804,88420,90227060.0,3214.0,12,3212.0,11
rb1805,20170724,20170721,211402500,3213.0,2804,88420,90227060.0,3214.0,12,3212.0,14
rb1805,20170724,20170721,211403500,3214.0,2806,88420,90291340.0,3214.0,11,3212.0,14
rb1805,20170724,20170721,211405000,3214.0,2806,88420,90291340.0,3214.0,11,3212.0,14
rb1805,20170724,20170721,211405500,3214.0,2806,88420,90291340.0,3214.0,16,3212.0,14
rb1805,20170724,20170721,211409000,3214.0,2806,88420,90291340.0,3214.0,16,3213.0,5
rb1805,20170724,20170721,211409500,3214.0,2806,88420,90291340.0,3214.0,11,3213.0,5
rb1805,20170724,20170721,211412000,3214.0,2806,88420,90291340.0,3214.0,11,3213.0,5
rb1805,20170724,20170721,211412500,3214.0,2826,88430,90934140.0,3214.0,1,3213.0,5
rb1805,20170724,20170721,211413000,3214.0,2826,88430,90934140.0,3214.0,1,3213.0,7
rb1805,20170724,20170721,211413500,3214.0,2826,88430,90934140.0,3214.0,1,3213.0,7
rb1805,20170724,20170721,211417500,3214.0,2826,88430,90934140.0,3214.0,1,3213.0,7
rb1805,20170724,20170721,211419000,3214.0,2826,88430,90934140.0,3214.0,1,3213.0,7
rb1805,20170724,20170721,211421000,3214.0,2828,88430,90998420.0,3215.0,105,3213.0,7
rb1805,20170724,20170721,211421500,3214.0,2828,88430,90998420.0,3215.0,105,3213.0,7
rb1805,20170724,20170721,211423000,3213.0,2830,88430,91062680.0,3215.0,105,3213.0,6
rb1805,20170724,20170721,211423500,3213.0,2830,88430,91062680.0,3215.0,105,3213.0,6
rb1805,20170724,20170721,211424000,3213.0,2830,88430,91062680.0,3215.0,106,3213.0,6
rb1805,20170724,20170721,211424500,3213.0,2830,88430,91062680.0,3215.0,107,3213.0,6
rb1805,20170724,20170721,211425000,3213.0,2830,88430,91062680.0,3215.0,106,3213.0,6
rb1805,20170724,20170721,211425500,3213.0,2830,88430,91062680.0,3215.0,106,3213.0,7
rb1805,20170724,20170721,211426000,3213.0,2830,88430,91062680.0,3215.0,105,3213.0,7
rb1805,20170724,20170721,211427000,3213.0,2830,88430,91062680.0,3214.0,1,3213.0,7
rb1805,20170724,20170721,211427500,3213.0,2830,88430,91062680.0,3214.0,1,3213.0,7
rb1805,20170724,20170721,211428000,3213.0,2830,88430,91062680.0,3215.0,105,3213.0,7
rb1805,20170724,20170721,211428500,3213.0,2830,88430,91062680.0,3215.0,106,3213.0,7
rb1805,20170724,20170721,211429500,3213.0,2830,88430,91062680.0,3214.0,1,3213.0,7
rb1805,20170724,20170721,211430000,3213.0,2830,88430,91062680.0,3215.0,106,3213.0,7
rb1805,20170724,20170721,211430500,3213.0,2830,88430,91062680.0,3214.0,1,3213.0,7
rb1805,20170724,20170721,211432000,3213.0,2830,88430,91062680.0,3214.0,1,3213.0,7
rb1805,20170724,20170721,211433000,3214.0,2832,88432,91126960.0,3215.0,105,3214.0,4
rb1805,20170724,20170721,211433500,3214.0,2832,88432,91126960.0,3215.0,100,3214.0,4
rb1805,20170724,20170721,211434000,3213.0,2844,88444,91512600.0,3214.0,1,3213.0,5
rb1805,20170724,20170721,211434500,3213.0,2844,88444,91512600.0,3214.0,1,3213.0,5
rb1805,20170724,20170721,211436000,3213.0,2844,88444,91512600.0,3214.0,1,3213.0,5
