instrument,tradingday,calendarday,time,lastp,volume,openinterest,turnover,ask1,asksz1,bid1,bidsz1
rb1805,20171207,20171206,205900500,3926.0,2658,2956014,104353080.0,3927.0,67,3926.0,11
rb1805,20171207,20171206,210000500,3927.0,5096,2956334,200070460.0,3926.0,23,3925.0,5
rb1805,20171207,20171206,210001000,3926.0,6652,2955772,261163040.0,3928.0,186,3926.0,526
rb1805,20171207,20171206,210001500,3926.0,8066,2955658,316693340.0,3928.0,2,3927.0,21
rb1805,20171207,20171206,210002000,3926.0,9228,2955576,362326380.0,3927.0,30,3926.0,52
rb1805,20171207,20171206,210002500,3926.0,9844,2955744,386515600.0,3926.0,40,3925.0,31
rb1805,20171207,20171206,210003000,3926.0,10234,2955694,401827260.0,3927.0,1,3926.0,40
rb1805,20171207,20171206,210003500,3926.0,10904,2955730,428130120.0,3926.0,82,3925.0,26
rb1805,20171207,20171206,210004000,3925.0,11088,2955690,435350880.0,3925.0,91,3923.0,136
rb1805,20171207,20171206,210004500,3925.0,11472,2955838,450421780.0,3925.0,110,3924.0,25
rb1805,20171207,20171206,210005000,3924.0,12068,2955934,473812220.0,3925.0,8,3924.0,202
rb1805,20171207,20171206,210005500,3925.0,12266,2955922,481582960.0,3925.0,75,3924.0,161
rb1805,20171207,20171206,210006000,3924.0,12690,2955934,498221260.0,3924.0,86,3923.0,115
rb1805,20171207,20171206,210006500,3925.0,13074,2955914,513290720.0,3924.0,1,3923.0,98
rb1805,20171207,20171206,210007000,3924.0,13188,2955906,517763900.0,3924.0,535,3923.0,98
rb1805,20171207,20171206,210007500,3923.0,13618,2955826,534634640.0,3924.0,481,3922.0,236
rb1805,20171207,20171206,210008000,3923.0,13738,2955784,539342620.0,3924.0,467,3923.0,22
rb1805,20171207,20171206,210008500,3923.0,14322,2955876,562257640.0,3923.0,5,3922.0,279
rb1805,20171207,20171206,210009000,3924.0,14418,2955858,566024060.0,3924.0,272,3923.0,225
rb1805,20171207,20171206,210009500,3924.0,14568,2955846,571909480.0,3924.0,283,3923.0,195
rb1805,20171207,20171206,210010000,3925.0,15356,2955758,602829320.0,3925.0,77,3924.0,3
rb1805,20171207,20171206,210010500,3924.0,15564,2955856,610989720.0,3924.0,1,3923.0,192
rb1805,20171207,20171206,210011000,3924.0,15732,2955934,617582260.0,3925.0,54,3924.0,279
rb1805,20171207,20171206,210011500,3924.0,15940,2956004,625744860.0,3925.0,21,3924.0,325
rb1805,20171207,20171206,210012000,3925.0,16022,2956016,628963240.0,3926.0,408,3925.0,430
rb1805,20171207,20171206,210012500,3925.0,17154,2956904,673401600.0,3926.0,40,3925.0,317
rb1805,20171207,20171206,210013000,3926.0,17354,2956932,681253600.0,3927.0,206,3926.0,229
rb1805,20171207,20171206,210013500,3926.0,17518,2956908,687693200.0,3927.0,159,3926.0,215
rb1805,20171207,20171206,210014000,3927.0,17892,2956984,702379860.0,3928.0,30,3927.0,36
rb1805,20171207,20171206,210014500,3926.0,18128,2956994,711648060.0,3928.0,9,3926.0,110
rb1805,20171207,20171206,210015000,3927.0,18464,2957006,724839680.0,3928.0,94,3927.0,60
rb1805,20171207,20171206,210015500,3926.0,18858,2956848,740310800.0,3927.0,16,3926.0,8
rb1805,20171207,20171206,210016000,3926.0,18978,2956794,745022100.0,3926.0,14,3925.0,279
rb1805,20171207,20171206,210016500,3927.0,19276,2956774,756722000.0,3927.0,24,3926.0,34
rb1805,20171207,20171206,210017000,3927.0,19566,2956864,768110200.0,3928.0,243,3927.0,50
rb1805,20171207,20171206,210017500,3928.0,19686,2956880,772823240.0,3928.0,214,3927.0,23
rb1805,20171207,20171206,210018000,3926.0,19904,2956968,781382260.0,3926.0,20,3925.0,140
rb1805,20171207,20171206,210018500,3926.0,20028,2957016,786250620.0,3927.0,177,3926.0,66
rb1805,20171207,20171206,210019000,3926.0,20080,2957032,788292380.0,3927.0,191,3926.0,55
rb1805,20171207,20171206,210019500,3927.0,20152,2957078,791119480.0,3927.0,159,3926.0,47
rb1805,20171207,20171206,210020000,3926.0,20196,2957094,792847220.0,3927.0,181,3926.0,44
rb1805,20171207,20171206,210020500,3926.0,20618,2957416,809418880.0,3927.0,55,3926.0,42
rb1805,20171207,20171206,210021000,3927.0,20780,2957506,815780200.0,3927.0,22,3926.0,21
rb1805,20171207,20171206,210021500,3927.0,21022,2957436,825283020.0,3927.0,18,3926.0,10
rb1805,20171207,20171206,210022000,3926.0,21102,2957424,828423740.0,3926.0,27,3925.0,162
rb1805,20171207,20171206,210022500,3926.0,21266,2957482,834863240.0,3927.0,53,3926.0,3
rb1805,20171207,20171206,210023000,3926.0,21360,2957478,838553740.0,3926.0,11,3925.0,167
rb1805,20171207,20171206,210023500,3925.0,21410,2957462,840516700.0,3926.0,1,3925.0,175
rb1805,20171207,20171206,210024000,3926.0,21580,2957362,847189360.0,3926.0,109,3925.0,102
rb1805,20171207,20171206,210024500,3925.0,21696,2957336,851743400.0,3926.0,121,3925.0,103
rb1805,20171207,20171206,210025000,3925.0,21814,2957270,856375380.0,3926.0,146,3925.0,68
rb1805,20171207,20171206,210025500,3925.0,22036,2957198,865089600.0,3925.0,12,3924.0,107
rb1805,20171207,20171206,210026000,3925.0,22066,2957184,866267040.0,3925.0,20,3924.0,103
rb1805,20171207,20171206,210026500,3926.0,22222,2957230,872391040.0,3926.0,113,3925.0,1
rb1805,20171207,20171206,210027000,3925.0,22270,2957224,874275060.0,3925.0,7,3924.0,93
rb1805,20171207,20171206,210027500,3925.0,22422,2957274,880241700.0,3926.0,98,3925.0,10
rb1805,20171207,20171206,210028000,3924.0,22480,2957284,882518120.0,3926.0,97,3925.0,1
rb1805,20171207,20171206,210028500,3925.0,22560,2957314,885658220.0,3926.0,108,3925.0,166
rb1805,20171207,20171206,210029000,3925.0,22608,2957334,887542280.0,3926.0,105,3925.0,153
rb1805,20171207,20171206,210029500,3926.0,22688,2957364,890682500.0,3926.0,94,3925.0,132
rb1805,20171207,20171206,210030000,3926.0,22830,2957458,896256420.0,3926.0,79,3925.0,83
rb1805,20171207,20171206,210030500,3925.0,22928,2957496,900103700.0,3926.0,50,3925.0,81
rb1805,20171207,20171206,210031000,3925.0,22974,2957524,901909260.0,3926.0,68,3925.0,70
rb1805,20171207,20171206,210031500,3925.0,23148,2957624,908740100.0,3926.0,8,3925.0,53
rb1805,20171207,20171206,210032000,3926.0,23224,2957638,911723760.0,3926.0,17,3925.0,50
rb1805,20171207,20171206,210032500,3925.0,23470,2957626,921380800.0,3925.0,237,3924.0,362
rb1805,20171207,20171206,210033000,3925.0,23630,2957484,927660800.0,3925.0,273,3924.0,371
rb1805,20171207,20171206,210033500,3925.0,23780,2957406,933547820.0,3925.0,231,3924.0,352
rb1805,20171207,20171206,210034000,3925.0,24128,2957296,947206780.0,3925.0,75,3924.0,342
rb1805,20171207,20171206,210034500,3926.0,24326,2957220,954978280.0,3926.0,96,3925.0,31
rb1805,20171207,20171206,210035000,3925.0,24450,2957174,959845540.0,3926.0,86,3925.0,3
rb1805,20171207,20171206,210035500,3926.0,24556,2957208,964006100.0,3926.0,85,3925.0,29
rb1805,20171207,20171206,210036000,3925.0,24586,2957216,965183600.0,3926.0,161,3925.0,22
rb1805,20171207,20171206,210036500,3925.0,24698,2957316,969579380.0,3925.0,18,3924.0,377
rb1805,20171207,20171206,210037000,3926.0,24844,2957432,975309900.0,3925.0,38,3924.0,357
rb1805,20171207,20171206,210037500,3924.0,24916,2957400,978135700.0,3925.0,84,3924.0,348
rb1805,20171207,20171206,210038000,3925.0,24974,2957392,980412200.0,3925.0,64,3924.0,349
rb1805,20171207,20171206,210038500,3924.0,25050,2957426,983394800.0,3925.0,71,3924.0,341
rb1805,20171207,20171206,210039000,3925.0,25066,2957422,984022740.0,3925.0,67,3924.0,360
rb1805,20171207,20171206,210039500,3925.0,25160,2957424,987711920.0,3925.0,43,3924.0,344
rb1805,20171207,20171206,210040000,3925.0,25182,2957424,988575340.0,3925.0,39,3924.0,348
rb1805,20171207,20171206,210040500,3925.0,25200,2957424,989281800.0,3925.0,34,3924.0,346
rb1805,20171207,20171206,210041000,3925.0,25322,2957418,994069800.0,3926.0,363,3925.0,4
rb1805,20171207,20171206,210041500,3926.0,25514,2957412,1001605020.0,3926.0,339,3925.0,10
rb1805,20171207,20171206,210042000,3925.0,25808,2957450,1013144320.0,3926.0,341,3925.0,38
rb1805,20171207,20171206,210042500,3925.0,25976,2957550,1019738380.0,3925.0,21,3924.0,264
rb1805,20171207,20171206,210043000,3925.0,26046,2957594,1022485980.0,3926.0,352,3925.0,42
rb1805,20171207,20171206,210043500,3925.0,26136,2957638,1026018600.0,3926.0,371,3925.0,23
rb1805,20171207,20171206,210044000,3925.0,26204,2957640,1028687700.0,3925.0,103,3924.0,276
rb1805,20171207,20171206,210044500,3925.0,26368,2957792,1035124620.0,3925.0,42,3924.0,278
rb1805,20171207,20171206,210045000,3926.0,26534,2957894,1041640820.0,3926.0,298,3925.0,4
rb1805,20171207,20171206,210045500,3924.0,26610,2957908,1044624060.0,3925.0,1,3924.0,279
rb1805,20171207,20171206,210046000,3926.0,26750,2957874,1050118040.0,3926.0,342,3925.0,4
rb1805,20171207,20171206,210046500,3925.0,26820,2957838,1052865380.0,3926.0,350,3925.0,4
rb1805,20171207,20171206,210047000,3926.0,26874,2957820,1054984700.0,3926.0,352,3925.0,30
rb1805,20171207,20171206,210047500,3925.0,26932,2957798,1057261280.0,3926.0,354,3925.0,23
rb1805,20171207,20171206,210048000,3926.0,26978,2957824,1059066960.0,3926.0,347,3925.0,36
rb1805,20171207,20171206,210048500,3925.0,27050,2957884,1061893240.0,3926.0,349,3925.0,17
rb1805,20171207,20171206,210049000,3925.0,27148,2957900,1065739700.0,3926.0,349,3925.0,26
rb1805,20171207,20171206,210049500,3925.0,27292,2957930,1071391880.0,3925.0,5,3924.0,267
rb1805,20171207,20171206,210050000,3925.0,27308,2957926,1072019860.0,3925.0,23,3924.0,268
rb1805,20171207,20171206,210050500,3925.0,27384,2957910,1075002900.0,3925.0,28,3924.0,263
rb1805,20171207,20171206,210051000,3925.0,27416,2957924,1076258900.0,3925.0,46,3924.0,262
rb1805,20171207,20171206,210051500,3924.0,27494,2957922,1079319940.0,3925.0,104,3924.0,247
rb1805,20171207,20171206,210052000,3925.0,27526,2957932,1080575860.0,3925.0,99,3924.0,245
rb1805,20171207,20171206,210052500,3925.0,27702,2957886,1087482340.0,3925.0,144,3924.0,169
rb1805,20171207,20171206,210053000,3924.0,28012,2957932,1099647540.0,3925.0,118,3924.0,68
rb1805,20171207,20171206,210053500,3925.0,28276,2958106,1110008100.0,3924.0,75,3923.0,210
rb1805,20171207,20171206,210054000,3924.0,28286,2958110,1110400500.0,3924.0,29,3923.0,212
rb1805,20171207,20171206,210054500,3924.0,28316,2958122,1111577700.0,3924.0,38,3923.0,212
rb1805,20171207,20171206,210055000,3923.0,28362,2958150,1113382500.0,3924.0,30,3923.0,237
rb1805,20171207,20171206,210055500,3925.0,28484,2958250,1118169740.0,3925.0,210,3924.0,6
rb1805,20171207,20171206,210056000,3924.0,28520,2958264,1119582260.0,3924.0,52,3923.0,225
rb1805,20171207,20171206,210056500,3923.0,28548,2958262,1120680920.0,3924.0,41,3923.0,222
rb1805,20171207,20171206,210057000,3924.0,28594,2958300,1122485920.0,3924.0,53,3923.0,222
rb1805,20171207,20171206,210057500,3924.0,28742,2958400,1128293480.0,3925.0,235,3924.0,57
rb1805,20171207,20171206,210058000,3924.0,28960,2958590,1136847560.0,3924.0,55,3923.0,207
rb1805,20171207,20171206,210058500,3923.0,29002,2958624,1138495580.0,3924.0,168,3923.0,209
rb1805,20171207,20171206,210059000,3924.0,29172,2958526,1145164740.0,3924.0,250,3923.0,132
rb1805,20171207,20171206,210059500,3923.0,29320,2958544,1150971880.0,3924.0,204,3923.0,113
rb1805,20171207,20171206,210100000,3924.0,29496,2958568,1157876600.0,3924.0,261,3923.0,41
rb1805,20171207,20171206,210100500,3922.0,29720,2958628,1166663180.0,3923.0,2,3922.0,165
rb1805,20171207,20171206,210101000,3922.0,30862,2957964,1211445740.0,3922.0,75,3921.0,823
rb1805,20171207,20171206,210101500,3922.0,31040,2958004,1218426300.0,3922.0,18,3921.0,819
rb1805,20171207,20171206,210102000,3923.0,31128,2958052,1221877540.0,3923.0,145,3922.0,124
rb1805,20171207,20171206,210102500,3922.0,31342,2958056,1230272680.0,3923.0,43,3922.0,197
rb1805,20171207,20171206,210103000,3923.0,31478,2958088,1235607340.0,3923.0,20,3922.0,178
rb1805,20171207,20171206,210103500,3923.0,31576,2958130,1239451840.0,3924.0,282,3922.0,280
rb1805,20171207,20171206,210104000,3923.0,31620,2958138,1241178140.0,3924.0,244,3922.0,282
rb1805,20171207,20171206,210104500,3923.0,31646,2958158,1242198020.0,3924.0,216,3923.0,15
rb1805,20171207,20171206,210105000,3923.0,31684,2958190,1243688760.0,3924.0,217,3923.0,8
rb1805,20171207,20171206,210105500,3923.0,31772,2958172,1247141020.0,3924.0,211,3923.0,2
rb1805,20171207,20171206,210106000,3922.0,31896,2958230,1252005320.0,3923.0,51,3922.0,263
rb1805,20171207,20171206,210106500,3922.0,31912,2958238,1252632860.0,3923.0,86,3922.0,263
rb1805,20171207,20171206,210107000,3923.0,31934,2958258,1253495820.0,3923.0,102,3922.0,260
rb1805,20171207,20171206,210107500,3923.0,31984,2958292,1255457300.0,3923.0,83,3922.0,263
rb1805,20171207,20171206,210108000,3923.0,31996,2958302,1255928000.0,3923.0,110,3922.0,260
rb1805,20171207,20171206,210108500,3924.0,32278,2958292,1266990820.0,3924.0,257,3923.0,15
rb1805,20171207,20171206,210109000,3923.0,32418,2958296,1272482760.0,3923.0,60,3922.0,277
rb1805,20171207,20171206,210109500,3923.0,32640,2958464,1281191200.0,3924.0,251,3923.0,21
rb1805,20171207,20171206,210110000,3923.0,32708,2958474,1283858740.0,3924.0,282,3923.0,49
rb1805,20171207,20171206,210110500,3923.0,32816,2958486,1288095600.0,3924.0,283,3923.0,6
rb1805,20171207,20171206,210111000,3923.0,32898,2958456,1291313060.0,3924.0,275,3923.0,4
rb1805,20171207,20171206,210111500,3922.0,32978,2958464,1294451440.0,3923.0,2,3922.0,262
rb1805,20171207,20171206,210112000,3922.0,33022,2958474,1296177280.0,3923.0,47,3922.0,250
rb1805,20171207,20171206,210112500,3923.0,33204,2958470,1303315580.0,3923.0,92,3922.0,177
rb1805,20171207,20171206,210113000,3923.0,33240,2958464,1304727820.0,3923.0,87,3922.0,175
rb1805,20171207,20171206,210113500,3922.0,33360,2958462,1309434240.0,3923.0,91,3922.0,123
rb1805,20171207,20171206,210114000,3922.0,33656,2958626,1321043780.0,3922.0,79,3921.0,835
rb1805,20171207,20171206,210114500,3922.0,33672,2958632,1321671300.0,3922.0,72,3921.0,847
rb1805,20171207,20171206,210115000,3923.0,33852,2958644,1328730840.0,3923.0,427,3922.0,25
rb1805,20171207,20171206,210115500,3922.0,33940,2958638,1332182000.0,3922.0,56,3921.0,829
rb1805,20171207,20171206,210116000,3922.0,33970,2958660,1333358600.0,3922.0,45,3921.0,855
rb1805,20171207,20171206,210116500,3921.0,34030,2958686,1335711480.0,3922.0,95,3921.0,909
rb1805,20171207,20171206,210117000,3921.0,34192,2958574,1342063860.0,3922.0,81,3921.0,846
rb1805,20171207,20171206,210117500,3922.0,34366,2958554,1348888040.0,3922.0,10,3921.0,844
rb1805,20171207,20171206,210118000,3921.0,34398,2958556,1350142840.0,3922.0,12,3921.0,842
rb1805,20171207,20171206,210118500,3921.0,34468,2958586,1352888260.0,3923.0,451,3922.0,5
rb1805,20171207,20171206,210119000,3922.0,34500,2958602,1354143320.0,3923.0,459,3922.0,34
rb1805,20171207,20171206,210119500,3922.0,34512,2958614,1354613980.0,3923.0,401,3922.0,43
rb1805,20171207,20171206,210120000,3923.0,34536,2958634,1355555400.0,3923.0,388,3922.0,191
rb1805,20171207,20171206,210120500,3922.0,34802,2958488,1365988220.0,3923.0,317,3922.0,208
rb1805,20171207,20171206,210121000,3923.0,34916,2958406,1370459540.0,3923.0,155,3922.0,201
rb1805,20171207,20171206,210121500,3923.0,34990,2958404,1373362120.0,3923.0,142,3922.0,278
rb1805,20171207,20171206,210122000,3923.0,35310,2958202,1385913040.0,3923.0,123,3922.0,172
rb1805,20171207,20171206,210122500,3923.0,35432,2958254,1390698720.0,3923.0,81,3922.0,186
rb1805,20171207,20171206,210123000,3922.0,35856,2958466,1407328160.0,3922.0,235,3921.0,834
rb1805,20171207,20171206,210123500,3922.0,35892,2958454,1408740080.0,3922.0,219,3921.0,834
rb1805,20171207,20171206,210124000,3921.0,36008,2958412,1413289300.0,3922.0,183,3921.0,817
rb1805,20171207,20171206,210124500,3922.0,36098,2958382,1416819040.0,3922.0,149,3921.0,826
rb1805,20171207,20171206,210125000,3922.0,36130,2958362,1418074080.0,3922.0,155,3921.0,828
rb1805,20171207,20171206,210125500,3922.0,36192,2958362,1420505420.0,3922.0,141,3921.0,819
rb1805,20171207,20171206,210126000,3921.0,36508,2958158,1432898800.0,3922.0,1,3921.0,818
rb1805,20171207,20171206,210126500,3922.0,36606,2958142,1436742940.0,3923.0,235,3922.0,445
rb1805,20171207,20171206,210127000,3922.0,36652,2958154,1438547060.0,3923.0,236,3922.0,378
rb1805,20171207,20171206,210127500,3922.0,36692,2958150,1440115860.0,3923.0,238,3922.0,370
rb1805,20171207,20171206,210128000,3922.0,36734,2958156,1441763100.0,3923.0,243,3922.0,363
rb1805,20171207,20171206,210128500,3923.0,36928,2958230,1449373700.0,3923.0,149,3922.0,367
rb1805,20171207,20171206,210129000,3922.0,37136,2958276,1457532620.0,3923.0,99,3922.0,312
rb1805,20171207,20171206,210129500,3922.0,37200,2958276,1460042760.0,3923.0,55,3922.0,283
rb1805,20171207,20171206,210130000,3922.0,37694,2958554,1479417440.0,3923.0,60,3922.0,39
rb1805,20171207,20171206,210130500,3923.0,37806,2958582,1483810120.0,3923.0,175,3922.0,2
rb1805,20171207,20171206,210131000,3922.0,37888,2958590,1487026160.0,3922.0,162,3921.0,878
rb1805,20171207,20171206,210131500,3922.0,37952,2958542,1489536220.0,3922.0,249,3921.0,877
rb1805,20171207,20171206,210132000,3921.0,38092,2958478,1495025980.0,3922.0,254,3921.0,854
rb1805,20171207,20171206,210132500,3921.0,38228,2958496,1500358780.0,3922.0,253,3921.0,818
rb1805,20171207,20171206,210133000,3921.0,38350,2958514,1505143080.0,3922.0,328,3921.0,793
rb1805,20171207,20171206,210133500,3921.0,38630,2958670,1516123980.0,3922.0,239,3921.0,766
rb1805,20171207,20171206,210134000,3921.0,38674,2958680,1517849400.0,3922.0,235,3921.0,757
rb1805,20171207,20171206,210134500,3921.0,38748,2958720,1520751080.0,3922.0,242,3921.0,751
rb1805,20171207,20171206,210135000,3921.0,38812,2958778,1523260980.0,3922.0,238,3921.0,743
rb1805,20171207,20171206,210135500,3921.0,38898,2958780,1526633260.0,3922.0,263,3921.0,714
rb1805,20171207,20171206,210136000,3921.0,38990,2958864,1530241460.0,3922.0,262,3921.0,709
rb1805,20171207,20171206,210136500,3921.0,39056,2958914,1532829900.0,3922.0,236,3921.0,706
rb1805,20171207,20171206,210137000,3921.0,39208,2958944,1538789860.0,3922.0,237,3921.0,634
rb1805,20171207,20171206,210137500,3922.0,39234,2958936,1539809480.0,3922.0,268,3921.0,636
rb1805,20171207,20171206,210138000,3922.0,39524,2958782,1551182520.0,3922.0,197,3921.0,602
rb1805,20171207,20171206,210138500,3921.0,39582,2958792,1553457180.0,3922.0,175,3921.0,598
rb1805,20171207,20171206,210139000,3922.0,39734,2958860,1559418580.0,3922.0,109,3921.0,600
rb1805,20171207,20171206,210139500,3922.0,39968,2958814,1568595020.0,3922.0,58,3921.0,548
rb1805,20171207,20171206,210140000,3921.0,40066,2958772,1572437880.0,3922.0,113,3921.0,514
rb1805,20171207,20171206,210140500,3921.0,41146,2958924,1614784720.0,3921.0,266,3920.0,957
rb1805,20171207,20171206,210141000,3921.0,41632,2959058,1633837120.0,3921.0,215,3920.0,783
rb1805,20171207,20171206,210141500,3921.0,41724,2959008,1637443760.0,3921.0,405,3920.0,801
rb1805,20171207,20171206,210142000,3920.0,41936,2958990,1645754280.0,3921.0,409,3920.0,704
rb1805,20171207,20171206,210142500,3921.0,42526,2958890,1668882420.0,3921.0,424,3920.0,419
rb1805,20171207,20171206,210143000,3920.0,43428,2959274,1704240860.0,3920.0,152,3919.0,428
rb1805,20171207,20171206,210143500,3920.0,43772,2959388,1717723320.0,3920.0,122,3919.0,311
rb1805,20171207,20171206,210144000,3919.0,43970,2959414,1725483000.0,3920.0,124,3919.0,216
rb1805,20171207,20171206,210144500,3920.0,44096,2959472,1730421580.0,3920.0,102,3919.0,395
rb1805,20171207,20171206,210145000,3920.0,44644,2959486,1751898640.0,3920.0,50,3919.0,176
rb1805,20171207,20171206,210145500,3920.0,44858,2959464,1760287100.0,3920.0,12,3919.0,160
rb1805,20171207,20171206,210146000,3919.0,44946,2959476,1763736320.0,3920.0,54,3919.0,170
rb1805,20171207,20171206,210146500,3919.0,45074,2959598,1768752820.0,3920.0,71,3919.0,133
rb1805,20171207,20171206,210147000,3920.0,45160,2959632,1772123500.0,3920.0,60,3919.0,110
rb1805,20171207,20171206,210147500,3919.0,45232,2959630,1774945340.0,3920.0,110,3919.0,140
rb1805,20171207,20171206,210148000,3920.0,45246,2959632,1775494060.0,3920.0,128,3919.0,313
rb1805,20171207,20171206,210148500,3919.0,45338,2959660,1779099880.0,3920.0,112,3919.0,302
rb1805,20171207,20171206,210149000,3920.0,45530,2959626,1786626020.0,3920.0,95,3919.0,299
rb1805,20171207,20171206,210149500,3919.0,45574,2959638,1788350520.0,3920.0,91,3919.0,287
rb1805,20171207,20171206,210150000,3920.0,45836,2959718,1798620400.0,3921.0,371,3920.0,25
rb1805,20171207,20171206,210150500,3920.0,45906,2959734,1801364340.0,3920.0,3,3919.0,278
rb1805,20171207,20171206,210151000,3919.0,45926,2959746,1802148180.0,3920.0,24,3919.0,337
rb1805,20171207,20171206,210151500,3919.0,46122,2959714,1809830540.0,3921.0,391,3920.0,2
rb1805,20171207,20171206,210152000,3920.0,46166,2959704,1811555320.0,3921.0,390,3920.0,77
rb1805,20171207,20171206,210152500,3920.0,46202,2959700,1812966600.0,3921.0,418,3920.0,130
rb1805,20171207,20171206,210153000,3921.0,46290,2959740,1816416220.0,3921.0,425,3920.0,153
rb1805,20171207,20171206,210153500,3921.0,46618,2959604,1829275900.0,3921.0,323,3920.0,204
rb1805,20171207,20171206,210154000,3921.0,47076,2959350,1847229880.0,3921.0,300,3920.0,47
rb1805,20171207,20171206,210154500,3919.0,47412,2959360,1860402840.0,3920.0,207,3919.0,347
rb1805,20171207,20171206,210155000,3919.0,47464,2959328,1862441160.0,3920.0,198,3919.0,350
rb1805,20171207,20171206,210155500,3920.0,47480,2959328,1863068360.0,3920.0,200,3919.0,350
rb1805,20171207,20171206,210156000,3919.0,47492,2959328,1863538740.0,3920.0,214,3919.0,356
rb1805,20171207,20171206,210156500,3919.0,47500,2959332,1863852300.0,3920.0,215,3919.0,355
rb1805,20171207,20171206,210157000,3920.0,47520,2959340,1864636180.0,3920.0,216,3919.0,355
rb1805,20171207,20171206,210157500,3920.0,47564,2959356,1866360800.0,3920.0,242,3919.0,349
rb1805,20171207,20171206,210158000,3919.0,47602,2959384,1867850040.0,3920.0,251,3919.0,335
rb1805,20171207,20171206,210158500,3920.0,47658,2959366,1870045120.0,3920.0,281,3919.0,343
rb1805,20171207,20171206,210159000,3920.0,47720,2959360,1872475460.0,3920.0,254,3919.0,341
rb1805,20171207,20171206,210159500,3920.0,47746,2959368,1873494540.0,3920.0,249,3919.0,342
rb1805,20171207,20171206,210200000,3919.0,47764,2959372,1874200060.0,3920.0,265,3919.0,347
rb1805,20171207,20171206,210200500,3919.0,47856,2959364,1877805720.0,3920.0,287,3919.0,345
rb1805,20171207,20171206,210201000,3919.0,47922,2959352,1880392300.0,3920.0,288,3919.0,495
rb1805,20171207,20171206,210201500,3920.0,48574,2959726,1905950700.0,3921.0,280,3920.0,27
rb1805,20171207,20171206,210202000,3920.0,48650,2959764,1908929960.0,3921.0,298,3920.0,85
rb1805,20171207,20171206,210202500,3920.0,49348,2959628,1936293000.0,3921.0,226,3920.0,26
rb1805,20171207,20171206,210203000,3920.0,49570,2959714,1944995360.0,3920.0,409,3919.0,490
rb1805,20171207,20171206,210203500,3920.0,49714,2959814,1950639820.0,3920.0,361,3919.0,477
rb1805,20171207,20171206,210204000,3920.0,49862,2959942,1956441400.0,3920.0,352,3919.0,545
rb1805,20171207,20171206,210204500,3920.0,49910,2959974,1958322980.0,3920.0,332,3919.0,555
rb1805,20171207,20171206,210205000,3920.0,50586,2959948,1984822180.0,3921.0,231,3920.0,2
rb1805,20171207,20171206,210205500,3920.0,50636,2959992,1986782180.0,3921.0,252,3920.0,227
rb1805,20171207,20171206,210206000,3920.0,51100,2960236,2004975040.0,3921.0,49,3920.0,358
rb1805,20171207,20171206,210206500,3922.0,51426,2960466,2017758300.0,3922.0,136,3921.0,598
rb1805,20171207,20171206,210207000,3922.0,51790,2960502,2032034000.0,3923.0,258,3921.0,657
rb1805,20171207,20171206,210207500,3922.0,51852,2960546,2034465720.0,3923.0,324,3922.0,25
rb1805,20171207,20171206,210208000,3923.0,52284,2960748,2051412200.0,3923.0,322,3922.0,123
rb1805,20171207,20171206,210208500,3922.0,52780,2960422,2070870180.0,3923.0,115,3922.0,170
rb1805,20171207,20171206,210209000,3923.0,53078,2960372,2082560720.0,3924.0,285,3923.0,376
rb1805,20171207,20171206,210209500,3924.0,53248,2960366,2089231240.0,3924.0,216,3923.0,394
rb1805,20171207,20171206,210210000,3924.0,53280,2960376,2090486820.0,3924.0,267,3923.0,407
rb1805,20171207,20171206,210210500,3923.0,53374,2960446,2094175040.0,3924.0,239,3923.0,400
rb1805,20171207,20171206,210211000,3924.0,53436,2960454,2096607860.0,3924.0,327,3923.0,252
rb1805,20171207,20171206,210211500,3924.0,53686,2960476,2106415880.0,3924.0,413,3923.0,145
rb1805,20171207,20171206,210212000,3923.0,54186,2960186,2126030900.0,3923.0,24,3922.0,174
rb1805,20171207,20171206,210212500,3923.0,54504,2959936,2138506520.0,3924.0,360,3923.0,44
rb1805,20171207,20171206,210213000,3923.0,54594,2959916,2142037320.0,3924.0,343,3923.0,167
rb1805,20171207,20171206,210213500,3924.0,54674,2959896,2145175940.0,3924.0,352,3923.0,140
rb1805,20171207,20171206,210214000,3923.0,54708,2959874,2146510000.0,3924.0,336,3923.0,148
rb1805,20171207,20171206,210214500,3924.0,54724,2959870,2147137760.0,3924.0,334,3923.0,152
rb1805,20171207,20171206,210215000,3924.0,54758,2959866,2148471660.0,3924.0,336,3923.0,147
rb1805,20171207,20171206,210215500,3923.0,54778,2959862,2149256360.0,3924.0,340,3923.0,143
rb1805,20171207,20171206,210216000,3923.0,54790,2959852,2149727140.0,3924.0,341,3923.0,142
rb1805,20171207,20171206,210216500,3923.0,54892,2959834,2153729140.0,3924.0,393,3923.0,125
rb1805,20171207,20171206,210217000,3923.0,55120,2959726,2162673700.0,3923.0,103,3922.0,191
rb1805,20171207,20171206,210217500,3923.0,55236,2959624,2167224380.0,3923.0,128,3922.0,241
rb1805,20171207,20171206,210218000,3923.0,55312,2959554,2170205860.0,3923.0,115,3922.0,251
rb1805,20171207,20171206,210218500,3923.0,55436,2959504,2175070380.0,3923.0,66,3922.0,251
rb1805,20171207,20171206,210219000,3923.0,55498,2959446,2177502620.0,3923.0,40,3922.0,250
rb1805,20171207,20171206,210219500,3923.0,55652,2959444,2183543940.0,3923.0,46,3922.0,247
rb1805,20171207,20171206,210220000,3923.0,55720,2959402,2186211580.0,3923.0,39,3922.0,248
rb1805,20171207,20171206,210220500,3923.0,55834,2959510,2190683800.0,3924.0,409,3923.0,13
rb1805,20171207,20171206,210221000,3923.0,55848,2959522,2191233020.0,3924.0,413,3923.0,92
rb1805,20171207,20171206,210221500,3923.0,55864,2959512,2191860820.0,3924.0,411,3923.0,120
rb1805,20171207,20171206,210222000,3923.0,55908,2959512,2193587240.0,3924.0,396,3923.0,122
rb1805,20171207,20171206,210222500,3923.0,56058,2959518,2199471760.0,3924.0,397,3923.0,52
rb1805,20171207,20171206,210223000,3923.0,56292,2959642,2208651360.0,3923.0,73,3922.0,270
rb1805,20171207,20171206,210223500,3923.0,56354,2959622,2211083080.0,3923.0,48,3922.0,254
rb1805,20171207,20171206,210224000,3922.0,56444,2959564,2214613740.0,3923.0,11,3922.0,254
rb1805,20171207,20171206,210224500,3922.0,56464,2959582,2215398320.0,3923.0,48,3922.0,273
rb1805,20171207,20171206,210225000,3923.0,56478,2959578,2215947540.0,3923.0,44,3922.0,273
rb1805,20171207,20171206,210225500,3923.0,56504,2959576,2216967320.0,3923.0,54,3922.0,265
rb1805,20171207,20171206,210226000,3923.0,56540,2959586,2218379460.0,3923.0,44,3922.0,269
rb1805,20171207,20171206,210226500,3923.0,56628,2959604,2221831700.0,3924.0,400,3923.0,39
rb1805,20171207,20171206,210227000,3923.0,56658,2959616,2223008680.0,3924.0,398,3923.0,154
rb1805,20171207,20171206,210227500,3923.0,56986,2959594,2235876380.0,3924.0,435,3923.0,5
rb1805,20171207,20171206,210228000,3923.0,56992,2959594,2236111760.0,3924.0,586,3923.0,3
rb1805,20171207,20171206,210228500,3924.0,57068,2959638,2239092840.0,3923.0,2,3922.0,281
rb1805,20171207,20171206,210229000,3922.0,57652,2959338,2261997400.0,3922.0,23,3921.0,250
rb1805,20171207,20171206,210229500,3922.0,57668,2959352,2262624920.0,3922.0,58,3921.0,251
rb1805,20171207,20171206,210230000,3922.0,57680,2959364,2263095560.0,3922.0,58,3921.0,173
rb1805,20171207,20171206,210230500,3922.0,57782,2959386,2267096000.0,3922.0,8,3921.0,169
rb1805,20171207,20171206,210231000,3922.0,57826,2959394,2268821400.0,3923.0,385,3922.0,149
rb1805,20171207,20171206,210231500,3921.0,58546,2959538,2297055520.0,3921.0,42,3920.0,366
rb1805,20171207,20171206,210232000,3922.0,58646,2959544,2300976660.0,3922.0,36,3921.0,234
rb1805,20171207,20171206,210232500,3922.0,58732,2959604,2304349640.0,3923.0,406,3922.0,32
rb1805,20171207,20171206,210233000,3922.0,58736,2959604,2304506520.0,3923.0,407,3922.0,95
rb1805,20171207,20171206,210233500,3922.0,58764,2959596,2305604760.0,3923.0,410,3922.0,85
rb1805,20171207,20171206,210234000,3921.0,58964,2959570,2313448960.0,3922.0,165,3921.0,357
rb1805,20171207,20171206,210234500,3921.0,58998,2959572,2314782120.0,3922.0,167,3921.0,343
rb1805,20171207,20171206,210235000,3922.0,59006,2959570,2315095880.0,3922.0,165,3921.0,359
rb1805,20171207,20171206,210235500,3922.0,59014,2959570,2315409620.0,3922.0,182,3921.0,360
rb1805,20171207,20171206,210236000,3922.0,59164,2959600,2321292260.0,3922.0,242,3921.0,345
rb1805,20171207,20171206,210236500,3922.0,59200,2959598,2322704160.0,3922.0,470,3921.0,379
rb1805,20171207,20171206,210237000,3922.0,60004,2959324,2354229520.0,3922.0,446,3921.0,35
rb1805,20171207,20171206,210237500,3921.0,60192,2959296,2361601000.0,3922.0,446,3921.0,4
rb1805,20171207,20171206,210238000,3922.0,60304,2959298,2365993180.0,3922.0,378,3921.0,1
rb1805,20171207,20171206,210238500,3921.0,60306,2959300,2366071600.0,3921.0,1,3920.0,460
rb1805,20171207,20171206,210239000,3921.0,60320,2959294,2366620580.0,3922.0,390,3921.0,18
rb1805,20171207,20171206,210239500,3922.0,60356,2959274,2368032180.0,3922.0,391,3921.0,20
rb1805,20171207,20171206,210240000,3921.0,60384,2959278,2369130300.0,3922.0,380,3921.0,22
rb1805,20171207,20171206,210240500,3921.0,60390,2959282,2369365580.0,3922.0,367,3921.0,162
rb1805,20171207,20171206,210241000,3922.0,60432,2959296,2371012580.0,3922.0,370,3921.0,162
rb1805,20171207,20171206,210241500,3921.0,60706,2959380,2381756720.0,3922.0,343,3921.0,67
rb1805,20171207,20171206,210242000,3921.0,60714,2959380,2382070400.0,3922.0,343,3921.0,86
rb1805,20171207,20171206,210242500,3922.0,60824,2959398,2386383600.0,3922.0,358,3921.0,73
rb1805,20171207,20171206,210243000,3922.0,60910,2959390,2389756360.0,3922.0,324,3921.0,68
rb1805,20171207,20171206,210243500,3921.0,60948,2959368,2391246400.0,3922.0,324,3921.0,56
rb1805,20171207,20171206,210244000,3921.0,60952,2959370,2391403260.0,3922.0,328,3921.0,97
rb1805,20171207,20171206,210244500,3921.0,61074,2959352,2396187860.0,3922.0,280,3921.0,97
rb1805,20171207,20171206,210245000,3921.0,61164,2959430,2399717640.0,3922.0,240,3921.0,115
rb1805,20171207,20171206,210245500,3921.0,61290,2959486,2404659120.0,3922.0,190,3921.0,157
rb1805,20171207,20171206,210246000,3921.0,61292,2959488,2404737540.0,3922.0,188,3921.0,168
rb1805,20171207,20171206,210246500,3922.0,61384,2959488,2408345760.0,3922.0,143,3921.0,181
rb1805,20171207,20171206,210247000,3922.0,61684,2959698,2420111640.0,3923.0,493,3922.0,84
rb1805,20171207,20171206,210247500,3922.0,61776,2959708,2423719940.0,3923.0,431,3922.0,83
rb1805,20171207,20171206,210248000,3922.0,61884,2959760,2427955720.0,3923.0,430,3922.0,45
rb1805,20171207,20171206,210248500,3922.0,61916,2959750,2429210860.0,3923.0,425,3922.0,134
rb1805,20171207,20171206,210249000,3922.0,61918,2959750,2429289300.0,3923.0,426,3922.0,221
rb1805,20171207,20171206,210249500,3922.0,61950,2959758,2430544420.0,3923.0,422,3922.0,203
rb1805,20171207,20171206,210250000,3922.0,61964,2959758,2431093500.0,3923.0,422,3922.0,206
rb1805,20171207,20171206,210250500,3923.0,62012,2959764,2432976460.0,3923.0,402,3922.0,210
rb1805,20171207,20171206,210251000,3923.0,62050,2959796,2434467140.0,3923.0,386,3922.0,205
rb1805,20171207,20171206,210251500,3923.0,62206,2959764,2440586960.0,3923.0,309,3922.0,203
rb1805,20171207,20171206,210252000,3923.0,62828,2959650,2464988020.0,3924.0,632,3923.0,8
rb1805,20171207,20171206,210252500,3923.0,62878,2959670,2466949540.0,3923.0,2,3922.0,211
rb1805,20171207,20171206,210253000,3924.0,62896,2959666,2467655740.0,3924.0,620,3923.0,27
rb1805,20171207,20171206,210253500,3923.0,62916,2959656,2468440340.0,3924.0,651,3923.0,25
rb1805,20171207,20171206,210254000,3923.0,63092,2959610,2475345180.0,3923.0,27,3922.0,227
rb1805,20171207,20171206,210254500,3923.0,63098,2959606,2475580560.0,3923.0,40,3922.0,227
rb1805,20171207,20171206,210255000,3923.0,63108,2959604,2475972820.0,3923.0,49,3922.0,227
rb1805,20171207,20171206,210255500,3923.0,63156,2959566,2477855860.0,3923.0,34,3922.0,231
rb1805,20171207,20171206,210256000,3923.0,63182,2959578,2478875760.0,3923.0,26,3922.0,227
rb1805,20171207,20171206,210256500,3923.0,63186,2959578,2479032680.0,3923.0,25,3922.0,228
rb1805,20171207,20171206,210257000,3923.0,63202,2959590,2479660320.0,3923.0,26,3922.0,227
rb1805,20171207,20171206,210257500,3923.0,63218,2959604,2480288000.0,3923.0,28,3922.0,237
rb1805,20171207,20171206,210258000,3923.0,63272,2959612,2482406420.0,3923.0,44,3922.0,239
rb1805,20171207,20171206,210258500,3923.0,63282,2959618,2482798720.0,3923.0,40,3922.0,239
rb1805,20171207,20171206,210259000,3923.0,63306,2959642,2483740240.0,3923.0,118,3922.0,235
rb1805,20171207,20171206,210259500,3923.0,63404,2959676,2487584740.0,3923.0,72,3922.0,117
rb1805,20171207,20171206,210300000,3923.0,63492,2959714,2491036600.0,3923.0,79,3922.0,108
rb1805,20171207,20171206,210300500,3923.0,63598,2959742,2495194400.0,3923.0,86,3922.0,81
rb1805,20171207,20171206,210301000,3923.0,63616,2959738,2495900540.0,3923.0,91,3922.0,99
rb1805,20171207,20171206,210301500,3924.0,63880,2959872,2506257780.0,3924.0,596,3922.0,100
rb1805,20171207,20171206,210302000,3923.0,63910,2959880,2507434840.0,3924.0,590,3923.0,1
rb1805,20171207,20171206,210302500,3924.0,63960,2959884,2509396360.0,3924.0,589,3923.0,91
rb1805,20171207,20171206,210303000,3923.0,63964,2959884,2509553300.0,3924.0,591,3923.0,145
rb1805,20171207,20171206,210303500,3923.0,64016,2959852,2511593280.0,3924.0,590,3923.0,148
rb1805,20171207,20171206,210304000,3923.0,64032,2959848,2512221000.0,3924.0,588,3923.0,157
rb1805,20171207,20171206,210304500,3923.0,64060,2959830,2513319660.0,3924.0,535,3923.0,156
rb1805,20171207,20171206,210305000,3923.0,64162,2959740,2517321140.0,3924.0,534,3923.0,165
rb1805,20171207,20171206,210305500,3924.0,64178,2959740,2517948860.0,3924.0,530,3923.0,173
rb1805,20171207,20171206,210306000,3923.0,64374,2959766,2525639420.0,3924.0,457,3923.0,172
rb1805,20171207,20171206,210306500,3923.0,64964,2959964,2548790740.0,3924.0,178,3923.0,238
rb1805,20171207,20171206,210307000,3924.0,65384,2960084,2565271540.0,3925.0,614,3924.0,88
rb1805,20171207,20171206,210307500,3925.0,65440,2960074,2567469400.0,3925.0,593,3924.0,273
rb1805,20171207,20171206,210308000,3925.0,65492,2960080,2569510160.0,3925.0,583,3924.0,285
rb1805,20171207,20171206,210308500,3924.0,65516,2960100,2570452100.0,3925.0,574,3924.0,284
rb1805,20171207,20171206,210309000,3925.0,65524,2960100,2570766040.0,3925.0,574,3924.0,283
rb1805,20171207,20171206,210309500,3925.0,65726,2960122,2578694540.0,3925.0,474,3924.0,282
rb1805,20171207,20171206,210310000,3924.0,65740,2960128,2579243900.0,3925.0,488,3924.0,284
rb1805,20171207,20171206,210310500,3925.0,65764,2960142,2580185780.0,3925.0,482,3924.0,278
rb1805,20171207,20171206,210311000,3925.0,66748,2960954,2618807860.0,3926.0,488,3925.0,84
rb1805,20171207,20171206,210311500,3925.0,66778,2960954,2619985360.0,3926.0,489,3925.0,219
rb1805,20171207,20171206,210312000,3925.0,66840,2961002,2622418960.0,3926.0,483,3925.0,251
rb1805,20171207,20171206,210312500,3925.0,66850,2961004,2622811460.0,3926.0,483,3925.0,298
rb1805,20171207,20171206,210313000,3925.0,66972,2961068,2627600120.0,3926.0,474,3925.0,263
rb1805,20171207,20171206,210313500,3926.0,67070,2961092,2631447140.0,3926.0,449,3925.0,251
rb1805,20171207,20171206,210314000,3925.0,67204,2961134,2636707300.0,3926.0,423,3925.0,258
rb1805,20171207,20171206,210314500,3926.0,67300,2961202,2640476160.0,3926.0,381,3925.0,256
rb1805,20171207,20171206,210315000,3926.0,67418,2961296,2645108720.0,3926.0,330,3925.0,267
rb1805,20171207,20171206,210315500,3926.0,67488,2961326,2647856880.0,3926.0,299,3925.0,274
rb1805,20171207,20171206,210316000,3925.0,67544,2961322,2650055040.0,3926.0,289,3925.0,265
rb1805,20171207,20171206,210316500,3926.0,67610,2961318,2652646200.0,3926.0,317,3925.0,272
rb1805,20171207,20171206,210317000,3926.0,67776,2961394,2659163200.0,3926.0,253,3925.0,275
rb1805,20171207,20171206,210317500,3926.0,67950,2961386,2665994400.0,3926.0,170,3925.0,272
rb1805,20171207,20171206,210318000,3926.0,68034,2961426,2669292160.0,3926.0,144,3925.0,272
rb1805,20171207,20171206,210318500,3926.0,68390,2961608,2683268720.0,3926.0,23,3925.0,248
rb1805,20171207,20171206,210319000,3926.0,68456,2961664,2685859880.0,3927.0,356,3926.0,286
rb1805,20171207,20171206,210319500,3926.0,68610,2961574,2691905920.0,3927.0,359,3926.0,240
rb1805,20171207,20171206,210320000,3927.0,68656,2961558,2693712140.0,3927.0,347,3926.0,249
rb1805,20171207,20171206,210320500,3927.0,68886,2961514,2702742460.0,3927.0,353,3926.0,206
rb1805,20171207,20171206,210321000,3926.0,68978,2961538,2706355140.0,3927.0,325,3926.0,207
rb1805,20171207,20171206,210321500,3927.0,69036,2961564,2708632560.0,3927.0,315,3926.0,196
rb1805,20171207,20171206,210322000,3927.0,69198,2961542,2714994060.0,3927.0,247,3926.0,188
rb1805,20171207,20171206,210322500,3927.0,69500,2961560,2726853340.0,3927.0,136,3926.0,182
rb1805,20171207,20171206,210323000,3927.0,69976,2961710,2745545320.0,3928.0,663,3927.0,32
rb1805,20171207,20171206,210323500,3927.0,70132,2961756,2751672160.0,3928.0,634,3927.0,57
rb1805,20171207,20171206,210324000,3928.0,70186,2961786,2753792900.0,3928.0,725,3927.0,164
rb1805,20171207,20171206,210324500,3927.0,70758,2961542,2776255240.0,3927.0,188,3926.0,296
rb1805,20171207,20171206,210325000,3927.0,71612,2961724,2809793260.0,3927.0,15,3926.0,224
rb1805,20171207,20171206,210325500,3927.0,71730,2961662,2814427140.0,3928.0,594,3927.0,2
rb1805,20171207,20171206,210326000,3927.0,71808,2961654,2817490740.0,3928.0,621,3927.0,18
rb1805,20171207,20171206,210326500,3927.0,71884,2961684,2820475420.0,3928.0,616,3927.0,21
rb1805,20171207,20171206,210327000,3927.0,72292,2962042,2836494380.0,3927.0,14,3926.0,131
rb1805,20171207,20171206,210327500,3927.0,72412,2962104,2841207100.0,3928.0,659,3927.0,65
rb1805,20171207,20171206,210328000,3928.0,72606,2961996,2848827280.0,3928.0,577,3927.0,75
rb1805,20171207,20171206,210328500,3928.0,72658,2962018,2850869480.0,3928.0,571,3927.0,62
rb1805,20171207,20171206,210329000,3928.0,72728,2962072,2853618500.0,3928.0,671,3927.0,39
rb1805,20171207,20171206,210329500,3928.0,73116,2962282,2868856880.0,3928.0,653,3926.0,215
rb1805,20171207,20171206,210330000,3928.0,73148,2962280,2870113820.0,3928.0,647,3927.0,26
rb1805,20171207,20171206,210330500,3928.0,73218,2962264,2872863180.0,3928.0,651,3927.0,46
rb1805,20171207,20171206,210331000,3927.0,73314,2962276,2876633480.0,3928.0,641,3927.0,68
rb1805,20171207,20171206,210331500,3927.0,73504,2962372,2884095080.0,3927.0,26,3926.0,269
rb1805,20171207,20171206,210332000,3927.0,73864,2962380,2898231280.0,3928.0,634,3926.0,203
rb1805,20171207,20171206,210332500,3927.0,73918,2962386,2900352220.0,3928.0,621,3927.0,1
rb1805,20171207,20171206,210333000,3927.0,73954,2962382,2901766220.0,3927.0,1,3926.0,215
rb1805,20171207,20171206,210333500,3927.0,74200,2962396,2911424840.0,3927.0,6,3926.0,116
rb1805,20171207,20171206,210334000,3927.0,74226,2962404,2912445860.0,3927.0,220,3926.0,142
rb1805,20171207,20171206,210334500,3926.0,74310,2962390,2915744220.0,3927.0,399,3926.0,119
rb1805,20171207,20171206,210335000,3927.0,74464,2962356,2921791040.0,3927.0,388,3926.0,97
rb1805,20171207,20171206,210335500,3927.0,74562,2962412,2925638720.0,3927.0,385,3926.0,58
rb1805,20171207,20171206,210336000,3926.0,75602,2962110,2966457280.0,3926.0,75,3924.0,78
rb1805,20171207,20171206,210336500,3926.0,75710,2962086,2970696500.0,3926.0,232,3924.0,95
rb1805,20171207,20171206,210337000,3926.0,75762,2962068,2972737740.0,3926.0,284,3924.0,89
rb1805,20171207,20171206,210337500,3926.0,75828,2962036,2975328780.0,3926.0,236,3925.0,1
rb1805,20171207,20171206,210338000,3925.0,76012,2962024,2982550360.0,3925.0,22,3924.0,61
rb1805,20171207,20171206,210338500,3925.0,76058,2962028,2984355800.0,3925.0,63,3924.0,61
rb1805,20171207,20171206,210339000,3924.0,76094,2962022,2985768780.0,3925.0,52,3924.0,63
rb1805,20171207,20171206,210339500,3925.0,76142,2962006,2987652720.0,3925.0,49,3924.0,124
rb1805,20171207,20171206,210340000,3925.0,76160,2962010,2988359140.0,3925.0,44,3924.0,126
rb1805,20171207,20171206,210340500,3924.0,76226,2961972,2990949520.0,3925.0,2,3924.0,121
rb1805,20171207,20171206,210341000,3925.0,76240,2961980,2991499040.0,3926.0,255,3925.0,25
rb1805,20171207,20171206,210341500,3925.0,76270,2962004,2992676600.0,3926.0,255,3925.0,10
rb1805,20171207,20171206,210342000,3925.0,76388,2962014,2997308120.0,3926.0,195,3925.0,41
rb1805,20171207,20171206,210342500,3925.0,76430,2962048,2998956920.0,3926.0,125,3925.0,56
rb1805,20171207,20171206,210343000,3926.0,76546,2962062,3003511080.0,3926.0,58,3925.0,138
rb1805,20171207,20171206,210343500,3926.0,76724,2961986,3010499360.0,3927.0,267,3926.0,19
rb1805,20171207,20171206,210344000,3926.0,76846,2962006,3015289080.0,3927.0,268,3926.0,58
rb1805,20171207,20171206,210344500,3926.0,77018,2962158,3022041720.0,3927.0,269,3926.0,8
rb1805,20171207,20171206,210345000,3926.0,77276,2962040,3032172820.0,3927.0,169,3926.0,27
rb1805,20171207,20171206,210345500,3926.0,77300,2962024,3033115100.0,3927.0,175,3926.0,20
rb1805,20171207,20171206,210346000,3926.0,77392,2962038,3036727200.0,3927.0,176,3926.0,21
rb1805,20171207,20171206,210346500,3926.0,77450,2962020,3039004280.0,3926.0,16,3925.0,169
rb1805,20171207,20171206,210347000,3926.0,77452,2962020,3039082800.0,3926.0,22,3925.0,172
rb1805,20171207,20171206,210347500,3926.0,77550,2962040,3042929680.0,3926.0,7,3925.0,142
rb1805,20171207,20171206,210348000,3926.0,77560,2962046,3043322260.0,3926.0,23,3925.0,164
rb1805,20171207,20171206,210348500,3926.0,77618,2962056,3045599340.0,3927.0,219,3925.0,144
rb1805,20171207,20171206,210349000,3927.0,77626,2962064,3045913460.0,3927.0,229,3926.0,3
rb1805,20171207,20171206,210349500,3927.0,77652,2962058,3046934320.0,3927.0,227,3926.0,16
rb1805,20171207,20171206,210350000,3926.0,77664,2962062,3047405520.0,3927.0,224,3926.0,70
rb1805,20171207,20171206,210350500,3926.0,77862,2961960,3055178840.0,3926.0,117,3925.0,218
rb1805,20171207,20171206,210351000,3926.0,77958,2961948,3058947160.0,3926.0,151,3925.0,147
rb1805,20171207,20171206,210351500,3925.0,78080,2962026,3063735900.0,3926.0,142,3925.0,88
rb1805,20171207,20171206,210352000,3926.0,78154,2962048,3066640880.0,3926.0,141,3925.0,76
rb1805,20171207,20171206,210352500,3926.0,78196,2962042,3068289800.0,3926.0,135,3925.0,88
rb1805,20171207,20171206,210353000,3926.0,78220,2962052,3069231940.0,3926.0,139,3925.0,88
rb1805,20171207,20171206,210353500,3926.0,78488,2961978,3079753540.0,3926.0,23,3925.0,86
rb1805,20171207,20171206,210354000,3926.0,78608,2962094,3084463720.0,3926.0,69,3925.0,42
rb1805,20171207,20171206,210354500,3926.0,78616,2962100,3084777800.0,3926.0,96,3925.0,45
rb1805,20171207,20171206,210355000,3926.0,78702,2962102,3088154120.0,3926.0,77,3925.0,42
rb1805,20171207,20171206,210355500,3926.0,78722,2962120,3088939320.0,3926.0,67,3925.0,47
rb1805,20171207,20171206,210356000,3925.0,78820,2962162,3092786480.0,3926.0,53,3925.0,36
rb1805,20171207,20171206,210356500,3925.0,78938,2962254,3097418220.0,3925.0,8,3924.0,285
rb1805,20171207,20171206,210357000,3926.0,79004,2962238,3100009220.0,3926.0,65,3925.0,2
rb1805,20171207,20171206,210357500,3926.0,79024,2962248,3100794380.0,3926.0,61,3925.0,2
rb1805,20171207,20171206,210358000,3926.0,79038,2962258,3101344000.0,3926.0,67,3925.0,14
rb1805,20171207,20171206,210358500,3926.0,79052,2962258,3101893540.0,3926.0,66,3925.0,14
rb1805,20171207,20171206,210359000,3926.0,79066,2962262,3102443120.0,3926.0,55,3925.0,86
rb1805,20171207,20171206,210359500,3926.0,79084,2962262,3103149700.0,3926.0,52,3925.0,97
rb1805,20171207,20171206,210400000,3926.0,79150,2962270,3105740820.0,3926.0,32,3925.0,101
rb1805,20171207,20171206,210400500,3926.0,79194,2962268,3107468200.0,3926.0,19,3925.0,101
rb1805,20171207,20171206,210401000,3925.0,79228,2962290,3108802960.0,3926.0,8,3925.0,102
rb1805,20171207,20171206,210401500,3926.0,79318,2962246,3112336260.0,3927.0,267,3926.0,18
rb1805,20171207,20171206,210402000,3926.0,79932,2961916,3136447920.0,3927.0,7,3926.0,100
rb1805,20171207,20171206,210402500,3926.0,80036,2961926,3140531860.0,3927.0,13,3926.0,187
rb1805,20171207,20171206,210403000,3926.0,80064,2961944,3141631160.0,3927.0,29,3926.0,188
rb1805,20171207,20171206,210403500,3927.0,80208,2961966,3147285380.0,3928.0,839,3927.0,15
rb1805,20171207,20171206,210404000,3926.0,80656,2961756,3164877720.0,3927.0,75,3926.0,21
rb1805,20171207,20171206,210404500,3926.0,80752,2961746,3168647060.0,3926.0,13,3925.0,198
rb1805,20171207,20171206,210405000,3926.0,80776,2961746,3169589280.0,3926.0,23,3925.0,232
rb1805,20171207,20171206,210405500,3926.0,80782,2961746,3169824820.0,3926.0,22,3925.0,230
rb1805,20171207,20171206,210406000,3925.0,80802,2961760,3170609920.0,3926.0,29,3925.0,226
rb1805,20171207,20171206,210406500,3926.0,80878,2961770,3173593680.0,3927.0,219,3926.0,15
rb1805,20171207,20171206,210407000,3926.0,80882,2961770,3173750720.0,3927.0,230,3926.0,85
rb1805,20171207,20171206,210407500,3926.0,81094,2961664,3182074000.0,3926.0,404,3925.0,245
rb1805,20171207,20171206,210408000,3926.0,81120,2961666,3183094720.0,3926.0,397,3925.0,186
rb1805,20171207,20171206,210408500,3926.0,81200,2961600,3186235500.0,3926.0,358,3925.0,182
rb1805,20171207,20171206,210409000,3926.0,81226,2961608,3187256100.0,3926.0,397,3925.0,180
rb1805,20171207,20171206,210409500,3926.0,81250,2961602,3188198220.0,3926.0,395,3925.0,191
rb1805,20171207,20171206,210410000,3926.0,81334,2961602,3191496060.0,3926.0,359,3925.0,203
rb1805,20171207,20171206,210410500,3926.0,81394,2961564,3193851500.0,3926.0,339,3925.0,220
rb1805,20171207,20171206,210411000,3925.0,81828,2961738,3210886960.0,3926.0,297,3925.0,54
rb1805,20171207,20171206,210411500,3926.0,81966,2961744,3216304760.0,3926.0,244,3925.0,57
rb1805,20171207,20171206,210412000,3926.0,81988,2961742,3217168440.0,3926.0,237,3925.0,59
rb1805,20171207,20171206,210412500,3926.0,82106,2961742,3221801100.0,3926.0,150,3925.0,68
rb1805,20171207,20171206,210413000,3925.0,82142,2961738,3223214300.0,3926.0,139,3925.0,184
rb1805,20171207,20171206,210413500,3926.0,82238,2961724,3226982860.0,3926.0,116,3925.0,171
rb1805,20171207,20171206,210414000,3926.0,82264,2961714,3228003460.0,3926.0,110,3925.0,166
rb1805,20171207,20171206,210414500,3926.0,82322,2961698,3230280520.0,3926.0,84,3925.0,172
rb1805,20171207,20171206,210415000,3926.0,82450,2961726,3235305760.0,3926.0,25,3925.0,172
rb1805,20171207,20171206,210415500,3926.0,82548,2961794,3239153260.0,3927.0,217,3926.0,281
rb1805,20171207,20171206,210416000,3926.0,83092,2962010,3260514060.0,3927.0,41,3926.0,199
rb1805,20171207,20171206,210416500,3927.0,83388,2962100,3272137980.0,3928.0,891,3927.0,492
rb1805,20171207,20171206,210417000,3927.0,83440,2962122,3274180080.0,3928.0,859,3927.0,506
rb1805,20171207,20171206,210417500,3927.0,83672,2962126,3283292500.0,3928.0,749,3927.0,482
rb1805,20171207,20171206,210418000,3928.0,84964,2963118,3334031800.0,3928.0,593,3927.0,2
rb1805,20171207,20171206,210418500,3927.0,85060,2963150,3337801700.0,3927.0,530,3926.0,71
rb1805,20171207,20171206,210419000,3927.0,85308,2963084,3347538220.0,3927.0,553,3926.0,66
rb1805,20171207,20171206,210419500,3926.0,85524,2963046,3356018380.0,3926.0,164,3925.0,194
rb1805,20171207,20171206,210420000,3925.0,86194,2963008,3382322140.0,3927.0,471,3925.0,107
rb1805,20171207,20171206,210420500,3926.0,86294,2962916,3386247440.0,3926.0,3,3925.0,75
rb1805,20171207,20171206,210421000,3927.0,86428,2962920,3391508720.0,3927.0,477,3925.0,78
rb1805,20171207,20171206,210421500,3926.0,86450,2962914,3392372460.0,3926.0,13,3925.0,80
rb1805,20171207,20171206,210422000,3927.0,86490,2962886,3393942920.0,3926.0,135,3925.0,84
rb1805,20171207,20171206,210422500,3926.0,86544,2962856,3396062920.0,3926.0,176,3925.0,83
rb1805,20171207,20171206,210423000,3926.0,86558,2962856,3396612560.0,3926.0,182,3925.0,89
rb1805,20171207,20171206,210423500,3926.0,86616,2962852,3398889540.0,3926.0,167,3925.0,108
rb1805,20171207,20171206,210424000,3926.0,86634,2962852,3399596220.0,3926.0,171,3925.0,111
rb1805,20171207,20171206,210424500,3926.0,86768,2962836,3404857000.0,3926.0,117,3925.0,123
rb1805,20171207,20171206,210425000,3926.0,86788,2962838,3405642180.0,3926.0,113,3925.0,174
rb1805,20171207,20171206,210425500,3926.0,86806,2962832,3406348840.0,3926.0,104,3925.0,192
rb1805,20171207,20171206,210426000,3926.0,86842,2962808,3407762140.0,3926.0,92,3925.0,264
rb1805,20171207,20171206,210426500,3926.0,86858,2962808,3408390300.0,3926.0,84,3925.0,272
rb1805,20171207,20171206,210427000,3926.0,86874,2962804,3409018460.0,3926.0,76,3925.0,434
rb1805,20171207,20171206,210427500,3926.0,86932,2962776,3411295520.0,3926.0,48,3925.0,439
rb1805,20171207,20171206,210428000,3926.0,86940,2962774,3411609600.0,3926.0,122,3925.0,441
rb1805,20171207,20171206,210428500,3926.0,87230,2962550,3422994680.0,3927.0,519,3926.0,100
rb1805,20171207,20171206,210429000,3926.0,87250,2962530,3423779880.0,3927.0,530,3926.0,107
rb1805,20171207,20171206,210429500,3926.0,87278,2962510,3424879200.0,3927.0,527,3926.0,96
rb1805,20171207,20171206,210430000,3927.0,87432,2962554,3430925760.0,3927.0,499,3926.0,127
rb1805,20171207,20171206,210430500,3927.0,87510,2962522,3433988400.0,3927.0,482,3926.0,137
rb1805,20171207,20171206,210431000,3927.0,87514,2962518,3434145480.0,3927.0,486,3926.0,175
rb1805,20171207,20171206,210431500,3927.0,87568,2962522,3436265600.0,3927.0,484,3926.0,165
rb1805,20171207,20171206,210432000,3926.0,87624,2962524,3438464300.0,3927.0,479,3926.0,148
rb1805,20171207,20171206,210432500,3926.0,87634,2962526,3438856940.0,3927.0,487,3926.0,125
rb1805,20171207,20171206,210433000,3927.0,87690,2962544,3441055940.0,3927.0,466,3926.0,123
rb1805,20171207,20171206,210433500,3927.0,87704,2962556,3441605600.0,3927.0,462,3926.0,119
rb1805,20171207,20171206,210434000,3927.0,87922,2962756,3450166460.0,3927.0,355,3926.0,128
rb1805,20171207,20171206,210434500,3926.0,87934,2962758,3450637640.0,3927.0,357,3926.0,137
rb1805,20171207,20171206,210435000,3926.0,88044,2962718,3454957300.0,3927.0,305,3926.0,135
rb1805,20171207,20171206,210435500,3927.0,88078,2962736,3456292400.0,3927.0,296,3926.0,155
rb1805,20171207,20171206,210436000,3926.0,88456,2962716,3471133320.0,3926.0,155,3925.0,489
rb1805,20171207,20171206,210436500,3926.0,88480,2962714,3472075560.0,3926.0,281,3925.0,485
rb1805,20171207,20171206,210437000,3926.0,88524,2962690,3473803000.0,3926.0,313,3925.0,485
rb1805,20171207,20171206,210437500,3926.0,88540,2962686,3474431140.0,3926.0,316,3925.0,421
rb1805,20171207,20171206,210438000,3926.0,89590,2962668,3515645700.0,3926.0,240,3925.0,8
rb1805,20171207,20171206,210438500,3925.0,89632,2962670,3517294200.0,3925.0,630,3924.0,318
rb1805,20171207,20171206,210439000,3925.0,90190,2962734,3539193840.0,3925.0,450,3924.0,212
rb1805,20171207,20171206,210439500,3924.0,90698,2962622,3559128060.0,3924.0,166,3923.0,208
rb1805,20171207,20171206,210440000,3924.0,90768,2962610,3561874860.0,3924.0,141,3923.0,148
rb1805,20171207,20171206,210440500,3924.0,90882,2962588,3566347500.0,3924.0,301,3923.0,126
rb1805,20171207,20171206,210441000,3923.0,91032,2962446,3572233460.0,3924.0,256,3923.0,130
rb1805,20171207,20171206,210441500,3924.0,91058,2962438,3573253680.0,3924.0,244,3923.0,133
rb1805,20171207,20171206,210442000,3923.0,91104,2962456,3575058460.0,3924.0,241,3923.0,130
rb1805,20171207,20171206,210442500,3924.0,91138,2962466,3576392520.0,3924.0,229,3923.0,125
rb1805,20171207,20171206,210443000,3924.0,91168,2962484,3577569700.0,3924.0,215,3923.0,139
rb1805,20171207,20171206,210443500,3923.0,91192,2962492,3578511400.0,3924.0,224,3923.0,135
rb1805,20171207,20171206,210444000,3923.0,91228,2962494,3579923880.0,3924.0,224,3923.0,234
rb1805,20171207,20171206,210444500,3924.0,91254,2962502,3580943960.0,3924.0,219,3923.0,273
rb1805,20171207,20171206,210445000,3923.0,91292,2962504,3582435040.0,3924.0,202,3923.0,289
rb1805,20171207,20171206,210445500,3923.0,91482,2962536,3589890020.0,3924.0,124,3923.0,259
rb1805,20171207,20171206,210446000,3923.0,91712,2962702,3598915180.0,3924.0,11,3923.0,260
rb1805,20171207,20171206,210446500,3925.0,91738,2962692,3599935440.0,3925.0,387,3924.0,106
rb1805,20171207,20171206,210447000,3924.0,91752,2962690,3600484840.0,3925.0,386,3924.0,111
rb1805,20171207,20171206,210447500,3924.0,91778,2962710,3601505300.0,3925.0,375,3924.0,111
rb1805,20171207,20171206,210448000,3924.0,91822,2962714,3603232080.0,3925.0,344,3924.0,107
rb1805,20171207,20171206,210448500,3925.0,91830,2962714,3603546080.0,3925.0,345,3924.0,107
rb1805,20171207,20171206,210449000,3925.0,91856,2962736,3604566580.0,3925.0,343,3924.0,112
rb1805,20171207,20171206,210449500,3924.0,92086,2962950,3613594000.0,3925.0,233,3924.0,129
rb1805,20171207,20171206,210450000,3924.0,92092,2962950,3613829460.0,3925.0,233,3924.0,179
rb1805,20171207,20171206,210450500,3924.0,92122,2962970,3615006880.0,3925.0,223,3924.0,176
rb1805,20171207,20171206,210451000,3925.0,92180,2963004,3617283280.0,3925.0,204,3924.0,173
rb1805,20171207,20171206,210451500,3925.0,92216,2963024,3618696220.0,3925.0,189,3924.0,181
rb1805,20171207,20171206,210452000,3924.0,92260,2963032,3620422840.0,3925.0,196,3924.0,217
rb1805,20171207,20171206,210452500,3924.0,92566,2963028,3632430300.0,3925.0,197,3924.0,71
rb1805,20171207,20171206,210453000,3923.0,92764,2963182,3640199800.0,3924.0,335,3923.0,326
rb1805,20171207,20171206,210453500,3924.0,92984,2963372,3648832500.0,3924.0,267,3923.0,313
rb1805,20171207,20171206,210454000,3923.0,93068,2963450,3652128600.0,3924.0,195,3923.0,312
rb1805,20171207,20171206,210454500,3924.0,93082,2963462,3652677940.0,3924.0,199,3923.0,309
rb1805,20171207,20171206,210455000,3924.0,93104,2963482,3653541220.0,3924.0,196,3923.0,310
rb1805,20171207,20171206,210455500,3924.0,93192,2963554,3656993820.0,3924.0,205,3923.0,288
rb1805,20171207,20171206,210456000,3924.0,93196,2963556,3657150780.0,3924.0,204,3923.0,287
rb1805,20171207,20171206,210456500,3924.0,93284,2963606,3660603500.0,3924.0,179,3923.0,270
rb1805,20171207,20171206,210457000,3924.0,93288,2963610,3660760460.0,3924.0,178,3923.0,272
rb1805,20171207,20171206,210457500,3924.0,93300,2963622,3661231320.0,3924.0,203,3923.0,281
rb1805,20171207,20171206,210458000,3924.0,93322,2963644,3662094580.0,3924.0,201,3923.0,292
rb1805,20171207,20171206,210458500,3924.0,93736,2963630,3678339920.0,3925.0,224,3924.0,71
rb1805,20171207,20171206,210459000,3925.0,93740,2963634,3678496900.0,3925.0,223,3924.0,177
rb1805,20171207,20171206,210459500,3925.0,93754,2963644,3679046280.0,3925.0,222,3924.0,148
rb1805,20171207,20171206,210500000,3925.0,93762,2963650,3679360220.0,3925.0,161,3924.0,160
rb1805,20171207,20171206,210500500,3925.0,93952,2963770,3686817540.0,3925.0,77,3924.0,74
rb1805,20171207,20171206,210501000,3925.0,93984,2963784,3688073480.0,3925.0,66,3924.0,71
rb1805,20171207,20171206,210501500,3924.0,94056,2963814,3690899220.0,3925.0,113,3924.0,58
rb1805,20171207,20171206,210502000,3924.0,94158,2963798,3694902660.0,3925.0,71,3924.0,75
rb1805,20171207,20171206,210502500,3925.0,94242,2963774,3698199080.0,3925.0,68,3924.0,58
rb1805,20171207,20171206,210503000,3924.0,94262,2963784,3698984020.0,3925.0,63,3924.0,58
rb1805,20171207,20171206,210503500,3924.0,94262,2963784,3698984020.0,3925.0,63,3924.0,59
rb1805,20171207,20171206,210504000,3925.0,94344,2963796,3702202360.0,3925.0,68,3924.0,52
rb1805,20171207,20171206,210504500,3924.0,94452,2963854,3706440300.0,3924.0,50,3923.0,408
rb1805,20171207,20171206,210505000,3923.0,94502,2963850,3708402040.0,3924.0,112,3923.0,395
rb1805,20171207,20171206,210505500,3924.0,94548,2963808,3710206780.0,3924.0,116,3923.0,381
rb1805,20171207,20171206,210506000,3923.0,94578,2963808,3711383920.0,3924.0,127,3923.0,377
rb1805,20171207,20171206,210506500,3925.0,94908,2963580,3724333360.0,3924.0,1,3923.0,374
rb1805,20171207,20171206,210507000,3924.0,94954,2963582,3726138400.0,3924.0,12,3923.0,375
rb1805,20171207,20171206,210507500,3924.0,94958,2963582,3726295360.0,3924.0,10,3923.0,376
rb1805,20171207,20171206,210508000,3924.0,94970,2963580,3726766200.0,3924.0,61,3923.0,384
rb1805,20171207,20171206,210508500,3923.0,95012,2963582,3728414180.0,3924.0,45,3923.0,380
rb1805,20171207,20171206,210509000,3924.0,95022,2963582,3728806500.0,3924.0,65,3923.0,377
rb1805,20171207,20171206,210509500,3923.0,95032,2963580,3729198800.0,3924.0,87,3923.0,375
rb1805,20171207,20171206,210510000,3923.0,95072,2963584,3730768340.0,3924.0,72,3923.0,380
rb1805,20171207,20171206,210510500,3923.0,95074,2963582,3730846800.0,3924.0,74,3923.0,380
rb1805,20171207,20171206,210511000,3924.0,95100,2963572,3731866920.0,3924.0,77,3923.0,376
rb1805,20171207,20171206,210511500,3923.0,95112,2963564,3732337700.0,3924.0,93,3923.0,373
rb1805,20171207,20171206,210512000,3923.0,95116,2963564,3732494620.0,3924.0,93,3923.0,373
rb1805,20171207,20171206,210512500,3924.0,95174,2963550,3734770540.0,3924.0,75,3923.0,379
rb1805,20171207,20171206,210513000,3924.0,95260,2963566,3738145120.0,3924.0,37,3923.0,378
rb1805,20171207,20171206,210513500,3924.0,95274,2963570,3738694480.0,3924.0,32,3923.0,379
rb1805,20171207,20171206,210514000,3924.0,95296,2963570,3739557560.0,3924.0,32,3923.0,393
rb1805,20171207,20171206,210514500,3924.0,95364,2963558,3742225880.0,3924.0,54,3923.0,399
rb1805,20171207,20171206,210515000,3923.0,95474,2963498,3746542180.0,3924.0,19,3923.0,395
rb1805,20171207,20171206,210515500,3924.0,95568,2963534,3750230720.0,3924.0,4,3923.0,393
rb1805,20171207,20171206,210516000,3924.0,95618,2963492,3752192780.0,3925.0,194,3924.0,63
rb1805,20171207,20171206,210516500,3924.0,95622,2963492,3752349740.0,3925.0,173,3924.0,148
rb1805,20171207,20171206,210517000,3924.0,95702,2963540,3755488940.0,3925.0,143,3924.0,123
rb1805,20171207,20171206,210517500,3924.0,95812,2963640,3759805340.0,3925.0,147,3924.0,71
rb1805,20171207,20171206,210518000,3924.0,95826,2963652,3760354700.0,3925.0,147,3924.0,27
rb1805,20171207,20171206,210518500,3924.0,95924,2963686,3764199820.0,3924.0,163,3923.0,391
rb1805,20171207,20171206,210519000,3923.0,96030,2963784,3768359220.0,3924.0,124,3923.0,380
rb1805,20171207,20171206,210519500,3924.0,96070,2963782,3769928720.0,3924.0,129,3923.0,376
rb1805,20171207,20171206,210520000,3924.0,96076,2963784,3770164160.0,3924.0,129,3923.0,343
rb1805,20171207,20171206,210520500,3924.0,96076,2963784,3770164160.0,3924.0,140,3923.0,343
rb1805,20171207,20171206,210521000,3923.0,96116,2963774,3771733380.0,3924.0,139,3923.0,323
rb1805,20171207,20171206,210521500,3923.0,96172,2963830,3773930620.0,3924.0,122,3923.0,318
rb1805,20171207,20171206,210522000,3923.0,96260,2963870,3777383340.0,3924.0,100,3923.0,297
rb1805,20171207,20171206,210522500,3923.0,96286,2963894,3778403560.0,3924.0,89,3923.0,297
rb1805,20171207,20171206,210523000,3923.0,96298,2963900,3778874380.0,3924.0,91,3923.0,299
rb1805,20171207,20171206,210523500,3924.0,96302,2963900,3779031340.0,3924.0,90,3923.0,298
rb1805,20171207,20171206,210524000,3924.0,96320,2963914,3779737560.0,3924.0,93,3923.0,446
rb1805,20171207,20171206,210524500,3924.0,96330,2963922,3780129960.0,3924.0,89,3923.0,448
rb1805,20171207,20171206,210525000,3924.0,96410,2963978,3783268440.0,3924.0,85,3923.0,417
rb1805,20171207,20171206,210525500,3924.0,96424,2963978,3783817680.0,3924.0,94,3923.0,411
rb1805,20171207,20171206,210526000,3923.0,96476,2963980,3785858140.0,3924.0,74,3923.0,416
rb1805,20171207,20171206,210526500,3924.0,96504,2963986,3786956700.0,3924.0,72,3923.0,411
rb1805,20171207,20171206,210527000,3924.0,96538,2963980,3788290560.0,3924.0,74,3923.0,398
rb1805,20171207,20171206,210527500,3924.0,96564,2963992,3789310680.0,3924.0,67,3923.0,394
rb1805,20171207,20171206,210528000,3923.0,96594,2964002,3790487660.0,3924.0,64,3923.0,396
rb1805,20171207,20171206,210528500,3923.0,96604,2964006,3790880000.0,3924.0,62,3923.0,394
rb1805,20171207,20171206,210529000,3923.0,96646,2964044,3792527680.0,3924.0,61,3923.0,384
rb1805,20171207,20171206,210529500,3924.0,96790,2964016,3798178240.0,3925.0,273,3924.0,36
rb1805,20171207,20171206,210530000,3924.0,96832,2964010,3799826320.0,3925.0,275,3924.0,92
rb1805,20171207,20171206,210530500,3924.0,96842,2964010,3800218720.0,3925.0,277,3924.0,90
rb1805,20171207,20171206,210531000,3924.0,96858,2964018,3800846560.0,3925.0,278,3924.0,115
rb1805,20171207,20171206,210531500,3924.0,96868,2964026,3801238960.0,3925.0,278,3924.0,111
rb1805,20171207,20171206,210532000,3925.0,96874,2964032,3801474420.0,3925.0,278,3924.0,114
rb1805,20171207,20171206,210532500,3924.0,96896,2964044,3802337780.0,3925.0,243,3924.0,107
rb1805,20171207,20171206,210533000,3924.0,96930,2964032,3803672200.0,3925.0,230,3924.0,104
rb1805,20171207,20171206,210533500,3924.0,96934,2964034,3803829160.0,3925.0,230,3924.0,107
rb1805,20171207,20171206,210534000,3924.0,96936,2964034,3803907640.0,3925.0,232,3924.0,106
rb1805,20171207,20171206,210534500,3924.0,97002,2964036,3806497540.0,3925.0,231,3924.0,75
rb1805,20171207,20171206,210535000,3925.0,97022,2964046,3807282380.0,3925.0,230,3924.0,67
rb1805,20171207,20171206,210535500,3924.0,97056,2964052,3808616580.0,3925.0,238,3924.0,54
rb1805,20171207,20171206,210536000,3924.0,97168,2964036,3813011460.0,3924.0,10,3923.0,519
rb1805,20171207,20171206,210536500,3924.0,97186,2964018,3813717780.0,3924.0,15,3923.0,519
rb1805,20171207,20171206,210537000,3924.0,97186,2964018,3813717780.0,3924.0,22,3923.0,520
rb1805,20171207,20171206,210537500,3924.0,97200,2964016,3814267120.0,3924.0,36,3923.0,519
rb1805,20171207,20171206,210538000,3923.0,97248,2964046,3816150420.0,3924.0,36,3923.0,510
rb1805,20171207,20171206,210538500,3924.0,97270,2964060,3817013680.0,3924.0,37,3923.0,510
rb1805,20171207,20171206,210539000,3923.0,97310,2964072,3818583180.0,3924.0,28,3923.0,507
rb1805,20171207,20171206,210539500,3923.0,97364,2964120,3820701720.0,3924.0,33,3923.0,487
rb1805,20171207,20171206,210540000,3924.0,97370,2964126,3820937160.0,3924.0,40,3923.0,487
rb1805,20171207,20171206,210540500,3924.0,97386,2964130,3821564900.0,3924.0,41,3923.0,482
rb1805,20171207,20171206,210541000,3924.0,97406,2964110,3822349700.0,3924.0,32,3923.0,484
rb1805,20171207,20171206,210541500,3923.0,97452,2964156,3824154280.0,3924.0,34,3923.0,462
rb1805,20171207,20171206,210542000,3924.0,97460,2964150,3824468200.0,3924.0,30,3923.0,460
rb1805,20171207,20171206,210542500,3924.0,97462,2964150,3824546680.0,3924.0,130,3923.0,460
rb1805,20171207,20171206,210543000,3924.0,97462,2964150,3824546680.0,3924.0,147,3923.0,460
rb1805,20171207,20171206,210543500,3923.0,97674,2964314,3832863560.0,3924.0,143,3923.0,369
rb1805,20171207,20171206,210544000,3923.0,98424,2963842,3862286080.0,3923.0,44,3922.0,440
rb1805,20171207,20171206,210544500,3923.0,98666,2963678,3871779640.0,3923.0,77,3922.0,384
rb1805,20171207,20171206,210545000,3923.0,98802,2963586,3877114720.0,3923.0,29,3922.0,374
rb1805,20171207,20171206,210545500,3923.0,98878,2963534,3880096120.0,3923.0,27,3922.0,371
rb1805,20171207,20171206,210546000,3922.0,98884,2963530,3880331460.0,3923.0,28,3922.0,369
rb1805,20171207,20171206,210546500,3923.0,98920,2963498,3881743620.0,3923.0,23,3922.0,364
rb1805,20171207,20171206,210547000,3922.0,98924,2963498,3881900500.0,3923.0,99,3922.0,365
rb1805,20171207,20171206,210547500,3923.0,98930,2963496,3882135860.0,3923.0,129,3922.0,365
rb1805,20171207,20171206,210548000,3922.0,98970,2963472,3883704720.0,3923.0,216,3922.0,359
rb1805,20171207,20171206,210548500,3923.0,99128,2963600,3889901500.0,3923.0,217,3922.0,281
rb1805,20171207,20171206,210549000,3922.0,99602,2963808,3908492080.0,3923.0,202,3922.0,62
rb1805,20171207,20171206,210549500,3922.0,99736,2963794,3913747560.0,3922.0,5,3921.0,380
rb1805,20171207,20171206,210550000,3921.0,100366,2963460,3938450980.0,3922.0,2,3921.0,113
rb1805,20171207,20171206,210550500,3922.0,100388,2963470,3939313660.0,3922.0,57,3921.0,120
rb1805,20171207,20171206,210551000,3921.0,100418,2963462,3940490160.0,3922.0,68,3921.0,148
rb1805,20171207,20171206,210551500,3922.0,100536,2963494,3945117460.0,3922.0,47,3921.0,121
rb1805,20171207,20171206,210552000,3921.0,100688,2963604,3951078400.0,3923.0,276,3921.0,102
rb1805,20171207,20171206,210552500,3922.0,100702,2963604,3951627420.0,3923.0,276,3922.0,19
rb1805,20171207,20171206,210553000,3921.0,100752,2963616,3953588320.0,3922.0,57,3921.0,100
rb1805,20171207,20171206,210553500,3922.0,100976,2963628,3962374340.0,3923.0,231,3922.0,4
rb1805,20171207,20171206,210554000,3922.0,101066,2963644,3965903380.0,3922.0,75,3921.0,96
rb1805,20171207,20171206,210554500,3922.0,101074,2963644,3966217140.0,3922.0,43,3921.0,127
rb1805,20171207,20171206,210555000,3921.0,101148,2963634,3969118700.0,3922.0,39,3921.0,93
rb1805,20171207,20171206,210555500,3921.0,101158,2963640,3969510840.0,3922.0,123,3921.0,95
rb1805,20171207,20171206,210556000,3921.0,101406,2963480,3979235320.0,3921.0,198,3920.0,970
rb1805,20171207,20171206,210556500,3921.0,101836,2963484,3996095840.0,3922.0,115,3921.0,309
rb1805,20171207,20171206,210557000,3921.0,102144,2963398,4008174980.0,3922.0,7,3921.0,285
rb1805,20171207,20171206,210557500,3922.0,102180,2963430,4009586900.0,3923.0,174,3922.0,9
rb1805,20171207,20171206,210558000,3922.0,102212,2963432,4010842140.0,3923.0,165,3922.0,3
rb1805,20171207,20171206,210558500,3922.0,102222,2963436,4011234340.0,3923.0,159,3922.0,57
rb1805,20171207,20171206,210559000,3922.0,102340,2963372,4015862600.0,3923.0,134,3922.0,13
rb1805,20171207,20171206,210559500,3922.0,102346,2963370,4016097920.0,3923.0,163,3922.0,159
rb1805,20171207,20171206,210600000,3922.0,102358,2963370,4016568560.0,3923.0,166,3922.0,170
rb1805,20171207,20171206,210600500,3922.0,102448,2963398,4020098920.0,3923.0,130,3922.0,154
rb1805,20171207,20171206,210601000,3923.0,102464,2963406,4020726460.0,3923.0,120,3922.0,148
rb1805,20171207,20171206,210601500,3922.0,102534,2963470,4023471880.0,3923.0,125,3922.0,117
rb1805,20171207,20171206,210602000,3923.0,102614,2963482,4026610120.0,3923.0,103,3922.0,109
rb1805,20171207,20171206,210602500,3923.0,102712,2963496,4030453760.0,3923.0,99,3922.0,74
rb1805,20171207,20171206,210603000,3923.0,102768,2963500,4032650580.0,3923.0,75,3922.0,94
rb1805,20171207,20171206,210603500,3923.0,102992,2963408,4041438100.0,3924.0,199,3922.0,148
rb1805,20171207,20171206,210604000,3923.0,103120,2963530,4046459540.0,3924.0,174,3923.0,98
rb1805,20171207,20171206,210604500,3925.0,103706,2963376,4069456300.0,3925.0,234,3924.0,20
rb1805,20171207,20171206,210605000,3924.0,104484,2962970,4099995660.0,3926.0,40,3925.0,11
rb1805,20171207,20171206,210605500,3925.0,104522,2962980,4101487020.0,3926.0,49,3925.0,13
rb1805,20171207,20171206,210606000,3924.0,104588,2962920,4104077120.0,3926.0,185,3924.0,334
rb1805,20171207,20171206,210606500,3925.0,104658,2962966,4106824420.0,3925.0,98,3924.0,334
rb1805,20171207,20171206,210607000,3924.0,104740,2963004,4110042900.0,3925.0,60,3924.0,344
rb1805,20171207,20171206,210607500,3925.0,104852,2963098,4114438880.0,3925.0,4,3924.0,344
rb1805,20171207,20171206,210608000,3925.0,104860,2963102,4114752880.0,3926.0,190,3925.0,23
rb1805,20171207,20171206,210608500,3925.0,104870,2963106,4115145400.0,3926.0,192,3925.0,30
rb1805,20171207,20171206,210609000,3925.0,104888,2963114,4115851940.0,3926.0,206,3925.0,31
rb1805,20171207,20171206,210609500,3925.0,104924,2963142,4117265240.0,3926.0,194,3925.0,30
rb1805,20171207,20171206,210610000,3925.0,104934,2963148,4117657760.0,3926.0,196,3925.0,43
rb1805,20171207,20171206,210610500,3925.0,104944,2963150,4118050280.0,3926.0,196,3925.0,135
rb1805,20171207,20171206,210611000,3926.0,104966,2963162,4118913820.0,3926.0,198,3925.0,140
rb1805,20171207,20171206,210611500,3926.0,104992,2963166,4119934380.0,3926.0,205,3925.0,130
rb1805,20171207,20171206,210612000,3926.0,105004,2963170,4120405440.0,3926.0,203,3925.0,147
rb1805,20171207,20171206,210612500,3926.0,105050,2963194,4122211100.0,3926.0,205,3925.0,135
rb1805,20171207,20171206,210613000,3926.0,105058,2963192,4122525180.0,3926.0,204,3925.0,136
rb1805,20171207,20171206,210613500,3926.0,105084,2963196,4123545720.0,3926.0,202,3925.0,127
rb1805,20171207,20171206,210614000,3925.0,105108,2963194,4124487760.0,3926.0,209,3925.0,124
rb1805,20171207,20171206,210614500,3926.0,105118,2963200,4124880340.0,3926.0,307,3925.0,127
rb1805,20171207,20171206,210615000,3925.0,105192,2963190,4127785440.0,3926.0,402,3925.0,120
rb1805,20171207,20171206,210615500,3926.0,105204,2963190,4128256520.0,3926.0,403,3925.0,118
rb1805,20171207,20171206,210616000,3926.0,105496,2963174,4139720400.0,3926.0,260,3925.0,120
rb1805,20171207,20171206,210616500,3926.0,105568,2963196,4142547000.0,3926.0,236,3925.0,113
rb1805,20171207,20171206,210617000,3925.0,105610,2963194,4144195540.0,3926.0,153,3925.0,95
rb1805,20171207,20171206,210617500,3925.0,105620,2963186,4144588100.0,3926.0,171,3925.0,95
rb1805,20171207,20171206,210618000,3926.0,105642,2963172,4145451760.0,3926.0,123,3925.0,112
rb1805,20171207,20171206,210618500,3925.0,105658,2963170,4146079800.0,3926.0,123,3925.0,109
rb1805,20171207,20171206,210619000,3926.0,105924,2963198,4156522760.0,3927.0,368,3925.0,175
rb1805,20171207,20171206,210619500,3926.0,105956,2963226,4157779080.0,3926.0,4,3925.0,253
rb1805,20171207,20171206,210620000,3926.0,105972,2963236,4158407240.0,3927.0,369,3926.0,287
rb1805,20171207,20171206,210620500,3926.0,106838,2963670,4192414040.0,3928.0,944,3926.0,209
rb1805,20171207,20171206,210621000,3928.0,106850,2963668,4192885360.0,3928.0,939,3927.0,12
rb1805,20171207,20171206,210621500,3928.0,107328,2963756,4211660800.0,3928.0,820,3927.0,96
rb1805,20171207,20171206,210622000,3928.0,107558,2963734,4220693160.0,3928.0,804,3927.0,20
rb1805,20171207,20171206,210622500,3927.0,107592,2963760,4222028500.0,3928.0,796,3927.0,52
rb1805,20171207,20171206,210623000,3928.0,107630,2963792,4223521060.0,3928.0,782,3927.0,48
rb1805,20171207,20171206,210623500,3927.0,107740,2963760,4227841720.0,3928.0,734,3927.0,52
rb1805,20171207,20171206,210624000,3927.0,107886,2963706,4233575140.0,3927.0,30,3926.0,309
rb1805,20171207,20171206,210624500,3926.0,107972,2963666,4236952320.0,3927.0,8,3926.0,314
rb1805,20171207,20171206,210625000,3927.0,107996,2963674,4237894800.0,3927.0,2,3926.0,254
rb1805,20171207,20171206,210625500,3926.0,108036,2963650,4239465640.0,3927.0,39,3926.0,252
rb1805,20171207,20171206,210626000,3927.0,108056,2963644,4240251000.0,3927.0,92,3926.0,252
rb1805,20171207,20171206,210626500,3927.0,108104,2963638,4242135880.0,3927.0,141,3926.0,174
rb1805,20171207,20171206,210627000,3927.0,108130,2963618,4243156680.0,3927.0,146,3926.0,164
rb1805,20171207,20171206,210627500,3927.0,108222,2963640,4246769340.0,3927.0,142,3926.0,155
rb1805,20171207,20171206,210628000,3926.0,108256,2963644,4248104420.0,3927.0,148,3926.0,158
rb1805,20171207,20171206,210628500,3927.0,108294,2963624,4249596420.0,3927.0,164,3926.0,245
rb1805,20171207,20171206,210629000,3926.0,108392,2963552,4253444080.0,3927.0,155,3926.0,205
rb1805,20171207,20171206,210629500,3926.0,108488,2963546,4257213160.0,3927.0,152,3926.0,164
rb1805,20171207,20171206,210630000,3927.0,108808,2963684,4269778420.0,3927.0,85,3926.0,109
rb1805,20171207,20171206,210630500,3926.0,108908,2963690,4273704660.0,3927.0,78,3926.0,76
rb1805,20171207,20171206,210631000,3927.0,109130,2963782,4282422580.0,3927.0,78,3926.0,108
rb1805,20171207,20171206,210631500,3927.0,109154,2963798,4283365000.0,3927.0,71,3926.0,108
rb1805,20171207,20171206,210632000,3926.0,109180,2963820,4284386000.0,3927.0,112,3926.0,112
rb1805,20171207,20171206,210632500,3926.0,109244,2963872,4286899180.0,3927.0,89,3926.0,107
rb1805,20171207,20171206,210633000,3926.0,109264,2963878,4287684440.0,3927.0,92,3926.0,107
rb1805,20171207,20171206,210633500,3926.0,109286,2963876,4288548260.0,3927.0,91,3926.0,102
rb1805,20171207,20171206,210634000,3927.0,109298,2963876,4289019460.0,3927.0,96,3926.0,102
rb1805,20171207,20171206,210634500,3927.0,109372,2963864,4291925440.0,3927.0,60,3926.0,117
rb1805,20171207,20171206,210635000,3927.0,109408,2963860,4293339140.0,3927.0,48,3926.0,118
rb1805,20171207,20171206,210635500,3927.0,109422,2963852,4293888900.0,3927.0,45,3926.0,127
rb1805,20171207,20171206,210636000,3926.0,109452,2963840,4295066960.0,3927.0,36,3926.0,126
rb1805,20171207,20171206,210636500,3927.0,109508,2963860,4297266080.0,3927.0,9,3926.0,127
rb1805,20171207,20171206,210637000,3927.0,109528,2963870,4298051460.0,3927.0,75,3926.0,139
rb1805,20171207,20171206,210637500,3927.0,109652,2963970,4302920920.0,3927.0,85,3926.0,128
rb1805,20171207,20171206,210638000,3927.0,109906,2964070,4312895500.0,3928.0,856,3927.0,9
rb1805,20171207,20171206,210638500,3927.0,110054,2964060,4318707260.0,3927.0,14,3926.0,131
rb1805,20171207,20171206,210639000,3927.0,110186,2964118,4323890900.0,3928.0,880,3927.0,4
rb1805,20171207,20171206,210639500,3927.0,110216,2964114,4325069060.0,3928.0,887,3927.0,8
rb1805,20171207,20171206,210640000,3926.0,110240,2964116,4326011480.0,3927.0,34,3926.0,188
rb1805,20171207,20171206,210640500,3927.0,110254,2964114,4326561220.0,3927.0,86,3926.0,184
rb1805,20171207,20171206,210641000,3926.0,110264,2964106,4326953840.0,3927.0,103,3926.0,181
rb1805,20171207,20171206,210641500,3927.0,110280,2964106,4327582060.0,3927.0,114,3926.0,176
rb1805,20171207,20171206,210642000,3926.0,110300,2964088,4328367320.0,3927.0,160,3926.0,113
rb1805,20171207,20171206,210642500,3927.0,110508,2963964,4336535460.0,3927.0,64,3926.0,122
rb1805,20171207,20171206,210643000,3927.0,110552,2963978,4338263320.0,3927.0,63,3926.0,126
rb1805,20171207,20171206,210643500,3927.0,110564,2963982,4338734460.0,3927.0,63,3926.0,124
rb1805,20171207,20171206,210644000,3927.0,110654,2964006,4342268680.0,3927.0,29,3926.0,124
rb1805,20171207,20171206,210644500,3926.0,110680,2964000,4343289560.0,3927.0,39,3926.0,120
rb1805,20171207,20171206,210645000,3927.0,110780,2963980,4347216320.0,3927.0,10,3926.0,113
rb1805,20171207,20171206,210645500,3927.0,110796,2963992,4347844540.0,3927.0,17,3926.0,144
rb1805,20171207,20171206,210646000,3926.0,110864,2963962,4350514240.0,3927.0,132,3926.0,116
rb1805,20171207,20171206,210646500,3927.0,110962,2963952,4354362300.0,3927.0,272,3926.0,87
rb1805,20171207,20171206,210647000,3927.0,111010,2963962,4356247140.0,3927.0,330,3926.0,91
rb1805,20171207,20171206,210647500,3927.0,111076,2963962,4358838520.0,3927.0,325,3926.0,70
rb1805,20171207,20171206,210648000,3926.0,111222,2963924,4364570480.0,3926.0,14,3925.0,522
rb1805,20171207,20171206,210648500,3926.0,111336,2963918,4369046120.0,3927.0,317,3926.0,64
rb1805,20171207,20171206,210649000,3927.0,111400,2963978,4371558840.0,3927.0,322,3926.0,37
rb1805,20171207,20171206,210649500,3926.0,111604,2964094,4379567880.0,3927.0,346,3926.0,15
rb1805,20171207,20171206,210650000,3926.0,111732,2964112,4384593180.0,3926.0,110,3925.0,518
rb1805,20171207,20171206,210650500,3926.0,111778,2964134,4386399080.0,3926.0,90,3925.0,522
rb1805,20171207,20171206,210651000,3926.0,111798,2964144,4387184220.0,3926.0,94,3925.0,519
rb1805,20171207,20171206,210651500,3926.0,111832,2964132,4388518800.0,3926.0,95,3925.0,508
rb1805,20171207,20171206,210652000,3925.0,111864,2964158,4389775060.0,3926.0,89,3925.0,507
rb1805,20171207,20171206,210652500,3926.0,112436,2963756,4412236680.0,3927.0,118,3925.0,528
rb1805,20171207,20171206,210653000,3926.0,112436,2963756,4412236680.0,3927.0,124,3926.0,11
rb1805,20171207,20171206,210653500,3926.0,112554,2963798,4416869360.0,3926.0,9,3925.0,526
rb1805,20171207,20171206,210654000,3926.0,112580,2963798,4417890120.0,3927.0,129,3926.0,80
rb1805,20171207,20171206,210654500,3927.0,112636,2963764,4420088860.0,3927.0,123,3926.0,65
rb1805,20171207,20171206,210655000,3927.0,112652,2963756,4420717100.0,3927.0,120,3926.0,70
rb1805,20171207,20171206,210655500,3927.0,112666,2963744,4421266860.0,3927.0,116,3926.0,83
rb1805,20171207,20171206,210656000,3926.0,112712,2963714,4423072960.0,3927.0,108,3926.0,92
rb1805,20171207,20171206,210656500,3926.0,112786,2963650,4425978840.0,3927.0,75,3926.0,180
rb1805,20171207,20171206,210657000,3927.0,112956,2963672,4432654740.0,3928.0,1028,3927.0,505
rb1805,20171207,20171206,210657500,3927.0,113740,2964098,4463449740.0,3928.0,664,3927.0,544
rb1805,20171207,20171206,210658000,3928.0,115070,2964794,4515692080.0,3929.0,926,3928.0,79
rb1805,20171207,20171206,210658500,3929.0,115290,2964750,4524335340.0,3929.0,843,3928.0,62
rb1805,20171207,20171206,210659000,3928.0,115558,2964668,4534864000.0,3929.0,821,3928.0,80
rb1805,20171207,20171206,210659500,3929.0,115654,2964734,4538635040.0,3929.0,813,3928.0,107
rb1805,20171207,20171206,210700000,3928.0,115784,2964740,4543742600.0,3929.0,757,3928.0,128
rb1805,20171207,20171206,210700500,3928.0,116306,2964794,4564248460.0,3928.0,273,3927.0,668
rb1805,20171207,20171206,210701000,3928.0,116380,2964776,4567155160.0,3928.0,321,3927.0,672
rb1805,20171207,20171206,210701500,3928.0,116612,2964920,4576266080.0,3928.0,322,3927.0,571
rb1805,20171207,20171206,210702000,3928.0,116668,2964936,4578465500.0,3928.0,437,3927.0,532
rb1805,20171207,20171206,210702500,3928.0,117028,2965012,4592602860.0,3928.0,379,3927.0,361
rb1805,20171207,20171206,210703000,3927.0,117752,2964816,4621034340.0,3927.0,569,3926.0,148
rb1805,20171207,20171206,210703500,3927.0,118016,2964698,4631400440.0,3927.0,515,3926.0,45
rb1805,20171207,20171206,210704000,3927.0,118128,2964662,4635797780.0,3926.0,91,3925.0,543
rb1805,20171207,20171206,210704500,3925.0,118150,2964652,4636661680.0,3926.0,108,3925.0,543
rb1805,20171207,20171206,210705000,3926.0,118572,2964864,4653225400.0,3926.0,124,3925.0,345
rb1805,20171207,20171206,210705500,3926.0,118594,2964862,4654089100.0,3926.0,132,3925.0,346
rb1805,20171207,20171206,210706000,3926.0,118630,2964864,4655502180.0,3926.0,119,3925.0,333
rb1805,20171207,20171206,210706500,3925.0,118666,2964864,4656915500.0,3926.0,108,3925.0,342
rb1805,20171207,20171206,210707000,3926.0,118682,2964864,4657543640.0,3926.0,102,3925.0,351
rb1805,20171207,20171206,210707500,3926.0,118704,2964854,4658407340.0,3926.0,93,3925.0,372
rb1805,20171207,20171206,210708000,3925.0,118732,2964862,4659506520.0,3926.0,84,3925.0,370
rb1805,20171207,20171206,210708500,3925.0,118782,2964882,4661469280.0,3926.0,71,3925.0,421
rb1805,20171207,20171206,210709000,3926.0,118876,2964930,4665159600.0,3926.0,18,3925.0,417
rb1805,20171207,20171206,210709500,3926.0,118920,2964948,4666886700.0,3926.0,14,3925.0,403
rb1805,20171207,20171206,210710000,3925.0,119062,2964962,4672462640.0,3926.0,105,3925.0,413
rb1805,20171207,20171206,210710500,3926.0,119202,2964936,4677958760.0,3926.0,50,3925.0,411
rb1805,20171207,20171206,210711000,3926.0,119286,2964884,4681256540.0,3926.0,36,3925.0,409
rb1805,20171207,20171206,210711500,3926.0,119300,2964884,4681806160.0,3926.0,42,3925.0,378
rb1805,20171207,20171206,210712000,3926.0,119450,2964870,4687694820.0,3927.0,502,3926.0,85
rb1805,20171207,20171206,210712500,3926.0,119464,2964868,4688244460.0,3927.0,505,3926.0,100
rb1805,20171207,20171206,210713000,3926.0,119622,2964716,4694447540.0,3927.0,505,3926.0,27
rb1805,20171207,20171206,210713500,3926.0,119624,2964714,4694526060.0,3927.0,516,3926.0,26
rb1805,20171207,20171206,210714000,3926.0,119628,2964712,4694683120.0,3927.0,516,3926.0,49
rb1805,20171207,20171206,210714500,3927.0,119728,2964730,4698609140.0,3927.0,518,3926.0,5
rb1805,20171207,20171206,210715000,3926.0,119762,2964752,4699943980.0,3927.0,521,3926.0,13
rb1805,20171207,20171206,210715500,3926.0,119762,2964752,4699943980.0,3927.0,523,3926.0,15
rb1805,20171207,20171206,210716000,3927.0,119774,2964742,4700415200.0,3927.0,520,3926.0,64
rb1805,20171207,20171206,210716500,3926.0,119776,2964744,4700493720.0,3927.0,520,3926.0,140
rb1805,20171207,20171206,210717000,3926.0,120218,2964662,4717846840.0,3927.0,511,3926.0,41
rb1805,20171207,20171206,210717500,3926.0,120228,2964660,4718239480.0,3927.0,512,3926.0,146
rb1805,20171207,20171206,210718000,3927.0,120230,2964660,4718318020.0,3927.0,508,3926.0,147
rb1805,20171207,20171206,210718500,3926.0,120234,2964662,4718475060.0,3927.0,509,3926.0,147
rb1805,20171207,20171206,210719000,3927.0,120382,2964662,4724287000.0,3927.0,442,3926.0,150
rb1805,20171207,20171206,210719500,3927.0,120396,2964650,4724836780.0,3927.0,439,3926.0,237
rb1805,20171207,20171206,210720000,3927.0,120400,2964652,4724993840.0,3927.0,490,3926.0,245
rb1805,20171207,20171206,210720500,3926.0,120418,2964656,4725700600.0,3927.0,487,3926.0,240
rb1805,20171207,20171206,210721000,3926.0,120830,2964656,4741879720.0,3927.0,291,3926.0,242
rb1805,20171207,20171206,210721500,3926.0,120972,2964642,4747456040.0,3927.0,171,3926.0,244
rb1805,20171207,20171206,210722000,3927.0,121098,2964660,4752403960.0,3927.0,140,3926.0,244
rb1805,20171207,20171206,210722500,3927.0,121340,2964824,4761907280.0,3927.0,19,3926.0,252
rb1805,20171207,20171206,210723000,3927.0,121380,2964804,4763478080.0,3928.0,497,3927.0,51
rb1805,20171207,20171206,210723500,3927.0,121414,2964802,4764813260.0,3928.0,513,3927.0,84
rb1805,20171207,20171206,210724000,3927.0,121518,2964744,4768897340.0,3928.0,513,3927.0,87
rb1805,20171207,20171206,210724500,3927.0,121528,2964750,4769290040.0,3928.0,512,3927.0,84
rb1805,20171207,20171206,210725000,3928.0,121582,2964756,4771410740.0,3928.0,506,3927.0,67
rb1805,20171207,20171206,210725500,3927.0,121610,2964766,4772510400.0,3928.0,602,3927.0,59
rb1805,20171207,20171206,210726000,3928.0,121652,2964786,4774159820.0,3928.0,603,3927.0,46
rb1805,20171207,20171206,210726500,3928.0,121686,2964784,4775495160.0,3928.0,597,3927.0,37
rb1805,20171207,20171206,210727000,3927.0,121714,2964802,4776594720.0,3928.0,597,3927.0,145
rb1805,20171207,20171206,210727500,3927.0,121736,2964806,4777458680.0,3928.0,597,3927.0,137
rb1805,20171207,20171206,210728000,3927.0,121758,2964810,4778322740.0,3928.0,594,3927.0,144
rb1805,20171207,20171206,210728500,3927.0,121782,2964800,4779265340.0,3928.0,608,3927.0,151
rb1805,20171207,20171206,210729000,3928.0,121892,2964702,4783585140.0,3928.0,611,3927.0,104
rb1805,20171207,20171206,210729500,3927.0,122116,2964738,4792381700.0,3927.0,295,3926.0,238
rb1805,20171207,20171206,210730000,3926.0,122152,2964768,4793795360.0,3927.0,280,3926.0,211
rb1805,20171207,20171206,210730500,3927.0,122604,2964774,4811545400.0,3927.0,64,3926.0,144
rb1805,20171207,20171206,210731000,3927.0,122776,2964646,4818298240.0,3927.0,60,3926.0,80
rb1805,20171207,20171206,210731500,3927.0,122778,2964646,4818376780.0,3927.0,140,3926.0,60
rb1805,20171207,20171206,210732000,3926.0,122838,2964700,4820732480.0,3927.0,191,3926.0,65
rb1805,20171207,20171206,210732500,3926.0,122868,2964718,4821910460.0,3927.0,187,3926.0,60
rb1805,20171207,20171206,210733000,3927.0,123244,2964460,4836675980.0,3928.0,619,3927.0,25
rb1805,20171207,20171206,210733500,3927.0,123294,2964430,4838639580.0,3928.0,614,3927.0,10
rb1805,20171207,20171206,210734000,3927.0,123322,2964428,4839739140.0,3928.0,607,3927.0,48
rb1805,20171207,20171206,210734500,3928.0,123332,2964428,4840131860.0,3928.0,607,3927.0,45
rb1805,20171207,20171206,210735000,3927.0,123362,2964420,4841309980.0,3928.0,607,3927.0,42
rb1805,20171207,20171206,210735500,3927.0,123376,2964412,4841859780.0,3928.0,606,3927.0,39
rb1805,20171207,20171206,210736000,3927.0,123474,2964384,4845708440.0,3927.0,3,3926.0,207
rb1805,20171207,20171206,210736500,3927.0,123540,2964368,4848299860.0,3927.0,16,3926.0,188
rb1805,20171207,20171206,210737000,3927.0,123566,2964366,4849320880.0,3927.0,36,3926.0,139
rb1805,20171207,20171206,210737500,3927.0,123570,2964364,4849477960.0,3927.0,47,3926.0,145
rb1805,20171207,20171206,210738000,3927.0,123592,2964366,4850341780.0,3927.0,49,3926.0,71
rb1805,20171207,20171206,210738500,3926.0,123646,2964322,4852462340.0,3927.0,30,3926.0,73
rb1805,20171207,20171206,210739000,3927.0,123678,2964330,4853718780.0,3927.0,35,3926.0,67
rb1805,20171207,20171206,210739500,3927.0,123680,2964330,4853797320.0,3927.0,41,3926.0,67
rb1805,20171207,20171206,210740000,3926.0,123704,2964330,4854739740.0,3927.0,41,3926.0,68
rb1805,20171207,20171206,210740500,3927.0,123752,2964334,4856624440.0,3927.0,66,3926.0,65
rb1805,20171207,20171206,210741000,3927.0,123798,2964348,4858430840.0,3927.0,77,3926.0,66
rb1805,20171207,20171206,210741500,3927.0,123950,2964308,4864398380.0,3927.0,88,3926.0,1
rb1805,20171207,20171206,210742000,3926.0,123960,2964312,4864790980.0,3926.0,163,3925.0,862
rb1805,20171207,20171206,210742500,3926.0,124092,2964288,4869973300.0,3926.0,157,3925.0,877
rb1805,20171207,20171206,210743000,3926.0,124270,2964364,4876961580.0,3926.0,81,3925.0,883
rb1805,20171207,20171206,210743500,3926.0,124288,2964370,4877668140.0,3926.0,78,3925.0,877
rb1805,20171207,20171206,210744000,3926.0,124294,2964370,4877903660.0,3926.0,77,3925.0,875
rb1805,20171207,20171206,210744500,3926.0,124352,2964350,4880180740.0,3926.0,49,3925.0,878
rb1805,20171207,20171206,210745000,3926.0,124362,2964354,4880573280.0,3926.0,32,3925.0,877
rb1805,20171207,20171206,210745500,3926.0,124468,2964398,4884734420.0,3927.0,174,3926.0,126
rb1805,20171207,20171206,210746000,3926.0,124470,2964398,4884812940.0,3927.0,132,3926.0,164
rb1805,20171207,20171206,210746500,3926.0,124472,2964400,4884891460.0,3927.0,132,3926.0,280
rb1805,20171207,20171206,210747000,3927.0,124476,2964402,4885048520.0,3927.0,168,3926.0,296
rb1805,20171207,20171206,210747500,3926.0,124500,2964402,4885990760.0,3927.0,174,3926.0,285
rb1805,20171207,20171206,210748000,3927.0,124602,2964400,4889995300.0,3927.0,221,3926.0,242
rb1805,20171207,20171206,210748500,3927.0,124608,2964404,4890230900.0,3927.0,315,3926.0,242
rb1805,20171207,20171206,210749000,3926.0,124696,2964398,4893685940.0,3927.0,309,3926.0,178
rb1805,20171207,20171206,210749500,3926.0,124910,2964384,4902087580.0,3927.0,315,3926.0,78
rb1805,20171207,20171206,210750000,3927.0,125108,2964504,4909861280.0,3927.0,308,3925.0,869
rb1805,20171207,20171206,210750500,3927.0,125116,2964506,4910175400.0,3926.0,4,3925.0,873
rb1805,20171207,20171206,210751000,3926.0,125132,2964494,4910803560.0,3927.0,321,3926.0,22
rb1805,20171207,20171206,210751500,3927.0,125144,2964498,4911274800.0,3927.0,315,3926.0,22
rb1805,20171207,20171206,210752000,3926.0,125198,2964460,4913394860.0,3927.0,316,3926.0,8
rb1805,20171207,20171206,210752500,3927.0,125218,2964470,4914180220.0,3927.0,309,3926.0,6
rb1805,20171207,20171206,210753000,3927.0,125260,2964508,4915829540.0,3927.0,282,3926.0,7
rb1805,20171207,20171206,210753500,3926.0,125268,2964506,4916143680.0,3927.0,282,3926.0,7
rb1805,20171207,20171206,210754000,3927.0,125342,2964532,4919049620.0,3927.0,247,3926.0,22
rb1805,20171207,20171206,210754500,3926.0,125350,2964528,4919363760.0,3927.0,245,3926.0,23
rb1805,20171207,20171206,210755000,3926.0,125390,2964530,4920934180.0,3927.0,245,3926.0,199
rb1805,20171207,20171206,210755500,3927.0,125426,2964510,4922347840.0,3927.0,232,3926.0,201
rb1805,20171207,20171206,210756000,3926.0,125444,2964504,4923054580.0,3927.0,230,3926.0,197
rb1805,20171207,20171206,210756500,3926.0,125472,2964504,4924153880.0,3927.0,230,3926.0,197
rb1805,20171207,20171206,210757000,3927.0,125480,2964510,4924467980.0,3927.0,232,3926.0,198
rb1805,20171207,20171206,210757500,3927.0,125490,2964512,4924860660.0,3927.0,232,3926.0,197
rb1805,20171207,20171206,210758000,3926.0,125602,2964514,4929257780.0,3927.0,232,3926.0,149
rb1805,20171207,20171206,210758500,3926.0,125610,2964518,4929571860.0,3927.0,233,3926.0,194
rb1805,20171207,20171206,210759000,3926.0,125610,2964518,4929571860.0,3927.0,234,3926.0,202
rb1805,20171207,20171206,210759500,3927.0,125990,2964816,4944494280.0,3927.0,83,3926.0,206
rb1805,20171207,20171206,210800000,3927.0,126002,2964826,4944965520.0,3927.0,77,3926.0,229
rb1805,20171207,20171206,210800500,3926.0,126038,2964840,4946379100.0,3927.0,67,3926.0,223
rb1805,20171207,20171206,210801000,3926.0,126040,2964842,4946457620.0,3927.0,67,3926.0,252
rb1805,20171207,20171206,210801500,3927.0,126452,2964780,4962632860.0,3927.0,65,3926.0,53
rb1805,20171207,20171206,210802000,3927.0,126464,2964784,4963104080.0,3927.0,61,3926.0,54
rb1805,20171207,20171206,210802500,3926.0,126570,2964850,4967266640.0,3927.0,17,3926.0,69
rb1805,20171207,20171206,210803000,3927.0,126574,2964846,4967423720.0,3927.0,21,3926.0,95
rb1805,20171207,20171206,210803500,3927.0,126652,2964872,4970486780.0,3928.0,613,3927.0,5
rb1805,20171207,20171206,210804000,3926.0,126738,2964832,4973863360.0,3927.0,44,3926.0,68
rb1805,20171207,20171206,210804500,3927.0,126760,2964832,4974727260.0,3927.0,36,3926.0,61
rb1805,20171207,20171206,210805000,3926.0,126764,2964830,4974884300.0,3927.0,39,3926.0,90
rb1805,20171207,20171206,210805500,3927.0,126770,2964828,4975119920.0,3927.0,38,3926.0,96
rb1805,20171207,20171206,210806000,3926.0,126786,2964820,4975748220.0,3927.0,31,3926.0,97
rb1805,20171207,20171206,210806500,3927.0,126796,2964814,4976140900.0,3927.0,39,3926.0,97
rb1805,20171207,20171206,210807000,3926.0,126806,2964806,4976533520.0,3927.0,56,3926.0,87
rb1805,20171207,20171206,210807500,3927.0,126920,2964800,4981009220.0,3927.0,104,3926.0,40
rb1805,20171207,20171206,210808000,3925.0,127010,2964858,4984542600.0,3926.0,31,3925.0,953
rb1805,20171207,20171206,210808500,3927.0,127164,2964776,4990588820.0,3927.0,122,3926.0,1
rb1805,20171207,20171206,210809000,3926.0,127184,2964762,4991374020.0,3927.0,120,3925.0,955
rb1805,20171207,20171206,210809500,3927.0,127206,2964750,4992237940.0,3927.0,152,3926.0,511
rb1805,20171207,20171206,210810000,3927.0,127214,2964754,4992552060.0,3927.0,141,3926.0,511
rb1805,20171207,20171206,210810500,3927.0,127214,2964754,4992552060.0,3927.0,144,3926.0,513
rb1805,20171207,20171206,210811000,3926.0,127236,2964768,4993415920.0,3927.0,132,3926.0,516
rb1805,20171207,20171206,210811500,3926.0,127242,2964772,4993651480.0,3927.0,183,3926.0,514
rb1805,20171207,20171206,210812000,3926.0,127270,2964794,4994750800.0,3927.0,232,3926.0,503
rb1805,20171207,20171206,210812500,3926.0,127370,2964818,4998676800.0,3927.0,234,3926.0,454
rb1805,20171207,20171206,210813000,3926.0,127390,2964838,4999462020.0,3927.0,235,3926.0,446
rb1805,20171207,20171206,210813500,3926.0,127400,2964848,4999854640.0,3927.0,233,3926.0,443
rb1805,20171207,20171206,210814000,3926.0,127432,2964880,5001110980.0,3927.0,237,3926.0,433
rb1805,20171207,20171206,210814500,3926.0,127454,2964878,5001974840.0,3927.0,233,3926.0,445
rb1805,20171207,20171206,210815000,3927.0,127462,2964882,5002288980.0,3927.0,207,3926.0,446
rb1805,20171207,20171206,210815500,3927.0,127468,2964886,5002524560.0,3927.0,228,3926.0,450
rb1805,20171207,20171206,210816000,3927.0,127478,2964892,5002917200.0,3927.0,229,3926.0,448
rb1805,20171207,20171206,210816500,3927.0,127510,2964894,5004173540.0,3927.0,278,3926.0,435
rb1805,20171207,20171206,210817000,3927.0,127528,2964912,5004880300.0,3927.0,281,3926.0,432
rb1805,20171207,20171206,210817500,3927.0,127542,2964914,5005430060.0,3927.0,277,3926.0,432
rb1805,20171207,20171206,210818000,3926.0,127564,2964930,5006293820.0,3927.0,281,3926.0,423
rb1805,20171207,20171206,210818500,3927.0,127628,2964914,5008807100.0,3927.0,362,3926.0,426
rb1805,20171207,20171206,210819000,3926.0,127740,2965014,5013204240.0,3927.0,367,3926.0,384
rb1805,20171207,20171206,210819500,3926.0,127968,2965014,5022155520.0,3927.0,366,3926.0,271
rb1805,20171207,20171206,210820000,3926.0,128192,2965206,5030949780.0,3927.0,369,3926.0,166
rb1805,20171207,20171206,210820500,3926.0,128528,2965150,5044141160.0,3926.0,12,3925.0,938
rb1805,20171207,20171206,210821000,3926.0,128532,2965148,5044298200.0,3926.0,18,3925.0,948
rb1805,20171207,20171206,210821500,3926.0,128534,2965148,5044376720.0,3926.0,108,3925.0,947
rb1805,20171207,20171206,210822000,3926.0,128548,2965152,5044926340.0,3926.0,107,3925.0,950
rb1805,20171207,20171206,210822500,3926.0,128566,2965154,5045633020.0,3926.0,236,3925.0,951
rb1805,20171207,20171206,210823000,3926.0,128576,2965158,5046025620.0,3926.0,273,3925.0,952
rb1805,20171207,20171206,210823500,3925.0,128580,2965162,5046182640.0,3926.0,274,3925.0,951
rb1805,20171207,20171206,210824000,3926.0,128588,2965166,5046496700.0,3926.0,272,3925.0,949
rb1805,20171207,20171206,210824500,3926.0,128626,2965198,5047988300.0,3926.0,269,3925.0,935
rb1805,20171207,20171206,210825000,3925.0,128644,2965198,5048694900.0,3926.0,346,3925.0,938
rb1805,20171207,20171206,210825500,3925.0,128660,2965200,5049322980.0,3926.0,376,3925.0,934
rb1805,20171207,20171206,210826000,3925.0,128666,2965202,5049558480.0,3926.0,381,3925.0,936
rb1805,20171207,20171206,210826500,3926.0,128734,2965148,5052228100.0,3926.0,350,3925.0,934
rb1805,20171207,20171206,210827000,3925.0,128740,2965150,5052463620.0,3926.0,349,3925.0,932
rb1805,20171207,20171206,210827500,3925.0,128766,2965150,5053484160.0,3926.0,347,3925.0,911
rb1805,20171207,20171206,210828000,3925.0,129248,2965308,5072402740.0,3926.0,433,3925.0,673
rb1805,20171207,20171206,210828500,3925.0,130612,2965470,5125939740.0,3925.0,759,3924.0,542
rb1805,20171207,20171206,210829000,3924.0,131244,2965308,5150741440.0,3925.0,678,3924.0,326
rb1805,20171207,20171206,210829500,3924.0,131394,2965210,5156627520.0,3925.0,673,3924.0,260
rb1805,20171207,20171206,210830000,3925.0,131446,2965202,5158668040.0,3925.0,678,3924.0,237
rb1805,20171207,20171206,210830500,3924.0,131500,2965234,5160787200.0,3925.0,670,3924.0,221
rb1805,20171207,20171206,210831000,3925.0,131526,2965238,5161807460.0,3925.0,669,3924.0,200
rb1805,20171207,20171206,210831500,3924.0,131660,2965202,5167065660.0,3925.0,669,3924.0,135
rb1805,20171207,20171206,210832000,3924.0,131668,2965202,5167379600.0,3925.0,670,3924.0,133
rb1805,20171207,20171206,210832500,3925.0,132136,2964798,5185747960.0,3925.0,471,3924.0,102
rb1805,20171207,20171206,210833000,3924.0,132154,2964810,5186454420.0,3925.0,464,3924.0,140
rb1805,20171207,20171206,210833500,3925.0,132168,2964816,5187003880.0,3925.0,289,3924.0,143
rb1805,20171207,20171206,210834000,3924.0,132180,2964810,5187474760.0,3925.0,289,3924.0,141
rb1805,20171207,20171206,210834500,3924.0,132242,2964802,5189907680.0,3925.0,287,3924.0,88
rb1805,20171207,20171206,210835000,3925.0,132330,2964746,5193360960.0,3925.0,279,3924.0,54
rb1805,20171207,20171206,210835500,3924.0,132548,2964780,5201915300.0,3925.0,281,3924.0,4
rb1805,20171207,20171206,210836000,3924.0,132570,2964790,5202778580.0,3924.0,58,3923.0,259
rb1805,20171207,20171206,210836500,3924.0,132596,2964814,5203798820.0,3924.0,91,3923.0,250
rb1805,20171207,20171206,210837000,3924.0,132618,2964826,5204662100.0,3924.0,87,3923.0,250
rb1805,20171207,20171206,210837500,3923.0,132640,2964836,5205525200.0,3924.0,85,3923.0,241
rb1805,20171207,20171206,210838000,3923.0,132676,2964802,5206937500.0,3924.0,88,3923.0,224
rb1805,20171207,20171206,210838500,3924.0,132688,2964800,5207408320.0,3924.0,129,3923.0,221
rb1805,20171207,20171206,210839000,3923.0,132740,2964758,5209448700.0,3924.0,122,3923.0,212
rb1805,20171207,20171206,210839500,3923.0,132764,2964766,5210390360.0,3924.0,106,3923.0,224
rb1805,20171207,20171206,210840000,3923.0,132794,2964772,5211567360.0,3924.0,102,3923.0,217
rb1805,20171207,20171206,210840500,3923.0,132802,2964768,5211881260.0,3924.0,100,3923.0,222
rb1805,20171207,20171206,210841000,3924.0,132808,2964766,5212116680.0,3924.0,109,3923.0,222
rb1805,20171207,20171206,210841500,3924.0,132936,2964720,5217139260.0,3924.0,55,3923.0,217
rb1805,20171207,20171206,210842000,3923.0,133232,2964480,5228751340.0,3924.0,43,3923.0,74
rb1805,20171207,20171206,210842500,3924.0,133284,2964488,5230791600.0,3924.0,45,3923.0,64
rb1805,20171207,20171206,210843000,3923.0,133298,2964484,5231340900.0,3924.0,45,3923.0,82
rb1805,20171207,20171206,210843500,3923.0,133322,2964474,5232282440.0,3924.0,55,3923.0,96
rb1805,20171207,20171206,210844000,3923.0,133336,2964484,5232831660.0,3924.0,71,3923.0,107
rb1805,20171207,20171206,210844500,3924.0,133352,2964478,5233459400.0,3924.0,69,3923.0,105
rb1805,20171207,20171206,210845000,3924.0,133372,2964488,5234244100.0,3924.0,65,3923.0,103
rb1805,20171207,20171206,210845500,3924.0,133430,2964510,5236519980.0,3924.0,42,3923.0,202
rb1805,20171207,20171206,210846000,3923.0,133512,2964470,5239737420.0,3924.0,15,3923.0,195
rb1805,20171207,20171206,210846500,3923.0,133518,2964470,5239972800.0,3924.0,36,3923.0,226
rb1805,20171207,20171206,210847000,3923.0,133544,2964468,5240992800.0,3924.0,36,3923.0,217
rb1805,20171207,20171206,210847500,3924.0,133558,2964462,5241542160.0,3924.0,168,3923.0,224
rb1805,20171207,20171206,210848000,3923.0,133670,2964404,5245935980.0,3924.0,177,3923.0,175
rb1805,20171207,20171206,210848500,3923.0,133882,2964522,5254254800.0,3924.0,74,3923.0,184
rb1805,20171207,20171206,210849000,3923.0,134066,2964440,5261474940.0,3924.0,13,3923.0,184
rb1805,20171207,20171206,210849500,3924.0,134106,2964402,5263044540.0,3925.0,101,3924.0,43
rb1805,20171207,20171206,210850000,3924.0,134172,2964382,5265634380.0,3925.0,113,3924.0,17
rb1805,20171207,20171206,210850500,3924.0,134182,2964376,5266026800.0,3925.0,113,3924.0,39
rb1805,20171207,20171206,210851000,3925.0,134386,2964528,5274033760.0,3925.0,13,3924.0,43
rb1805,20171207,20171206,210851500,3924.0,134396,2964528,5274426160.0,3925.0,3,3924.0,45
rb1805,20171207,20171206,210852000,3924.0,134494,2964568,5278271680.0,3924.0,83,3923.0,213
rb1805,20171207,20171206,210852500,3923.0,134498,2964568,5278428620.0,3924.0,89,3923.0,220
rb1805,20171207,20171206,210853000,3924.0,134578,2964608,5281567820.0,3924.0,52,3923.0,221
rb1805,20171207,20171206,210853500,3924.0,134688,2964602,5285884240.0,3925.0,38,3924.0,419
rb1805,20171207,20171206,210854000,3924.0,134690,2964600,5285962720.0,3925.0,40,3924.0,419
rb1805,20171207,20171206,210854500,3925.0,134734,2964606,5287689680.0,3925.0,4,3924.0,418
rb1805,20171207,20171206,210855000,3925.0,134798,2964580,5290201680.0,3926.0,396,3925.0,28
rb1805,20171207,20171206,210855500,3925.0,134800,2964578,5290280180.0,3926.0,399,3925.0,31
rb1805,20171207,20171206,210856000,3925.0,134830,2964556,5291457680.0,3926.0,399,3925.0,18
rb1805,20171207,20171206,210856500,3925.0,134864,2964528,5292792180.0,3926.0,342,3925.0,65
rb1805,20171207,20171206,210857000,3925.0,134866,2964528,5292870680.0,3926.0,347,3925.0,67
rb1805,20171207,20171206,210857500,3925.0,134904,2964526,5294362280.0,3926.0,341,3925.0,54
rb1805,20171207,20171206,210858000,3925.0,134904,2964526,5294362280.0,3926.0,352,3925.0,54
rb1805,20171207,20171206,210858500,3925.0,134916,2964526,5294833340.0,3926.0,348,3925.0,51
rb1805,20171207,20171206,210859000,3926.0,134964,2964522,5296717400.0,3926.0,347,3925.0,34
rb1805,20171207,20171206,210859500,3925.0,135008,2964498,5298444400.0,3926.0,350,3925.0,26
rb1805,20171207,20171206,210900000,3925.0,135102,2964482,5302134520.0,3926.0,319,3925.0,16
rb1805,20171207,20171206,210900500,3926.0,135140,2964462,5303626200.0,3926.0,310,3925.0,8
rb1805,20171207,20171206,210901000,3926.0,135182,2964456,5305274920.0,3926.0,309,3925.0,5
rb1805,20171207,20171206,210901500,3926.0,135194,2964452,5305745980.0,3926.0,306,3925.0,3
rb1805,20171207,20171206,210902000,3926.0,135300,2964452,5309907480.0,3925.0,1,3924.0,301
rb1805,20171207,20171206,210902500,3926.0,135350,2964450,5311870460.0,3926.0,237,3925.0,16
rb1805,20171207,20171206,210903000,3925.0,135372,2964432,5312733980.0,3926.0,236,3925.0,18
rb1805,20171207,20171206,210903500,3926.0,135380,2964432,5313048060.0,3926.0,240,3925.0,39
rb1805,20171207,20171206,210904000,3925.0,135446,2964432,5315639100.0,3926.0,217,3925.0,38
rb1805,20171207,20171206,210904500,3926.0,135448,2964434,5315717620.0,3926.0,218,3925.0,52
rb1805,20171207,20171206,210905000,3926.0,135494,2964434,5317523580.0,3926.0,196,3925.0,53
rb1805,20171207,20171206,210905500,3925.0,135510,2964440,5318151600.0,3926.0,203,3925.0,47
rb1805,20171207,20171206,210906000,3925.0,135618,2964442,5322390620.0,3926.0,201,3925.0,93
rb1805,20171207,20171206,210906500,3925.0,135754,2964338,5327729760.0,3926.0,144,3925.0,134
rb1805,20171207,20171206,210907000,3926.0,135810,2964336,5329928300.0,3926.0,119,3925.0,177
rb1805,20171207,20171206,210907500,3925.0,135862,2964332,5331969480.0,3926.0,110,3925.0,163
rb1805,20171207,20171206,210908000,3926.0,135872,2964322,5332362080.0,3926.0,109,3925.0,162
rb1805,20171207,20171206,210908500,3926.0,135888,2964322,5332990220.0,3926.0,102,3925.0,304
rb1805,20171207,20171206,210909000,3926.0,136058,2964190,5339663380.0,3926.0,72,3925.0,256
rb1805,20171207,20171206,210909500,3926.0,136060,2964190,5339741900.0,3926.0,136,3925.0,260
rb1805,20171207,20171206,210910000,3926.0,136084,2964198,5340684000.0,3926.0,131,3925.0,259
rb1805,20171207,20171206,210910500,3925.0,136090,2964202,5340919520.0,3926.0,136,3925.0,278
rb1805,20171207,20171206,210911000,3925.0,136126,2964200,5342332760.0,3926.0,125,3925.0,273
