instrument,tradingday,calendarday,time,lastp,volume,openinterest,turnover,ask1,asksz1,bid1,bidsz1
rb1805,20171026,20171025,183606500,3702.0,0,1095370,0.0,0.0,0,0.0,0
rb1805,20171026,20171025,205900500,3673.0,5414,1094264,198856220.0,3675.0,10,3673.0,47
rb1805,20171026,20171025,210000500,3679.0,7488,1094060,275053760.0,3679.0,229,3678.0,3
rb1805,20171026,20171025,210001000,3675.0,9274,1094640,340716360.0,3677.0,80,3675.0,1
rb1805,20171026,20171025,210001500,3677.0,10910,1094346,400845900.0,3678.0,445,3677.0,82
rb1805,20171026,20171025,210002000,3676.0,12472,1094638,458275600.0,3676.0,2,3675.0,180
rb1805,20171026,20171025,210002500,3676.0,14154,1095214,520099580.0,3677.0,13,3676.0,6
rb1805,20171026,20171025,210003000,3675.0,14858,1095406,545983020.0,3676.0,12,3675.0,22
rb1805,20171026,20171025,210003500,3678.0,15294,1095484,562010720.0,3678.0,16,3677.0,11
rb1805,20171026,20171025,210004000,3678.0,15446,1095520,567601080.0,3679.0,278,3678.0,367
rb1805,20171026,20171025,210004500,3679.0,15840,1095588,582094980.0,3680.0,545,3679.0,10
rb1805,20171026,20171025,210005000,3678.0,16702,1095560,613801200.0,3678.0,614,3677.0,369
rb1805,20171026,20171025,210005500,3677.0,17338,1095794,637192800.0,3678.0,324,3677.0,338
rb1805,20171026,20171025,210006000,3677.0,18064,1096112,663894700.0,3680.0,625,3679.0,1
rb1805,20171026,20171025,210006500,3678.0,18124,1096098,666102120.0,3679.0,11,3678.0,131
rb1805,20171026,20171025,210007000,3679.0,18246,1096040,670590700.0,3680.0,640,3679.0,80
rb1805,20171026,20171025,210007500,3679.0,18490,1095990,679567380.0,3679.0,44,3678.0,50
rb1805,20171026,20171025,210008000,3679.0,18936,1095876,695970340.0,3679.0,3,3678.0,9
rb1805,20171026,20171025,210008500,3679.0,19098,1095896,701930140.0,3679.0,1,3678.0,53
rb1805,20171026,20171025,210009000,3678.0,19378,1095924,712232080.0,3679.0,1,3678.0,88
rb1805,20171026,20171025,210009500,3680.0,19502,1095874,716794760.0,3680.0,530,3679.0,61
rb1805,20171026,20171025,210010000,3680.0,19842,1095702,729304160.0,3680.0,500,3679.0,27
rb1805,20171026,20171025,210010500,3680.0,20220,1095614,743213060.0,3680.0,310,3679.0,27
rb1805,20171026,20171025,210011000,3680.0,20590,1095586,756825640.0,3680.0,245,3679.0,100
rb1805,20171026,20171025,210011500,3680.0,21484,1095050,789719380.0,3680.0,72,3679.0,32
rb1805,20171026,20171025,210012000,3681.0,21682,1094944,797006040.0,3682.0,21,3681.0,102
rb1805,20171026,20171025,210012500,3681.0,21826,1094862,802307200.0,3683.0,16,3682.0,5
rb1805,20171026,20171025,210013000,3681.0,22074,1094884,811440680.0,3682.0,834,3681.0,56
rb1805,20171026,20171025,210013500,3680.0,22312,1094838,820201260.0,3681.0,66,3680.0,542
rb1805,20171026,20171025,210014000,3682.0,22706,1094796,834704600.0,3682.0,848,3681.0,5
rb1805,20171026,20171025,210014500,3681.0,22852,1094710,840078760.0,3681.0,31,3680.0,628
rb1805,20171026,20171025,210015000,3682.0,24964,1094000,917792580.0,3682.0,901,3681.0,10
rb1805,20171026,20171025,210015500,3680.0,25040,1093972,920590020.0,3681.0,316,3680.0,7
rb1805,20171026,20171025,210016000,3681.0,25234,1094038,927730600.0,3681.0,184,3680.0,15
rb1805,20171026,20171025,210016500,3681.0,25284,1094044,929570820.0,3681.0,217,3680.0,7
rb1805,20171026,20171025,210017000,3680.0,26990,1093948,992356280.0,3680.0,305,3679.0,21
rb1805,20171026,20171025,210017500,3680.0,27194,1093996,999862040.0,3680.0,293,3679.0,4
rb1805,20171026,20171025,210018000,3679.0,27374,1094116,1006485480.0,3679.0,243,3678.0,9
rb1805,20171026,20171025,210018500,3679.0,28740,1093960,1056719100.0,3679.0,494,3676.0,201
rb1805,20171026,20171025,210019000,3677.0,29848,1093610,1097444380.0,3677.0,5,3675.0,25
rb1805,20171026,20171025,210019500,3677.0,30002,1093650,1103106260.0,3677.0,126,3675.0,71
rb1805,20171026,20171025,210020000,3675.0,30212,1093680,1110825500.0,3675.0,1100,3674.0,1
rb1805,20171026,20171025,210020500,3675.0,30844,1094038,1134050100.0,3674.0,6,3673.0,48
rb1805,20171026,20171025,210021000,3673.0,32024,1093756,1177411540.0,3674.0,57,3673.0,30
rb1805,20171026,20171025,210021500,3673.0,32964,1093900,1211943480.0,3673.0,110,3671.0,43
rb1805,20171026,20171025,210022000,3673.0,33576,1094294,1234426140.0,3673.0,77,3672.0,8
rb1805,20171026,20171025,210022500,3673.0,33778,1094266,1241845280.0,3673.0,8,3672.0,17
rb1805,20171026,20171025,210023000,3667.0,34842,1093938,1280893520.0,3675.0,309,3673.0,2
rb1805,20171026,20171025,210023500,3657.0,39076,1094886,1436042060.0,3673.0,117,3657.0,78
rb1805,20171026,20171025,210024000,3665.0,42404,1095220,1557947620.0,3665.0,154,3661.0,7
rb1805,20171026,20171025,210024500,3663.0,43832,1094946,1610288200.0,3664.0,1,3663.0,171
rb1805,20171026,20171025,210025000,3666.0,44116,1094778,1620697040.0,3666.0,154,3665.0,1
rb1805,20171026,20171025,210025500,3665.0,44798,1094568,1645698400.0,3668.0,88,3665.0,73
rb1805,20171026,20171025,210026000,3668.0,45198,1094508,1660368100.0,3670.0,8,3668.0,3
rb1805,20171026,20171025,210026500,3671.0,45452,1094322,1669687880.0,3671.0,36,3670.0,6
rb1805,20171026,20171025,210027000,3670.0,45640,1094364,1676587760.0,3671.0,35,3670.0,54
rb1805,20171026,20171025,210027500,3670.0,46214,1094216,1697651860.0,3671.0,4,3668.0,44
rb1805,20171026,20171025,210028000,3669.0,46898,1094002,1722752760.0,3670.0,2,3669.0,39
rb1805,20171026,20171025,210028500,3671.0,46944,1094004,1724441320.0,3672.0,36,3671.0,36
rb1805,20171026,20171025,210029000,3670.0,47238,1094030,1735232880.0,3671.0,28,3670.0,27
rb1805,20171026,20171025,210029500,3671.0,47552,1093992,1746758420.0,3671.0,42,3669.0,6
rb1805,20171026,20171025,210030000,3670.0,47872,1093926,1758502720.0,3670.0,106,3669.0,1
rb1805,20171026,20171025,210030500,3669.0,48060,1093876,1765401920.0,3670.0,32,3668.0,43
rb1805,20171026,20171025,210031000,3671.0,48226,1093892,1771494380.0,3671.0,64,3670.0,19
rb1805,20171026,20171025,210031500,3670.0,48330,1093920,1775310940.0,3670.0,77,3669.0,1
rb1805,20171026,20171025,210032000,3666.0,48996,1094040,1799742840.0,3666.0,411,3665.0,118
rb1805,20171026,20171025,210032500,3666.0,49778,1094550,1828408900.0,3666.0,126,3665.0,22
rb1805,20171026,20171025,210033000,3666.0,50026,1094594,1837500320.0,3666.0,16,3665.0,72
rb1805,20171026,20171025,210033500,3668.0,50240,1094478,1845347760.0,3669.0,571,3668.0,50
rb1805,20171026,20171025,210034000,3669.0,50346,1094432,1849236540.0,3669.0,506,3668.0,44
rb1805,20171026,20171025,210034500,3669.0,50484,1094366,1854299300.0,3669.0,459,3668.0,21
rb1805,20171026,20171025,210035000,3669.0,50800,1094320,1865891060.0,3669.0,414,3668.0,40
rb1805,20171026,20171025,210035500,3668.0,51034,1094376,1874475600.0,3669.0,344,3668.0,17
rb1805,20171026,20171025,210036000,3669.0,51120,1094362,1877630740.0,3669.0,312,3668.0,11
rb1805,20171026,20171025,210036500,3669.0,51576,1094044,1894361260.0,3669.0,90,3668.0,10
rb1805,20171026,20171025,210037000,3670.0,51760,1094132,1901112220.0,3670.0,107,3669.0,192
rb1805,20171026,20171025,210037500,3669.0,51898,1094200,1906175600.0,3670.0,106,3669.0,217
rb1805,20171026,20171025,210038000,3670.0,52534,1094190,1929511860.0,3670.0,41,3669.0,5
rb1805,20171026,20171025,210038500,3670.0,52650,1094146,1933768940.0,3671.0,130,3670.0,12
rb1805,20171026,20171025,210039000,3668.0,52930,1094070,1944040640.0,3668.0,9,3667.0,30
rb1805,20171026,20171025,210039500,3668.0,53016,1094100,1947195540.0,3669.0,114,3668.0,36
rb1805,20171026,20171025,210040000,3669.0,53168,1094134,1952772400.0,3669.0,28,3668.0,46
rb1805,20171026,20171025,210040500,3668.0,53292,1094170,1957321720.0,3669.0,19,3668.0,44
rb1805,20171026,20171025,210041000,3670.0,53370,1094140,1960183660.0,3670.0,106,3669.0,7
rb1805,20171026,20171025,210041500,3670.0,53436,1094154,1962604980.0,3670.0,104,3669.0,9
rb1805,20171026,20171025,210042000,3669.0,53550,1094108,1966787220.0,3669.0,11,3668.0,93
rb1805,20171026,20171025,210042500,3669.0,53650,1094124,1970456200.0,3669.0,13,3668.0,94
rb1805,20171026,20171025,210043000,3669.0,53672,1094132,1971263380.0,3669.0,11,3668.0,94
rb1805,20171026,20171025,210043500,3669.0,53760,1094140,1974491900.0,3669.0,6,3668.0,82
rb1805,20171026,20171025,210044000,3669.0,53796,1094120,1975812720.0,3670.0,97,3669.0,116
rb1805,20171026,20171025,210044500,3670.0,53882,1094178,1978968200.0,3670.0,95,3669.0,89
rb1805,20171026,20171025,210045000,3669.0,54096,1094230,1986819840.0,3669.0,101,3668.0,97
rb1805,20171026,20171025,210045500,3669.0,54166,1094234,1989387960.0,3669.0,78,3668.0,92
rb1805,20171026,20171025,210046000,3669.0,54208,1094216,1990928880.0,3669.0,64,3668.0,101
rb1805,20171026,20171025,210046500,3668.0,54350,1094098,1996138420.0,3669.0,17,3668.0,85
rb1805,20171026,20171025,210047000,3669.0,54412,1094068,1998413240.0,3669.0,70,3668.0,82
rb1805,20171026,20171025,210047500,3669.0,54532,1094066,2002815740.0,3669.0,28,3668.0,76
rb1805,20171026,20171025,210048000,3669.0,54602,1094068,2005384000.0,3669.0,25,3668.0,78
rb1805,20171026,20171025,210048500,3669.0,54618,1094082,2005971000.0,3669.0,25,3668.0,78
rb1805,20171026,20171025,210049000,3669.0,54724,1094126,2009860220.0,3670.0,88,3669.0,40
rb1805,20171026,20171025,210049500,3669.0,54766,1094126,2011401200.0,3670.0,89,3669.0,133
rb1805,20171026,20171025,210050000,3669.0,54804,1094124,2012795460.0,3670.0,92,3669.0,126
rb1805,20171026,20171025,210050500,3670.0,54916,1094122,2016905420.0,3670.0,58,3669.0,145
rb1805,20171026,20171025,210051000,3670.0,55052,1094216,2021896660.0,3671.0,109,3670.0,12
rb1805,20171026,20171025,210051500,3669.0,55086,1094216,2023144400.0,3671.0,109,3670.0,7
rb1805,20171026,20171025,210052000,3671.0,55132,1094186,2024832600.0,3671.0,137,3670.0,38
rb1805,20171026,20171025,210052500,3670.0,55256,1094208,2029383560.0,3671.0,122,3670.0,14
rb1805,20171026,20171025,210053000,3671.0,55324,1094208,2031879620.0,3671.0,99,3670.0,35
rb1805,20171026,20171025,210053500,3671.0,55456,1094220,2036724880.0,3671.0,56,3670.0,49
rb1805,20171026,20171025,210054000,3671.0,55574,1094186,2041056600.0,3672.0,109,3671.0,12
rb1805,20171026,20171025,210054500,3671.0,55798,1094060,2049281440.0,3671.0,4,3670.0,77
rb1805,20171026,20171025,210055000,3672.0,55824,1094046,2050235980.0,3672.0,22,3671.0,33
rb1805,20171026,20171025,210055500,3671.0,55894,1094024,2052806060.0,3673.0,100,3671.0,45
rb1805,20171026,20171025,210056000,3672.0,55912,1094018,2053466880.0,3672.0,6,3671.0,57
rb1805,20171026,20171025,210056500,3672.0,55998,1093960,2056624960.0,3673.0,97,3672.0,15
rb1805,20171026,20171025,210057000,3671.0,56144,1094078,2061986040.0,3672.0,290,3671.0,82
rb1805,20171026,20171025,210057500,3672.0,56300,1094214,2067714280.0,3672.0,220,3671.0,91
rb1805,20171026,20171025,210058000,3672.0,56324,1094220,2068595440.0,3672.0,215,3671.0,85
rb1805,20171026,20171025,210058500,3671.0,56392,1094262,2071092120.0,3672.0,203,3671.0,73
rb1805,20171026,20171025,210059000,3671.0,56476,1094304,2074176420.0,3672.0,170,3671.0,56
rb1805,20171026,20171025,210059500,3672.0,56530,1094320,2076159260.0,3672.0,145,3671.0,88
rb1805,20171026,20171025,210100000,3671.0,56866,1094478,2088496020.0,3672.0,36,3671.0,35
rb1805,20171026,20171025,210100500,3673.0,57016,1094516,2094003400.0,3673.0,193,3672.0,2
rb1805,20171026,20171025,210101000,3673.0,57116,1094534,2097675880.0,3673.0,187,3672.0,43
rb1805,20171026,20171025,210101500,3673.0,57244,1094562,2102376760.0,3673.0,143,3672.0,39
rb1805,20171026,20171025,210102000,3673.0,57296,1094594,2104286520.0,3673.0,127,3672.0,96
rb1805,20171026,20171025,210102500,3673.0,57552,1094786,2113689380.0,3674.0,32,3673.0,3
rb1805,20171026,20171025,210103000,3674.0,57666,1094786,2117877740.0,3675.0,79,3674.0,3
rb1805,20171026,20171025,210103500,3675.0,57774,1094822,2121845940.0,3675.0,91,3674.0,77
rb1805,20171026,20171025,210104000,3674.0,57902,1094850,2126549640.0,3675.0,42,3674.0,72
rb1805,20171026,20171025,210104500,3676.0,58008,1094838,2130444980.0,3676.0,67,3675.0,12
rb1805,20171026,20171025,210105000,3676.0,58128,1094828,2134855160.0,3676.0,1,3675.0,4
rb1805,20171026,20171025,210105500,3676.0,58168,1094830,2136325560.0,3677.0,65,3676.0,8
rb1805,20171026,20171025,210106000,3676.0,58242,1094826,2139045380.0,3676.0,94,3675.0,22
rb1805,20171026,20171025,210106500,3675.0,58396,1094788,2144704440.0,3676.0,65,3675.0,2
rb1805,20171026,20171025,210107000,3675.0,58508,1094848,2148821240.0,3675.0,8,3674.0,99
rb1805,20171026,20171025,210107500,3675.0,58668,1094816,2154702620.0,3676.0,8,3675.0,51
rb1805,20171026,20171025,210108000,3676.0,58712,1094818,2156319840.0,3677.0,229,3676.0,9
rb1805,20171026,20171025,210108500,3676.0,58868,1094842,2162054840.0,3677.0,207,3676.0,19
rb1805,20171026,20171025,210109000,3676.0,58962,1094904,2165510240.0,3677.0,217,3676.0,528
rb1805,20171026,20171025,210109500,3677.0,59152,1094908,2172495100.0,3677.0,200,3676.0,463
rb1805,20171026,20171025,210110000,3677.0,59238,1094912,2175657200.0,3677.0,183,3676.0,464
rb1805,20171026,20171025,210110500,3677.0,59616,1094986,2189556160.0,3678.0,27,3677.0,98
rb1805,20171026,20171025,210111000,3678.0,59682,1094938,2191983040.0,3678.0,76,3677.0,188
rb1805,20171026,20171025,210111500,3677.0,59764,1094934,2194998880.0,3678.0,34,3677.0,247
rb1805,20171026,20171025,210112000,3678.0,59788,1094934,2195881580.0,3678.0,42,3677.0,270
rb1805,20171026,20171025,210112500,3678.0,60036,1094948,2205002860.0,3679.0,153,3678.0,7
rb1805,20171026,20171025,210113000,3678.0,60138,1094906,2208754240.0,3678.0,9,3677.0,250
rb1805,20171026,20171025,210113500,3678.0,60204,1094894,2211181660.0,3678.0,37,3677.0,273
rb1805,20171026,20171025,210114000,3678.0,60448,1094762,2220154760.0,3679.0,190,3678.0,4
rb1805,20171026,20171025,210114500,3677.0,60570,1094770,2224641900.0,3678.0,58,3677.0,176
rb1805,20171026,20171025,210115000,3677.0,60668,1094790,2228246080.0,3678.0,82,3677.0,168
rb1805,20171026,20171025,210115500,3678.0,60734,1094782,2230673360.0,3678.0,117,3677.0,159
rb1805,20171026,20171025,210116000,3678.0,60850,1094772,2234939600.0,3678.0,75,3677.0,170
rb1805,20171026,20171025,210116500,3677.0,61024,1094744,2241339120.0,3678.0,6,3677.0,150
rb1805,20171026,20171025,210117000,3678.0,61106,1094750,2244355100.0,3679.0,173,3678.0,36
rb1805,20171026,20171025,210117500,3679.0,61200,1094778,2247813080.0,3679.0,144,3678.0,73
rb1805,20171026,20171025,210118000,3679.0,61378,1094808,2254360140.0,3679.0,133,3678.0,77
rb1805,20171026,20171025,210118500,3678.0,61394,1094816,2254948640.0,3679.0,149,3678.0,75
rb1805,20171026,20171025,210119000,3678.0,61444,1094798,2256788040.0,3679.0,128,3678.0,84
rb1805,20171026,20171025,210119500,3679.0,61656,1094618,2264587280.0,3679.0,44,3678.0,42
rb1805,20171026,20171025,210120000,3679.0,61694,1094618,2265985240.0,3679.0,10,3678.0,49
rb1805,20171026,20171025,210120500,3679.0,61776,1094628,2269001840.0,3679.0,10,3678.0,42
rb1805,20171026,20171025,210121000,3679.0,61884,1094584,2272974240.0,3679.0,63,3678.0,102
rb1805,20171026,20171025,210121500,3679.0,61954,1094552,2275549200.0,3679.0,40,3678.0,107
rb1805,20171026,20171025,210122000,3679.0,62052,1094564,2279154560.0,3680.0,579,3679.0,10
rb1805,20171026,20171025,210122500,3679.0,62070,1094560,2279816820.0,3680.0,578,3679.0,16
rb1805,20171026,20171025,210123000,3680.0,62110,1094570,2281288480.0,3680.0,580,3679.0,12
rb1805,20171026,20171025,210123500,3680.0,62200,1094592,2284600120.0,3680.0,555,3679.0,11
rb1805,20171026,20171025,210124000,3679.0,62278,1094646,2287469740.0,3679.0,3,3678.0,120
rb1805,20171026,20171025,210124500,3680.0,62354,1094702,2290266240.0,3680.0,533,3679.0,3
rb1805,20171026,20171025,210125000,3679.0,62426,1094732,2292915520.0,3679.0,2,3678.0,133
rb1805,20171026,20171025,210125500,3679.0,62462,1094724,2294239960.0,3680.0,515,3679.0,104
rb1805,20171026,20171025,210126000,3679.0,62512,1094696,2296079500.0,3680.0,509,3679.0,97
rb1805,20171026,20171025,210126500,3680.0,62734,1094548,2304247140.0,3680.0,504,3679.0,4
rb1805,20171026,20171025,210127000,3679.0,62788,1094538,2306233720.0,3679.0,42,3678.0,224
rb1805,20171026,20171025,210127500,3679.0,62838,1094510,2308073120.0,3679.0,47,3678.0,211
rb1805,20171026,20171025,210128000,3678.0,62992,1094422,2313738760.0,3679.0,11,3678.0,214
rb1805,20171026,20171025,210128500,3678.0,63146,1094408,2319404280.0,3679.0,16,3678.0,214
rb1805,20171026,20171025,210129000,3679.0,63176,1094424,2320507960.0,3679.0,11,3678.0,244
rb1805,20171026,20171025,210129500,3679.0,63264,1094440,2323745240.0,3679.0,57,3678.0,235
rb1805,20171026,20171025,210130000,3679.0,63300,1094422,2325069500.0,3679.0,68,3678.0,222
rb1805,20171026,20171025,210130500,3679.0,63380,1094396,2328012600.0,3679.0,37,3678.0,212
rb1805,20171026,20171025,210131000,3679.0,63408,1094404,2329042660.0,3679.0,13,3678.0,206
rb1805,20171026,20171025,210131500,3679.0,63498,1094370,2332353120.0,3679.0,42,3678.0,175
rb1805,20171026,20171025,210132000,3678.0,63630,1094474,2337208300.0,3679.0,45,3678.0,126
rb1805,20171026,20171025,210132500,3678.0,63906,1094616,2347359580.0,3678.0,34,3677.0,111
rb1805,20171026,20171025,210133000,3678.0,63986,1094612,2350301780.0,3678.0,11,3677.0,111
rb1805,20171026,20171025,210133500,3678.0,64030,1094630,2351920020.0,3678.0,26,3677.0,104
rb1805,20171026,20171025,210134000,3678.0,64104,1094622,2354641340.0,3678.0,13,3677.0,72
rb1805,20171026,20171025,210134500,3678.0,64148,1094642,2356259600.0,3678.0,50,3677.0,78
rb1805,20171026,20171025,210135000,3677.0,64294,1094688,2361628960.0,3678.0,19,3677.0,37
rb1805,20171026,20171025,210135500,3677.0,64302,1094690,2361923180.0,3678.0,24,3677.0,50
rb1805,20171026,20171025,210136000,3678.0,64410,1094676,2365894980.0,3679.0,156,3678.0,15
rb1805,20171026,20171025,210136500,3677.0,64502,1094676,2369278260.0,3678.0,7,3677.0,9
rb1805,20171026,20171025,210137000,3678.0,64508,1094680,2369498900.0,3678.0,23,3677.0,12
rb1805,20171026,20171025,210137500,3678.0,64558,1094684,2371337900.0,3679.0,233,3678.0,48
rb1805,20171026,20171025,210138000,3678.0,64878,1094750,2383107440.0,3678.0,41,3677.0,20
rb1805,20171026,20171025,210138500,3676.0,65218,1094912,2395611780.0,3678.0,46,3677.0,1
rb1805,20171026,20171025,210139000,3678.0,65674,1095232,2412383500.0,3678.0,3,3677.0,37
rb1805,20171026,20171025,210139500,3678.0,65756,1095302,2415399500.0,3679.0,115,3678.0,63
rb1805,20171026,20171025,210140000,3678.0,66086,1095484,2427539020.0,3679.0,39,3678.0,12
rb1805,20171026,20171025,210140500,3677.0,66434,1095492,2440338160.0,3679.0,27,3677.0,162
rb1805,20171026,20171025,210141000,3678.0,66514,1095538,2443279960.0,3679.0,37,3678.0,3
rb1805,20171026,20171025,210141500,3678.0,66548,1095540,2444530500.0,3679.0,41,3678.0,17
rb1805,20171026,20171025,210142000,3679.0,66556,1095540,2444824800.0,3679.0,42,3678.0,23
rb1805,20171026,20171025,210142500,3679.0,66576,1095528,2445560560.0,3679.0,64,3678.0,133
rb1805,20171026,20171025,210143000,3678.0,67058,1095350,2463289100.0,3679.0,55,3678.0,30
rb1805,20171026,20171025,210143500,3679.0,67132,1095362,2466010980.0,3679.0,60,3678.0,7
rb1805,20171026,20171025,210144000,3678.0,67182,1095348,2467850160.0,3678.0,11,3677.0,139
rb1805,20171026,20171025,210144500,3679.0,67278,1095374,2471381340.0,3678.0,1,3677.0,138
rb1805,20171026,20171025,210145000,3679.0,67310,1095388,2472558620.0,3679.0,168,3677.0,138
rb1805,20171026,20171025,210145500,3679.0,67402,1095350,2475942060.0,3678.0,5,3677.0,141
rb1805,20171026,20171025,210146000,3678.0,67420,1095344,2476604100.0,3678.0,2,3677.0,141
rb1805,20171026,20171025,210146500,3678.0,67560,1095236,2481753320.0,3679.0,158,3678.0,100
rb1805,20171026,20171025,210147000,3679.0,67568,1095238,2482047640.0,3679.0,167,3678.0,106
rb1805,20171026,20171025,210147500,3678.0,67778,1095236,2489771480.0,3679.0,201,3678.0,9
rb1805,20171026,20171025,210148000,3678.0,67822,1095236,2491390000.0,3679.0,214,3678.0,8
rb1805,20171026,20171025,210148500,3678.0,67900,1095296,2494258840.0,3678.0,12,3677.0,208
rb1805,20171026,20171025,210149000,3678.0,68006,1095338,2498157540.0,3678.0,16,3677.0,222
rb1805,20171026,20171025,210149500,3678.0,68070,1095346,2500511680.0,3679.0,255,3678.0,104
rb1805,20171026,20171025,210150000,3678.0,68132,1095394,2502792480.0,3679.0,233,3678.0,81
rb1805,20171026,20171025,210150500,3678.0,68696,1095444,2523539980.0,3678.0,100,3677.0,160
rb1805,20171026,20171025,210151000,3678.0,68904,1095452,2531190220.0,3679.0,59,3678.0,77
rb1805,20171026,20171025,210151500,3679.0,69030,1095364,2535825740.0,3680.0,605,3679.0,8
rb1805,20171026,20171025,210152000,3679.0,69062,1095346,2537003020.0,3680.0,616,3679.0,6
rb1805,20171026,20171025,210152500,3679.0,69138,1095350,2539799540.0,3680.0,610,3679.0,4
rb1805,20171026,20171025,210153000,3679.0,69166,1095350,2540829620.0,3679.0,5,3678.0,170
rb1805,20171026,20171025,210153500,3679.0,69444,1095250,2551058860.0,3680.0,536,3679.0,16
rb1805,20171026,20171025,210154000,3680.0,69480,1095252,2552383320.0,3680.0,535,3679.0,34
rb1805,20171026,20171025,210154500,3679.0,69562,1095252,2555400720.0,3680.0,511,3679.0,74
rb1805,20171026,20171025,210155000,3679.0,69592,1095270,2556504560.0,3680.0,493,3679.0,122
rb1805,20171026,20171025,210155500,3680.0,70584,1095690,2593010160.0,3681.0,303,3680.0,128
rb1805,20171026,20171025,210156000,3681.0,71242,1095524,2617231180.0,3682.0,98,3681.0,47
rb1805,20171026,20171025,210156500,3682.0,71472,1095472,2625699760.0,3683.0,179,3682.0,24
rb1805,20171026,20171025,210157000,3683.0,71704,1095268,2634242840.0,3683.0,163,3681.0,85
rb1805,20171026,20171025,210157500,3683.0,71886,1095234,2640944400.0,3683.0,148,3681.0,78
rb1805,20171026,20171025,210158000,3681.0,72102,1095072,2648895600.0,3681.0,128,3680.0,140
rb1805,20171026,20171025,210158500,3681.0,72166,1095058,2651251020.0,3681.0,143,3680.0,119
rb1805,20171026,20171025,210159000,3681.0,72484,1095078,2662956720.0,3682.0,55,3681.0,55
rb1805,20171026,20171025,210159500,3681.0,72658,1095204,2669361440.0,3681.0,91,3680.0,35
rb1805,20171026,20171025,210200000,3680.0,72710,1095216,2671275240.0,3681.0,89,3680.0,20
rb1805,20171026,20171025,210200500,3681.0,72744,1095236,2672526700.0,3681.0,132,3680.0,16
rb1805,20171026,20171025,210201000,3680.0,72856,1095226,2676648640.0,3680.0,16,3679.0,98
rb1805,20171026,20171025,210201500,3679.0,73066,1095148,2684374540.0,3679.0,6,3678.0,181
rb1805,20171026,20171025,210202000,3679.0,73470,1094922,2699234060.0,3679.0,39,3678.0,2
rb1805,20171026,20171025,210202500,3679.0,73562,1094886,2702618460.0,3678.0,20,3677.0,176
rb1805,20171026,20171025,210203000,3677.0,73748,1094914,2709459400.0,3678.0,2,3677.0,150
rb1805,20171026,20171025,210203500,3679.0,73808,1094868,2711666440.0,3679.0,32,3678.0,35
rb1805,20171026,20171025,210204000,3677.0,73958,1094800,2717183540.0,3678.0,1,3677.0,155
rb1805,20171026,20171025,210204500,3678.0,74018,1094802,2719390280.0,3679.0,8,3677.0,150
rb1805,20171026,20171025,210205000,3677.0,74052,1094798,2720640760.0,3679.0,8,3677.0,158
rb1805,20171026,20171025,210205500,3679.0,74058,1094804,2720861480.0,3679.0,10,3678.0,50
rb1805,20171026,20171025,210206000,3678.0,74222,1094892,2726893800.0,3680.0,307,3678.0,7
rb1805,20171026,20171025,210206500,3679.0,74404,1094728,2733589340.0,3680.0,321,3679.0,25
rb1805,20171026,20171025,210207000,3679.0,74528,1094638,2738149860.0,3679.0,62,3677.0,116
rb1805,20171026,20171025,210207500,3677.0,74580,1094656,2740062120.0,3679.0,99,3677.0,105
rb1805,20171026,20171025,210208000,3678.0,74632,1094654,2741974640.0,3678.0,40,3677.0,99
rb1805,20171026,20171025,210208500,3677.0,74660,1094678,2743004440.0,3678.0,35,3677.0,108
rb1805,20171026,20171025,210209000,3677.0,74680,1094682,2743739840.0,3678.0,53,3677.0,92
rb1805,20171026,20171025,210209500,3678.0,74742,1094676,2746020100.0,3678.0,8,3677.0,82
rb1805,20171026,20171025,210210000,3677.0,74828,1094746,2749182880.0,3678.0,17,3677.0,69
rb1805,20171026,20171025,210210500,3678.0,74952,1094818,2753742460.0,3678.0,62,3677.0,22
rb1805,20171026,20171025,210211000,3677.0,75028,1094838,2756536980.0,3677.0,48,3676.0,486
rb1805,20171026,20171025,210211500,3677.0,75036,1094840,2756831120.0,3677.0,69,3676.0,492
rb1805,20171026,20171025,210212000,3677.0,75046,1094834,2757198820.0,3677.0,86,3676.0,494
rb1805,20171026,20171025,210212500,3676.0,75082,1094860,2758522280.0,3677.0,87,3676.0,480
rb1805,20171026,20171025,210213000,3677.0,75296,1094738,2766391000.0,3678.0,111,3677.0,11
rb1805,20171026,20171025,210213500,3676.0,75372,1094760,2769185060.0,3677.0,50,3676.0,457
rb1805,20171026,20171025,210214000,3676.0,75404,1094788,2770361380.0,3677.0,51,3676.0,456
rb1805,20171026,20171025,210214500,3677.0,75434,1094806,2771464340.0,3677.0,43,3676.0,450
rb1805,20171026,20171025,210215000,3676.0,75490,1094858,2773523180.0,3677.0,41,3676.0,437
rb1805,20171026,20171025,210215500,3677.0,75500,1094866,2773890820.0,3677.0,58,3676.0,459
rb1805,20171026,20171025,210216000,3676.0,75542,1094886,2775434740.0,3677.0,57,3676.0,437
rb1805,20171026,20171025,210216500,3676.0,75578,1094906,2776758180.0,3677.0,36,3676.0,423
rb1805,20171026,20171025,210217000,3676.0,75630,1094942,2778669740.0,3677.0,88,3676.0,399
rb1805,20171026,20171025,210217500,3676.0,75744,1094980,2782861440.0,3677.0,22,3676.0,416
rb1805,20171026,20171025,210218000,3677.0,75836,1094942,2786244300.0,3678.0,102,3677.0,140
rb1805,20171026,20171025,210218500,3677.0,75858,1094954,2787053240.0,3678.0,111,3677.0,179
rb1805,20171026,20171025,210219000,3677.0,75866,1094962,2787347400.0,3678.0,111,3677.0,300
rb1805,20171026,20171025,210219500,3677.0,75920,1095014,2789332980.0,3678.0,132,3677.0,278
rb1805,20171026,20171025,210220000,3678.0,76044,1095024,2793892480.0,3678.0,142,3677.0,218
rb1805,20171026,20171025,210220500,3678.0,76136,1095014,2797275360.0,3678.0,140,3677.0,181
rb1805,20171026,20171025,210221000,3677.0,76160,1095032,2798157860.0,3678.0,328,3677.0,174
rb1805,20171026,20171025,210221500,3677.0,76284,1095110,2802717340.0,3678.0,341,3677.0,116
rb1805,20171026,20171025,210222000,3678.0,76290,1095116,2802938020.0,3678.0,339,3677.0,118
rb1805,20171026,20171025,210222500,3677.0,76296,1095122,2803158660.0,3678.0,339,3677.0,97
rb1805,20171026,20171025,210223000,3677.0,76380,1095144,2806247760.0,3678.0,306,3677.0,82
rb1805,20171026,20171025,210223500,3678.0,76394,1095150,2806762660.0,3678.0,280,3677.0,94
rb1805,20171026,20171025,210224000,3677.0,76414,1095140,2807498180.0,3678.0,296,3677.0,93
rb1805,20171026,20171025,210224500,3678.0,76426,1095138,2807939440.0,3678.0,298,3677.0,119
rb1805,20171026,20171025,210225000,3677.0,76720,1095204,2818752040.0,3678.0,198,3677.0,101
rb1805,20171026,20171025,210225500,3677.0,76746,1095216,2819708080.0,3678.0,196,3677.0,91
rb1805,20171026,20171025,210226000,3678.0,76788,1095222,2821252600.0,3678.0,187,3677.0,95
rb1805,20171026,20171025,210226500,3677.0,76816,1095230,2822282300.0,3678.0,180,3677.0,105
rb1805,20171026,20171025,210227000,3677.0,76884,1095244,2824782900.0,3678.0,169,3677.0,83
rb1805,20171026,20171025,210227500,3677.0,76968,1095184,2827872400.0,3678.0,129,3677.0,130
rb1805,20171026,20171025,210228000,3678.0,76982,1095180,2828387280.0,3678.0,130,3677.0,129
rb1805,20171026,20171025,210228500,3677.0,76990,1095172,2828681480.0,3678.0,133,3677.0,129
rb1805,20171026,20171025,210229000,3677.0,77002,1095162,2829122800.0,3678.0,162,3677.0,146
rb1805,20171026,20171025,210229500,3677.0,77020,1095158,2829784700.0,3678.0,152,3677.0,144
rb1805,20171026,20171025,210230000,3677.0,77264,1095296,2838756740.0,3678.0,151,3677.0,25
rb1805,20171026,20171025,210230500,3677.0,77340,1095256,2841551380.0,3677.0,3,3676.0,554
rb1805,20171026,20171025,210231000,3678.0,77650,1095102,2852952860.0,3679.0,69,3678.0,351
rb1805,20171026,20171025,210231500,3679.0,78166,1094628,2871931360.0,3679.0,82,3678.0,96
rb1805,20171026,20171025,210232000,3678.0,78388,1094552,2880096460.0,3678.0,78,3677.0,9
rb1805,20171026,20171025,210232500,3677.0,78448,1094590,2882302940.0,3677.0,5,3676.0,588
rb1805,20171026,20171025,210233000,3677.0,78460,1094588,2882744180.0,3677.0,12,3676.0,600
rb1805,20171026,20171025,210233500,3678.0,78504,1094596,2884362200.0,3678.0,33,3677.0,54
rb1805,20171026,20171025,210234000,3677.0,78580,1094626,2887156820.0,3678.0,40,3677.0,25
rb1805,20171026,20171025,210234500,3677.0,78624,1094654,2888774720.0,3678.0,64,3677.0,48
rb1805,20171026,20171025,210235000,3677.0,78652,1094640,2889804300.0,3678.0,71,3677.0,46
rb1805,20171026,20171025,210235500,3677.0,78652,1094640,2889804300.0,3678.0,76,3677.0,75
rb1805,20171026,20171025,210236000,3677.0,78716,1094672,2892157600.0,3678.0,68,3677.0,50
rb1805,20171026,20171025,210236500,3677.0,78746,1094692,2893260700.0,3678.0,70,3677.0,36
rb1805,20171026,20171025,210237000,3677.0,78766,1094704,2893996140.0,3678.0,136,3677.0,37
rb1805,20171026,20171025,210237500,3678.0,78776,1094704,2894363860.0,3678.0,130,3677.0,38
rb1805,20171026,20171025,210238000,3677.0,78800,1094702,2895246380.0,3678.0,138,3677.0,61
rb1805,20171026,20171025,210238500,3677.0,78932,1094656,2900100020.0,3677.0,57,3676.0,570
rb1805,20171026,20171025,210239000,3677.0,79014,1094662,2903115160.0,3677.0,86,3676.0,563
rb1805,20171026,20171025,210239500,3677.0,79112,1094628,2906718620.0,3677.0,59,3676.0,563
rb1805,20171026,20171025,210240000,3677.0,79146,1094600,2907968780.0,3677.0,63,3676.0,573
rb1805,20171026,20171025,210240500,3677.0,79196,1094646,2909806820.0,3677.0,62,3676.0,550
rb1805,20171026,20171025,210241000,3676.0,79454,1094784,2919290980.0,3677.0,60,3676.0,425
rb1805,20171026,20171025,210241500,3676.0,80606,1095340,2961635980.0,3676.0,149,3675.0,138
rb1805,20171026,20171025,210242000,3675.0,80902,1095414,2972513980.0,3675.0,209,3674.0,110
rb1805,20171026,20171025,210242500,3675.0,81240,1095140,2984934660.0,3675.0,91,3674.0,99
rb1805,20171026,20171025,210243000,3674.0,81460,1095038,2993019600.0,3676.0,231,3674.0,81
rb1805,20171026,20171025,210243500,3676.0,81526,1095032,2995445220.0,3676.0,215,3674.0,61
rb1805,20171026,20171025,210244000,3674.0,81544,1095022,2996106660.0,3675.0,13,3674.0,62
rb1805,20171026,20171025,210244500,3674.0,81570,1095014,2997062120.0,3675.0,2,3674.0,69
rb1805,20171026,20171025,210245000,3675.0,81834,1094998,3006762780.0,3676.0,219,3675.0,14
rb1805,20171026,20171025,210245500,3676.0,81902,1094972,3009262360.0,3676.0,190,3675.0,10
rb1805,20171026,20171025,210246000,3675.0,81934,1094972,3010438480.0,3676.0,274,3675.0,1
rb1805,20171026,20171025,210246500,3675.0,82184,1095156,3019627980.0,3675.0,33,3674.0,8
rb1805,20171026,20171025,210247000,3674.0,82212,1095154,3020656840.0,3675.0,229,3674.0,24
rb1805,20171026,20171025,210247500,3674.0,82214,1095156,3020730320.0,3675.0,231,3674.0,36
rb1805,20171026,20171025,210248000,3675.0,82312,1095134,3024331020.0,3675.0,223,3674.0,22
rb1805,20171026,20171025,210248500,3674.0,82388,1095134,3027123500.0,3674.0,11,3673.0,99
rb1805,20171026,20171025,210249000,3675.0,82610,1095106,3035280940.0,3675.0,153,3674.0,101
rb1805,20171026,20171025,210249500,3675.0,82692,1095050,3038293860.0,3675.0,153,3674.0,46
rb1805,20171026,20171025,210250000,3674.0,82768,1095072,3041086320.0,3675.0,145,3674.0,14
rb1805,20171026,20171025,210250500,3674.0,82794,1095072,3042041800.0,3675.0,136,3674.0,24
rb1805,20171026,20171025,210251000,3674.0,82848,1095076,3044025760.0,3674.0,59,3673.0,108
rb1805,20171026,20171025,210251500,3674.0,82858,1095074,3044393140.0,3674.0,354,3673.0,105
rb1805,20171026,20171025,210252000,3673.0,82984,1095118,3049021360.0,3674.0,359,3673.0,54
rb1805,20171026,20171025,210252500,3673.0,83110,1095178,3053649300.0,3673.0,109,3672.0,114
rb1805,20171026,20171025,210253000,3672.0,83148,1095182,3055044900.0,3673.0,97,3672.0,108
rb1805,20171026,20171025,210253500,3673.0,83222,1095242,3057762640.0,3673.0,79,3672.0,97
rb1805,20171026,20171025,210254000,3673.0,83464,1095204,3066649140.0,3672.0,2,3671.0,224
rb1805,20171026,20171025,210254500,3672.0,83492,1095200,3067677300.0,3672.0,4,3671.0,255
rb1805,20171026,20171025,210255000,3673.0,83508,1095212,3068264860.0,3673.0,83,3672.0,28
rb1805,20171026,20171025,210255500,3672.0,83544,1095218,3069587000.0,3673.0,74,3672.0,54
rb1805,20171026,20171025,210256000,3672.0,83560,1095210,3070174540.0,3673.0,73,3672.0,55
rb1805,20171026,20171025,210256500,3672.0,83686,1095244,3074801560.0,3673.0,65,3672.0,17
rb1805,20171026,20171025,210257000,3672.0,83766,1095210,3077739060.0,3672.0,88,3671.0,251
rb1805,20171026,20171025,210257500,3671.0,83794,1095214,3078767120.0,3672.0,72,3671.0,240
rb1805,20171026,20171025,210258000,3671.0,83944,1095222,3084274680.0,3672.0,30,3671.0,239
rb1805,20171026,20171025,210258500,3671.0,83972,1095214,3085302640.0,3672.0,44,3671.0,232
rb1805,20171026,20171025,210259000,3672.0,84012,1095206,3086771300.0,3672.0,45,3671.0,225
rb1805,20171026,20171025,210259500,3671.0,84050,1095186,3088166540.0,3672.0,42,3671.0,219
rb1805,20171026,20171025,210300000,3672.0,84166,1095154,3092426060.0,3673.0,150,3672.0,16
rb1805,20171026,20171025,210300500,3672.0,84218,1095160,3094335340.0,3672.0,75,3671.0,243
rb1805,20171026,20171025,210301000,3672.0,84410,1095032,3101385200.0,3672.0,32,3671.0,215
rb1805,20171026,20171025,210301500,3671.0,84636,1094840,3109681760.0,3672.0,113,3671.0,150
rb1805,20171026,20171025,210302000,3671.0,84994,1094918,3122824780.0,3672.0,58,3671.0,34
rb1805,20171026,20171025,210302500,3670.0,85224,1094990,3131266560.0,3672.0,85,3670.0,321
rb1805,20171026,20171025,210303000,3670.0,85290,1094948,3133689040.0,3671.0,1,3670.0,301
rb1805,20171026,20171025,210303500,3670.0,85350,1094952,3135891260.0,3672.0,116,3670.0,312
rb1805,20171026,20171025,210304000,3670.0,85586,1095086,3144552600.0,3671.0,3,3670.0,182
rb1805,20171026,20171025,210304500,3670.0,85644,1095106,3146681500.0,3671.0,143,3670.0,176
rb1805,20171026,20171025,210305000,3671.0,85846,1095220,3154095140.0,3671.0,192,3670.0,81
rb1805,20171026,20171025,210305500,3670.0,86046,1095302,3161435240.0,3670.0,2,3669.0,102
rb1805,20171026,20171025,210306000,3670.0,86174,1095280,3166132500.0,3670.0,5,3669.0,93
rb1805,20171026,20171025,210306500,3669.0,86222,1095300,3167893980.0,3670.0,16,3669.0,83
rb1805,20171026,20171025,210307000,3670.0,86402,1095218,3174500000.0,3670.0,2,3669.0,105
rb1805,20171026,20171025,210307500,3671.0,86752,1095162,3187348120.0,3672.0,111,3671.0,15
rb1805,20171026,20171025,210308000,3671.0,86768,1095160,3187935500.0,3672.0,107,3671.0,21
rb1805,20171026,20171025,210308500,3671.0,86864,1095152,3191460480.0,3672.0,52,3671.0,72
rb1805,20171026,20171025,210309000,3671.0,87084,1095168,3199538240.0,3673.0,86,3672.0,56
rb1805,20171026,20171025,210309500,3672.0,87206,1095278,3204019220.0,3673.0,240,3672.0,66
rb1805,20171026,20171025,210310000,3672.0,87234,1095258,3205047400.0,3673.0,249,3672.0,61
rb1805,20171026,20171025,210310500,3672.0,87300,1095316,3207470920.0,3673.0,255,3672.0,91
rb1805,20171026,20171025,210311000,3672.0,87564,1095268,3217165120.0,3673.0,240,3672.0,15
rb1805,20171026,20171025,210311500,3671.0,87652,1095238,3220396400.0,3673.0,228,3671.0,102
rb1805,20171026,20171025,210312000,3672.0,87666,1095230,3220910440.0,3672.0,4,3671.0,42
rb1805,20171026,20171025,210312500,3672.0,87712,1095214,3222599840.0,3673.0,215,3672.0,9
rb1805,20171026,20171025,210313000,3672.0,87748,1095228,3223921700.0,3672.0,51,3671.0,100
rb1805,20171026,20171025,210313500,3672.0,87956,1095102,3231557440.0,3671.0,9,3670.0,286
rb1805,20171026,20171025,210314000,3671.0,88060,1095088,3235375360.0,3672.0,51,3671.0,35
rb1805,20171026,20171025,210314500,3672.0,88154,1095080,3238827040.0,3672.0,3,3671.0,69
rb1805,20171026,20171025,210315000,3672.0,88238,1095046,3241912020.0,3673.0,200,3672.0,155
rb1805,20171026,20171025,210315500,3672.0,88458,1095060,3249992100.0,3673.0,180,3672.0,196
rb1805,20171026,20171025,210316000,3673.0,88900,1094824,3266226760.0,3674.0,47,3673.0,387
rb1805,20171026,20171025,210316500,3674.0,89120,1094932,3274309580.0,3675.0,131,3674.0,200
rb1805,20171026,20171025,210317000,3675.0,89416,1094734,3285187180.0,3675.0,3,3674.0,137
rb1805,20171026,20171025,210317500,3675.0,89558,1094826,3290405800.0,3676.0,97,3675.0,24
rb1805,20171026,20171025,210318000,3675.0,89892,1094900,3302679540.0,3675.0,9,3674.0,28
rb1805,20171026,20171025,210318500,3675.0,89912,1094904,3303414540.0,3675.0,4,3674.0,54
rb1805,20171026,20171025,210319000,3675.0,90022,1094842,3307457080.0,3676.0,72,3675.0,22
rb1805,20171026,20171025,210319500,3676.0,90052,1094842,3308559680.0,3676.0,103,3675.0,13
rb1805,20171026,20171025,210320000,3676.0,90244,1094984,3315616380.0,3676.0,86,3675.0,104
rb1805,20171026,20171025,210320500,3676.0,90396,1094990,3321202700.0,3676.0,86,3675.0,54
rb1805,20171026,20171025,210321000,3675.0,90538,1094974,3326421320.0,3675.0,24,3674.0,50
rb1805,20171026,20171025,210321500,3675.0,90598,1094986,3328626340.0,3675.0,8,3674.0,51
rb1805,20171026,20171025,210322000,3676.0,90674,1094942,3331419480.0,3676.0,67,3675.0,4
rb1805,20171026,20171025,210322500,3676.0,90698,1094950,3332301400.0,3675.0,10,3674.0,46
rb1805,20171026,20171025,210323000,3676.0,90722,1094972,3333183440.0,3676.0,69,3675.0,1
rb1805,20171026,20171025,210323500,3676.0,90730,1094980,3333477480.0,3676.0,58,3675.0,4
rb1805,20171026,20171025,210324000,3676.0,90752,1094980,3334286020.0,3676.0,57,3675.0,6
rb1805,20171026,20171025,210324500,3676.0,90766,1094994,3334800600.0,3676.0,54,3675.0,29
rb1805,20171026,20171025,210325000,3675.0,90880,1095078,3338990100.0,3675.0,55,3674.0,80
rb1805,20171026,20171025,210325500,3676.0,91132,1095032,3348252520.0,3676.0,8,3675.0,1
rb1805,20171026,20171025,210326000,3676.0,91148,1095038,3348840580.0,3676.0,12,3675.0,54
rb1805,20171026,20171025,210326500,3676.0,91150,1095038,3348914100.0,3676.0,13,3675.0,89
rb1805,20171026,20171025,210327000,3675.0,91190,1095024,3350384440.0,3676.0,4,3675.0,85
rb1805,20171026,20171025,210327500,3676.0,91250,1094974,3352589920.0,3676.0,47,3675.0,96
rb1805,20171026,20171025,210328000,3676.0,91346,1094966,3356118860.0,3676.0,1,3675.0,90
rb1805,20171026,20171025,210328500,3676.0,91412,1095008,3358545020.0,3677.0,22,3676.0,76
rb1805,20171026,20171025,210329000,3677.0,91424,1095014,3358986180.0,3677.0,24,3676.0,80
rb1805,20171026,20171025,210329500,3677.0,91558,1095018,3363912100.0,3677.0,37,3676.0,58
rb1805,20171026,20171025,210330000,3677.0,91622,1095074,3366264780.0,3677.0,35,3676.0,31
rb1805,20171026,20171025,210330500,3676.0,91702,1095036,3369205900.0,3677.0,152,3676.0,7
rb1805,20171026,20171025,210331000,3677.0,91746,1095054,3370823400.0,3677.0,190,3676.0,10
rb1805,20171026,20171025,210331500,3676.0,91774,1095062,3371852800.0,3677.0,191,3676.0,5
rb1805,20171026,20171025,210332000,3677.0,91816,1095042,3373397100.0,3677.0,183,3676.0,5
rb1805,20171026,20171025,210332500,3677.0,91844,1095042,3374426580.0,3677.0,170,3676.0,14
rb1805,20171026,20171025,210333000,3677.0,91890,1095008,3376117940.0,3677.0,152,3676.0,24
rb1805,20171026,20171025,210333500,3677.0,91914,1095004,3377000400.0,3677.0,141,3676.0,30
rb1805,20171026,20171025,210334000,3677.0,92174,1094782,3386560580.0,3677.0,12,3676.0,56
rb1805,20171026,20171025,210334500,3677.0,92204,1094792,3387663680.0,3678.0,182,3677.0,129
rb1805,20171026,20171025,210335000,3677.0,92208,1094792,3387810760.0,3678.0,372,3677.0,137
rb1805,20171026,20171025,210335500,3677.0,92230,1094778,3388619900.0,3678.0,378,3677.0,142
rb1805,20171026,20171025,210336000,3678.0,92716,1094816,3406491960.0,3678.0,286,3676.0,79
rb1805,20171026,20171025,210336500,3677.0,92964,1094716,3415612920.0,3677.0,60,3676.0,89
rb1805,20171026,20171025,210337000,3677.0,93052,1094774,3418848460.0,3677.0,35,3676.0,94
rb1805,20171026,20171025,210337500,3676.0,93104,1094808,3420760480.0,3677.0,14,3676.0,83
rb1805,20171026,20171025,210338000,3678.0,93152,1094814,3422525500.0,3677.0,10,3676.0,74
rb1805,20171026,20171025,210338500,3677.0,93164,1094824,3422966740.0,3677.0,15,3676.0,88
rb1805,20171026,20171025,210339000,3677.0,93210,1094806,3424658060.0,3678.0,190,3677.0,14
rb1805,20171026,20171025,210339500,3677.0,93266,1094782,3426717200.0,3677.0,7,3676.0,89
rb1805,20171026,20171025,210340000,3677.0,93478,1094774,3434514200.0,3677.0,5,3676.0,85
rb1805,20171026,20171025,210340500,3677.0,93502,1094772,3435396580.0,3677.0,1,3676.0,83
rb1805,20171026,20171025,210341000,3678.0,93512,1094772,3435764320.0,3678.0,107,3677.0,40
rb1805,20171026,20171025,210341500,3677.0,93532,1094786,3436499740.0,3678.0,106,3677.0,38
rb1805,20171026,20171025,210342000,3677.0,93532,1094786,3436499740.0,3678.0,99,3677.0,44
rb1805,20171026,20171025,210342500,3677.0,93538,1094792,3436720360.0,3678.0,129,3677.0,50
rb1805,20171026,20171025,210343000,3677.0,93694,1094776,3442456180.0,3678.0,145,3676.0,95
rb1805,20171026,20171025,210343500,3678.0,93750,1094798,3444515820.0,3678.0,112,3677.0,59
rb1805,20171026,20171025,210344000,3677.0,93988,1094662,3453269240.0,3678.0,39,3677.0,60
rb1805,20171026,20171025,210344500,3678.0,94076,1094626,3456505880.0,3679.0,143,3678.0,84
rb1805,20171026,20171025,210345000,3679.0,94120,1094634,3458124540.0,3679.0,118,3678.0,103
rb1805,20171026,20171025,210345500,3679.0,94340,1094556,3466218260.0,3679.0,12,3678.0,117
rb1805,20171026,20171025,210346000,3679.0,94368,1094570,3467248380.0,3680.0,289,3679.0,65
rb1805,20171026,20171025,210346500,3680.0,94392,1094550,3468131400.0,3680.0,286,3679.0,63
rb1805,20171026,20171025,210347000,3679.0,94534,1094546,3473356760.0,3680.0,227,3679.0,49
rb1805,20171026,20171025,210347500,3680.0,94602,1094582,3475858820.0,3680.0,210,3679.0,123
rb1805,20171026,20171025,210348000,3680.0,94698,1094574,3479391500.0,3680.0,234,3679.0,113
rb1805,20171026,20171025,210348500,3680.0,94754,1094588,3481452280.0,3680.0,209,3679.0,122
rb1805,20171026,20171025,210349000,3680.0,94792,1094584,3482850660.0,3680.0,191,3679.0,123
rb1805,20171026,20171025,210349500,3680.0,94842,1094598,3484690420.0,3680.0,178,3679.0,111
rb1805,20171026,20171025,210350000,3680.0,95206,1094576,3498085640.0,3681.0,96,3680.0,66
rb1805,20171026,20171025,210350500,3681.0,95328,1094550,3502575840.0,3681.0,66,3680.0,46
rb1805,20171026,20171025,210351000,3681.0,95498,1094454,3508833260.0,3682.0,106,3681.0,14
rb1805,20171026,20171025,210351500,3681.0,95540,1094430,3510379260.0,3681.0,54,3680.0,86
rb1805,20171026,20171025,210352000,3680.0,95742,1094538,3517812980.0,3680.0,6,3679.0,142
rb1805,20171026,20171025,210352500,3681.0,95786,1094530,3519432120.0,3681.0,107,3680.0,11
rb1805,20171026,20171025,210353000,3681.0,95816,1094524,3520536200.0,3681.0,109,3680.0,6
rb1805,20171026,20171025,210353500,3681.0,96052,1094592,3529223100.0,3681.0,2,3680.0,8
rb1805,20171026,20171025,210354000,3681.0,96082,1094594,3530327180.0,3681.0,18,3680.0,13
rb1805,20171026,20171025,210354500,3681.0,96106,1094598,3531210600.0,3681.0,9,3680.0,86
rb1805,20171026,20171025,210355000,3680.0,96188,1094594,3534228440.0,3681.0,12,3680.0,58
rb1805,20171026,20171025,210355500,3681.0,96304,1094656,3538497680.0,3682.0,88,3681.0,5
rb1805,20171026,20171025,210356000,3680.0,96388,1094734,3541589620.0,3681.0,51,3680.0,53
rb1805,20171026,20171025,210356500,3681.0,96398,1094742,3541957720.0,3681.0,67,3680.0,50
rb1805,20171026,20171025,210357000,3681.0,96570,1094874,3548289040.0,3682.0,84,3681.0,9
rb1805,20171026,20171025,210357500,3681.0,96596,1094878,3549246080.0,3681.0,23,3680.0,59
rb1805,20171026,20171025,210358000,3681.0,96632,1094902,3550571220.0,3681.0,10,3680.0,55
rb1805,20171026,20171025,210358500,3680.0,96674,1094896,3552117060.0,3681.0,9,3680.0,58
rb1805,20171026,20171025,210359000,3681.0,96716,1094884,3553663080.0,3681.0,10,3680.0,61
rb1805,20171026,20171025,210359500,3681.0,96752,1094892,3554988160.0,3681.0,9,3680.0,59
rb1805,20171026,20171025,210400000,3681.0,96776,1094912,3555871600.0,3681.0,305,3680.0,59
rb1805,20171026,20171025,210400500,3681.0,96892,1094872,3560141500.0,3681.0,250,3680.0,67
rb1805,20171026,20171025,210401000,3681.0,97734,1095042,3591136500.0,3682.0,13,3681.0,24
rb1805,20171026,20171025,210401500,3682.0,97788,1095050,3593124780.0,3683.0,165,3682.0,104
rb1805,20171026,20171025,210402000,3682.0,97920,1095086,3597985840.0,3683.0,124,3682.0,88
rb1805,20171026,20171025,210402500,3682.0,98040,1095084,3602404380.0,3683.0,134,3682.0,56
rb1805,20171026,20171025,210403000,3682.0,98076,1095076,3603730020.0,3683.0,129,3682.0,77
rb1805,20171026,20171025,210403500,3683.0,98206,1095046,3608517780.0,3683.0,79,3682.0,62
rb1805,20171026,20171025,210404000,3683.0,98340,1095098,3613452480.0,3683.0,39,3682.0,35
rb1805,20171026,20171025,210404500,3683.0,98412,1095126,3616104140.0,3683.0,10,3682.0,44
rb1805,20171026,20171025,210405000,3683.0,98542,1095118,3620892160.0,3683.0,160,3682.0,58
rb1805,20171026,20171025,210405500,3682.0,98900,1095062,3634075720.0,3683.0,71,3682.0,9
rb1805,20171026,20171025,210406000,3682.0,98932,1095050,3635253960.0,3682.0,29,3681.0,90
rb1805,20171026,20171025,210406500,3682.0,98968,1095054,3636579300.0,3682.0,33,3681.0,74
rb1805,20171026,20171025,210407000,3681.0,99130,1095182,3642542500.0,3681.0,222,3680.0,37
rb1805,20171026,20171025,210407500,3681.0,99180,1095222,3644382640.0,3681.0,138,3680.0,11
rb1805,20171026,20171025,210408000,3680.0,99188,1095224,3644677100.0,3681.0,136,3680.0,19
rb1805,20171026,20171025,210408500,3681.0,99274,1095282,3647841960.0,3681.0,133,3679.0,116
rb1805,20171026,20171025,210409000,3679.0,99286,1095286,3648283620.0,3680.0,1,3679.0,116
rb1805,20171026,20171025,210409500,3680.0,99362,1095336,3651080960.0,3680.0,1,3679.0,115
rb1805,20171026,20171025,210410000,3680.0,99374,1095338,3651522560.0,3680.0,11,3679.0,116
rb1805,20171026,20171025,210410500,3681.0,99420,1095338,3653215400.0,3681.0,102,3680.0,31
rb1805,20171026,20171025,210411000,3680.0,99430,1095340,3653583440.0,3681.0,101,3680.0,39
rb1805,20171026,20171025,210411500,3680.0,99438,1095342,3653877880.0,3681.0,99,3680.0,42
rb1805,20171026,20171025,210412000,3681.0,99450,1095354,3654319600.0,3681.0,93,3680.0,55
rb1805,20171026,20171025,210412500,3679.0,99604,1095426,3659986800.0,3680.0,55,3679.0,117
rb1805,20171026,20171025,210413000,3680.0,99632,1095436,3661017060.0,3680.0,53,3679.0,110
rb1805,20171026,20171025,210413500,3680.0,99686,1095476,3663004180.0,3680.0,69,3679.0,107
rb1805,20171026,20171025,210414000,3680.0,99712,1095460,3663960780.0,3680.0,71,3679.0,98
rb1805,20171026,20171025,210414500,3680.0,99816,1095470,3667787580.0,3680.0,30,3679.0,89
rb1805,20171026,20171025,210415000,3680.0,99890,1095474,3670510780.0,3680.0,23,3679.0,96
rb1805,20171026,20171025,210415500,3680.0,99906,1095476,3671099560.0,3680.0,18,3679.0,102
rb1805,20171026,20171025,210416000,3680.0,100120,1095572,3678973120.0,3681.0,134,3680.0,29
rb1805,20171026,20171025,210416500,3680.0,100202,1095650,3681990620.0,3681.0,142,3680.0,8
rb1805,20171026,20171025,210417000,3679.0,100270,1095606,3684492980.0,3680.0,27,3679.0,103
rb1805,20171026,20171025,210417500,3680.0,100344,1095626,3687216060.0,3681.0,126,3680.0,34
rb1805,20171026,20171025,210418000,3680.0,100450,1095716,3691117120.0,3681.0,120,3680.0,5
rb1805,20171026,20171025,210418500,3680.0,100530,1095776,3694061560.0,3681.0,96,3680.0,30
rb1805,20171026,20171025,210419000,3681.0,100614,1095850,3697152940.0,3681.0,93,3680.0,19
rb1805,20171026,20171025,210419500,3681.0,100666,1095886,3699066680.0,3681.0,85,3680.0,13
rb1805,20171026,20171025,210420000,3680.0,100710,1095876,3700685880.0,3681.0,85,3679.0,112
rb1805,20171026,20171025,210420500,3681.0,100746,1095888,3702011020.0,3681.0,72,3680.0,1
rb1805,20171026,20171025,210421000,3680.0,100794,1095920,3703777220.0,3680.0,7,3679.0,102
rb1805,20171026,20171025,210421500,3680.0,100816,1095920,3704586820.0,3681.0,85,3680.0,60
rb1805,20171026,20171025,210422000,3681.0,100964,1095862,3710033680.0,3681.0,74,3680.0,11
rb1805,20171026,20171025,210422500,3680.0,101006,1095878,3711579500.0,3681.0,69,3680.0,11
rb1805,20171026,20171025,210423000,3681.0,101058,1095928,3713493400.0,3681.0,95,3680.0,1
rb1805,20171026,20171025,210423500,3681.0,101060,1095928,3713567020.0,3681.0,91,3680.0,4
rb1805,20171026,20171025,210424000,3681.0,101080,1095922,3714303200.0,3681.0,89,3680.0,24
rb1805,20171026,20171025,210424500,3680.0,101276,1095902,3721517720.0,3681.0,4,3680.0,60
rb1805,20171026,20171025,210425000,3681.0,101306,1095872,3722622020.0,3682.0,111,3681.0,31
rb1805,20171026,20171025,210425500,3681.0,101310,1095870,3722769280.0,3682.0,93,3681.0,67
rb1805,20171026,20171025,210426000,3681.0,101318,1095868,3723063760.0,3682.0,93,3681.0,108
rb1805,20171026,20171025,210426500,3681.0,101606,1095892,3733666760.0,3682.0,13,3681.0,28
rb1805,20171026,20171025,210427000,3682.0,101666,1095938,3735875660.0,3683.0,52,3682.0,2
rb1805,20171026,20171025,210427500,3682.0,101716,1095974,3737716540.0,3682.0,2,3681.0,10
rb1805,20171026,20171025,210428000,3682.0,101730,1095980,3738232000.0,3683.0,84,3682.0,6
rb1805,20171026,20171025,210428500,3682.0,101822,1095908,3741619400.0,3682.0,6,3681.0,29
rb1805,20171026,20171025,210429000,3682.0,101826,1095908,3741766680.0,3682.0,20,3681.0,31
rb1805,20171026,20171025,210429500,3681.0,101848,1095926,3742576520.0,3682.0,22,3681.0,27
rb1805,20171026,20171025,210430000,3681.0,101904,1095956,3744637900.0,3682.0,22,3681.0,1
rb1805,20171026,20171025,210430500,3682.0,101930,1095950,3745595220.0,3682.0,69,3681.0,1
rb1805,20171026,20171025,210431000,3683.0,102102,1095894,3751928280.0,3683.0,85,3681.0,4
rb1805,20171026,20171025,210431500,3682.0,102138,1095896,3753253820.0,3682.0,17,3681.0,8
rb1805,20171026,20171025,210432000,3682.0,102192,1095912,3755242140.0,3683.0,52,3682.0,78
rb1805,20171026,20171025,210432500,3683.0,102302,1095952,3759293440.0,3684.0,107,3683.0,82
rb1805,20171026,20171025,210433000,3684.0,102376,1095960,3762019100.0,3684.0,96,3683.0,97
rb1805,20171026,20171025,210433500,3684.0,102704,1095890,3774102180.0,3685.0,204,3684.0,1
rb1805,20171026,20171025,210434000,3684.0,102734,1095886,3775207580.0,3685.0,197,3684.0,23
rb1805,20171026,20171025,210434500,3685.0,102802,1095918,3777713040.0,3685.0,182,3684.0,31
rb1805,20171026,20171025,210435000,3684.0,103020,1095912,3785745740.0,3685.0,104,3684.0,4
rb1805,20171026,20171025,210435500,3684.0,103216,1095838,3792966260.0,3685.0,72,3683.0,57
rb1805,20171026,20171025,210436000,3685.0,103282,1095838,3795398020.0,3685.0,58,3684.0,14
rb1805,20171026,20171025,210436500,3685.0,103334,1095804,3797314200.0,3685.0,42,3684.0,40
rb1805,20171026,20171025,210437000,3684.0,103462,1095756,3802029920.0,3684.0,150,3683.0,20
rb1805,20171026,20171025,210437500,3684.0,103490,1095742,3803061420.0,3684.0,146,3683.0,26
rb1805,20171026,20171025,210438000,3684.0,103642,1095682,3808661100.0,3684.0,72,3683.0,36
rb1805,20171026,20171025,210438500,3684.0,103814,1095624,3814997520.0,3685.0,106,3684.0,1
rb1805,20171026,20171025,210439000,3684.0,103924,1095666,3819049260.0,3684.0,2,3682.0,118
rb1805,20171026,20171025,210439500,3684.0,104042,1095660,3823397320.0,3685.0,145,3684.0,54
rb1805,20171026,20171025,210440000,3685.0,104142,1095628,3827081780.0,3685.0,64,3684.0,54
rb1805,20171026,20171025,210440500,3685.0,104322,1095732,3833714380.0,3686.0,457,3685.0,4
rb1805,20171026,20171025,210441000,3685.0,104394,1095726,3836367260.0,3685.0,21,3684.0,25
rb1805,20171026,20171025,210441500,3684.0,104496,1095688,3840125400.0,3685.0,12,3684.0,4
rb1805,20171026,20171025,210442000,3685.0,104586,1095636,3843441420.0,3685.0,63,3683.0,41
rb1805,20171026,20171025,210442500,3685.0,104760,1095616,3849852740.0,3685.0,19,3683.0,30
rb1805,20171026,20171025,210443000,3684.0,104860,1095686,3853536660.0,3684.0,1,3683.0,79
rb1805,20171026,20171025,210443500,3684.0,104892,1095686,3854715540.0,3684.0,21,3683.0,95
rb1805,20171026,20171025,210444000,3685.0,105096,1095732,3862232440.0,3685.0,63,3684.0,11
rb1805,20171026,20171025,210444500,3684.0,105198,1095800,3865989940.0,3684.0,6,3683.0,34
rb1805,20171026,20171025,210445000,3683.0,105218,1095802,3866726660.0,3684.0,46,3683.0,30
rb1805,20171026,20171025,210445500,3683.0,105294,1095784,3869525740.0,3683.0,187,3682.0,102
rb1805,20171026,20171025,210446000,3682.0,105516,1095758,3877699780.0,3682.0,91,3681.0,47
rb1805,20171026,20171025,210446500,3682.0,105604,1095812,3880939740.0,3682.0,55,3681.0,37
rb1805,20171026,20171025,210447000,3681.0,105626,1095828,3881749720.0,3682.0,63,3681.0,38
rb1805,20171026,20171025,210447500,3681.0,105644,1095844,3882412360.0,3682.0,75,3681.0,79
rb1805,20171026,20171025,210448000,3682.0,105754,1095786,3886462500.0,3682.0,25,3681.0,78
rb1805,20171026,20171025,210448500,3682.0,105812,1095820,3888598100.0,3683.0,209,3682.0,57
rb1805,20171026,20171025,210449000,3682.0,105812,1095820,3888598100.0,3683.0,209,3682.0,77
rb1805,20171026,20171025,210449500,3683.0,105842,1095826,3889702740.0,3683.0,208,3682.0,111
rb1805,20171026,20171025,210450000,3682.0,105866,1095828,3890586420.0,3683.0,209,3682.0,107
rb1805,20171026,20171025,210450500,3682.0,105878,1095834,3891028280.0,3683.0,211,3682.0,146
rb1805,20171026,20171025,210451000,3682.0,105904,1095812,3891985840.0,3683.0,155,3682.0,147
rb1805,20171026,20171025,210451500,3683.0,105980,1095800,3894784720.0,3683.0,127,3682.0,156
rb1805,20171026,20171025,210452000,3683.0,106008,1095800,3895815940.0,3683.0,84,3682.0,165
rb1805,20171026,20171025,210452500,3683.0,106098,1095734,3899130620.0,3683.0,11,3682.0,164
rb1805,20171026,20171025,210453000,3682.0,106140,1095754,3900677360.0,3684.0,65,3683.0,3
rb1805,20171026,20171025,210453500,3684.0,106290,1095742,3906201880.0,3684.0,88,3683.0,256
rb1805,20171026,20171025,210454000,3683.0,106330,1095742,3907675080.0,3684.0,68,3683.0,244
rb1805,20171026,20171025,210454500,3684.0,106344,1095750,3908190800.0,3684.0,81,3683.0,258
rb1805,20171026,20171025,210455000,3684.0,106388,1095750,3909811340.0,3684.0,70,3683.0,238
rb1805,20171026,20171025,210455500,3684.0,106402,1095746,3910327040.0,3684.0,76,3683.0,236
rb1805,20171026,20171025,210456000,3683.0,106474,1095754,3912979120.0,3684.0,75,3683.0,216
rb1805,20171026,20171025,210456500,3684.0,106512,1095752,3914378900.0,3684.0,58,3683.0,214
rb1805,20171026,20171025,210457000,3683.0,106582,1095750,3916957640.0,3684.0,78,3683.0,214
rb1805,20171026,20171025,210457500,3684.0,106596,1095748,3917473340.0,3684.0,76,3683.0,218
rb1805,20171026,20171025,210458000,3684.0,106626,1095728,3918578500.0,3684.0,87,3683.0,217
rb1805,20171026,20171025,210458500,3683.0,106714,1095722,3921820000.0,3684.0,91,3683.0,196
rb1805,20171026,20171025,210459000,3684.0,106830,1095724,3926093360.0,3684.0,38,3683.0,193
rb1805,20171026,20171025,210459500,3683.0,106942,1095638,3930218520.0,3684.0,44,3683.0,147
rb1805,20171026,20171025,210500000,3683.0,107164,1095552,3938396260.0,3685.0,151,3683.0,138
rb1805,20171026,20171025,210500500,3683.0,107272,1095460,3942373980.0,3685.0,146,3684.0,1
rb1805,20171026,20171025,210501000,3684.0,107398,1095350,3947016100.0,3685.0,152,3684.0,14
rb1805,20171026,20171025,210501500,3685.0,107672,1095208,3957112280.0,3685.0,52,3684.0,31
rb1805,20171026,20171025,210502000,3685.0,107746,1095168,3959838780.0,3685.0,30,3684.0,57
rb1805,20171026,20171025,210502500,3685.0,107814,1095190,3962344560.0,3686.0,157,3685.0,17
rb1805,20171026,20171025,210503000,3684.0,107892,1095214,3965218780.0,3685.0,167,3684.0,42
rb1805,20171026,20171025,210503500,3684.0,108008,1095244,3969492100.0,3684.0,74,3683.0,139
rb1805,20171026,20171025,210504000,3683.0,108492,1095356,3987320820.0,3685.0,178,3684.0,1
rb1805,20171026,20171025,210504500,3684.0,108506,1095356,3987836500.0,3684.0,50,3683.0,3
rb1805,20171026,20171025,210505000,3684.0,108560,1095368,3989825840.0,3684.0,109,3683.0,3
rb1805,20171026,20171025,210505500,3684.0,108566,1095364,3990046860.0,3684.0,162,3683.0,12
rb1805,20171026,20171025,210506000,3684.0,108594,1095370,3991078180.0,3684.0,155,3683.0,18
rb1805,20171026,20171025,210506500,3683.0,108636,1095344,3992625080.0,3684.0,165,3683.0,8
rb1805,20171026,20171025,210507000,3683.0,108656,1095340,3993361680.0,3683.0,21,3682.0,136
rb1805,20171026,20171025,210507500,3682.0,108698,1095366,3994908220.0,3683.0,78,3682.0,119
rb1805,20171026,20171025,210508000,3683.0,108712,1095366,3995423840.0,3683.0,87,3682.0,119
rb1805,20171026,20171025,210508500,3683.0,108758,1095380,3997117940.0,3683.0,80,3682.0,123
rb1805,20171026,20171025,210509000,3683.0,109164,1095654,4012070920.0,3683.0,3,3682.0,123
rb1805,20171026,20171025,210509500,3683.0,109196,1095672,4013249500.0,3684.0,172,3683.0,26
rb1805,20171026,20171025,210510000,3683.0,109210,1095684,4013765120.0,3684.0,164,3683.0,23
rb1805,20171026,20171025,210510500,3683.0,109240,1095710,4014870020.0,3684.0,165,3683.0,24
rb1805,20171026,20171025,210511000,3683.0,109266,1095726,4015827620.0,3684.0,166,3683.0,24
rb1805,20171026,20171025,210511500,3683.0,109268,1095726,4015901280.0,3684.0,167,3683.0,31
rb1805,20171026,20171025,210512000,3683.0,109288,1095738,4016637920.0,3684.0,162,3683.0,28
rb1805,20171026,20171025,210512500,3683.0,109354,1095748,4019069100.0,3684.0,93,3683.0,15
rb1805,20171026,20171025,210513000,3683.0,109366,1095750,4019511080.0,3684.0,104,3683.0,18
rb1805,20171026,20171025,210513500,3684.0,109370,1095752,4019658420.0,3684.0,103,3683.0,18
rb1805,20171026,20171025,210514000,3683.0,109378,1095754,4019953060.0,3684.0,105,3683.0,19
rb1805,20171026,20171025,210514500,3682.0,109426,1095744,4021721040.0,3683.0,11,3682.0,140
rb1805,20171026,20171025,210515000,3683.0,109444,1095750,4022383940.0,3683.0,8,3682.0,132
rb1805,20171026,20171025,210515500,3683.0,109460,1095760,4022973200.0,3683.0,4,3682.0,131
rb1805,20171026,20171025,210516000,3682.0,109550,1095804,4026287080.0,3683.0,37,3682.0,89
rb1805,20171026,20171025,210516500,3682.0,109652,1095826,4030042840.0,3683.0,90,3682.0,44
rb1805,20171026,20171025,210517000,3682.0,109748,1095878,4033577540.0,3682.0,105,3681.0,118
rb1805,20171026,20171025,210517500,3681.0,109758,1095886,4033945720.0,3682.0,104,3681.0,117
rb1805,20171026,20171025,210518000,3681.0,109878,1095948,4038363940.0,3682.0,53,3681.0,109
rb1805,20171026,20171025,210518500,3681.0,109918,1095972,4039836660.0,3682.0,59,3681.0,103
rb1805,20171026,20171025,210519000,3681.0,109948,1095994,4040941200.0,3682.0,595,3681.0,100
rb1805,20171026,20171025,210519500,3681.0,110028,1096000,4043886120.0,3682.0,592,3681.0,66
rb1805,20171026,20171025,210520000,3681.0,110040,1096000,4044327840.0,3682.0,592,3681.0,61
rb1805,20171026,20171025,210520500,3681.0,110058,1096004,4044990480.0,3682.0,588,3681.0,56
rb1805,20171026,20171025,210521000,3681.0,110256,1096014,4052278860.0,3681.0,131,3680.0,245
rb1805,20171026,20171025,210521500,3681.0,110292,1096030,4053604020.0,3681.0,152,3680.0,245
rb1805,20171026,20171025,210522000,3680.0,110294,1096030,4053677620.0,3681.0,204,3680.0,246
rb1805,20171026,20171025,210522500,3680.0,110328,1096028,4054928860.0,3681.0,217,3680.0,232
rb1805,20171026,20171025,210523000,3680.0,110338,1096032,4055296880.0,3681.0,420,3680.0,234
rb1805,20171026,20171025,210523500,3680.0,110348,1096034,4055664900.0,3681.0,420,3680.0,231
rb1805,20171026,20171025,210524000,3680.0,110352,1096036,4055812100.0,3681.0,424,3680.0,231
rb1805,20171026,20171025,210524500,3681.0,110386,1096038,4057063420.0,3681.0,419,3680.0,220
rb1805,20171026,20171025,210525000,3681.0,110396,1096042,4057431460.0,3681.0,416,3680.0,222
rb1805,20171026,20171025,210525500,3680.0,110404,1096048,4057725880.0,3681.0,415,3680.0,232
rb1805,20171026,20171025,210526000,3680.0,110440,1096052,4059050900.0,3681.0,404,3680.0,226
rb1805,20171026,20171025,210526500,3680.0,110446,1096054,4059271700.0,3681.0,403,3680.0,229
rb1805,20171026,20171025,210527000,3680.0,110694,1096044,4068398220.0,3681.0,348,3680.0,115
rb1805,20171026,20171025,210527500,3680.0,110700,1096050,4068619020.0,3681.0,348,3680.0,117
rb1805,20171026,20171025,210528000,3680.0,110702,1096052,4068692620.0,3681.0,348,3680.0,118
rb1805,20171026,20171025,210528500,3680.0,110724,1096068,4069502220.0,3681.0,349,3680.0,118
rb1805,20171026,20171025,210529000,3680.0,110726,1096070,4069575820.0,3681.0,390,3680.0,127
rb1805,20171026,20171025,210529500,3681.0,110746,1096060,4070311980.0,3681.0,381,3680.0,126
rb1805,20171026,20171025,210530000,3680.0,110750,1096060,4070459200.0,3681.0,340,3680.0,127
rb1805,20171026,20171025,210530500,3681.0,110754,1096060,4070606420.0,3681.0,339,3680.0,130
rb1805,20171026,20171025,210531000,3680.0,110784,1096074,4071710480.0,3681.0,287,3680.0,120
rb1805,20171026,20171025,210531500,3681.0,110798,1096074,4072225800.0,3681.0,281,3680.0,129
rb1805,20171026,20171025,210532000,3680.0,110818,1096076,4072961880.0,3681.0,274,3680.0,155
rb1805,20171026,20171025,210532500,3680.0,111132,1096232,4084517080.0,3680.0,351,3679.0,124
rb1805,20171026,20171025,210533000,3679.0,111142,1096230,4084885020.0,3680.0,349,3679.0,121
rb1805,20171026,20171025,210533500,3680.0,111154,1096234,4085326580.0,3680.0,352,3679.0,130
rb1805,20171026,20171025,210534000,3679.0,111184,1096250,4086430360.0,3680.0,450,3679.0,119
rb1805,20171026,20171025,210534500,3679.0,111446,1096174,4096069360.0,3679.0,34,3678.0,274
rb1805,20171026,20171025,210535000,3678.0,112004,1096428,4116592800.0,3678.0,233,3677.0,103
rb1805,20171026,20171025,210535500,3678.0,112278,1096276,4126667600.0,3677.0,2,3676.0,48
rb1805,20171026,20171025,210536000,3677.0,112304,1096274,4127623620.0,3677.0,4,3676.0,65
rb1805,20171026,20171025,210536500,3677.0,112358,1096264,4129608940.0,3678.0,229,3677.0,5
rb1805,20171026,20171025,210537000,3678.0,112402,1096300,4131227140.0,3678.0,213,3676.0,173
rb1805,20171026,20171025,210537500,3678.0,112410,1096304,4131521380.0,3678.0,218,3677.0,1
rb1805,20171026,20171025,210538000,3677.0,112420,1096308,4131889080.0,3678.0,219,3677.0,4
rb1805,20171026,20171025,210538500,3677.0,112482,1096272,4134168860.0,3677.0,33,3676.0,160
rb1805,20171026,20171025,210539000,3676.0,112564,1096212,4137183720.0,3677.0,11,3676.0,146
rb1805,20171026,20171025,210539500,3678.0,112902,1096102,4149614000.0,3678.0,122,3676.0,168
rb1805,20171026,20171025,210540000,3676.0,113004,1096114,4153364080.0,3678.0,116,3676.0,139
rb1805,20171026,20171025,210540500,3678.0,113016,1096118,4153805260.0,3678.0,116,3677.0,1
rb1805,20171026,20171025,210541000,3678.0,113028,1096128,4154246600.0,3677.0,2,3676.0,141
rb1805,20171026,20171025,210541500,3678.0,113136,1096138,4158217780.0,3678.0,103,3677.0,19
rb1805,20171026,20171025,210542000,3677.0,113138,1096140,4158291320.0,3678.0,107,3677.0,37
rb1805,20171026,20171025,210542500,3678.0,113374,1096340,4166971400.0,3679.0,231,3678.0,48
rb1805,20171026,20171025,210543000,3678.0,113380,1096340,4167192080.0,3679.0,217,3678.0,50
rb1805,20171026,20171025,210543500,3678.0,113426,1096328,4168884160.0,3679.0,212,3678.0,43
rb1805,20171026,20171025,210544000,3678.0,113496,1096350,4171459280.0,3679.0,192,3678.0,40
rb1805,20171026,20171025,210544500,3679.0,113622,1096452,4176094820.0,3679.0,134,3678.0,60
rb1805,20171026,20171025,210545000,3679.0,113794,1096450,4182422560.0,3679.0,56,3678.0,53
rb1805,20171026,20171025,210545500,3678.0,113818,1096452,4183305380.0,3679.0,52,3678.0,41
rb1805,20171026,20171025,210546000,3679.0,113822,1096452,4183452540.0,3679.0,50,3678.0,39
rb1805,20171026,20171025,210546500,3679.0,113840,1096464,4184114700.0,3679.0,70,3678.0,35
rb1805,20171026,20171025,210547000,3679.0,113890,1096494,4185953960.0,3679.0,64,3678.0,18
rb1805,20171026,20171025,210547500,3677.0,113930,1096480,4187425140.0,3678.0,2,3677.0,127
rb1805,20171026,20171025,210548000,3678.0,113956,1096494,4188381400.0,3679.0,59,3678.0,21
rb1805,20171026,20171025,210548500,3678.0,114024,1096558,4190882440.0,3678.0,44,3677.0,136
rb1805,20171026,20171025,210549000,3678.0,114032,1096558,4191176680.0,3678.0,77,3677.0,132
rb1805,20171026,20171025,210549500,3677.0,114208,1096692,4197648240.0,3678.0,78,3677.0,47
rb1805,20171026,20171025,210550000,3678.0,114232,1096688,4198530880.0,3678.0,80,3677.0,45
rb1805,20171026,20171025,210550500,3678.0,114258,1096702,4199487020.0,3678.0,122,3677.0,41
rb1805,20171026,20171025,210551000,3678.0,114346,1096670,4202722840.0,3678.0,123,3677.0,26
rb1805,20171026,20171025,210551500,3677.0,114370,1096682,4203605380.0,3678.0,221,3677.0,17
rb1805,20171026,20171025,210552000,3677.0,114414,1096714,4205223220.0,3677.0,3,3676.0,651
rb1805,20171026,20171025,210552500,3678.0,114448,1096714,4206473160.0,3678.0,201,3676.0,580
rb1805,20171026,20171025,210553000,3678.0,114450,1096716,4206546720.0,3678.0,200,3677.0,2
rb1805,20171026,20171025,210553500,3677.0,114504,1096716,4208532300.0,3677.0,37,3676.0,633
rb1805,20171026,20171025,210554000,3677.0,114518,1096720,4209047080.0,3677.0,30,3676.0,643
rb1805,20171026,20171025,210554500,3677.0,114590,1096724,4211694600.0,3678.0,191,3677.0,32
rb1805,20171026,20171025,210555000,3678.0,114594,1096726,4211841700.0,3678.0,141,3677.0,32
rb1805,20171026,20171025,210555500,3678.0,114794,1096572,4219196700.0,3677.0,1,3676.0,642
rb1805,20171026,20171025,210556000,3677.0,115828,1096250,4257206660.0,3677.0,9,3676.0,132
rb1805,20171026,20171025,210556500,3676.0,115920,1096316,4260588620.0,3677.0,22,3676.0,89
rb1805,20171026,20171025,210557000,3676.0,115946,1096332,4261544600.0,3677.0,63,3676.0,88
rb1805,20171026,20171025,210557500,3676.0,116060,1096428,4265735240.0,3677.0,69,3676.0,38
rb1805,20171026,20171025,210558000,3677.0,116302,1096446,4274632740.0,3678.0,82,3677.0,38
rb1805,20171026,20171025,210558500,3677.0,116352,1096456,4276471340.0,3678.0,87,3677.0,28
rb1805,20171026,20171025,210559000,3677.0,116476,1096492,4281030800.0,3677.0,32,3676.0,5
rb1805,20171026,20171025,210559500,3677.0,116476,1096492,4281030800.0,3677.0,34,3676.0,16
rb1805,20171026,20171025,210600000,3677.0,116484,1096488,4281324960.0,3677.0,14,3676.0,31
rb1805,20171026,20171025,210600500,3677.0,116516,1096482,4282501560.0,3677.0,6,3676.0,52
rb1805,20171026,20171025,210601000,3677.0,116554,1096502,4283898740.0,3677.0,4,3676.0,49
rb1805,20171026,20171025,210601500,3676.0,116590,1096492,4285222180.0,3677.0,1,3676.0,30
rb1805,20171026,20171025,210602000,3677.0,116592,1096492,4285295720.0,3678.0,81,3677.0,5
rb1805,20171026,20171025,210602500,3677.0,116706,1096586,4289487580.0,3677.0,53,3676.0,250
rb1805,20171026,20171025,210603000,3677.0,116840,1096678,4294414900.0,3678.0,69,3677.0,325
rb1805,20171026,20171025,210603500,3678.0,116982,1096726,4299637640.0,3679.0,64,3678.0,181
rb1805,20171026,20171025,210604000,3679.0,117082,1096758,4303316300.0,3679.0,26,3678.0,162
rb1805,20171026,20171025,210604500,3679.0,117162,1096744,4306259500.0,3680.0,405,3679.0,68
rb1805,20171026,20171025,210605000,3679.0,117174,1096744,4306701020.0,3680.0,403,3679.0,75
rb1805,20171026,20171025,210605500,3679.0,117306,1096630,4311557340.0,3680.0,401,3679.0,13
rb1805,20171026,20171025,210606000,3679.0,117322,1096622,4312146000.0,3680.0,400,3679.0,7
rb1805,20171026,20171025,210606500,3680.0,117324,1096624,4312219600.0,3680.0,399,3679.0,9
rb1805,20171026,20171025,210607000,3679.0,117344,1096624,4312955400.0,3679.0,6,3678.0,83
rb1805,20171026,20171025,210607500,3677.0,117528,1096588,4319723000.0,3678.0,424,3677.0,291
rb1805,20171026,20171025,210608000,3678.0,117582,1096572,4321709100.0,3678.0,399,3677.0,291
rb1805,20171026,20171025,210608500,3677.0,117622,1096586,4323180160.0,3678.0,396,3677.0,218
rb1805,20171026,20171025,210609000,3678.0,117628,1096586,4323400820.0,3678.0,397,3677.0,202
rb1805,20171026,20171025,210609500,3677.0,117660,1096590,4324577720.0,3678.0,390,3677.0,175
rb1805,20171026,20171025,210610000,3677.0,117666,1096590,4324798380.0,3678.0,390,3677.0,175
rb1805,20171026,20171025,210610500,3678.0,117688,1096606,4325607380.0,3678.0,393,3677.0,176
rb1805,20171026,20171025,210611000,3678.0,117734,1096604,4327299160.0,3678.0,375,3677.0,148
rb1805,20171026,20171025,210611500,3678.0,117762,1096614,4328328900.0,3678.0,367,3677.0,158
rb1805,20171026,20171025,210612000,3677.0,117822,1096650,4330535100.0,3678.0,368,3677.0,128
rb1805,20171026,20171025,210612500,3678.0,117862,1096650,4332006300.0,3678.0,348,3677.0,130
rb1805,20171026,20171025,210613000,3678.0,117898,1096650,4333330380.0,3678.0,330,3677.0,132
rb1805,20171026,20171025,210613500,3678.0,117924,1096648,4334286660.0,3678.0,318,3677.0,133
rb1805,20171026,20171025,210614000,3678.0,118168,1096648,4343260980.0,3678.0,196,3677.0,147
rb1805,20171026,20171025,210614500,3677.0,118282,1096608,4347453880.0,3678.0,141,3677.0,152
rb1805,20171026,20171025,210615000,3678.0,118316,1096574,4348704400.0,3678.0,124,3677.0,157
rb1805,20171026,20171025,210615500,3678.0,118424,1096576,4352676620.0,3678.0,71,3677.0,165
rb1805,20171026,20171025,210616000,3678.0,118432,1096576,4352970860.0,3678.0,67,3677.0,175
rb1805,20171026,20171025,210616500,3678.0,118580,1096524,4358414300.0,3679.0,77,3677.0,182
rb1805,20171026,20171025,210617000,3679.0,118584,1096528,4358561420.0,3679.0,77,3678.0,15
rb1805,20171026,20171025,210617500,3678.0,118636,1096530,4360474000.0,3679.0,81,3678.0,7
rb1805,20171026,20171025,210618000,3679.0,118710,1096554,4363195780.0,3679.0,78,3678.0,12
rb1805,20171026,20171025,210618500,3679.0,118718,1096550,4363490080.0,3679.0,75,3678.0,17
rb1805,20171026,20171025,210619000,3679.0,118720,1096550,4363563660.0,3679.0,74,3678.0,27
rb1805,20171026,20171025,210619500,3679.0,118730,1096550,4363931560.0,3679.0,73,3678.0,37
rb1805,20171026,20171025,210620000,3678.0,118742,1096546,4364373020.0,3679.0,68,3678.0,42
rb1805,20171026,20171025,210620500,3679.0,118750,1096542,4364667340.0,3679.0,66,3678.0,55
rb1805,20171026,20171025,210621000,3678.0,118800,1096572,4366506420.0,3679.0,63,3678.0,34
rb1805,20171026,20171025,210621500,3679.0,118818,1096570,4367168640.0,3679.0,54,3678.0,40
rb1805,20171026,20171025,210622000,3679.0,118832,1096562,4367683680.0,3679.0,48,3678.0,40
rb1805,20171026,20171025,210622500,3679.0,118876,1096554,4369302340.0,3679.0,36,3678.0,51
rb1805,20171026,20171025,210623000,3678.0,118988,1096562,4373422460.0,3679.0,30,3678.0,42
rb1805,20171026,20171025,210623500,3678.0,119050,1096502,4375703420.0,3680.0,442,3679.0,5
rb1805,20171026,20171025,210624000,3679.0,119060,1096502,4376071320.0,3680.0,438,3679.0,9
rb1805,20171026,20171025,210624500,3680.0,119086,1096518,4377028120.0,3680.0,425,3679.0,19
rb1805,20171026,20171025,210625000,3680.0,119088,1096520,4377101720.0,3680.0,425,3679.0,22
rb1805,20171026,20171025,210625500,3679.0,119760,1097122,4401831300.0,3680.0,91,3679.0,22
rb1805,20171026,20171025,210626000,3680.0,119942,1097178,4408528900.0,3681.0,30,3680.0,45
rb1805,20171026,20171025,210626500,3680.0,119944,1097178,4408602500.0,3681.0,10,3680.0,11
rb1805,20171026,20171025,210627000,3681.0,119948,1097178,4408749740.0,3681.0,10,3680.0,12
rb1805,20171026,20171025,210627500,3681.0,119966,1097176,4409412260.0,3681.0,16,3680.0,29
rb1805,20171026,20171025,210628000,3681.0,120002,1097146,4410737420.0,3682.0,80,3681.0,14
rb1805,20171026,20171025,210628500,3682.0,120006,1097144,4410884700.0,3682.0,78,3681.0,5
rb1805,20171026,20171025,210629000,3681.0,120064,1097116,4413019680.0,3681.0,12,3680.0,32
rb1805,20171026,20171025,210629500,3682.0,120094,1097108,4414124000.0,3682.0,77,3681.0,14
rb1805,20171026,20171025,210630000,3681.0,120126,1097108,4415301940.0,3681.0,6,3680.0,38
rb1805,20171026,20171025,210630500,3682.0,120154,1097082,4416332780.0,3681.0,19,3680.0,75
rb1805,20171026,20171025,210631000,3681.0,120162,1097074,4416627260.0,3681.0,24,3680.0,75
rb1805,20171026,20171025,210631500,3681.0,120192,1097070,4417731320.0,3681.0,29,3680.0,50
rb1805,20171026,20171025,210632000,3681.0,120216,1097062,4418614760.0,3681.0,17,3680.0,61
rb1805,20171026,20171025,210632500,3681.0,120240,1097058,4419498200.0,3682.0,66,3681.0,5
rb1805,20171026,20171025,210633000,3682.0,120244,1097058,4419645460.0,3682.0,66,3681.0,5
rb1805,20171026,20171025,210633500,3682.0,120248,1097058,4419792740.0,3682.0,64,3681.0,16
rb1805,20171026,20171025,210634000,3681.0,120258,1097052,4420160900.0,3682.0,62,3681.0,22
rb1805,20171026,20171025,210634500,3681.0,120276,1097066,4420823500.0,3682.0,61,3681.0,20
rb1805,20171026,20171025,210635000,3682.0,120306,1097080,4421928000.0,3682.0,58,3681.0,21
rb1805,20171026,20171025,210635500,3682.0,120354,1097088,4423694940.0,3681.0,1,3680.0,66
rb1805,20171026,20171025,210636000,3682.0,120360,1097090,4423915860.0,3682.0,58,3680.0,66
rb1805,20171026,20171025,210636500,3682.0,120360,1097090,4423915860.0,3682.0,68,3681.0,3
rb1805,20171026,20171025,210637000,3681.0,120378,1097104,4424578440.0,3681.0,17,3680.0,76
rb1805,20171026,20171025,210637500,3680.0,120430,1097056,4426492540.0,3682.0,78,3680.0,75
rb1805,20171026,20171025,210638000,3681.0,120448,1097056,4427155120.0,3681.0,48,3680.0,45
rb1805,20171026,20171025,210638500,3680.0,120476,1097046,4428185760.0,3681.0,136,3680.0,44
rb1805,20171026,20171025,210639000,3680.0,120690,1097246,4436063020.0,3681.0,38,3680.0,40
rb1805,20171026,20171025,210639500,3681.0,120700,1097256,4436431120.0,3681.0,50,3680.0,41
rb1805,20171026,20171025,210640000,3681.0,120710,1097258,4436799200.0,3681.0,38,3680.0,47
rb1805,20171026,20171025,210640500,3681.0,120742,1097278,4437976920.0,3681.0,37,3680.0,56
rb1805,20171026,20171025,210641000,3681.0,120764,1097288,4438786640.0,3681.0,31,3680.0,52
rb1805,20171026,20171025,210641500,3680.0,120768,1097292,4438933860.0,3681.0,70,3680.0,51
rb1805,20171026,20171025,210642000,3681.0,120776,1097300,4439228340.0,3681.0,71,3680.0,54
rb1805,20171026,20171025,210642500,3681.0,120824,1097318,4440995180.0,3681.0,51,3680.0,55
rb1805,20171026,20171025,210643000,3681.0,120934,1097326,4445044260.0,3681.0,1,3680.0,44
rb1805,20171026,20171025,210643500,3681.0,120944,1097334,4445412360.0,3682.0,86,3681.0,16
rb1805,20171026,20171025,210644000,3681.0,120952,1097342,4445706840.0,3682.0,87,3681.0,12
rb1805,20171026,20171025,210644500,3682.0,120962,1097350,4446074960.0,3682.0,86,3681.0,14
rb1805,20171026,20171025,210645000,3681.0,120990,1097340,4447105660.0,3682.0,87,3681.0,6
rb1805,20171026,20171025,210645500,3681.0,121032,1097380,4448652080.0,3682.0,67,3681.0,65
rb1805,20171026,20171025,210646000,3681.0,121068,1097388,4449977560.0,3682.0,46,3681.0,65
rb1805,20171026,20171025,210646500,3682.0,121104,1097402,4451303080.0,3682.0,32,3681.0,67
rb1805,20171026,20171025,210647000,3681.0,121106,1097402,4451376700.0,3682.0,28,3681.0,68
rb1805,20171026,20171025,210647500,3682.0,121114,1097408,4451671220.0,3682.0,27,3681.0,66
rb1805,20171026,20171025,210648000,3682.0,121140,1097430,4452628320.0,3682.0,27,3681.0,65
rb1805,20171026,20171025,210648500,3682.0,121142,1097430,4452701960.0,3682.0,27,3681.0,73
rb1805,20171026,20171025,210649000,3682.0,121216,1097486,4455426100.0,3682.0,40,3681.0,46
rb1805,20171026,20171025,210649500,3682.0,121248,1097490,4456604240.0,3682.0,31,3681.0,41
rb1805,20171026,20171025,210650000,3681.0,121252,1097490,4456751500.0,3682.0,26,3681.0,48
rb1805,20171026,20171025,210650500,3681.0,121258,1097496,4456972360.0,3682.0,18,3681.0,47
rb1805,20171026,20171025,210651000,3682.0,121300,1097506,4458518780.0,3683.0,60,3682.0,105
rb1805,20171026,20171025,210651500,3682.0,121308,1097506,4458813340.0,3683.0,61,3682.0,101
rb1805,20171026,20171025,210652000,3682.0,121448,1097506,4463968140.0,3683.0,61,3682.0,32
rb1805,20171026,20171025,210652500,3683.0,121522,1097504,4466692900.0,3683.0,62,3681.0,48
rb1805,20171026,20171025,210653000,3683.0,121624,1097442,4470449560.0,3682.0,1,3681.0,48
rb1805,20171026,20171025,210653500,3683.0,121634,1097438,4470817780.0,3683.0,22,3681.0,66
rb1805,20171026,20171025,210654000,3682.0,121640,1097432,4471038700.0,3682.0,27,3681.0,56
rb1805,20171026,20171025,210654500,3682.0,121640,1097432,4471038700.0,3682.0,29,3681.0,61
rb1805,20171026,20171025,210655000,3682.0,121640,1097432,4471038700.0,3682.0,40,3681.0,63
rb1805,20171026,20171025,210655500,3682.0,121644,1097432,4471185980.0,3682.0,52,3681.0,58
rb1805,20171026,20171025,210656000,3682.0,121648,1097428,4471333260.0,3682.0,59,3681.0,60
rb1805,20171026,20171025,210656500,3682.0,121650,1097428,4471406900.0,3682.0,60,3681.0,80
rb1805,20171026,20171025,210657000,3682.0,121654,1097428,4471554180.0,3682.0,59,3681.0,83
rb1805,20171026,20171025,210657500,3682.0,121676,1097438,4472364220.0,3682.0,103,3681.0,84
rb1805,20171026,20171025,210658000,3682.0,121692,1097454,4472953340.0,3682.0,108,3681.0,79
rb1805,20171026,20171025,210658500,3681.0,121774,1097440,4475971780.0,3682.0,112,3681.0,39
rb1805,20171026,20171025,210659000,3681.0,121856,1097460,4478990200.0,3681.0,56,3680.0,369
rb1805,20171026,20171025,210659500,3681.0,121884,1097456,4480020880.0,3681.0,43,3680.0,370
rb1805,20171026,20171025,210700000,3681.0,121978,1097440,4483481020.0,3681.0,8,3680.0,369
rb1805,20171026,20171025,210700500,3682.0,121996,1097428,4484143620.0,3682.0,107,3681.0,24
rb1805,20171026,20171025,210701000,3681.0,122030,1097426,4485395280.0,3682.0,101,3681.0,20
rb1805,20171026,20171025,210701500,3682.0,122034,1097426,4485542560.0,3682.0,99,3681.0,30
rb1805,20171026,20171025,210702000,3682.0,122034,1097426,4485542560.0,3682.0,99,3681.0,80
rb1805,20171026,20171025,210702500,3681.0,122084,1097462,4487383120.0,3682.0,95,3681.0,64
rb1805,20171026,20171025,210703000,3682.0,122104,1097482,4488119520.0,3682.0,84,3681.0,64
rb1805,20171026,20171025,210703500,3681.0,122112,1097490,4488414000.0,3682.0,84,3681.0,116
rb1805,20171026,20171025,210704000,3681.0,122122,1097492,4488782180.0,3682.0,81,3681.0,110
rb1805,20171026,20171025,210704500,3682.0,122128,1097498,4489003060.0,3682.0,80,3681.0,109
rb1805,20171026,20171025,210705000,3681.0,122130,1097500,4489076680.0,3682.0,131,3681.0,109
rb1805,20171026,20171025,210705500,3682.0,122132,1097502,4489150320.0,3682.0,130,3681.0,109
rb1805,20171026,20171025,210706000,3682.0,122196,1097490,4491506800.0,3682.0,99,3681.0,110
rb1805,20171026,20171025,210706500,3682.0,122196,1097490,4491506800.0,3682.0,100,3681.0,112
rb1805,20171026,20171025,210707000,3681.0,122204,1097496,4491801320.0,3682.0,117,3681.0,111
rb1805,20171026,20171025,210707500,3681.0,122210,1097500,4492022220.0,3682.0,116,3681.0,111
rb1805,20171026,20171025,210708000,3681.0,122210,1097500,4492022220.0,3682.0,116,3681.0,111
rb1805,20171026,20171025,210708500,3682.0,122216,1097506,4492243100.0,3682.0,116,3681.0,111
rb1805,20171026,20171025,210709000,3681.0,122238,1097522,4493053080.0,3682.0,110,3681.0,109
rb1805,20171026,20171025,210709500,3682.0,122258,1097542,4493789480.0,3682.0,151,3681.0,110
rb1805,20171026,20171025,210710000,3681.0,122268,1097552,4494157580.0,3682.0,151,3681.0,106
rb1805,20171026,20171025,210710500,3681.0,122308,1097552,4495629980.0,3682.0,152,3681.0,87
rb1805,20171026,20171025,210711000,3681.0,122326,1097552,4496292560.0,3682.0,152,3681.0,79
rb1805,20171026,20171025,210711500,3681.0,122332,1097552,4496513420.0,3682.0,152,3681.0,77
rb1805,20171026,20171025,210712000,3681.0,122344,1097552,4496955140.0,3682.0,153,3681.0,75
rb1805,20171026,20171025,210712500,3681.0,122388,1097542,4498574800.0,3682.0,152,3681.0,54
rb1805,20171026,20171025,210713000,3681.0,122412,1097546,4499458260.0,3682.0,151,3681.0,44
rb1805,20171026,20171025,210713500,3681.0,122438,1097568,4500415340.0,3682.0,152,3681.0,31
rb1805,20171026,20171025,210714000,3681.0,122454,1097580,4501004360.0,3682.0,149,3681.0,26
rb1805,20171026,20171025,210714500,3681.0,122468,1097594,4501519700.0,3682.0,149,3681.0,20
rb1805,20171026,20171025,210715000,3681.0,122522,1097622,4503507440.0,3681.0,3,3680.0,472
rb1805,20171026,20171025,210715500,3681.0,122540,1097622,4504170020.0,3682.0,151,3681.0,4
rb1805,20171026,20171025,210716000,3682.0,122546,1097622,4504390920.0,3682.0,149,3681.0,3
rb1805,20171026,20171025,210716500,3681.0,122552,1097622,4504611780.0,3681.0,2,3680.0,471
rb1805,20171026,20171025,210717000,3681.0,122570,1097624,4505274380.0,3682.0,149,3680.0,471
rb1805,20171026,20171025,210717500,3681.0,122570,1097624,4505274380.0,3681.0,3,3680.0,471
rb1805,20171026,20171025,210718000,3681.0,122594,1097620,4506157840.0,3681.0,3,3680.0,471
rb1805,20171026,20171025,210718500,3680.0,122614,1097618,4506893980.0,3681.0,47,3680.0,469
rb1805,20171026,20171025,210719000,3681.0,122708,1097624,4510353780.0,3681.0,20,3680.0,452
rb1805,20171026,20171025,210719500,3681.0,122714,1097628,4510574640.0,3681.0,31,3680.0,479
rb1805,20171026,20171025,210720000,3681.0,122718,1097632,4510721860.0,3681.0,39,3680.0,478
rb1805,20171026,20171025,210720500,3681.0,122722,1097634,4510869100.0,3681.0,37,3680.0,478
rb1805,20171026,20171025,210721000,3681.0,122722,1097634,4510869100.0,3681.0,37,3680.0,479
rb1805,20171026,20171025,210721500,3681.0,122754,1097648,4512047000.0,3681.0,34,3680.0,477
rb1805,20171026,20171025,210722000,3681.0,122756,1097650,4512120620.0,3681.0,23,3680.0,478
rb1805,20171026,20171025,210722500,3681.0,122824,1097706,4514623700.0,3682.0,149,3681.0,42
rb1805,20171026,20171025,210723000,3681.0,122874,1097680,4516464200.0,3682.0,148,3681.0,23
rb1805,20171026,20171025,210723500,3681.0,122932,1097648,4518599160.0,3681.0,43,3680.0,479
rb1805,20171026,20171025,210724000,3680.0,122948,1097648,4519188060.0,3681.0,38,3680.0,476
rb1805,20171026,20171025,210724500,3681.0,122958,1097648,4519556160.0,3681.0,34,3680.0,476
rb1805,20171026,20171025,210725000,3681.0,122958,1097648,4519556160.0,3681.0,35,3680.0,477
rb1805,20171026,20171025,210725500,3681.0,122992,1097636,4520807700.0,3681.0,22,3680.0,482
rb1805,20171026,20171025,210726000,3681.0,123000,1097636,4521102180.0,3681.0,27,3680.0,477
rb1805,20171026,20171025,210726500,3681.0,123038,1097658,4522500960.0,3681.0,8,3680.0,478
rb1805,20171026,20171025,210727000,3681.0,123050,1097650,4522942660.0,3681.0,3,3680.0,478
rb1805,20171026,20171025,210727500,3681.0,123074,1097650,4523826080.0,3682.0,148,3681.0,99
rb1805,20171026,20171025,210728000,3681.0,123078,1097652,4523973320.0,3682.0,159,3681.0,97
rb1805,20171026,20171025,210728500,3681.0,123080,1097654,4524046940.0,3682.0,143,3681.0,102
rb1805,20171026,20171025,210729000,3681.0,123104,1097638,4524930380.0,3682.0,93,3681.0,56
rb1805,20171026,20171025,210729500,3682.0,123128,1097636,4525813900.0,3682.0,89,3681.0,51
rb1805,20171026,20171025,210730000,3682.0,123128,1097636,4525813900.0,3682.0,89,3681.0,52
rb1805,20171026,20171025,210730500,3681.0,123144,1097636,4526402920.0,3682.0,86,3681.0,47
rb1805,20171026,20171025,210731000,3682.0,123158,1097634,4526918300.0,3682.0,86,3681.0,56
rb1805,20171026,20171025,210731500,3682.0,123172,1097642,4527433740.0,3682.0,82,3681.0,57
rb1805,20171026,20171025,210732000,3682.0,123172,1097642,4527433740.0,3682.0,83,3681.0,57
rb1805,20171026,20171025,210732500,3681.0,123218,1097678,4529127440.0,3682.0,98,3681.0,56
rb1805,20171026,20171025,210733000,3681.0,123234,1097688,4529716520.0,3682.0,96,3681.0,54
rb1805,20171026,20171025,210733500,3681.0,123346,1097752,4533839260.0,3681.0,45,3680.0,506
rb1805,20171026,20171025,210734000,3680.0,123390,1097724,4535458520.0,3681.0,42,3680.0,488
rb1805,20171026,20171025,210734500,3680.0,123430,1097684,4536930520.0,3681.0,95,3680.0,469
rb1805,20171026,20171025,210735000,3680.0,123494,1097622,4539285740.0,3681.0,113,3680.0,439
rb1805,20171026,20171025,210735500,3680.0,123586,1097586,4542671380.0,3681.0,114,3680.0,395
rb1805,20171026,20171025,210736000,3680.0,123684,1097582,4546277800.0,3681.0,113,3680.0,347
rb1805,20171026,20171025,210736500,3680.0,123708,1097562,4547161000.0,3681.0,137,3680.0,335
rb1805,20171026,20171025,210737000,3680.0,123836,1097494,4551871640.0,3681.0,126,3680.0,283
rb1805,20171026,20171025,210737500,3680.0,123982,1097374,4557244440.0,3681.0,80,3680.0,220
rb1805,20171026,20171025,210738000,3680.0,124182,1097500,4564604480.0,3681.0,79,3680.0,127
rb1805,20171026,20171025,210738500,3681.0,124216,1097498,4565855700.0,3681.0,81,3680.0,111
rb1805,20171026,20171025,210739000,3680.0,124280,1097548,4568210900.0,3681.0,85,3680.0,99
rb1805,20171026,20171025,210739500,3680.0,124292,1097552,4568652540.0,3681.0,86,3680.0,95
rb1805,20171026,20171025,210740000,3681.0,124478,1097636,4575499180.0,3682.0,107,3681.0,19
rb1805,20171026,20171025,210740500,3681.0,124544,1097680,4577928820.0,3682.0,106,3681.0,8
rb1805,20171026,20171025,210741000,3681.0,124562,1097688,4578591400.0,3681.0,1,3680.0,90
rb1805,20171026,20171025,210741500,3680.0,124576,1097698,4579106620.0,3681.0,101,3680.0,85
rb1805,20171026,20171025,210742000,3680.0,124586,1097708,4579474640.0,3681.0,100,3680.0,86
rb1805,20171026,20171025,210742500,3681.0,124624,1097744,4580873400.0,3681.0,135,3680.0,87
rb1805,20171026,20171025,210743000,3681.0,124626,1097746,4580947020.0,3681.0,137,3680.0,88
rb1805,20171026,20171025,210743500,3681.0,124640,1097758,4581462260.0,3681.0,135,3680.0,83
rb1805,20171026,20171025,210744000,3680.0,124782,1097700,4586687860.0,3681.0,138,3680.0,12
rb1805,20171026,20171025,210744500,3680.0,124878,1097674,4590220720.0,3680.0,101,3679.0,332
rb1805,20171026,20171025,210745000,3680.0,124884,1097678,4590441520.0,3680.0,99,3679.0,340
rb1805,20171026,20171025,210745500,3680.0,124886,1097680,4590515120.0,3680.0,99,3679.0,350
rb1805,20171026,20171025,210746000,3680.0,124896,1097688,4590883120.0,3680.0,95,3679.0,350
rb1805,20171026,20171025,210746500,3680.0,124896,1097688,4590883120.0,3680.0,97,3679.0,350
rb1805,20171026,20171025,210747000,3680.0,124904,1097694,4591177520.0,3680.0,99,3679.0,350
rb1805,20171026,20171025,210747500,3680.0,124918,1097708,4591692720.0,3680.0,93,3679.0,346
rb1805,20171026,20171025,210748000,3680.0,124926,1097712,4591987120.0,3680.0,92,3679.0,346
rb1805,20171026,20171025,210748500,3680.0,124926,1097712,4591987120.0,3680.0,92,3679.0,346
rb1805,20171026,20171025,210749000,3680.0,124926,1097712,4591987120.0,3680.0,225,3679.0,346
rb1805,20171026,20171025,210749500,3679.0,124958,1097720,4593164680.0,3680.0,231,3679.0,346
rb1805,20171026,20171025,210750000,3679.0,124978,1097704,4593900500.0,3680.0,230,3679.0,339
rb1805,20171026,20171025,210750500,3679.0,125086,1097704,4597873820.0,3680.0,232,3679.0,285
rb1805,20171026,20171025,210751000,3679.0,125106,1097702,4598609640.0,3680.0,261,3679.0,276
rb1805,20171026,20171025,210751500,3680.0,125140,1097682,4599860560.0,3680.0,256,3679.0,269
rb1805,20171026,20171025,210752000,3679.0,125172,1097680,4601037840.0,3680.0,256,3679.0,248
rb1805,20171026,20171025,210752500,3680.0,125180,1097686,4601332220.0,3680.0,254,3679.0,249
rb1805,20171026,20171025,210753000,3679.0,125200,1097698,4602068040.0,3680.0,353,3679.0,239
rb1805,20171026,20171025,210753500,3679.0,125202,1097698,4602141620.0,3680.0,355,3679.0,248
rb1805,20171026,20171025,210754000,3679.0,125204,1097700,4602215200.0,3680.0,355,3679.0,249
rb1805,20171026,20171025,210754500,3680.0,125268,1097704,4604569800.0,3680.0,353,3679.0,221
rb1805,20171026,20171025,210755000,3679.0,125284,1097708,4605158540.0,3680.0,352,3679.0,217
rb1805,20171026,20171025,210755500,3679.0,125374,1097796,4608469660.0,3680.0,351,3679.0,174
rb1805,20171026,20171025,210756000,3679.0,125374,1097796,4608469660.0,3680.0,351,3679.0,176
rb1805,20171026,20171025,210756500,3679.0,125726,1097848,4621419740.0,3679.0,18,3678.0,86
rb1805,20171026,20171025,210757000,3678.0,125746,1097848,4622155500.0,3679.0,18,3678.0,82
rb1805,20171026,20171025,210757500,3678.0,125754,1097844,4622449800.0,3679.0,15,3678.0,83
rb1805,20171026,20171025,210758000,3679.0,125780,1097854,4623406220.0,3679.0,25,3678.0,71
rb1805,20171026,20171025,210758500,3679.0,125798,1097862,4624068440.0,3679.0,24,3678.0,73
rb1805,20171026,20171025,210759000,3679.0,125800,1097862,4624142020.0,3679.0,70,3678.0,80
rb1805,20171026,20171025,210759500,3679.0,125816,1097872,4624730660.0,3679.0,63,3678.0,80
rb1805,20171026,20171025,210800000,3678.0,125822,1097872,4624951380.0,3679.0,61,3678.0,77
rb1805,20171026,20171025,210800500,3678.0,125832,1097866,4625319180.0,3679.0,62,3678.0,72
rb1805,20171026,20171025,210801000,3678.0,125832,1097866,4625319180.0,3679.0,62,3678.0,78
rb1805,20171026,20171025,210801500,3678.0,125892,1097868,4627526420.0,3679.0,41,3678.0,103
rb1805,20171026,20171025,210802000,3679.0,125896,1097870,4627673580.0,3679.0,39,3678.0,105
rb1805,20171026,20171025,210802500,3679.0,125998,1097926,4631425840.0,3679.0,4,3678.0,91
rb1805,20171026,20171025,210803000,3678.0,126172,1097990,4637825580.0,3678.0,15,3677.0,205
rb1805,20171026,20171025,210803500,3678.0,126202,1097990,4638928980.0,3678.0,4,3677.0,205
rb1805,20171026,20171025,210804000,3678.0,126232,1097998,4640032580.0,3679.0,11,3678.0,59
rb1805,20171026,20171025,210804500,3678.0,126264,1097988,4641209760.0,3679.0,13,3678.0,76
rb1805,20171026,20171025,210805000,3678.0,126270,1097994,4641430460.0,3679.0,15,3678.0,75
rb1805,20171026,20171025,210805500,3679.0,126290,1098008,4642166120.0,3679.0,17,3678.0,74
rb1805,20171026,20171025,210806000,3678.0,126292,1098010,4642239680.0,3679.0,20,3678.0,81
rb1805,20171026,20171025,210806500,3678.0,126292,1098010,4642239680.0,3679.0,8,3678.0,81
rb1805,20171026,20171025,210807000,3679.0,126312,1098010,4642975480.0,3680.0,268,3679.0,1
rb1805,20171026,20171025,210807500,3678.0,126322,1098008,4643343300.0,3679.0,5,3678.0,47
rb1805,20171026,20171025,210808000,3679.0,126326,1098006,4643490440.0,3679.0,3,3678.0,54
rb1805,20171026,20171025,210808500,3679.0,126332,1098004,4643711180.0,3679.0,19,3678.0,56
rb1805,20171026,20171025,210809000,3678.0,126430,1097928,4647315620.0,3679.0,66,3678.0,1
rb1805,20171026,20171025,210809500,3678.0,126444,1097922,4647830540.0,3678.0,5,3677.0,213
rb1805,20171026,20171025,210810000,3678.0,126456,1097922,4648271900.0,3679.0,90,3677.0,213
rb1805,20171026,20171025,210810500,3678.0,126464,1097922,4648566140.0,3678.0,7,3677.0,215
rb1805,20171026,20171025,210811000,3678.0,126514,1097966,4650405140.0,3678.0,86,3677.0,215
rb1805,20171026,20171025,210811500,3678.0,126566,1098018,4652317700.0,3678.0,60,3677.0,215
rb1805,20171026,20171025,210812000,3678.0,126580,1098024,4652832540.0,3678.0,57,3677.0,213
rb1805,20171026,20171025,210812500,3678.0,126598,1098030,4653494580.0,3678.0,48,3677.0,216
rb1805,20171026,20171025,210813000,3678.0,126606,1098034,4653788780.0,3678.0,46,3677.0,214
rb1805,20171026,20171025,210813500,3678.0,126616,1098042,4654156580.0,3678.0,81,3677.0,215
rb1805,20171026,20171025,210814000,3678.0,126644,1098048,4655186400.0,3678.0,69,3677.0,215
rb1805,20171026,20171025,210814500,3678.0,126670,1098066,4656142480.0,3678.0,82,3677.0,209
rb1805,20171026,20171025,210815000,3678.0,126684,1098064,4656657280.0,3678.0,81,3677.0,206
rb1805,20171026,20171025,210815500,3678.0,126690,1098066,4656877960.0,3678.0,80,3677.0,210
rb1805,20171026,20171025,210816000,3678.0,126720,1098096,4657981360.0,3678.0,86,3677.0,211
rb1805,20171026,20171025,210816500,3677.0,126734,1098096,4658496140.0,3678.0,88,3677.0,207
rb1805,20171026,20171025,210817000,3678.0,126766,1098092,4659672880.0,3678.0,83,3677.0,199
rb1805,20171026,20171025,210817500,3678.0,126772,1098094,4659893540.0,3678.0,114,3677.0,197
rb1805,20171026,20171025,210818000,3678.0,126788,1098110,4660481940.0,3678.0,113,3677.0,193
rb1805,20171026,20171025,210818500,3677.0,126798,1098118,4660849680.0,3678.0,113,3677.0,190
rb1805,20171026,20171025,210819000,3678.0,126834,1098146,4662173680.0,3678.0,109,3677.0,186
rb1805,20171026,20171025,210819500,3677.0,126838,1098148,4662320780.0,3678.0,108,3677.0,185
rb1805,20171026,20171025,210820000,3678.0,126842,1098148,4662467880.0,3678.0,108,3677.0,184
rb1805,20171026,20171025,210820500,3678.0,126850,1098152,4662762080.0,3678.0,106,3677.0,182
rb1805,20171026,20171025,210821000,3677.0,126854,1098156,4662909180.0,3678.0,106,3677.0,185
rb1805,20171026,20171025,210821500,3677.0,126862,1098156,4663203340.0,3678.0,111,3677.0,183
rb1805,20171026,20171025,210822000,3677.0,126894,1098136,4664379980.0,3678.0,120,3677.0,169
rb1805,20171026,20171025,210822500,3678.0,127040,1098090,4669748460.0,3678.0,117,3677.0,99
rb1805,20171026,20171025,210823000,3677.0,127112,1098080,4672395960.0,3678.0,116,3677.0,67
rb1805,20171026,20171025,210823500,3678.0,127256,1098076,4677690900.0,3677.0,9,3676.0,154
rb1805,20171026,20171025,210824000,3676.0,127264,1098074,4677985060.0,3677.0,21,3676.0,154
rb1805,20171026,20171025,210824500,3676.0,127392,1098044,4682690720.0,3677.0,45,3676.0,110
rb1805,20171026,20171025,210825000,3676.0,127412,1098052,4683426100.0,3677.0,34,3676.0,115
rb1805,20171026,20171025,210825500,3677.0,127472,1098034,4685632220.0,3677.0,26,3676.0,111
rb1805,20171026,20171025,210826000,3676.0,127494,1098036,4686441000.0,3677.0,24,3676.0,103
rb1805,20171026,20171025,210826500,3677.0,127574,1098076,4689382220.0,3677.0,18,3676.0,95
rb1805,20171026,20171025,210827000,3677.0,127678,1098060,4693205300.0,3677.0,15,3676.0,58
rb1805,20171026,20171025,210827500,3676.0,127712,1098082,4694455180.0,3677.0,13,3676.0,46
rb1805,20171026,20171025,210828000,3676.0,127724,1098090,4694896300.0,3677.0,25,3676.0,42
rb1805,20171026,20171025,210828500,3676.0,127796,1098130,4697543020.0,3677.0,19,3676.0,8
rb1805,20171026,20171025,210829000,3676.0,127826,1098132,4698645820.0,3677.0,24,3676.0,1
rb1805,20171026,20171025,210829500,3675.0,127838,1098138,4699086920.0,3676.0,2,3675.0,356
rb1805,20171026,20171025,210830000,3676.0,127922,1098130,4702174840.0,3677.0,24,3676.0,18
rb1805,20171026,20171025,210830500,3676.0,127952,1098132,4703277680.0,3677.0,30,3676.0,6
rb1805,20171026,20171025,210831000,3677.0,127978,1098134,4704233480.0,3677.0,23,3676.0,40
rb1805,20171026,20171025,210831500,3677.0,128152,1098108,4710629380.0,3677.0,14,3676.0,4
rb1805,20171026,20171025,210832000,3677.0,128168,1098108,4711217580.0,3677.0,14,3676.0,25
rb1805,20171026,20171025,210832500,3676.0,128182,1098122,4711732340.0,3677.0,9,3676.0,41
rb1805,20171026,20171025,210833000,3677.0,128188,1098120,4711952920.0,3677.0,8,3676.0,110
rb1805,20171026,20171025,210833500,3676.0,128206,1098122,4712614740.0,3677.0,13,3676.0,120
rb1805,20171026,20171025,210834000,3677.0,128236,1098120,4713717660.0,3677.0,8,3676.0,141
rb1805,20171026,20171025,210834500,3676.0,128244,1098126,4714011780.0,3677.0,6,3676.0,112
rb1805,20171026,20171025,210835000,3676.0,128266,1098134,4714820700.0,3678.0,324,3676.0,115
rb1805,20171026,20171025,210835500,3677.0,128272,1098140,4715041300.0,3677.0,83,3676.0,144
rb1805,20171026,20171025,210836000,3676.0,128316,1098134,4716658780.0,3677.0,82,3676.0,125
rb1805,20171026,20171025,210836500,3676.0,128344,1098126,4717688080.0,3677.0,83,3676.0,114
rb1805,20171026,20171025,210837000,3677.0,128372,1098122,4718717380.0,3677.0,84,3676.0,57
rb1805,20171026,20171025,210837500,3677.0,128372,1098122,4718717380.0,3677.0,84,3676.0,57
rb1805,20171026,20171025,210838000,3676.0,128410,1098116,4720114260.0,3677.0,84,3676.0,41
rb1805,20171026,20171025,210838500,3677.0,128510,1098096,4723790320.0,3677.0,81,3675.0,340
rb1805,20171026,20171025,210839000,3677.0,128516,1098100,4724010940.0,3677.0,79,3675.0,340
rb1805,20171026,20171025,210839500,3676.0,128520,1098102,4724158000.0,3677.0,86,3676.0,17
rb1805,20171026,20171025,210840000,3676.0,128586,1098150,4726584380.0,3676.0,28,3675.0,341
rb1805,20171026,20171025,210840500,3677.0,128648,1098206,4728863540.0,3677.0,3,3676.0,141
rb1805,20171026,20171025,210841000,3677.0,128658,1098208,4729231160.0,3677.0,2,3676.0,109
rb1805,20171026,20171025,210841500,3676.0,128670,1098212,4729672320.0,3677.0,33,3676.0,106
rb1805,20171026,20171025,210842000,3676.0,128672,1098214,4729745840.0,3677.0,45,3676.0,106
rb1805,20171026,20171025,210842500,3676.0,128674,1098216,4729819360.0,3677.0,58,3676.0,105
rb1805,20171026,20171025,210843000,3677.0,128686,1098220,4730260520.0,3677.0,54,3676.0,103
rb1805,20171026,20171025,210843500,3676.0,128688,1098220,4730334040.0,3677.0,57,3676.0,104
rb1805,20171026,20171025,210844000,3676.0,128688,1098220,4730334040.0,3677.0,57,3676.0,108
rb1805,20171026,20171025,210844500,3677.0,128690,1098218,4730407580.0,3677.0,56,3676.0,110
rb1805,20171026,20171025,210845000,3677.0,128698,1098226,4730701700.0,3677.0,43,3676.0,109
rb1805,20171026,20171025,210845500,3676.0,128938,1098308,4739523900.0,3676.0,1,3675.0,344
rb1805,20171026,20171025,210846000,3676.0,128992,1098356,4741509380.0,3677.0,21,3676.0,8
rb1805,20171026,20171025,210846500,3677.0,129036,1098380,4743127260.0,3678.0,324,3677.0,21
rb1805,20171026,20171025,210847000,3676.0,129100,1098410,4745480420.0,3677.0,31,3676.0,66
rb1805,20171026,20171025,210847500,3676.0,129144,1098396,4747097860.0,3677.0,32,3676.0,39
rb1805,20171026,20171025,210848000,3676.0,129152,1098394,4747391980.0,3677.0,35,3676.0,47
rb1805,20171026,20171025,210848500,3676.0,129156,1098392,4747539040.0,3677.0,32,3676.0,52
rb1805,20171026,20171025,210849000,3677.0,129186,1098372,4748642040.0,3677.0,34,3676.0,75
rb1805,20171026,20171025,210849500,3677.0,129218,1098368,4749818420.0,3677.0,39,3676.0,63
rb1805,20171026,20171025,210850000,3677.0,129230,1098366,4750259660.0,3677.0,61,3676.0,85
rb1805,20171026,20171025,210850500,3676.0,129258,1098344,4751289180.0,3677.0,50,3676.0,100
rb1805,20171026,20171025,210851000,3676.0,129260,1098344,4751362700.0,3677.0,51,3676.0,104
rb1805,20171026,20171025,210851500,3676.0,129264,1098346,4751509760.0,3677.0,51,3676.0,171
rb1805,20171026,20171025,210852000,3677.0,129270,1098350,4751730360.0,3677.0,49,3676.0,176
rb1805,20171026,20171025,210852500,3677.0,129272,1098352,4751803900.0,3677.0,49,3676.0,121
rb1805,20171026,20171025,210853000,3677.0,129274,1098354,4751877440.0,3677.0,49,3676.0,126
rb1805,20171026,20171025,210853500,3677.0,129304,1098360,4752980320.0,3677.0,45,3676.0,118
rb1805,20171026,20171025,210854000,3677.0,129312,1098366,4753274460.0,3677.0,49,3676.0,118
rb1805,20171026,20171025,210854500,3677.0,129318,1098370,4753495060.0,3677.0,48,3676.0,125
rb1805,20171026,20171025,210855000,3676.0,129526,1098504,4761141180.0,3677.0,39,3676.0,36
rb1805,20171026,20171025,210855500,3676.0,129546,1098490,4761876380.0,3677.0,39,3676.0,30
rb1805,20171026,20171025,210856000,3677.0,129596,1098516,4763714880.0,3677.0,14,3676.0,40
rb1805,20171026,20171025,210856500,3677.0,129626,1098492,4764817980.0,3678.0,316,3677.0,52
rb1805,20171026,20171025,210857000,3677.0,129628,1098492,4764891520.0,3678.0,316,3677.0,49
rb1805,20171026,20171025,210857500,3677.0,129632,1098488,4765038600.0,3678.0,317,3677.0,64
rb1805,20171026,20171025,210858000,3677.0,129634,1098488,4765112140.0,3678.0,317,3677.0,67
rb1805,20171026,20171025,210858500,3678.0,129668,1098474,4766362420.0,3678.0,312,3677.0,61
rb1805,20171026,20171025,210859000,3677.0,129678,1098468,4766730140.0,3678.0,310,3677.0,57
rb1805,20171026,20171025,210859500,3678.0,129734,1098414,4768789800.0,3678.0,283,3677.0,56
rb1805,20171026,20171025,210900000,3677.0,129738,1098414,4768936880.0,3678.0,283,3677.0,59
rb1805,20171026,20171025,210900500,3677.0,129740,1098412,4769010420.0,3678.0,283,3677.0,61
rb1805,20171026,20171025,210901000,3678.0,129746,1098406,4769231100.0,3678.0,280,3677.0,66
rb1805,20171026,20171025,210901500,3677.0,129884,1098470,4774305360.0,3677.0,90,3676.0,255
rb1805,20171026,20171025,210902000,3677.0,130074,1098468,4781291680.0,3678.0,276,3677.0,109
rb1805,20171026,20171025,210902500,3677.0,130122,1098478,4783057100.0,3678.0,254,3677.0,110
rb1805,20171026,20171025,210903000,3678.0,130158,1098482,4784380860.0,3678.0,253,3677.0,113
rb1805,20171026,20171025,210903500,3677.0,130218,1098430,4786587060.0,3678.0,253,3677.0,84
rb1805,20171026,20171025,210904000,3678.0,130220,1098430,4786660620.0,3678.0,251,3677.0,86
rb1805,20171026,20171025,210904500,3678.0,130306,1098510,4789822940.0,3678.0,246,3677.0,67
rb1805,20171026,20171025,210905000,3678.0,130324,1098520,4790484940.0,3678.0,240,3677.0,66
rb1805,20171026,20171025,210905500,3677.0,130374,1098566,4792323540.0,3678.0,235,3677.0,51
rb1805,20171026,20171025,210906000,3678.0,130392,1098566,4792985580.0,3678.0,230,3677.0,89
rb1805,20171026,20171025,210906500,3677.0,130422,1098586,4794088820.0,3678.0,128,3677.0,103
rb1805,20171026,20171025,210907000,3678.0,130682,1098824,4803651620.0,3679.0,231,3678.0,36
rb1805,20171026,20171025,210907500,3678.0,130684,1098826,4803725180.0,3679.0,225,3678.0,126
rb1805,20171026,20171025,210908000,3679.0,130692,1098828,4804019480.0,3679.0,222,3678.0,141
rb1805,20171026,20171025,210908500,3678.0,130916,1099040,4812258200.0,3679.0,224,3678.0,35
rb1805,20171026,20171025,210909000,3679.0,130940,1099030,4813141140.0,3679.0,213,3678.0,85
rb1805,20171026,20171025,210909500,3679.0,130944,1099028,4813288300.0,3679.0,211,3678.0,86
rb1805,20171026,20171025,210910000,3679.0,130946,1099028,4813361880.0,3679.0,211,3678.0,117
rb1805,20171026,20171025,210910500,3679.0,130996,1098982,4815201360.0,3679.0,187,3678.0,147
rb1805,20171026,20171025,210911000,3679.0,130996,1098982,4815201360.0,3679.0,187,3678.0,147
rb1805,20171026,20171025,210911500,3679.0,131000,1098980,4815348520.0,3679.0,186,3678.0,147
rb1805,20171026,20171025,210912000,3679.0,131006,1098980,4815569260.0,3679.0,183,3678.0,147
rb1805,20171026,20171025,210912500,3679.0,131008,1098978,4815642840.0,3679.0,182,3678.0,148
rb1805,20171026,20171025,210913000,3679.0,131008,1098978,4815642840.0,3679.0,182,3678.0,148
rb1805,20171026,20171025,210913500,3679.0,131022,1098974,4816157880.0,3679.0,176,3678.0,151
