instrument,tradingday,calendarday,time,lastp,volume,openinterest,turnover,ask1,asksz1,bid1,bidsz1
rb1805,20171205,20171204,205900500,4057.0,3422,3006766,138830540.0,4058.0,17,4057.0,109
rb1805,20171205,20171204,210000500,4057.0,3776,3006830,153194220.0,4059.0,318,4057.0,61
rb1805,20171205,20171204,210001000,4059.0,5084,3007318,206266900.0,4059.0,123,4058.0,41
rb1805,20171205,20171204,210001500,4057.0,6022,3007668,244324300.0,4057.0,103,4056.0,64
rb1805,20171205,20171204,210002000,4056.0,6416,3007962,260304160.0,4056.0,433,4055.0,88
rb1805,20171205,20171204,210002500,4054.0,6940,3008300,281550460.0,4054.0,63,4053.0,8
rb1805,20171205,20171204,210003000,4053.0,7584,3008414,307649900.0,4053.0,215,4052.0,3
rb1805,20171205,20171204,210003500,4051.0,7846,3008550,318264640.0,4052.0,336,4051.0,21
rb1805,20171205,20171204,210004000,4051.0,8614,3008732,349374940.0,4051.0,255,4050.0,311
rb1805,20171205,20171204,210004500,4051.0,9996,3008968,405352560.0,4052.0,90,4051.0,15
rb1805,20171205,20171204,210005000,4051.0,10310,3009098,418072960.0,4051.0,11,4050.0,2
rb1805,20171205,20171204,210005500,4052.0,10488,3009114,425283660.0,4052.0,38,4051.0,38
rb1805,20171205,20171204,210006000,4052.0,10816,3009326,438575300.0,4053.0,2,4052.0,4
rb1805,20171205,20171204,210006500,4053.0,11196,3009434,453978960.0,4055.0,235,4053.0,106
rb1805,20171205,20171204,210007000,4053.0,11418,3009362,462977940.0,4055.0,212,4053.0,76
rb1805,20171205,20171204,210007500,4053.0,11534,3009420,467680180.0,4054.0,41,4053.0,127
rb1805,20171205,20171204,210008000,4054.0,11702,3009386,474490520.0,4055.0,209,4054.0,10
rb1805,20171205,20171204,210008500,4054.0,11900,3009368,482516880.0,4054.0,6,4053.0,129
rb1805,20171205,20171204,210009000,4056.0,12328,3009598,499868860.0,4056.0,106,4055.0,4
rb1805,20171205,20171204,210009500,4054.0,12506,3009672,507085820.0,4055.0,75,4054.0,29
rb1805,20171205,20171204,210010000,4054.0,12868,3009876,521761160.0,4054.0,83,4053.0,115
rb1805,20171205,20171204,210010500,4053.0,13484,3010304,546727740.0,4053.0,18,4052.0,404
rb1805,20171205,20171204,210011000,4053.0,13720,3010290,556293140.0,4054.0,59,4053.0,84
rb1805,20171205,20171204,210011500,4054.0,13960,3010246,566023280.0,4055.0,35,4054.0,283
rb1805,20171205,20171204,210012000,4056.0,14154,3010236,573890620.0,4056.0,65,4055.0,184
rb1805,20171205,20171204,210012500,4055.0,14842,3010460,601791960.0,4055.0,112,4054.0,71
rb1805,20171205,20171204,210013000,4055.0,15178,3010632,615415760.0,4056.0,22,4055.0,3
rb1805,20171205,20171204,210013500,4055.0,15420,3010614,625230480.0,4056.0,1,4055.0,135
rb1805,20171205,20171204,210014000,4055.0,15498,3010592,628393920.0,4056.0,52,4055.0,140
rb1805,20171205,20171204,210014500,4056.0,15548,3010610,630421700.0,4056.0,64,4055.0,138
rb1805,20171205,20171204,210015000,4056.0,15862,3010770,643154720.0,4056.0,95,4055.0,7
rb1805,20171205,20171204,210015500,4054.0,15934,3010796,646074300.0,4055.0,70,4054.0,156
rb1805,20171205,20171204,210016000,4054.0,16072,3010784,651669700.0,4055.0,59,4054.0,132
rb1805,20171205,20171204,210016500,4055.0,16122,3010796,653697120.0,4055.0,213,4054.0,142
rb1805,20171205,20171204,210017000,4054.0,16188,3010780,656372800.0,4055.0,217,4054.0,114
rb1805,20171205,20171204,210017500,4055.0,16626,3010796,674131640.0,4055.0,103,4054.0,54
rb1805,20171205,20171204,210018000,4054.0,16948,3010738,687187300.0,4055.0,34,4054.0,35
rb1805,20171205,20171204,210018500,4054.0,17116,3010810,693998720.0,4054.0,6,4053.0,310
rb1805,20171205,20171204,210019000,4055.0,17522,3011058,710461100.0,4055.0,23,4054.0,212
rb1805,20171205,20171204,210019500,4055.0,17694,3011116,717435860.0,4056.0,113,4055.0,50
rb1805,20171205,20171204,210020000,4055.0,17698,3011116,717598060.0,4056.0,114,4055.0,151
rb1805,20171205,20171204,210020500,4055.0,17738,3011114,719220060.0,4056.0,116,4055.0,154
rb1805,20171205,20171204,210021000,4055.0,18042,3010928,731548880.0,4056.0,36,4055.0,118
rb1805,20171205,20171204,210021500,4057.0,18138,3010890,735442660.0,4057.0,127,4056.0,35
rb1805,20171205,20171204,210022000,4056.0,18272,3010898,740878560.0,4057.0,85,4056.0,18
rb1805,20171205,20171204,210022500,4057.0,18446,3010840,747937080.0,4057.0,51,4056.0,27
rb1805,20171205,20171204,210023000,4055.0,18702,3010786,758322080.0,4057.0,13,4056.0,10
rb1805,20171205,20171204,210023500,4058.0,18788,3010768,761811020.0,4058.0,56,4056.0,120
rb1805,20171205,20171204,210024000,4056.0,18834,3010752,763677180.0,4058.0,53,4056.0,191
rb1805,20171205,20171204,210024500,4058.0,18850,3010758,764326400.0,4058.0,78,4057.0,27
rb1805,20171205,20171204,210025000,4057.0,18924,3010772,767328940.0,4058.0,60,4057.0,22
rb1805,20171205,20171204,210025500,4058.0,18990,3010778,770006900.0,4058.0,51,4057.0,43
rb1805,20171205,20171204,210026000,4058.0,19052,3010752,772522400.0,4058.0,103,4057.0,119
rb1805,20171205,20171204,210026500,4057.0,19356,3010512,784856060.0,4057.0,80,4056.0,207
rb1805,20171205,20171204,210027000,4058.0,19740,3010552,800436880.0,4059.0,107,4058.0,23
rb1805,20171205,20171204,210027500,4058.0,19810,3010538,803277440.0,4058.0,42,4057.0,58
rb1805,20171205,20171204,210028000,4058.0,19922,3010540,807821980.0,4058.0,18,4057.0,47
rb1805,20171205,20171204,210028500,4057.0,20092,3010588,814719480.0,4057.0,3,4056.0,217
rb1805,20171205,20171204,210029000,4057.0,20150,3010554,817072960.0,4057.0,30,4056.0,224
rb1805,20171205,20171204,210029500,4059.0,20390,3010394,826812440.0,4059.0,51,4057.0,4
rb1805,20171205,20171204,210030000,4058.0,20438,3010392,828760380.0,4058.0,7,4057.0,48
rb1805,20171205,20171204,210030500,4057.0,20530,3010402,832492900.0,4058.0,50,4057.0,25
rb1805,20171205,20171204,210031000,4058.0,20852,3010254,845559240.0,4059.0,48,4058.0,20
rb1805,20171205,20171204,210031500,4059.0,20954,3010248,849698340.0,4059.0,54,4058.0,86
rb1805,20171205,20171204,210032000,4058.0,20988,3010222,851078120.0,4059.0,54,4058.0,80
rb1805,20171205,20171204,210032500,4058.0,21070,3010206,854406120.0,4059.0,34,4058.0,67
rb1805,20171205,20171204,210033000,4059.0,21156,3010226,857896800.0,4059.0,58,4058.0,148
rb1805,20171205,20171204,210033500,4059.0,21340,3010260,865365460.0,4060.0,149,4059.0,73
rb1805,20171205,20171204,210034000,4059.0,21476,3010240,870885700.0,4060.0,151,4059.0,39
rb1805,20171205,20171204,210034500,4060.0,21750,3010146,882008560.0,4060.0,89,4059.0,12
rb1805,20171205,20171204,210035000,4060.0,21882,3010092,887367440.0,4060.0,48,4059.0,18
rb1805,20171205,20171204,210035500,4060.0,21976,3010086,891183580.0,4060.0,84,4059.0,15
rb1805,20171205,20171204,210036000,4060.0,22200,3010228,900277880.0,4061.0,33,4060.0,14
rb1805,20171205,20171204,210036500,4061.0,22542,3010040,914163120.0,4061.0,64,4060.0,180
rb1805,20171205,20171204,210037000,4060.0,22904,3009830,928861220.0,4061.0,23,4060.0,153
rb1805,20171205,20171204,210037500,4061.0,23134,3009822,938201120.0,4062.0,138,4061.0,121
rb1805,20171205,20171204,210038000,4062.0,23298,3009784,944862100.0,4062.0,92,4061.0,91
rb1805,20171205,20171204,210038500,4061.0,23436,3009878,950466520.0,4062.0,95,4061.0,41
rb1805,20171205,20171204,210039000,4061.0,23878,3009814,968412980.0,4062.0,111,4061.0,1
rb1805,20171205,20171204,210039500,4059.0,23972,3009818,972229480.0,4061.0,207,4059.0,62
rb1805,20171205,20171204,210040000,4061.0,24322,3009860,986441360.0,4061.0,195,4058.0,226
rb1805,20171205,20171204,210040500,4060.0,24404,3009908,989770460.0,4061.0,197,4059.0,32
rb1805,20171205,20171204,210041000,4060.0,24496,3009964,993505420.0,4060.0,1,4059.0,20
rb1805,20171205,20171204,210041500,4059.0,24554,3009980,995860060.0,4060.0,34,4059.0,15
rb1805,20171205,20171204,210042000,4060.0,24634,3009990,999107160.0,4060.0,24,4059.0,118
rb1805,20171205,20171204,210042500,4061.0,24760,3009968,1004222840.0,4061.0,198,4060.0,40
rb1805,20171205,20171204,210043000,4060.0,24846,3009932,1007714480.0,4061.0,251,4060.0,15
rb1805,20171205,20171204,210043500,4060.0,24902,3009940,1009988120.0,4060.0,379,4059.0,112
rb1805,20171205,20171204,210044000,4060.0,25236,3009938,1023546200.0,4060.0,342,4059.0,25
rb1805,20171205,20171204,210044500,4059.0,25344,3009948,1027929920.0,4059.0,123,4058.0,221
rb1805,20171205,20171204,210045000,4059.0,25462,3010016,1032719520.0,4059.0,88,4058.0,222
rb1805,20171205,20171204,210045500,4059.0,25650,3010008,1040349960.0,4060.0,374,4059.0,73
rb1805,20171205,20171204,210046000,4059.0,25876,3009998,1049523500.0,4059.0,17,4058.0,200
rb1805,20171205,20171204,210046500,4059.0,25988,3010060,1054069100.0,4059.0,6,4058.0,177
rb1805,20171205,20171204,210047000,4059.0,26102,3010070,1058695460.0,4059.0,144,4058.0,133
rb1805,20171205,20171204,210047500,4058.0,26382,3010280,1070060020.0,4059.0,37,4058.0,102
rb1805,20171205,20171204,210048000,4058.0,26418,3010308,1071521060.0,4059.0,32,4058.0,93
rb1805,20171205,20171204,210048500,4058.0,26466,3010356,1073469260.0,4059.0,27,4058.0,91
rb1805,20171205,20171204,210049000,4058.0,26504,3010358,1075011320.0,4059.0,66,4058.0,73
rb1805,20171205,20171204,210049500,4059.0,26622,3010332,1079799960.0,4059.0,193,4058.0,27
rb1805,20171205,20171204,210050000,4059.0,26870,3010434,1089864660.0,4058.0,5,4057.0,78
rb1805,20171205,20171204,210050500,4058.0,27072,3010348,1098061860.0,4058.0,18,4057.0,83
rb1805,20171205,20171204,210051000,4058.0,27374,3010388,1110319160.0,4059.0,57,4058.0,74
rb1805,20171205,20171204,210051500,4058.0,27588,3010566,1119003780.0,4058.0,21,4057.0,83
rb1805,20171205,20171204,210052000,4058.0,27688,3010552,1123061380.0,4058.0,1,4057.0,65
rb1805,20171205,20171204,210052500,4058.0,27744,3010564,1125333780.0,4058.0,29,4057.0,62
rb1805,20171205,20171204,210053000,4057.0,27774,3010586,1126550960.0,4058.0,27,4057.0,54
rb1805,20171205,20171204,210053500,4057.0,27908,3010574,1131987540.0,4057.0,5,4056.0,143
rb1805,20171205,20171204,210054000,4057.0,28008,3010586,1136044840.0,4058.0,34,4057.0,29
rb1805,20171205,20171204,210054500,4058.0,28088,3010566,1139290800.0,4058.0,52,4057.0,7
rb1805,20171205,20171204,210055000,4057.0,28308,3010552,1148216220.0,4058.0,59,4057.0,80
rb1805,20171205,20171204,210055500,4058.0,28342,3010570,1149595840.0,4058.0,55,4057.0,91
rb1805,20171205,20171204,210056000,4057.0,28360,3010578,1150326100.0,4058.0,60,4057.0,86
rb1805,20171205,20171204,210056500,4057.0,28380,3010586,1151137540.0,4058.0,115,4057.0,80
rb1805,20171205,20171204,210057000,4058.0,28414,3010590,1152517200.0,4058.0,102,4057.0,80
rb1805,20171205,20171204,210057500,4057.0,28440,3010612,1153572120.0,4058.0,98,4057.0,72
rb1805,20171205,20171204,210058000,4058.0,28592,3010590,1159739100.0,4058.0,85,4057.0,17
rb1805,20171205,20171204,210058500,4057.0,28860,3010590,1170612480.0,4058.0,178,4057.0,26
rb1805,20171205,20171204,210059000,4057.0,28912,3010556,1172722260.0,4058.0,169,4057.0,15
rb1805,20171205,20171204,210059500,4057.0,29074,3010576,1179294560.0,4057.0,37,4056.0,195
rb1805,20171205,20171204,210100000,4057.0,29088,3010576,1179862520.0,4057.0,33,4056.0,195
rb1805,20171205,20171204,210100500,4056.0,29212,3010620,1184893020.0,4057.0,37,4056.0,177
rb1805,20171205,20171204,210101000,4057.0,29366,3010638,1191140240.0,4058.0,189,4057.0,5
rb1805,20171205,20171204,210101500,4057.0,29522,3010666,1197469180.0,4057.0,30,4056.0,150
rb1805,20171205,20171204,210102000,4057.0,29616,3010722,1201282880.0,4058.0,190,4057.0,16
rb1805,20171205,20171204,210102500,4057.0,29654,3010742,1202824760.0,4058.0,169,4057.0,15
rb1805,20171205,20171204,210103000,4057.0,29694,3010746,1204447640.0,4057.0,1,4056.0,124
rb1805,20171205,20171204,210103500,4057.0,29712,3010750,1205177860.0,4057.0,28,4056.0,124
rb1805,20171205,20171204,210104000,4057.0,29774,3010748,1207693040.0,4057.0,6,4056.0,129
rb1805,20171205,20171204,210104500,4057.0,29828,3010720,1209883840.0,4058.0,170,4057.0,114
rb1805,20171205,20171204,210105000,4057.0,30062,3010696,1219377260.0,4057.0,15,4056.0,135
rb1805,20171205,20171204,210105500,4058.0,30176,3010696,1224001520.0,4058.0,175,4057.0,2
rb1805,20171205,20171204,210106000,4057.0,30184,3010696,1224326100.0,4058.0,176,4057.0,24
rb1805,20171205,20171204,210106500,4057.0,30218,3010698,1225705520.0,4058.0,175,4057.0,27
rb1805,20171205,20171204,210107000,4057.0,30324,3010654,1230005900.0,4057.0,120,4056.0,221
rb1805,20171205,20171204,210107500,4057.0,30324,3010654,1230005900.0,4057.0,121,4056.0,222
rb1805,20171205,20171204,210108000,4056.0,30500,3010716,1237144600.0,4057.0,121,4056.0,149
rb1805,20171205,20171204,210108500,4057.0,30528,3010706,1238280380.0,4057.0,117,4056.0,143
rb1805,20171205,20171204,210109000,4057.0,30560,3010710,1239578540.0,4057.0,119,4056.0,149
rb1805,20171205,20171204,210109500,4057.0,30806,3010732,1249558780.0,4058.0,195,4057.0,381
rb1805,20171205,20171204,210110000,4057.0,30944,3010862,1255157440.0,4058.0,200,4057.0,315
rb1805,20171205,20171204,210110500,4057.0,31558,3010846,1280069640.0,4058.0,90,4057.0,202
rb1805,20171205,20171204,210111000,4057.0,31880,3010814,1293134920.0,4058.0,129,4057.0,134
rb1805,20171205,20171204,210111500,4056.0,32314,3011064,1310741000.0,4057.0,247,4056.0,100
rb1805,20171205,20171204,210112000,4055.0,32536,3010948,1319745300.0,4056.0,457,4055.0,218
rb1805,20171205,20171204,210112500,4055.0,33088,3010890,1342129120.0,4056.0,339,4055.0,71
rb1805,20171205,20171204,210113000,4055.0,33274,3010896,1349671440.0,4055.0,190,4054.0,278
rb1805,20171205,20171204,210113500,4055.0,33352,3010900,1352834080.0,4055.0,175,4054.0,265
rb1805,20171205,20171204,210114000,4055.0,33438,3010838,1356320640.0,4055.0,197,4054.0,224
rb1805,20171205,20171204,210114500,4055.0,33684,3010910,1366294320.0,4055.0,167,4054.0,144
rb1805,20171205,20171204,210115000,4054.0,33998,3011132,1379024120.0,4054.0,27,4053.0,256
rb1805,20171205,20171204,210115500,4053.0,34122,3011172,1384049960.0,4054.0,46,4053.0,199
rb1805,20171205,20171204,210116000,4054.0,34166,3011178,1385833440.0,4054.0,83,4053.0,187
rb1805,20171205,20171204,210116500,4054.0,34180,3011184,1386400900.0,4054.0,101,4053.0,181
rb1805,20171205,20171204,210117000,4053.0,34270,3011162,1390049180.0,4054.0,80,4053.0,175
rb1805,20171205,20171204,210117500,4054.0,34648,3011208,1405370220.0,4054.0,45,4053.0,19
rb1805,20171205,20171204,210118000,4053.0,34726,3011180,1408531560.0,4053.0,35,4052.0,457
rb1805,20171205,20171204,210118500,4052.0,34804,3011178,1411692820.0,4053.0,21,4052.0,426
rb1805,20171205,20171204,210119000,4053.0,34932,3011198,1416880340.0,4054.0,224,4053.0,147
rb1805,20171205,20171204,210119500,4053.0,35036,3011206,1421095540.0,4054.0,214,4053.0,109
rb1805,20171205,20171204,210120000,4053.0,35270,3011242,1430579740.0,4054.0,213,4053.0,15
rb1805,20171205,20171204,210120500,4053.0,35366,3011280,1434470620.0,4053.0,86,4052.0,471
rb1805,20171205,20171204,210121000,4052.0,35406,3011302,1436091660.0,4053.0,210,4052.0,466
rb1805,20171205,20171204,210121500,4053.0,35580,3011424,1443143580.0,4053.0,192,4052.0,412
rb1805,20171205,20171204,210122000,4052.0,36414,3011064,1476937320.0,4052.0,181,4051.0,422
rb1805,20171205,20171204,210122500,4052.0,36664,3011146,1487065280.0,4052.0,166,4051.0,320
rb1805,20171205,20171204,210123000,4052.0,37036,3011018,1502136400.0,4052.0,104,4051.0,207
rb1805,20171205,20171204,210123500,4051.0,37230,3011136,1509995640.0,4052.0,120,4051.0,128
rb1805,20171205,20171204,210124000,4050.0,37580,3011208,1524174320.0,4051.0,77,4050.0,897
rb1805,20171205,20171204,210124500,4050.0,37868,3011216,1535838960.0,4051.0,55,4050.0,816
rb1805,20171205,20171204,210125000,4050.0,38024,3011242,1542157160.0,4051.0,127,4050.0,766
rb1805,20171205,20171204,210125500,4050.0,38146,3011312,1547098620.0,4051.0,115,4050.0,741
rb1805,20171205,20171204,210126000,4051.0,38252,3011382,1551391680.0,4051.0,125,4050.0,694
rb1805,20171205,20171204,210126500,4051.0,38526,3011602,1562488840.0,4051.0,123,4050.0,565
rb1805,20171205,20171204,210127000,4050.0,38606,3011632,1565729080.0,4051.0,115,4050.0,568
rb1805,20171205,20171204,210127500,4050.0,38774,3011616,1572533160.0,4051.0,119,4050.0,506
rb1805,20171205,20171204,210128000,4051.0,38894,3011668,1577393460.0,4051.0,106,4050.0,487
rb1805,20171205,20171204,210128500,4050.0,39932,3011584,1619432460.0,4050.0,317,4049.0,174
rb1805,20171205,20171204,210129000,4050.0,40174,3011580,1629231440.0,4050.0,361,4049.0,77
rb1805,20171205,20171204,210129500,4049.0,40378,3011558,1637491920.0,4049.0,6,4048.0,242
rb1805,20171205,20171204,210130000,4050.0,40966,3011328,1661296220.0,4050.0,407,4049.0,1
rb1805,20171205,20171204,210130500,4049.0,41176,3011402,1669798060.0,4050.0,473,4049.0,57
rb1805,20171205,20171204,210131000,4049.0,41304,3011332,1674981040.0,4050.0,463,4049.0,285
rb1805,20171205,20171204,210131500,4050.0,42050,3010944,1705193520.0,4050.0,77,4049.0,310
rb1805,20171205,20171204,210132000,4050.0,42292,3011054,1714994660.0,4051.0,227,4050.0,768
rb1805,20171205,20171204,210132500,4051.0,43446,3011612,1761740600.0,4052.0,191,4051.0,521
rb1805,20171205,20171204,210133000,4052.0,43888,3011746,1779650440.0,4053.0,43,4052.0,181
rb1805,20171205,20171204,210133500,4053.0,44116,3011836,1788891280.0,4054.0,164,4053.0,89
rb1805,20171205,20171204,210134000,4053.0,44278,3011766,1795457860.0,4054.0,133,4053.0,59
rb1805,20171205,20171204,210134500,4052.0,44526,3011730,1805508340.0,4053.0,53,4052.0,55
rb1805,20171205,20171204,210135000,4052.0,44668,3011782,1811263380.0,4053.0,4,4052.0,61
rb1805,20171205,20171204,210135500,4052.0,44716,3011776,1813208600.0,4053.0,50,4052.0,77
rb1805,20171205,20171204,210136000,4053.0,44736,3011774,1814019100.0,4053.0,50,4052.0,157
rb1805,20171205,20171204,210136500,4053.0,44850,3011686,1818639400.0,4053.0,2,4052.0,154
rb1805,20171205,20171204,210137000,4052.0,44932,3011648,1821962140.0,4054.0,258,4052.0,118
rb1805,20171205,20171204,210137500,4052.0,44972,3011662,1823583120.0,4053.0,8,4052.0,99
rb1805,20171205,20171204,210138000,4053.0,45032,3011668,1826014860.0,4053.0,24,4052.0,102
rb1805,20171205,20171204,210138500,4052.0,45156,3011756,1831040040.0,4054.0,262,4052.0,177
rb1805,20171205,20171204,210139000,4053.0,45210,3011806,1833228660.0,4053.0,26,4052.0,182
rb1805,20171205,20171204,210139500,4053.0,45290,3011844,1836471040.0,4054.0,292,4053.0,145
rb1805,20171205,20171204,210140000,4054.0,45448,3011720,1842874800.0,4054.0,309,4053.0,167
rb1805,20171205,20171204,210140500,4053.0,45484,3011706,1844333920.0,4054.0,252,4053.0,405
rb1805,20171205,20171204,210141000,4054.0,46434,3011630,1882842980.0,4055.0,99,4054.0,135
rb1805,20171205,20171204,210141500,4054.0,46472,3011608,1884383520.0,4055.0,97,4054.0,225
rb1805,20171205,20171204,210142000,4054.0,46506,3011596,1885761880.0,4055.0,218,4054.0,215
rb1805,20171205,20171204,210142500,4054.0,46600,3011572,1889572660.0,4055.0,356,4054.0,170
rb1805,20171205,20171204,210143000,4054.0,47020,3011686,1906599220.0,4054.0,140,4053.0,271
rb1805,20171205,20171204,210143500,4053.0,47048,3011704,1907734260.0,4054.0,423,4053.0,268
rb1805,20171205,20171204,210144000,4054.0,47114,3011752,1910409420.0,4054.0,430,4053.0,287
rb1805,20171205,20171204,210144500,4054.0,47178,3011812,1913003780.0,4054.0,490,4053.0,278
rb1805,20171205,20171204,210145000,4053.0,47192,3011824,1913571300.0,4054.0,491,4053.0,277
rb1805,20171205,20171204,210145500,4054.0,47236,3011852,1915355020.0,4054.0,472,4053.0,357
rb1805,20171205,20171204,210146000,4054.0,47380,3011944,1921192120.0,4054.0,439,4053.0,378
rb1805,20171205,20171204,210146500,4053.0,47420,3011980,1922813420.0,4054.0,449,4053.0,373
rb1805,20171205,20171204,210147000,4054.0,47614,3011950,1930676500.0,4054.0,445,4053.0,293
rb1805,20171205,20171204,210147500,4053.0,47650,3011946,1932135860.0,4054.0,484,4053.0,297
rb1805,20171205,20171204,210148000,4054.0,47670,3011940,1932946600.0,4054.0,480,4053.0,311
rb1805,20171205,20171204,210148500,4053.0,47794,3011924,1937972400.0,4054.0,485,4053.0,280
rb1805,20171205,20171204,210149000,4053.0,47870,3011918,1941052820.0,4054.0,480,4053.0,253
rb1805,20171205,20171204,210149500,4054.0,48400,3012318,1962533780.0,4054.0,480,4053.0,32
rb1805,20171205,20171204,210150000,4053.0,49074,3012114,1989852380.0,4053.0,95,4052.0,139
rb1805,20171205,20171204,210150500,4053.0,49254,3012268,1997147740.0,4053.0,26,4052.0,137
rb1805,20171205,20171204,210151000,4053.0,49360,3012228,2001443920.0,4054.0,347,4053.0,260
rb1805,20171205,20171204,210151500,4053.0,49452,3012146,2005173080.0,4054.0,337,4053.0,236
rb1805,20171205,20171204,210152000,4054.0,49500,3012138,2007118940.0,4054.0,315,4053.0,238
rb1805,20171205,20171204,210152500,4053.0,49564,3012124,2009713340.0,4054.0,279,4053.0,239
rb1805,20171205,20171204,210153000,4053.0,49572,3012124,2010037600.0,4054.0,271,4053.0,259
rb1805,20171205,20171204,210153500,4053.0,49628,3012100,2012307480.0,4054.0,269,4053.0,251
rb1805,20171205,20171204,210154000,4053.0,49792,3012090,2018954840.0,4054.0,253,4053.0,193
rb1805,20171205,20171204,210154500,4053.0,50092,3011818,2031113860.0,4054.0,255,4053.0,46
rb1805,20171205,20171204,210155000,4053.0,50354,3011748,2041732720.0,4053.0,107,4052.0,187
rb1805,20171205,20171204,210155500,4053.0,50406,3011718,2043840240.0,4053.0,109,4052.0,185
rb1805,20171205,20171204,210156000,4053.0,50550,3011726,2049676540.0,4053.0,160,4052.0,184
rb1805,20171205,20171204,210156500,4052.0,50804,3011716,2059969100.0,4053.0,138,4052.0,73
rb1805,20171205,20171204,210157000,4052.0,50962,3011706,2066371260.0,4052.0,8,4051.0,885
rb1805,20171205,20171204,210157500,4052.0,51006,3011722,2068153980.0,4052.0,22,4051.0,878
rb1805,20171205,20171204,210158000,4053.0,51096,3011670,2071800800.0,4053.0,132,4052.0,171
rb1805,20171205,20171204,210158500,4052.0,51134,3011652,2073340660.0,4053.0,132,4052.0,158
rb1805,20171205,20171204,210159000,4052.0,51150,3011642,2073989000.0,4053.0,134,4052.0,172
rb1805,20171205,20171204,210159500,4053.0,51190,3011620,2075609920.0,4053.0,128,4052.0,215
rb1805,20171205,20171204,210200000,4053.0,51450,3011738,2086147720.0,4054.0,284,4053.0,309
rb1805,20171205,20171204,210200500,4053.0,51698,3011558,2096200600.0,4054.0,219,4053.0,262
rb1805,20171205,20171204,210201000,4054.0,52252,3011584,2118659460.0,4054.0,81,4053.0,258
rb1805,20171205,20171204,210201500,4054.0,52562,3011298,2131226860.0,4055.0,307,4054.0,444
rb1805,20171205,20171204,210202000,4054.0,53298,3011468,2161067160.0,4055.0,165,4054.0,214
rb1805,20171205,20171204,210202500,4055.0,53396,3011540,2165040920.0,4055.0,129,4054.0,208
rb1805,20171205,20171204,210203000,4054.0,53454,3011506,2167392720.0,4055.0,122,4054.0,203
rb1805,20171205,20171204,210203500,4055.0,53524,3011462,2170230720.0,4055.0,113,4054.0,192
rb1805,20171205,20171204,210204000,4055.0,54204,3011058,2197804720.0,4056.0,371,4055.0,148
rb1805,20171205,20171204,210204500,4056.0,54288,3011054,2201211000.0,4056.0,310,4055.0,155
rb1805,20171205,20171204,210205000,4055.0,54322,3011060,2202589920.0,4056.0,300,4055.0,158
rb1805,20171205,20171204,210205500,4055.0,54404,3011022,2205915300.0,4056.0,288,4055.0,135
rb1805,20171205,20171204,210206000,4055.0,54628,3010910,2214998600.0,4056.0,285,4055.0,33
rb1805,20171205,20171204,210206500,4056.0,54660,3010902,2216296300.0,4056.0,280,4055.0,28
rb1805,20171205,20171204,210207000,4056.0,54766,3010882,2220594620.0,4056.0,282,4055.0,54
rb1805,20171205,20171204,210207500,4055.0,54906,3010982,2226271600.0,4055.0,45,4054.0,200
rb1805,20171205,20171204,210208000,4056.0,55168,3010936,2236896380.0,4056.0,253,4055.0,17
rb1805,20171205,20171204,210208500,4056.0,55404,3010742,2246468400.0,4056.0,155,4055.0,13
rb1805,20171205,20171204,210209000,4055.0,55682,3010572,2257743540.0,4056.0,50,4055.0,106
rb1805,20171205,20171204,210209500,4056.0,55864,3010496,2265125440.0,4057.0,137,4056.0,134
rb1805,20171205,20171204,210210000,4057.0,56084,3010534,2274050200.0,4058.0,205,4057.0,4
rb1805,20171205,20171204,210210500,4056.0,56224,3010548,2279728820.0,4056.0,1,4055.0,183
rb1805,20171205,20171204,210211000,4056.0,56260,3010554,2281188960.0,4056.0,142,4055.0,178
rb1805,20171205,20171204,210211500,4056.0,56286,3010544,2282243520.0,4056.0,179,4055.0,184
rb1805,20171205,20171204,210212000,4055.0,56440,3010506,2288489340.0,4056.0,125,4055.0,174
rb1805,20171205,20171204,210212500,4056.0,56462,3010492,2289381660.0,4056.0,109,4055.0,190
rb1805,20171205,20171204,210213000,4056.0,56576,3010470,2294005360.0,4056.0,60,4055.0,249
rb1805,20171205,20171204,210213500,4056.0,56610,3010452,2295384400.0,4056.0,43,4055.0,250
rb1805,20171205,20171204,210214000,4055.0,56660,3010444,2297412080.0,4056.0,36,4055.0,234
rb1805,20171205,20171204,210214500,4056.0,56788,3010436,2302603740.0,4056.0,47,4055.0,237
rb1805,20171205,20171204,210215000,4056.0,56914,3010456,2307714260.0,4057.0,599,4056.0,54
rb1805,20171205,20171204,210215500,4056.0,57188,3010242,2318827620.0,4056.0,178,4055.0,229
rb1805,20171205,20171204,210216000,4056.0,57240,3010224,2320936440.0,4056.0,169,4055.0,218
rb1805,20171205,20171204,210216500,4055.0,57322,3010226,2324262220.0,4056.0,161,4055.0,214
rb1805,20171205,20171204,210217000,4056.0,57384,3010270,2326776480.0,4056.0,154,4055.0,191
rb1805,20171205,20171204,210217500,4055.0,57440,3010248,2329047820.0,4056.0,129,4055.0,196
rb1805,20171205,20171204,210218000,4056.0,57610,3010182,2335943000.0,4056.0,68,4055.0,196
rb1805,20171205,20171204,210218500,4056.0,57728,3010166,2340728640.0,4056.0,45,4055.0,175
rb1805,20171205,20171204,210219000,4056.0,57764,3010160,2342188580.0,4056.0,41,4055.0,164
rb1805,20171205,20171204,210219500,4055.0,57888,3010182,2347217620.0,4056.0,54,4055.0,152
rb1805,20171205,20171204,210220000,4055.0,57940,3010148,2349326260.0,4056.0,112,4055.0,127
rb1805,20171205,20171204,210220500,4056.0,58286,3010070,2363357360.0,4056.0,106,4055.0,46
rb1805,20171205,20171204,210221000,4055.0,58506,3010148,2372279500.0,4055.0,3,4054.0,102
rb1805,20171205,20171204,210221500,4054.0,58600,3010194,2376090780.0,4055.0,49,4054.0,78
rb1805,20171205,20171204,210222000,4055.0,58666,3010250,2378766660.0,4055.0,125,4054.0,57
rb1805,20171205,20171204,210222500,4054.0,58792,3010236,2383874700.0,4054.0,90,4053.0,347
rb1805,20171205,20171204,210223000,4053.0,58906,3010216,2388496040.0,4054.0,57,4053.0,326
rb1805,20171205,20171204,210223500,4054.0,58938,3010202,2389793220.0,4054.0,69,4053.0,322
rb1805,20171205,20171204,210224000,4055.0,59138,3010094,2397900940.0,4055.0,104,4054.0,7
rb1805,20171205,20171204,210224500,4054.0,59214,3010100,2400981960.0,4054.0,32,4053.0,305
rb1805,20171205,20171204,210225000,4053.0,59262,3010108,2402927660.0,4054.0,39,4053.0,304
rb1805,20171205,20171204,210225500,4054.0,59296,3010098,2404305800.0,4054.0,47,4053.0,294
rb1805,20171205,20171204,210226000,4053.0,59302,3010102,2404549020.0,4054.0,102,4053.0,297
rb1805,20171205,20171204,210226500,4054.0,59420,3010162,2409332680.0,4054.0,50,4053.0,302
rb1805,20171205,20171204,210227000,4054.0,59466,3010134,2411197160.0,4054.0,61,4053.0,287
rb1805,20171205,20171204,210227500,4054.0,59484,3010148,2411926880.0,4054.0,52,4053.0,287
rb1805,20171205,20171204,210228000,4054.0,59512,3010144,2413061740.0,4054.0,51,4053.0,278
rb1805,20171205,20171204,210228500,4053.0,59552,3010172,2414683300.0,4054.0,34,4053.0,278
rb1805,20171205,20171204,210229000,4054.0,59604,3010188,2416791340.0,4054.0,12,4053.0,278
rb1805,20171205,20171204,210229500,4054.0,59636,3010192,2418088620.0,4055.0,304,4054.0,12
rb1805,20171205,20171204,210230000,4054.0,59656,3010190,2418899420.0,4055.0,305,4054.0,37
rb1805,20171205,20171204,210230500,4054.0,59698,3010190,2420602160.0,4055.0,302,4054.0,58
rb1805,20171205,20171204,210231000,4054.0,59706,3010198,2420926480.0,4055.0,302,4054.0,106
rb1805,20171205,20171204,210231500,4054.0,59722,3010198,2421575220.0,4055.0,300,4054.0,121
rb1805,20171205,20171204,210232000,4054.0,59790,3010204,2424332020.0,4055.0,301,4054.0,97
rb1805,20171205,20171204,210232500,4055.0,59850,3010192,2426764540.0,4055.0,301,4054.0,95
rb1805,20171205,20171204,210233000,4055.0,59882,3010200,2428061960.0,4055.0,306,4054.0,95
rb1805,20171205,20171204,210233500,4054.0,59912,3010200,2429278200.0,4055.0,334,4054.0,84
rb1805,20171205,20171204,210234000,4055.0,59970,3010216,2431629820.0,4055.0,326,4054.0,94
rb1805,20171205,20171204,210234500,4055.0,59988,3010222,2432359620.0,4055.0,329,4054.0,91
rb1805,20171205,20171204,210235000,4054.0,60026,3010206,2433900140.0,4055.0,325,4054.0,74
rb1805,20171205,20171204,210235500,4054.0,60186,3010318,2440386720.0,4055.0,316,4054.0,9
rb1805,20171205,20171204,210236000,4054.0,60284,3010352,2444359120.0,4054.0,104,4053.0,499
rb1805,20171205,20171204,210236500,4054.0,60290,3010352,2444602360.0,4054.0,119,4053.0,505
rb1805,20171205,20171204,210237000,4054.0,60406,3010386,2449305000.0,4054.0,76,4053.0,508
rb1805,20171205,20171204,210237500,4054.0,60502,3010442,2453196840.0,4054.0,64,4053.0,508
rb1805,20171205,20171204,210238000,4054.0,60660,3010518,2459602160.0,4055.0,300,4054.0,11
rb1805,20171205,20171204,210238500,4054.0,60702,3010548,2461305020.0,4055.0,292,4054.0,27
rb1805,20171205,20171204,210239000,4054.0,60752,3010550,2463332300.0,4055.0,281,4054.0,100
rb1805,20171205,20171204,210239500,4055.0,60766,3010556,2463899940.0,4055.0,281,4054.0,120
rb1805,20171205,20171204,210240000,4055.0,60776,3010564,2464305360.0,4055.0,280,4054.0,128
rb1805,20171205,20171204,210240500,4054.0,60788,3010572,2464791940.0,4055.0,280,4054.0,129
rb1805,20171205,20171204,210241000,4055.0,60996,3010776,2473226260.0,4055.0,198,4054.0,144
rb1805,20171205,20171204,210241500,4055.0,61548,3011130,2495609260.0,4055.0,56,4054.0,116
rb1805,20171205,20171204,210242000,4054.0,61672,3011232,2500637400.0,4055.0,3,4054.0,123
rb1805,20171205,20171204,210242500,4055.0,61714,3011230,2502340420.0,4055.0,5,4054.0,154
rb1805,20171205,20171204,210243000,4055.0,61920,3011186,2510693820.0,4055.0,4,4054.0,134
rb1805,20171205,20171204,210243500,4054.0,61966,3011214,2512558800.0,4055.0,2,4054.0,122
rb1805,20171205,20171204,210244000,4054.0,61990,3011210,2513531860.0,4055.0,11,4054.0,126
rb1805,20171205,20171204,210244500,4054.0,62030,3011186,2515153760.0,4056.0,119,4055.0,1
rb1805,20171205,20171204,210245000,4055.0,62078,3011202,2517099740.0,4055.0,34,4054.0,107
rb1805,20171205,20171204,210245500,4055.0,62124,3011208,2518964780.0,4055.0,29,4054.0,127
rb1805,20171205,20171204,210246000,4055.0,62134,3011210,2519370260.0,4055.0,46,4054.0,126
rb1805,20171205,20171204,210246500,4055.0,62158,3011224,2520343360.0,4055.0,43,4054.0,121
rb1805,20171205,20171204,210247000,4055.0,62236,3011276,2523506260.0,4055.0,5,4054.0,121
rb1805,20171205,20171204,210247500,4055.0,62254,3011266,2524236160.0,4056.0,120,4055.0,102
rb1805,20171205,20171204,210248000,4055.0,62298,3011284,2526020360.0,4056.0,61,4055.0,83
rb1805,20171205,20171204,210248500,4055.0,62312,3011286,2526588140.0,4056.0,68,4055.0,87
rb1805,20171205,20171204,210249000,4055.0,62336,3011310,2527561340.0,4056.0,149,4055.0,85
rb1805,20171205,20171204,210249500,4055.0,62388,3011326,2529670100.0,4056.0,151,4055.0,101
rb1805,20171205,20171204,210250000,4055.0,62412,3011332,2530643300.0,4056.0,152,4055.0,89
rb1805,20171205,20171204,210250500,4055.0,62514,3011350,2534779840.0,4056.0,139,4055.0,62
rb1805,20171205,20171204,210251000,4056.0,62558,3011348,2536564120.0,4056.0,136,4055.0,47
rb1805,20171205,20171204,210251500,4056.0,62820,3011368,2547189020.0,4056.0,86,4054.0,129
rb1805,20171205,20171204,210252000,4054.0,63034,3011518,2555868380.0,4056.0,6,4054.0,122
rb1805,20171205,20171204,210252500,4055.0,63076,3011538,2557571520.0,4055.0,11,4054.0,123
rb1805,20171205,20171204,210253000,4056.0,63116,3011578,2559193560.0,4056.0,44,4055.0,23
rb1805,20171205,20171204,210253500,4055.0,63120,3011578,2559355780.0,4056.0,43,4055.0,65
rb1805,20171205,20171204,210254000,4056.0,63142,3011588,2560248080.0,4056.0,29,4055.0,120
rb1805,20171205,20171204,210254500,4055.0,63182,3011582,2561870340.0,4056.0,18,4055.0,115
rb1805,20171205,20171204,210255000,4056.0,63320,3011694,2567467620.0,4057.0,320,4056.0,36
rb1805,20171205,20171204,210255500,4056.0,63326,3011694,2567711000.0,4057.0,330,4056.0,189
rb1805,20171205,20171204,210256000,4057.0,63366,3011676,2569333780.0,4057.0,228,4056.0,194
rb1805,20171205,20171204,210256500,4057.0,63742,3011730,2584588060.0,4057.0,73,4056.0,205
rb1805,20171205,20171204,210257000,4057.0,63924,3011832,2591971940.0,4058.0,300,4057.0,436
rb1805,20171205,20171204,210257500,4057.0,64018,3011842,2595786280.0,4058.0,202,4057.0,441
rb1805,20171205,20171204,210258000,4059.0,64640,3011832,2621025040.0,4059.0,330,4058.0,43
rb1805,20171205,20171204,210258500,4059.0,64700,3011782,2623460000.0,4059.0,327,4058.0,79
rb1805,20171205,20171204,210259000,4059.0,64766,3011728,2626138760.0,4059.0,303,4058.0,133
rb1805,20171205,20171204,210259500,4059.0,64780,3011724,2626706960.0,4059.0,299,4058.0,188
rb1805,20171205,20171204,210300000,4059.0,64804,3011722,2627681120.0,4059.0,322,4058.0,194
rb1805,20171205,20171204,210300500,4059.0,64912,3011744,2632064480.0,4059.0,329,4058.0,177
rb1805,20171205,20171204,210301000,4058.0,65000,3011714,2635635820.0,4059.0,333,4058.0,148
rb1805,20171205,20171204,210301500,4059.0,65104,3011652,2639856860.0,4059.0,307,4058.0,128
rb1805,20171205,20171204,210302000,4058.0,65378,3011774,2650975800.0,4058.0,173,4057.0,263
rb1805,20171205,20171204,210302500,4058.0,65442,3011784,2653572800.0,4058.0,247,4057.0,256
rb1805,20171205,20171204,210303000,4058.0,65524,3011770,2656899600.0,4058.0,272,4057.0,186
rb1805,20171205,20171204,210303500,4057.0,65932,3011928,2673452160.0,4057.0,141,4056.0,177
rb1805,20171205,20171204,210304000,4057.0,66158,3012108,2682618900.0,4057.0,261,4056.0,63
rb1805,20171205,20171204,210304500,4056.0,66364,3012172,2690974200.0,4056.0,296,4055.0,326
rb1805,20171205,20171204,210305000,4056.0,66412,3012198,2692920880.0,4056.0,361,4055.0,294
rb1805,20171205,20171204,210305500,4055.0,66608,3012248,2700869900.0,4056.0,332,4055.0,258
rb1805,20171205,20171204,210306000,4056.0,66656,3012244,2702816420.0,4056.0,313,4055.0,245
rb1805,20171205,20171204,210306500,4055.0,66702,3012244,2704682120.0,4056.0,296,4055.0,254
rb1805,20171205,20171204,210307000,4056.0,67010,3012338,2717173880.0,4056.0,181,4055.0,220
rb1805,20171205,20171204,210307500,4055.0,67018,3012336,2717498320.0,4056.0,197,4055.0,220
rb1805,20171205,20171204,210308000,4056.0,67062,3012334,2719282960.0,4056.0,178,4055.0,269
rb1805,20171205,20171204,210308500,4055.0,67420,3012660,2733800340.0,4056.0,162,4055.0,154
rb1805,20171205,20171204,210309000,4055.0,67462,3012676,2735503720.0,4056.0,153,4055.0,149
rb1805,20171205,20171204,210309500,4056.0,67642,3012546,2742804380.0,4056.0,113,4055.0,144
rb1805,20171205,20171204,210310000,4055.0,67684,3012552,2744507500.0,4056.0,123,4055.0,155
rb1805,20171205,20171204,210310500,4056.0,67916,3012388,2753917060.0,4056.0,83,4055.0,177
rb1805,20171205,20171204,210311000,4055.0,67998,3012378,2757242400.0,4056.0,94,4055.0,214
rb1805,20171205,20171204,210311500,4056.0,68038,3012402,2758864560.0,4056.0,99,4055.0,210
rb1805,20171205,20171204,210312000,4056.0,68050,3012396,2759351280.0,4056.0,116,4055.0,229
rb1805,20171205,20171204,210312500,4056.0,68054,3012398,2759513500.0,4056.0,173,4055.0,239
rb1805,20171205,20171204,210313000,4056.0,68262,3012450,2767949980.0,4056.0,117,4055.0,240
rb1805,20171205,20171204,210313500,4056.0,68348,3012528,2771438080.0,4056.0,128,4055.0,259
rb1805,20171205,20171204,210314000,4056.0,68554,3012698,2779791420.0,4056.0,151,4055.0,161
rb1805,20171205,20171204,210314500,4055.0,68888,3012840,2793335120.0,4055.0,366,4054.0,98
rb1805,20171205,20171204,210315000,4054.0,69128,3013018,2803065100.0,4054.0,54,4053.0,768
rb1805,20171205,20171204,210315500,4054.0,69814,3012932,2830879820.0,4055.0,245,4054.0,48
rb1805,20171205,20171204,210316000,4054.0,69858,3012944,2832663720.0,4055.0,250,4054.0,44
rb1805,20171205,20171204,210316500,4055.0,69890,3012944,2833961320.0,4055.0,242,4054.0,79
rb1805,20171205,20171204,210317000,4055.0,69902,3012956,2834447900.0,4055.0,237,4054.0,79
rb1805,20171205,20171204,210317500,4055.0,69906,3012958,2834610100.0,4055.0,145,4054.0,113
rb1805,20171205,20171204,210318000,4054.0,70120,3013168,2843287780.0,4055.0,40,4054.0,148
rb1805,20171205,20171204,210318500,4054.0,70218,3013130,2847261540.0,4055.0,1,4054.0,204
rb1805,20171205,20171204,210319000,4054.0,70264,3013100,2849126780.0,4055.0,1,4054.0,193
rb1805,20171205,20171204,210319500,4054.0,70280,3013100,2849775540.0,4055.0,1,4054.0,221
rb1805,20171205,20171204,210320000,4055.0,70354,3013084,2852775940.0,4055.0,1,4054.0,283
rb1805,20171205,20171204,210320500,4055.0,70380,3013104,2853830240.0,4056.0,133,4054.0,289
rb1805,20171205,20171204,210321000,4054.0,70398,3013122,2854560000.0,4055.0,2,4054.0,286
rb1805,20171205,20171204,210321500,4054.0,70414,3013132,2855208700.0,4055.0,5,4054.0,284
rb1805,20171205,20171204,210322000,4054.0,70422,3013132,2855533080.0,4055.0,11,4054.0,289
rb1805,20171205,20171204,210322500,4055.0,70452,3013130,2856749580.0,4056.0,133,4055.0,8
rb1805,20171205,20171204,210323000,4055.0,70500,3013110,2858695760.0,4055.0,113,4054.0,287
rb1805,20171205,20171204,210323500,4054.0,70540,3013114,2860317640.0,4055.0,100,4054.0,281
rb1805,20171205,20171204,210324000,4055.0,70558,3013110,2861047420.0,4055.0,106,4054.0,276
rb1805,20171205,20171204,210324500,4055.0,70578,3013122,2861858380.0,4055.0,99,4054.0,274
rb1805,20171205,20171204,210325000,4054.0,70598,3013138,2862669340.0,4055.0,92,4054.0,276
rb1805,20171205,20171204,210325500,4055.0,70612,3013142,2863237040.0,4055.0,87,4054.0,276
rb1805,20171205,20171204,210326000,4055.0,70630,3013154,2863966900.0,4055.0,85,4054.0,265
rb1805,20171205,20171204,210326500,4054.0,70656,3013144,2865021020.0,4055.0,86,4054.0,267
rb1805,20171205,20171204,210327000,4054.0,70762,3013248,2869319280.0,4055.0,35,4054.0,277
rb1805,20171205,20171204,210327500,4055.0,70784,3013262,2870211340.0,4055.0,80,4054.0,278
rb1805,20171205,20171204,210328000,4055.0,70860,3013296,2873292700.0,4055.0,85,4054.0,256
rb1805,20171205,20171204,210328500,4054.0,70926,3013306,2875968860.0,4055.0,59,4054.0,250
rb1805,20171205,20171204,210329000,4054.0,70958,3013320,2877266300.0,4055.0,53,4054.0,247
rb1805,20171205,20171204,210329500,4054.0,71066,3013414,2881644660.0,4055.0,52,4054.0,198
rb1805,20171205,20171204,210330000,4055.0,71122,3013360,2883915460.0,4055.0,30,4054.0,208
rb1805,20171205,20171204,210330500,4054.0,71156,3013392,2885293880.0,4055.0,40,4054.0,199
rb1805,20171205,20171204,210331000,4055.0,71340,3013346,2892754720.0,4056.0,163,4055.0,280
rb1805,20171205,20171204,210331500,4055.0,71438,3013320,2896729320.0,4056.0,118,4055.0,273
rb1805,20171205,20171204,210332000,4055.0,71464,3013300,2897783620.0,4056.0,126,4055.0,364
rb1805,20171205,20171204,210332500,4055.0,71726,3013166,2908410240.0,4056.0,1,4055.0,371
rb1805,20171205,20171204,210333000,4056.0,71994,3013242,2919280400.0,4057.0,203,4056.0,609
rb1805,20171205,20171204,210333500,4057.0,72186,3013280,2927069840.0,4058.0,334,4057.0,248
rb1805,20171205,20171204,210334000,4057.0,72684,3013192,2947278440.0,4058.0,100,4057.0,29
rb1805,20171205,20171204,210334500,4057.0,72902,3013158,2956124700.0,4058.0,1,4057.0,251
rb1805,20171205,20171204,210335000,4058.0,72946,3013154,2957910220.0,4059.0,457,4058.0,161
rb1805,20171205,20171204,210335500,4058.0,72954,3013158,2958234880.0,4059.0,456,4058.0,161
rb1805,20171205,20171204,210336000,4058.0,73086,3013050,2963591480.0,4059.0,456,4058.0,99
rb1805,20171205,20171204,210336500,4057.0,73300,3013054,2972275520.0,4058.0,123,4057.0,241
rb1805,20171205,20171204,210337000,4058.0,73320,3013074,2973087120.0,4058.0,119,4057.0,162
rb1805,20171205,20171204,210337500,4058.0,73516,3013156,2981039800.0,4058.0,123,4057.0,80
rb1805,20171205,20171204,210338000,4057.0,73538,3013156,2981932340.0,4058.0,132,4057.0,69
rb1805,20171205,20171204,210338500,4057.0,73544,3013158,2982175800.0,4058.0,136,4057.0,68
rb1805,20171205,20171204,210339000,4057.0,73566,3013142,2983068360.0,4058.0,139,4057.0,78
rb1805,20171205,20171204,210339500,4058.0,73602,3013126,2984529040.0,4058.0,148,4057.0,122
rb1805,20171205,20171204,210340000,4057.0,73616,3013122,2985097060.0,4058.0,178,4057.0,123
rb1805,20171205,20171204,210340500,4058.0,73670,3013156,2987288200.0,4058.0,171,4057.0,126
rb1805,20171205,20171204,210341000,4057.0,73716,3013182,2989154680.0,4058.0,160,4057.0,114
rb1805,20171205,20171204,210341500,4057.0,73738,3013170,2990047400.0,4058.0,154,4057.0,112
rb1805,20171205,20171204,210342000,4057.0,73774,3013146,2991507980.0,4058.0,155,4057.0,97
rb1805,20171205,20171204,210342500,4057.0,73896,3013244,2996457700.0,4058.0,153,4057.0,45
rb1805,20171205,20171204,210343000,4057.0,74074,3013332,3003678520.0,4058.0,164,4057.0,1
rb1805,20171205,20171204,210343500,4058.0,74222,3013412,3009683780.0,4058.0,120,4057.0,79
rb1805,20171205,20171204,210344000,4058.0,74260,3013410,3011225460.0,4058.0,126,4057.0,159
rb1805,20171205,20171204,210344500,4057.0,74270,3013412,3011631200.0,4058.0,128,4057.0,185
rb1805,20171205,20171204,210345000,4057.0,74400,3013344,3016906500.0,4058.0,80,4057.0,208
rb1805,20171205,20171204,210345500,4058.0,74578,3013284,3024129740.0,4059.0,482,4058.0,80
rb1805,20171205,20171204,210346000,4058.0,74596,3013270,3024860180.0,4059.0,482,4058.0,99
rb1805,20171205,20171204,210346500,4058.0,74606,3013270,3025266000.0,4059.0,479,4058.0,299
rb1805,20171205,20171204,210347000,4059.0,74610,3013268,3025428360.0,4059.0,477,4058.0,321
rb1805,20171205,20171204,210347500,4058.0,74622,3013266,3025915380.0,4059.0,474,4058.0,353
rb1805,20171205,20171204,210348000,4058.0,74684,3013246,3028431900.0,4059.0,445,4058.0,364
rb1805,20171205,20171204,210348500,4059.0,74710,3013246,3029487100.0,4059.0,441,4058.0,358
rb1805,20171205,20171204,210349000,4059.0,74766,3013280,3031759600.0,4059.0,440,4058.0,332
rb1805,20171205,20171204,210349500,4059.0,74892,3013260,3036872860.0,4059.0,432,4058.0,280
rb1805,20171205,20171204,210350000,4059.0,74912,3013280,3037684480.0,4059.0,431,4058.0,274
rb1805,20171205,20171204,210350500,4059.0,74922,3013284,3038090300.0,4059.0,447,4058.0,271
rb1805,20171205,20171204,210351000,4059.0,75014,3013348,3041824580.0,4059.0,403,4058.0,271
rb1805,20171205,20171204,210351500,4059.0,75028,3013352,3042392840.0,4059.0,397,4058.0,277
rb1805,20171205,20171204,210352000,4059.0,75110,3013382,3045720820.0,4059.0,379,4058.0,274
rb1805,20171205,20171204,210352500,4058.0,75148,3013362,3047263180.0,4059.0,374,4058.0,271
rb1805,20171205,20171204,210353000,4059.0,75160,3013368,3047750200.0,4059.0,371,4058.0,274
rb1805,20171205,20171204,210353500,4059.0,75176,3013370,3048399540.0,4059.0,369,4058.0,263
rb1805,20171205,20171204,210354000,4059.0,75248,3013342,3051321960.0,4059.0,353,4058.0,259
rb1805,20171205,20171204,210354500,4059.0,75310,3013366,3053838060.0,4059.0,347,4058.0,230
rb1805,20171205,20171204,210355000,4059.0,75328,3013378,3054568560.0,4059.0,349,4058.0,224
rb1805,20171205,20171204,210355500,4059.0,75378,3013378,3056598000.0,4059.0,338,4058.0,221
rb1805,20171205,20171204,210356000,4059.0,76086,3013134,3085335520.0,4060.0,433,4059.0,12
rb1805,20171205,20171204,210356500,4059.0,76128,3013122,3087040180.0,4059.0,4,4058.0,209
rb1805,20171205,20171204,210357000,4059.0,76138,3013122,3087446000.0,4059.0,11,4058.0,228
rb1805,20171205,20171204,210357500,4060.0,76190,3013124,3089556600.0,4060.0,441,4059.0,88
rb1805,20171205,20171204,210358000,4059.0,76302,3013028,3094102900.0,4060.0,448,4059.0,45
rb1805,20171205,20171204,210358500,4059.0,76342,3013004,3095726540.0,4060.0,447,4059.0,51
rb1805,20171205,20171204,210359000,4059.0,76350,3013000,3096051320.0,4060.0,446,4059.0,100
rb1805,20171205,20171204,210359500,4060.0,77074,3013236,3125444740.0,4060.0,135,4059.0,80
rb1805,20171205,20171204,210400000,4060.0,77350,3013116,3136650280.0,4061.0,265,4060.0,264
rb1805,20171205,20171204,210400500,4061.0,77986,3013484,3162477620.0,4062.0,250,4061.0,23
rb1805,20171205,20171204,210401000,4061.0,78458,3013300,3181649580.0,4062.0,48,4061.0,44
rb1805,20171205,20171204,210401500,4062.0,78804,3013146,3195703460.0,4062.0,18,4061.0,85
rb1805,20171205,20171204,210402000,4063.0,79254,3013020,3213981760.0,4063.0,108,4062.0,27
rb1805,20171205,20171204,210402500,4062.0,79728,3012994,3233235600.0,4062.0,168,4061.0,155
rb1805,20171205,20171204,210403000,4062.0,80080,3012874,3247530480.0,4062.0,202,4060.0,30
rb1805,20171205,20171204,210403500,4062.0,80136,3012880,3249804800.0,4062.0,215,4061.0,1
rb1805,20171205,20171204,210404000,4061.0,80174,3012868,3251348000.0,4061.0,9,4060.0,52
rb1805,20171205,20171204,210404500,4062.0,80282,3012842,3255733160.0,4062.0,266,4060.0,24
rb1805,20171205,20171204,210405000,4060.0,80336,3012822,3257926140.0,4062.0,308,4060.0,4
rb1805,20171205,20171204,210405500,4062.0,80692,3012910,3272386360.0,4062.0,190,4061.0,7
rb1805,20171205,20171204,210406000,4061.0,80810,3012922,3277179120.0,4062.0,159,4060.0,83
rb1805,20171205,20171204,210406500,4060.0,80840,3012908,3278397360.0,4061.0,23,4060.0,87
rb1805,20171205,20171204,210407000,4060.0,80974,3012894,3283838600.0,4061.0,95,4060.0,3
rb1805,20171205,20171204,210407500,4060.0,81040,3012950,3286518200.0,4060.0,229,4059.0,205
rb1805,20171205,20171204,210408000,4060.0,81132,3012876,3290253300.0,4060.0,203,4059.0,141
rb1805,20171205,20171204,210408500,4060.0,81386,3012664,3300565280.0,4060.0,98,4059.0,41
rb1805,20171205,20171204,210409000,4060.0,81492,3012670,3304868440.0,4060.0,68,4059.0,19
rb1805,20171205,20171204,210409500,4060.0,81544,3012668,3306979600.0,4060.0,91,4059.0,18
rb1805,20171205,20171204,210410000,4060.0,81680,3012616,3312499300.0,4060.0,99,4059.0,1
rb1805,20171205,20171204,210410500,4060.0,82086,3012710,3328982420.0,4061.0,246,4060.0,41
rb1805,20171205,20171204,210411000,4059.0,82194,3012728,3333367160.0,4059.0,23,4058.0,311
rb1805,20171205,20171204,210411500,4059.0,82234,3012716,3334990760.0,4059.0,83,4058.0,313
rb1805,20171205,20171204,210412000,4059.0,82314,3012774,3338237260.0,4059.0,144,4058.0,224
rb1805,20171205,20171204,210412500,4058.0,82344,3012782,3339454740.0,4059.0,171,4058.0,233
rb1805,20171205,20171204,210413000,4058.0,82452,3012790,3343837440.0,4059.0,138,4058.0,182
rb1805,20171205,20171204,210413500,4059.0,82472,3012800,3344649120.0,4059.0,135,4058.0,176
rb1805,20171205,20171204,210414000,4059.0,82494,3012808,3345541920.0,4059.0,143,4058.0,174
rb1805,20171205,20171204,210414500,4059.0,82514,3012826,3346353620.0,4059.0,139,4058.0,171
rb1805,20171205,20171204,210415000,4058.0,82542,3012828,3347490100.0,4059.0,127,4058.0,179
rb1805,20171205,20171204,210415500,4058.0,82630,3012886,3351061860.0,4059.0,93,4058.0,173
rb1805,20171205,20171204,210416000,4059.0,82642,3012888,3351548920.0,4059.0,96,4058.0,177
rb1805,20171205,20171204,210416500,4058.0,82688,3012914,3353415740.0,4059.0,91,4058.0,172
rb1805,20171205,20171204,210417000,4059.0,82840,3012852,3359585380.0,4059.0,18,4058.0,171
rb1805,20171205,20171204,210417500,4058.0,82852,3012852,3360072400.0,4059.0,67,4058.0,176
rb1805,20171205,20171204,210418000,4058.0,82902,3012836,3362101880.0,4059.0,45,4058.0,177
rb1805,20171205,20171204,210418500,4059.0,82918,3012834,3362751240.0,4059.0,72,4058.0,180
rb1805,20171205,20171204,210419000,4059.0,82930,3012836,3363238240.0,4059.0,245,4058.0,177
rb1805,20171205,20171204,210419500,4058.0,82952,3012856,3364131200.0,4059.0,280,4058.0,177
rb1805,20171205,20171204,210420000,4058.0,83036,3012856,3367540060.0,4059.0,275,4058.0,153
rb1805,20171205,20171204,210420500,4058.0,83092,3012858,3369812800.0,4059.0,265,4058.0,140
rb1805,20171205,20171204,210421000,4058.0,83148,3012860,3372085300.0,4059.0,264,4058.0,115
rb1805,20171205,20171204,210421500,4058.0,83392,3012796,3381986940.0,4058.0,213,4057.0,120
rb1805,20171205,20171204,210422000,4058.0,83406,3012792,3382555040.0,4058.0,210,4057.0,49
rb1805,20171205,20171204,210422500,4058.0,83414,3012792,3382879680.0,4058.0,236,4057.0,47
rb1805,20171205,20171204,210423000,4058.0,83440,3012772,3383934560.0,4058.0,289,4057.0,37
rb1805,20171205,20171204,210423500,4058.0,83584,3012752,3389776940.0,4057.0,7,4056.0,134
rb1805,20171205,20171204,210424000,4057.0,83596,3012754,3390263680.0,4057.0,42,4056.0,159
rb1805,20171205,20171204,210424500,4056.0,83670,3012762,3393265240.0,4057.0,73,4056.0,68
rb1805,20171205,20171204,210425000,4057.0,84100,3012850,3410712660.0,4058.0,184,4057.0,18
rb1805,20171205,20171204,210425500,4057.0,84124,3012860,3411686340.0,4058.0,186,4057.0,70
rb1805,20171205,20171204,210426000,4057.0,84198,3012808,3414688520.0,4058.0,189,4057.0,43
rb1805,20171205,20171204,210426500,4057.0,84318,3012738,3419557660.0,4058.0,153,4057.0,105
rb1805,20171205,20171204,210427000,4057.0,84660,3012560,3433435820.0,4059.0,362,4057.0,128
rb1805,20171205,20171204,210427500,4058.0,84672,3012562,3433922740.0,4059.0,364,4058.0,11
rb1805,20171205,20171204,210428000,4058.0,84780,3012548,3438305780.0,4059.0,347,4058.0,9
rb1805,20171205,20171204,210428500,4058.0,84838,3012548,3440659440.0,4058.0,23,4057.0,243
rb1805,20171205,20171204,210429000,4057.0,84858,3012534,3441470920.0,4058.0,20,4057.0,237
rb1805,20171205,20171204,210429500,4058.0,84950,3012560,3445203380.0,4058.0,19,4057.0,203
rb1805,20171205,20171204,210430000,4058.0,84954,3012560,3445365700.0,4058.0,24,4057.0,203
rb1805,20171205,20171204,210430500,4057.0,85006,3012580,3447475360.0,4058.0,31,4057.0,178
rb1805,20171205,20171204,210431000,4057.0,85048,3012592,3449179540.0,4058.0,35,4057.0,134
rb1805,20171205,20171204,210431500,4057.0,85080,3012594,3450477800.0,4058.0,36,4057.0,131
rb1805,20171205,20171204,210432000,4058.0,85114,3012608,3451857480.0,4058.0,32,4057.0,131
rb1805,20171205,20171204,210432500,4058.0,85118,3012604,3452019780.0,4058.0,16,4057.0,130
rb1805,20171205,20171204,210433000,4058.0,85154,3012602,3453480660.0,4059.0,411,4058.0,12
rb1805,20171205,20171204,210433500,4058.0,85192,3012602,3455022680.0,4058.0,15,4057.0,133
rb1805,20171205,20171204,210434000,4057.0,85226,3012610,3456402340.0,4058.0,2,4057.0,133
rb1805,20171205,20171204,210434500,4058.0,85232,3012612,3456645800.0,4058.0,3,4057.0,142
rb1805,20171205,20171204,210435000,4058.0,85274,3012608,3458350160.0,4059.0,412,4058.0,149
rb1805,20171205,20171204,210435500,4058.0,85380,3012608,3462651640.0,4059.0,425,4058.0,100
rb1805,20171205,20171204,210436000,4058.0,85398,3012608,3463382100.0,4059.0,428,4058.0,95
rb1805,20171205,20171204,210436500,4058.0,85440,3012608,3465086460.0,4059.0,432,4058.0,74
rb1805,20171205,20171204,210437000,4058.0,85482,3012574,3466790820.0,4059.0,434,4058.0,60
rb1805,20171205,20171204,210437500,4058.0,85508,3012552,3467845900.0,4059.0,434,4058.0,180
rb1805,20171205,20171204,210438000,4058.0,85512,3012552,3468008240.0,4059.0,434,4058.0,180
rb1805,20171205,20171204,210438500,4058.0,85526,3012552,3468576360.0,4059.0,435,4058.0,187
rb1805,20171205,20171204,210439000,4058.0,85590,3012586,3471174020.0,4059.0,408,4058.0,183
rb1805,20171205,20171204,210439500,4058.0,85664,3012646,3474177580.0,4059.0,375,4058.0,181
rb1805,20171205,20171204,210440000,4059.0,85726,3012708,3476694160.0,4059.0,347,4058.0,187
rb1805,20171205,20171204,210440500,4058.0,85754,3012702,3477830520.0,4059.0,356,4058.0,179
rb1805,20171205,20171204,210441000,4058.0,85810,3012682,3480103020.0,4059.0,368,4058.0,155
rb1805,20171205,20171204,210441500,4058.0,86132,3012702,3493169860.0,4058.0,34,4057.0,126
rb1805,20171205,20171204,210442000,4057.0,86258,3012744,3498282880.0,4058.0,19,4057.0,129
rb1805,20171205,20171204,210442500,4057.0,86268,3012740,3498688600.0,4058.0,70,4057.0,123
rb1805,20171205,20171204,210443000,4058.0,86466,3012720,3506723400.0,4059.0,382,4058.0,205
rb1805,20171205,20171204,210443500,4058.0,86480,3012716,3507291540.0,4059.0,382,4058.0,217
rb1805,20171205,20171204,210444000,4058.0,86486,3012712,3507535020.0,4059.0,380,4058.0,214
rb1805,20171205,20171204,210444500,4058.0,86504,3012702,3508265480.0,4059.0,382,4058.0,206
rb1805,20171205,20171204,210445000,4058.0,86520,3012698,3508914760.0,4059.0,382,4058.0,198
rb1805,20171205,20171204,210445500,4058.0,86524,3012698,3509077100.0,4059.0,383,4058.0,203
rb1805,20171205,20171204,210446000,4058.0,86550,3012696,3510132180.0,4059.0,381,4058.0,190
rb1805,20171205,20171204,210446500,4058.0,86578,3012686,3511268420.0,4059.0,382,4058.0,177
rb1805,20171205,20171204,210447000,4058.0,86606,3012664,3512404660.0,4059.0,382,4058.0,163
rb1805,20171205,20171204,210447500,4059.0,86720,3012752,3517031780.0,4059.0,332,4058.0,366
rb1805,20171205,20171204,210448000,4059.0,86734,3012762,3517600020.0,4059.0,326,4058.0,369
rb1805,20171205,20171204,210448500,4059.0,86742,3012764,3517924720.0,4059.0,321,4058.0,368
rb1805,20171205,20171204,210449000,4059.0,86766,3012782,3518898860.0,4059.0,314,4058.0,371
rb1805,20171205,20171204,210449500,4058.0,86790,3012786,3519872900.0,4059.0,309,4058.0,365
rb1805,20171205,20171204,210450000,4059.0,86808,3012782,3520603400.0,4059.0,311,4058.0,359
rb1805,20171205,20171204,210450500,4058.0,86816,3012784,3520928080.0,4059.0,311,4058.0,358
rb1805,20171205,20171204,210451000,4058.0,86850,3012788,3522307880.0,4059.0,336,4058.0,353
rb1805,20171205,20171204,210451500,4058.0,86860,3012788,3522713700.0,4059.0,344,4058.0,354
rb1805,20171205,20171204,210452000,4058.0,86882,3012786,3523606460.0,4059.0,354,4058.0,343
rb1805,20171205,20171204,210452500,4058.0,86894,3012792,3524093500.0,4059.0,350,4058.0,345
rb1805,20171205,20171204,210453000,4058.0,86908,3012782,3524661740.0,4059.0,345,4058.0,345
rb1805,20171205,20171204,210453500,4059.0,86910,3012784,3524742920.0,4059.0,346,4058.0,345
rb1805,20171205,20171204,210454000,4059.0,86910,3012784,3524742920.0,4059.0,347,4058.0,346
rb1805,20171205,20171204,210454500,4058.0,86912,3012782,3524824080.0,4059.0,348,4058.0,345
rb1805,20171205,20171204,210455000,4058.0,86976,3012782,3527421200.0,4059.0,350,4058.0,320
rb1805,20171205,20171204,210455500,4058.0,87060,3012790,3530830000.0,4059.0,347,4058.0,281
rb1805,20171205,20171204,210456000,4058.0,87190,3012746,3536105420.0,4059.0,347,4058.0,227
rb1805,20171205,20171204,210456500,4058.0,87228,3012742,3537647800.0,4059.0,330,4058.0,253
rb1805,20171205,20171204,210457000,4058.0,87246,3012730,3538378240.0,4059.0,342,4058.0,247
rb1805,20171205,20171204,210457500,4058.0,87334,3012728,3541949700.0,4059.0,323,4058.0,225
rb1805,20171205,20171204,210458000,4058.0,87452,3012732,3546739180.0,4059.0,282,4058.0,219
rb1805,20171205,20171204,210458500,4058.0,87458,3012730,3546982680.0,4059.0,284,4058.0,219
rb1805,20171205,20171204,210459000,4059.0,87464,3012728,3547226200.0,4059.0,293,4058.0,219
rb1805,20171205,20171204,210459500,4058.0,87508,3012766,3549012120.0,4059.0,278,4058.0,218
rb1805,20171205,20171204,210500000,4058.0,87536,3012750,3550148480.0,4059.0,279,4058.0,219
rb1805,20171205,20171204,210500500,4058.0,87688,3012642,3556316960.0,4059.0,420,4058.0,162
rb1805,20171205,20171204,210501000,4058.0,87738,3012640,3558346380.0,4059.0,421,4058.0,162
rb1805,20171205,20171204,210501500,4059.0,87906,3012710,3565164900.0,4059.0,369,4058.0,125
rb1805,20171205,20171204,210502000,4058.0,88768,3012404,3600150880.0,4058.0,8,4057.0,206
rb1805,20171205,20171204,210502500,4058.0,88798,3012382,3601368280.0,4058.0,34,4057.0,209
rb1805,20171205,20171204,210503000,4058.0,88892,3012356,3605182780.0,4058.0,13,4057.0,208
rb1805,20171205,20171204,210503500,4058.0,88894,3012358,3605263940.0,4058.0,32,4057.0,208
rb1805,20171205,20171204,210504000,4057.0,88972,3012416,3608429100.0,4058.0,26,4057.0,204
rb1805,20171205,20171204,210504500,4058.0,88986,3012416,3608997220.0,4058.0,23,4057.0,205
rb1805,20171205,20171204,210505000,4058.0,88996,3012414,3609403000.0,4058.0,28,4057.0,205
rb1805,20171205,20171204,210505500,4058.0,89090,3012440,3613217400.0,4058.0,9,4057.0,199
rb1805,20171205,20171204,210506000,4057.0,89188,3012448,3617193400.0,4058.0,12,4057.0,157
rb1805,20171205,20171204,210506500,4058.0,89190,3012450,3617274560.0,4058.0,201,4057.0,157
rb1805,20171205,20171204,210507000,4058.0,89360,3012544,3624171760.0,4058.0,189,4057.0,91
rb1805,20171205,20171204,210507500,4057.0,89550,3012630,3631880060.0,4057.0,23,4056.0,192
rb1805,20171205,20171204,210508000,4057.0,89552,3012630,3631961200.0,4057.0,46,4056.0,144
rb1805,20171205,20171204,210508500,4057.0,89554,3012630,3632042340.0,4057.0,47,4056.0,144
rb1805,20171205,20171204,210509000,4056.0,89560,3012634,3632285720.0,4057.0,57,4056.0,142
rb1805,20171205,20171204,210509500,4056.0,89576,3012628,3632934820.0,4057.0,57,4056.0,143
rb1805,20171205,20171204,210510000,4057.0,90056,3012540,3652411260.0,4057.0,1,4056.0,124
rb1805,20171205,20171204,210510500,4057.0,90074,3012550,3653141380.0,4057.0,9,4056.0,135
rb1805,20171205,20171204,210511000,4057.0,90146,3012592,3656062400.0,4057.0,6,4056.0,144
rb1805,20171205,20171204,210511500,4056.0,90166,3012588,3656873600.0,4057.0,44,4056.0,135
rb1805,20171205,20171204,210512000,4057.0,90176,3012586,3657279220.0,4057.0,84,4056.0,121
rb1805,20171205,20171204,210512500,4056.0,90194,3012592,3658009420.0,4057.0,114,4056.0,119
rb1805,20171205,20171204,210513000,4056.0,90212,3012584,3658739560.0,4057.0,119,4056.0,114
rb1805,20171205,20171204,210513500,4056.0,90234,3012602,3659631920.0,4057.0,106,4056.0,106
rb1805,20171205,20171204,210514000,4057.0,90286,3012620,3661741400.0,4057.0,92,4056.0,98
rb1805,20171205,20171204,210514500,4056.0,90308,3012630,3662633820.0,4057.0,91,4056.0,95
rb1805,20171205,20171204,210515000,4055.0,90516,3012736,3671070160.0,4056.0,1,4055.0,750
rb1805,20171205,20171204,210515500,4056.0,90630,3012768,3675693900.0,4057.0,78,4056.0,37
rb1805,20171205,20171204,210516000,4056.0,90644,3012770,3676261840.0,4057.0,77,4056.0,37
rb1805,20171205,20171204,210516500,4056.0,90688,3012790,3678046640.0,4057.0,75,4056.0,109
rb1805,20171205,20171204,210517000,4056.0,90696,3012788,3678371120.0,4057.0,86,4056.0,108
rb1805,20171205,20171204,210517500,4056.0,90736,3012778,3679993520.0,4057.0,109,4056.0,91
rb1805,20171205,20171204,210518000,4056.0,90860,3012774,3685024160.0,4057.0,82,4056.0,94
rb1805,20171205,20171204,210518500,4056.0,90868,3012772,3685348660.0,4057.0,83,4056.0,92
rb1805,20171205,20171204,210519000,4056.0,90884,3012776,3685997620.0,4057.0,97,4056.0,91
rb1805,20171205,20171204,210519500,4056.0,90928,3012818,3687782300.0,4057.0,96,4056.0,80
rb1805,20171205,20171204,210520000,4056.0,90970,3012836,3689485820.0,4057.0,125,4056.0,102
rb1805,20171205,20171204,210520500,4056.0,90990,3012846,3690297060.0,4057.0,123,4056.0,94
rb1805,20171205,20171204,210521000,4056.0,91020,3012864,3691513900.0,4057.0,122,4056.0,81
rb1805,20171205,20171204,210521500,4056.0,91108,3012910,3695083280.0,4057.0,118,4056.0,42
rb1805,20171205,20171204,210522000,4056.0,91176,3012878,3697841360.0,4057.0,105,4056.0,12
rb1805,20171205,20171204,210522500,4056.0,91202,3012886,3698895920.0,4056.0,30,4055.0,761
rb1805,20171205,20171204,210523000,4056.0,91240,3012890,3700437200.0,4056.0,36,4055.0,766
rb1805,20171205,20171204,210523500,4056.0,91246,3012896,3700680560.0,4056.0,41,4055.0,756
rb1805,20171205,20171204,210524000,4056.0,91248,3012896,3700761680.0,4056.0,66,4055.0,757
rb1805,20171205,20171204,210524500,4055.0,91266,3012890,3701491600.0,4056.0,67,4055.0,749
rb1805,20171205,20171204,210525000,4055.0,91280,3012890,3702059320.0,4056.0,71,4055.0,744
rb1805,20171205,20171204,210525500,4055.0,91354,3012884,3705060700.0,4056.0,49,4055.0,744
rb1805,20171205,20171204,210526000,4055.0,91504,3012782,3711144180.0,4056.0,1,4055.0,719
rb1805,20171205,20171204,210526500,4056.0,91538,3012806,3712523220.0,4057.0,98,4056.0,14
rb1805,20171205,20171204,210527000,4056.0,91566,3012808,3713658980.0,4057.0,58,4056.0,13
rb1805,20171205,20171204,210527500,4056.0,91576,3012816,3714064580.0,4057.0,63,4056.0,111
rb1805,20171205,20171204,210528000,4056.0,91658,3012818,3717390520.0,4057.0,64,4056.0,104
rb1805,20171205,20171204,210528500,4056.0,91658,3012818,3717390520.0,4057.0,66,4056.0,157
rb1805,20171205,20171204,210529000,4056.0,91740,3012778,3720716460.0,4057.0,65,4056.0,118
rb1805,20171205,20171204,210529500,4057.0,91764,3012772,3721689940.0,4057.0,63,4056.0,99
rb1805,20171205,20171204,210530000,4056.0,91878,3012726,3726314820.0,4057.0,15,4056.0,103
rb1805,20171205,20171204,210530500,4057.0,91974,3012718,3730209540.0,4058.0,131,4057.0,89
rb1805,20171205,20171204,210531000,4057.0,92030,3012696,3732481460.0,4058.0,139,4057.0,61
rb1805,20171205,20171204,210531500,4057.0,92034,3012694,3732643740.0,4058.0,116,4057.0,170
rb1805,20171205,20171204,210532000,4058.0,92062,3012672,3733779720.0,4058.0,116,4057.0,161
rb1805,20171205,20171204,210532500,4057.0,92070,3012670,3734104300.0,4058.0,115,4057.0,184
rb1805,20171205,20171204,210533000,4057.0,92140,3012640,3736944240.0,4058.0,121,4057.0,151
rb1805,20171205,20171204,210533500,4057.0,92194,3012630,3739135060.0,4058.0,119,4057.0,127
rb1805,20171205,20171204,210534000,4057.0,92194,3012630,3739135060.0,4058.0,119,4057.0,126
rb1805,20171205,20171204,210534500,4057.0,92222,3012646,3740271160.0,4058.0,118,4057.0,120
rb1805,20171205,20171204,210535000,4058.0,92474,3012824,3750497320.0,4059.0,124,4058.0,24
rb1805,20171205,20171204,210535500,4057.0,92554,3012826,3753743620.0,4058.0,4,4057.0,103
rb1805,20171205,20171204,210536000,4057.0,92580,3012818,3754798520.0,4058.0,21,4057.0,134
rb1805,20171205,20171204,210536500,4057.0,92602,3012796,3755691060.0,4058.0,104,4057.0,125
rb1805,20171205,20171204,210537000,4057.0,92604,3012794,3755772200.0,4058.0,173,4057.0,122
rb1805,20171205,20171204,210537500,4057.0,92620,3012796,3756421360.0,4058.0,172,4057.0,116
rb1805,20171205,20171204,210538000,4057.0,92620,3012796,3756421360.0,4058.0,176,4057.0,117
rb1805,20171205,20171204,210538500,4057.0,92620,3012796,3756421360.0,4058.0,206,4057.0,117
rb1805,20171205,20171204,210539000,4057.0,92626,3012798,3756664820.0,4058.0,203,4057.0,215
rb1805,20171205,20171204,210539500,4057.0,92658,3012818,3757963360.0,4058.0,187,4057.0,217
rb1805,20171205,20171204,210540000,4057.0,92670,3012814,3758450220.0,4058.0,200,4057.0,247
rb1805,20171205,20171204,210540500,4057.0,92674,3012810,3758612500.0,4058.0,202,4057.0,248
rb1805,20171205,20171204,210541000,4057.0,92734,3012760,3761046760.0,4058.0,201,4057.0,221
rb1805,20171205,20171204,210541500,4058.0,92748,3012760,3761614780.0,4058.0,199,4057.0,216
rb1805,20171205,20171204,210542000,4057.0,92750,3012758,3761695920.0,4058.0,256,4057.0,215
rb1805,20171205,20171204,210542500,4057.0,92800,3012714,3763724440.0,4058.0,259,4057.0,191
rb1805,20171205,20171204,210543000,4058.0,92846,3012752,3765590680.0,4058.0,258,4057.0,152
rb1805,20171205,20171204,210543500,4057.0,92882,3012738,3767051220.0,4058.0,258,4057.0,136
rb1805,20171205,20171204,210544000,4057.0,92954,3012718,3769972260.0,4058.0,260,4057.0,100
rb1805,20171205,20171204,210544500,4057.0,93160,3012666,3778329680.0,4057.0,21,4056.0,209
rb1805,20171205,20171204,210545000,4057.0,93170,3012668,3778735380.0,4057.0,52,4056.0,198
rb1805,20171205,20171204,210545500,4057.0,93332,3012646,3785307720.0,4058.0,200,4057.0,219
rb1805,20171205,20171204,210546000,4058.0,93576,3012566,3795207260.0,4058.0,177,4057.0,120
rb1805,20171205,20171204,210546500,4057.0,93854,3012390,3806485960.0,4057.0,168,4056.0,198
rb1805,20171205,20171204,210547000,4057.0,93858,3012388,3806648240.0,4057.0,166,4056.0,142
rb1805,20171205,20171204,210547500,4057.0,93860,3012388,3806729380.0,4057.0,186,4056.0,212
rb1805,20171205,20171204,210548000,4057.0,93888,3012388,3807865100.0,4057.0,26,4056.0,200
rb1805,20171205,20171204,210548500,4057.0,93922,3012392,3809244480.0,4057.0,2,4056.0,191
rb1805,20171205,20171204,210549000,4057.0,93922,3012392,3809244480.0,4057.0,3,4056.0,223
rb1805,20171205,20171204,210549500,4057.0,93928,3012396,3809487900.0,4058.0,187,4057.0,1
rb1805,20171205,20171204,210550000,4057.0,93930,3012396,3809569040.0,4058.0,188,4057.0,1
rb1805,20171205,20171204,210550500,4057.0,93932,3012396,3809650180.0,4058.0,189,4057.0,23
rb1805,20171205,20171204,210551000,4057.0,93942,3012392,3810055920.0,4058.0,187,4057.0,30
rb1805,20171205,20171204,210551500,4057.0,93950,3012392,3810380500.0,4058.0,187,4057.0,42
rb1805,20171205,20171204,210552000,4058.0,93964,3012392,3810948620.0,4058.0,184,4057.0,56
rb1805,20171205,20171204,210552500,4058.0,93968,3012390,3811110940.0,4058.0,186,4057.0,57
rb1805,20171205,20171204,210553000,4057.0,93974,3012388,3811354360.0,4058.0,186,4057.0,146
rb1805,20171205,20171204,210553500,4057.0,93980,3012390,3811597780.0,4058.0,186,4057.0,146
rb1805,20171205,20171204,210554000,4057.0,94002,3012388,3812490420.0,4058.0,183,4057.0,143
rb1805,20171205,20171204,210554500,4058.0,94126,3012406,3817521220.0,4058.0,177,4057.0,89
rb1805,20171205,20171204,210555000,4057.0,94132,3012400,3817764640.0,4058.0,183,4057.0,87
rb1805,20171205,20171204,210555500,4057.0,94212,3012368,3821010440.0,4058.0,201,4057.0,60
rb1805,20171205,20171204,210556000,4057.0,94342,3012394,3826284500.0,4057.0,103,4056.0,209
rb1805,20171205,20171204,210556500,4056.0,94350,3012396,3826609000.0,4057.0,131,4056.0,206
rb1805,20171205,20171204,210557000,4056.0,94356,3012392,3826852380.0,4057.0,48,4056.0,205
rb1805,20171205,20171204,210557500,4056.0,94362,3012386,3827095740.0,4057.0,50,4056.0,202
rb1805,20171205,20171204,210558000,4056.0,94388,3012368,3828150340.0,4057.0,59,4056.0,192
rb1805,20171205,20171204,210558500,4057.0,94408,3012380,3828961700.0,4057.0,55,4056.0,197
rb1805,20171205,20171204,210559000,4057.0,94420,3012382,3829448540.0,4057.0,59,4056.0,203
rb1805,20171205,20171204,210559500,4057.0,94552,3012362,3834803760.0,4058.0,210,4057.0,238
rb1805,20171205,20171204,210600000,4057.0,94584,3012340,3836102020.0,4058.0,216,4057.0,228
rb1805,20171205,20171204,210600500,4057.0,94604,3012334,3836913560.0,4058.0,237,4057.0,268
rb1805,20171205,20171204,210601000,4057.0,94672,3012308,3839672320.0,4058.0,243,4057.0,245
rb1805,20171205,20171204,210601500,4057.0,94688,3012304,3840321460.0,4058.0,239,4057.0,246
rb1805,20171205,20171204,210602000,4057.0,94702,3012300,3840889440.0,4058.0,240,4057.0,241
rb1805,20171205,20171204,210602500,4058.0,94766,3012298,3843486120.0,4058.0,230,4057.0,219
rb1805,20171205,20171204,210603000,4057.0,94794,3012284,3844622080.0,4058.0,235,4057.0,206
rb1805,20171205,20171204,210603500,4057.0,94802,3012280,3844946640.0,4058.0,259,4057.0,202
rb1805,20171205,20171204,210604000,4057.0,94812,3012276,3845352340.0,4058.0,263,4057.0,199
rb1805,20171205,20171204,210604500,4057.0,94866,3012262,3847543200.0,4058.0,261,4057.0,188
rb1805,20171205,20171204,210605000,4057.0,94940,3012230,3850545400.0,4058.0,262,4057.0,169
rb1805,20171205,20171204,210605500,4057.0,94950,3012220,3850951100.0,4058.0,261,4057.0,170
rb1805,20171205,20171204,210606000,4058.0,94958,3012216,3851275680.0,4058.0,260,4057.0,167
rb1805,20171205,20171204,210606500,4058.0,95006,3012246,3853223480.0,4058.0,238,4057.0,167
rb1805,20171205,20171204,210607000,4056.0,95758,3011872,3883727980.0,4056.0,5,4055.0,772
rb1805,20171205,20171204,210607500,4056.0,95804,3011896,3885593820.0,4057.0,43,4056.0,193
rb1805,20171205,20171204,210608000,4058.0,96352,3011768,3907830760.0,4059.0,175,4058.0,75
rb1805,20171205,20171204,210608500,4058.0,96560,3011710,3916272260.0,4059.0,145,4058.0,49
rb1805,20171205,20171204,210609000,4058.0,96598,3011716,3917814300.0,4058.0,19,4057.0,117
rb1805,20171205,20171204,210609500,4057.0,96678,3011686,3921060080.0,4058.0,26,4057.0,88
rb1805,20171205,20171204,210610000,4057.0,96754,3011624,3924143420.0,4057.0,65,4056.0,93
rb1805,20171205,20171204,210610500,4056.0,97118,3011496,3938909240.0,4058.0,16,4056.0,17
rb1805,20171205,20171204,210611000,4058.0,97120,3011498,3938990400.0,4058.0,30,4057.0,1
rb1805,20171205,20171204,210611500,4058.0,97126,3011494,3939233840.0,4058.0,41,4057.0,8
rb1805,20171205,20171204,210612000,4057.0,97134,3011490,3939558400.0,4058.0,51,4057.0,7
rb1805,20171205,20171204,210612500,4057.0,97150,3011484,3940207580.0,4058.0,49,4057.0,32
rb1805,20171205,20171204,210613000,4058.0,97160,3011486,3940613340.0,4058.0,116,4057.0,51
rb1805,20171205,20171204,210613500,4058.0,97318,3011494,3947024940.0,4058.0,56,4057.0,155
rb1805,20171205,20171204,210614000,4057.0,97362,3011496,3948810360.0,4058.0,39,4057.0,151
rb1805,20171205,20171204,210614500,4057.0,97580,3011352,3957654760.0,4058.0,41,4057.0,64
rb1805,20171205,20171204,210615000,4058.0,97590,3011356,3958060560.0,4058.0,47,4057.0,107
rb1805,20171205,20171204,210615500,4058.0,97674,3011368,3961469260.0,4059.0,141,4058.0,9
rb1805,20171205,20171204,210616000,4059.0,97690,3011364,3962118560.0,4059.0,152,4058.0,83
rb1805,20171205,20171204,210616500,4059.0,97880,3011294,3969830080.0,4059.0,107,4058.0,76
rb1805,20171205,20171204,210617000,4058.0,98166,3011390,3981437060.0,4058.0,9,4057.0,136
rb1805,20171205,20171204,210617500,4058.0,98398,3011458,3990851820.0,4059.0,27,4058.0,67
rb1805,20171205,20171204,210618000,4058.0,98424,3011474,3991906900.0,4059.0,32,4058.0,76
rb1805,20171205,20171204,210618500,4059.0,98470,3011516,3993773680.0,4059.0,58,4058.0,108
rb1805,20171205,20171204,210619000,4059.0,98480,3011522,3994179520.0,4059.0,70,4058.0,113
rb1805,20171205,20171204,210619500,4058.0,98522,3011532,3995884040.0,4059.0,83,4058.0,111
rb1805,20171205,20171204,210620000,4059.0,98540,3011532,3996614560.0,4059.0,90,4058.0,107
rb1805,20171205,20171204,210620500,4059.0,98562,3011538,3997507480.0,4059.0,84,4058.0,72
rb1805,20171205,20171204,210621000,4058.0,98570,3011542,3997832120.0,4059.0,91,4058.0,50
rb1805,20171205,20171204,210621500,4059.0,98650,3011488,4001079220.0,4059.0,55,4058.0,46
rb1805,20171205,20171204,210622000,4057.0,98756,3011572,4005380680.0,4059.0,56,4057.0,155
rb1805,20171205,20171204,210622500,4058.0,98798,3011588,4007085400.0,4058.0,2,4057.0,145
rb1805,20171205,20171204,210623000,4058.0,98814,3011576,4007734680.0,4059.0,39,4058.0,51
rb1805,20171205,20171204,210623500,4059.0,98850,3011576,4009195680.0,4059.0,55,4058.0,36
rb1805,20171205,20171204,210624000,4059.0,98966,3011560,4013904120.0,4060.0,460,4059.0,12
rb1805,20171205,20171204,210624500,4059.0,98994,3011554,4015040640.0,4059.0,7,4058.0,73
rb1805,20171205,20171204,210625000,4059.0,99022,3011560,4016177160.0,4059.0,57,4058.0,99
rb1805,20171205,20171204,210625500,4059.0,99036,3011560,4016745320.0,4059.0,70,4058.0,87
rb1805,20171205,20171204,210626000,4059.0,99050,3011554,4017313500.0,4059.0,67,4058.0,84
rb1805,20171205,20171204,210626500,4059.0,99064,3011544,4017881740.0,4059.0,62,4058.0,83
rb1805,20171205,20171204,210627000,4059.0,99072,3011544,4018206440.0,4059.0,110,4058.0,82
rb1805,20171205,20171204,210627500,4059.0,99086,3011542,4018774700.0,4059.0,111,4058.0,84
rb1805,20171205,20171204,210628000,4058.0,99096,3011548,4019180540.0,4059.0,125,4058.0,100
rb1805,20171205,20171204,210628500,4059.0,99104,3011544,4019505260.0,4059.0,126,4058.0,103
rb1805,20171205,20171204,210629000,4059.0,99114,3011540,4019911140.0,4059.0,123,4058.0,103
rb1805,20171205,20171204,210629500,4059.0,99162,3011538,4021859460.0,4059.0,98,4058.0,110
rb1805,20171205,20171204,210630000,4059.0,99178,3011540,4022508860.0,4059.0,94,4058.0,109
rb1805,20171205,20171204,210630500,4059.0,99272,3011558,4026324080.0,4059.0,72,4058.0,100
rb1805,20171205,20171204,210631000,4059.0,99276,3011562,4026486440.0,4059.0,73,4058.0,196
rb1805,20171205,20171204,210631500,4059.0,99422,3011596,4032412580.0,4060.0,538,4059.0,43
rb1805,20171205,20171204,210632000,4060.0,99434,3011594,4032899780.0,4060.0,533,4059.0,217
rb1805,20171205,20171204,210632500,4059.0,99550,3011588,4037609340.0,4060.0,478,4059.0,250
rb1805,20171205,20171204,210633000,4060.0,100494,3012210,4075935740.0,4061.0,255,4060.0,30
rb1805,20171205,20171204,210633500,4061.0,100564,3012158,4078778380.0,4061.0,169,4060.0,271
rb1805,20171205,20171204,210634000,4061.0,100700,3012176,4084301060.0,4061.0,114,4060.0,316
rb1805,20171205,20171204,210634500,4060.0,100874,3012202,4091367160.0,4061.0,19,4060.0,318
rb1805,20171205,20171204,210635000,4060.0,100906,3012212,4092666620.0,4061.0,6,4060.0,288
rb1805,20171205,20171204,210635500,4061.0,100960,3012202,4094859320.0,4062.0,471,4061.0,3
rb1805,20171205,20171204,210636000,4062.0,101102,3012202,4100625960.0,4062.0,474,4061.0,3
rb1805,20171205,20171204,210636500,4061.0,101160,3012166,4102981400.0,4061.0,53,4060.0,37
rb1805,20171205,20171204,210637000,4061.0,101332,3012142,4109965380.0,4061.0,15,4060.0,110
rb1805,20171205,20171204,210637500,4061.0,101398,3012118,4112645640.0,4061.0,160,4060.0,125
rb1805,20171205,20171204,210638000,4061.0,101430,3012114,4113945120.0,4061.0,159,4060.0,123
rb1805,20171205,20171204,210638500,4061.0,101488,3012114,4116300400.0,4061.0,167,4060.0,108
rb1805,20171205,20171204,210639000,4060.0,101746,3012346,4126775240.0,4060.0,74,4059.0,254
rb1805,20171205,20171204,210639500,4060.0,101790,3012384,4128561640.0,4060.0,150,4059.0,239
rb1805,20171205,20171204,210640000,4060.0,101826,3012410,4130023240.0,4060.0,138,4059.0,238
rb1805,20171205,20171204,210640500,4059.0,101930,3012412,4134245240.0,4060.0,116,4059.0,218
rb1805,20171205,20171204,210641000,4060.0,102064,3012468,4139685640.0,4060.0,51,4059.0,218
rb1805,20171205,20171204,210641500,4060.0,102092,3012462,4140822440.0,4060.0,41,4059.0,219
rb1805,20171205,20171204,210642000,4060.0,102210,3012392,4145613260.0,4061.0,274,4060.0,299
rb1805,20171205,20171204,210642500,4061.0,102278,3012380,4148374540.0,4061.0,252,4060.0,327
rb1805,20171205,20171204,210643000,4060.0,102294,3012378,4149024180.0,4061.0,252,4060.0,325
rb1805,20171205,20171204,210643500,4061.0,102336,3012370,4150729800.0,4061.0,234,4060.0,342
rb1805,20171205,20171204,210644000,4061.0,102802,3012552,4169654060.0,4062.0,598,4061.0,42
rb1805,20171205,20171204,210644500,4062.0,102866,3012592,4172253420.0,4062.0,588,4061.0,149
rb1805,20171205,20171204,210645000,4061.0,102990,3012584,4177289060.0,4062.0,583,4061.0,94
rb1805,20171205,20171204,210645500,4061.0,103070,3012604,4180538200.0,4062.0,563,4061.0,84
rb1805,20171205,20171204,210646000,4061.0,103152,3012604,4183868240.0,4062.0,564,4061.0,49
rb1805,20171205,20171204,210646500,4061.0,103270,3012640,4188660180.0,4061.0,35,4060.0,362
rb1805,20171205,20171204,210647000,4061.0,103286,3012636,4189309900.0,4061.0,234,4060.0,362
rb1805,20171205,20171204,210647500,4061.0,103402,3012620,4194020460.0,4061.0,312,4060.0,352
rb1805,20171205,20171204,210648000,4060.0,103426,3012610,4194994960.0,4061.0,313,4060.0,345
rb1805,20171205,20171204,210648500,4061.0,103574,3012610,4201004200.0,4061.0,373,4060.0,295
rb1805,20171205,20171204,210649000,4061.0,103610,3012610,4202466140.0,4061.0,358,4060.0,296
rb1805,20171205,20171204,210649500,4061.0,103676,3012564,4205146380.0,4061.0,329,4060.0,304
rb1805,20171205,20171204,210650000,4061.0,103788,3012520,4209694680.0,4061.0,177,4060.0,304
rb1805,20171205,20171204,210650500,4061.0,104224,3012410,4227396640.0,4061.0,180,4060.0,106
rb1805,20171205,20171204,210651000,4061.0,104266,3012418,4229102180.0,4061.0,165,4060.0,103
rb1805,20171205,20171204,210651500,4061.0,104314,3012398,4231051180.0,4061.0,158,4060.0,92
rb1805,20171205,20171204,210652000,4060.0,104508,3012510,4238927660.0,4060.0,9,4059.0,186
rb1805,20171205,20171204,210652500,4060.0,104520,3012518,4239414860.0,4060.0,5,4059.0,188
rb1805,20171205,20171204,210653000,4060.0,104570,3012566,4241444880.0,4060.0,42,4059.0,189
rb1805,20171205,20171204,210653500,4060.0,104648,3012636,4244611660.0,4060.0,8,4059.0,189
rb1805,20171205,20171204,210654000,4060.0,104666,3012650,4245342440.0,4060.0,3,4059.0,188
rb1805,20171205,20171204,210654500,4061.0,104696,3012636,4246560360.0,4061.0,253,4060.0,18
rb1805,20171205,20171204,210655000,4059.0,104760,3012638,4249158700.0,4061.0,280,4059.0,174
rb1805,20171205,20171204,210655500,4059.0,104798,3012626,4250701500.0,4061.0,278,4059.0,171
rb1805,20171205,20171204,210656000,4061.0,105030,3012424,4260123020.0,4061.0,164,4060.0,4
rb1805,20171205,20171204,210656500,4061.0,105036,3012424,4260366660.0,4061.0,165,4060.0,9
rb1805,20171205,20171204,210657000,4061.0,105042,3012428,4260610280.0,4061.0,165,4060.0,30
rb1805,20171205,20171204,210657500,4061.0,105432,3012282,4276448120.0,4062.0,530,4061.0,121
rb1805,20171205,20171204,210658000,4061.0,105698,3012266,4287250300.0,4061.0,35,4060.0,97
rb1805,20171205,20171204,210658500,4060.0,105746,3012280,4289199100.0,4061.0,103,4060.0,77
rb1805,20171205,20171204,210659000,4061.0,105778,3012272,4290498520.0,4061.0,117,4060.0,108
rb1805,20171205,20171204,210659500,4060.0,105808,3012246,4291716560.0,4061.0,125,4060.0,97
rb1805,20171205,20171204,210700000,4061.0,105830,3012228,4292609960.0,4061.0,153,4060.0,100
rb1805,20171205,20171204,210700500,4061.0,105918,3012236,4296183400.0,4061.0,170,4060.0,133
rb1805,20171205,20171204,210701000,4061.0,106010,3012214,4299919500.0,4061.0,112,4060.0,133
rb1805,20171205,20171204,210701500,4060.0,106132,3012222,4304872820.0,4061.0,114,4060.0,80
rb1805,20171205,20171204,210702000,4061.0,106152,3012216,4305684940.0,4061.0,143,4060.0,78
rb1805,20171205,20171204,210702500,4061.0,106204,3012212,4307796660.0,4061.0,135,4060.0,97
rb1805,20171205,20171204,210703000,4061.0,106224,3012212,4308608860.0,4061.0,136,4060.0,98
rb1805,20171205,20171204,210703500,4061.0,106278,3012230,4310801800.0,4061.0,116,4060.0,103
rb1805,20171205,20171204,210704000,4061.0,106302,3012252,4311776240.0,4061.0,122,4060.0,118
rb1805,20171205,20171204,210704500,4060.0,106352,3012302,4313806680.0,4061.0,101,4060.0,119
rb1805,20171205,20171204,210705000,4061.0,106400,3012330,4315755940.0,4061.0,90,4060.0,128
rb1805,20171205,20171204,210705500,4061.0,106592,3012302,4323553040.0,4062.0,549,4061.0,259
rb1805,20171205,20171204,210706000,4062.0,106640,3012300,4325502720.0,4062.0,535,4061.0,336
rb1805,20171205,20171204,210706500,4061.0,106790,3012160,4331594260.0,4062.0,534,4061.0,307
rb1805,20171205,20171204,210707000,4062.0,106998,3012020,4340041640.0,4062.0,510,4061.0,228
rb1805,20171205,20171204,210707500,4061.0,107066,3011972,4342803180.0,4062.0,507,4061.0,197
rb1805,20171205,20171204,210708000,4062.0,107090,3011982,4343778040.0,4062.0,488,4061.0,206
rb1805,20171205,20171204,210708500,4061.0,107150,3011984,4346214860.0,4062.0,473,4061.0,198
rb1805,20171205,20171204,210709000,4062.0,107496,3012026,4360269280.0,4062.0,307,4061.0,202
rb1805,20171205,20171204,210709500,4061.0,107796,3012006,4372453820.0,4062.0,234,4061.0,134
rb1805,20171205,20171204,210710000,4061.0,107820,3012008,4373428640.0,4062.0,231,4061.0,136
rb1805,20171205,20171204,210710500,4062.0,107878,3012058,4375784480.0,4062.0,211,4061.0,130
rb1805,20171205,20171204,210711000,4061.0,107888,3012066,4376190600.0,4062.0,217,4061.0,126
rb1805,20171205,20171204,210711500,4062.0,107892,3012068,4376353080.0,4062.0,216,4061.0,123
rb1805,20171205,20171204,210712000,4062.0,107922,3012090,4377571560.0,4062.0,200,4061.0,122
rb1805,20171205,20171204,210712500,4062.0,107936,3012104,4378140200.0,4062.0,197,4061.0,132
rb1805,20171205,20171204,210713000,4062.0,107956,3012122,4378952600.0,4062.0,200,4061.0,136
rb1805,20171205,20171204,210713500,4062.0,108002,3012136,4380821020.0,4062.0,185,4061.0,130
rb1805,20171205,20171204,210714000,4062.0,108086,3012122,4384233080.0,4062.0,146,4061.0,135
rb1805,20171205,20171204,210714500,4062.0,108260,3012262,4391299820.0,4062.0,119,4061.0,80
rb1805,20171205,20171204,210715000,4062.0,108500,3012384,4401048620.0,4063.0,244,4062.0,15
rb1805,20171205,20171204,210715500,4062.0,108530,3012396,4402267320.0,4063.0,246,4062.0,46
rb1805,20171205,20171204,210716000,4062.0,108572,3012404,4403973480.0,4063.0,231,4062.0,143
rb1805,20171205,20171204,210716500,4062.0,108614,3012412,4405679540.0,4063.0,242,4062.0,137
rb1805,20171205,20171204,210717000,4063.0,108678,3012382,4408279700.0,4063.0,225,4062.0,142
rb1805,20171205,20171204,210717500,4063.0,108814,3012346,4413804980.0,4063.0,180,4062.0,148
rb1805,20171205,20171204,210718000,4062.0,108828,3012356,4414373760.0,4063.0,176,4062.0,152
rb1805,20171205,20171204,210718500,4063.0,109392,3012540,4437289060.0,4064.0,349,4063.0,224
rb1805,20171205,20171204,210719000,4063.0,109452,3012566,4439727040.0,4064.0,344,4063.0,221
rb1805,20171205,20171204,210719500,4063.0,109608,3012550,4446065740.0,4064.0,325,4063.0,242
rb1805,20171205,20171204,210720000,4064.0,109700,3012506,4449804500.0,4064.0,276,4063.0,246
rb1805,20171205,20171204,210720500,4064.0,109926,3012516,4458988240.0,4064.0,230,4063.0,207
rb1805,20171205,20171204,210721000,4064.0,110028,3012460,4463133340.0,4064.0,210,4063.0,204
rb1805,20171205,20171204,210721500,4063.0,110138,3012486,4467603500.0,4064.0,139,4063.0,194
rb1805,20171205,20171204,210722000,4064.0,110250,3012566,4472155020.0,4064.0,117,4063.0,196
rb1805,20171205,20171204,210722500,4063.0,110300,3012598,4474186840.0,4064.0,275,4063.0,210
rb1805,20171205,20171204,210723000,4064.0,110510,3012688,4482721220.0,4064.0,286,4063.0,146
rb1805,20171205,20171204,210723500,4064.0,110556,3012712,4484590420.0,4064.0,371,4063.0,135
rb1805,20171205,20171204,210724000,4064.0,110622,3012752,4487272320.0,4064.0,395,4063.0,123
rb1805,20171205,20171204,210724500,4064.0,110722,3012768,4491335820.0,4064.0,381,4063.0,100
rb1805,20171205,20171204,210725000,4063.0,111050,3012694,4504663580.0,4064.0,333,4063.0,210
rb1805,20171205,20171204,210725500,4063.0,111096,3012686,4506532840.0,4064.0,333,4063.0,204
rb1805,20171205,20171204,210726000,4063.0,111182,3012666,4510027400.0,4064.0,365,4063.0,187
rb1805,20171205,20171204,210726500,4063.0,111514,3012460,4523517480.0,4064.0,332,4063.0,68
rb1805,20171205,20171204,210727000,4064.0,112492,3012748,4563263400.0,4065.0,724,4064.0,13
rb1805,20171205,20171204,210727500,4064.0,112588,3012754,4567164680.0,4064.0,18,4063.0,91
rb1805,20171205,20171204,210728000,4064.0,112614,3012758,4568221220.0,4064.0,61,4063.0,72
rb1805,20171205,20171204,210728500,4064.0,112688,3012764,4571228180.0,4064.0,102,4063.0,73
rb1805,20171205,20171204,210729000,4063.0,112856,3012706,4578054100.0,4063.0,28,4062.0,53
rb1805,20171205,20171204,210729500,4062.0,113086,3012720,4587396700.0,4062.0,78,4061.0,167
rb1805,20171205,20171204,210730000,4063.0,113310,3012620,4596494340.0,4063.0,28,4061.0,101
rb1805,20171205,20171204,210730500,4063.0,113386,3012630,4599582080.0,4063.0,100,4062.0,31
rb1805,20171205,20171204,210731000,4063.0,113450,3012616,4602182380.0,4063.0,84,4062.0,32
rb1805,20171205,20171204,210731500,4062.0,113464,3012616,4602751180.0,4063.0,82,4062.0,186
rb1805,20171205,20171204,210732000,4063.0,113486,3012616,4603645020.0,4063.0,80,4062.0,189
rb1805,20171205,20171204,210732500,4062.0,113510,3012618,4604620020.0,4063.0,80,4062.0,186
rb1805,20171205,20171204,210733000,4063.0,113550,3012614,4606244920.0,4063.0,73,4062.0,181
rb1805,20171205,20171204,210733500,4063.0,113572,3012616,4607138760.0,4063.0,69,4062.0,201
rb1805,20171205,20171204,210734000,4063.0,113730,3012504,4613558300.0,4064.0,323,4063.0,232
rb1805,20171205,20171204,210734500,4063.0,113846,3012412,4618271800.0,4064.0,314,4063.0,203
rb1805,20171205,20171204,210735000,4063.0,113924,3012374,4621441160.0,4064.0,354,4063.0,182
rb1805,20171205,20171204,210735500,4063.0,113936,3012374,4621928780.0,4064.0,374,4063.0,187
rb1805,20171205,20171204,210736000,4063.0,113950,3012374,4622497660.0,4064.0,396,4063.0,190
rb1805,20171205,20171204,210736500,4064.0,114000,3012356,4624529300.0,4064.0,396,4063.0,179
rb1805,20171205,20171204,210737000,4064.0,114084,3012362,4627942440.0,4064.0,387,4063.0,174
rb1805,20171205,20171204,210737500,4064.0,114228,3012366,4633794600.0,4064.0,322,4063.0,176
rb1805,20171205,20171204,210738000,4063.0,114292,3012324,4636395000.0,4064.0,369,4063.0,146
rb1805,20171205,20171204,210738500,4064.0,114316,3012340,4637370360.0,4064.0,365,4063.0,148
rb1805,20171205,20171204,210739000,4063.0,114344,3012342,4638508140.0,4064.0,358,4063.0,141
rb1805,20171205,20171204,210739500,4064.0,114380,3012340,4639970900.0,4064.0,364,4063.0,129
rb1805,20171205,20171204,210740000,4063.0,114470,3012346,4643628040.0,4064.0,344,4063.0,106
rb1805,20171205,20171204,210740500,4064.0,114552,3012390,4646960120.0,4064.0,346,4063.0,89
rb1805,20171205,20171204,210741000,4064.0,114792,3012534,4656713640.0,4064.0,236,4063.0,87
rb1805,20171205,20171204,210741500,4064.0,114828,3012552,4658176660.0,4064.0,226,4063.0,102
rb1805,20171205,20171204,210742000,4064.0,114908,3012512,4661427800.0,4064.0,192,4063.0,100
rb1805,20171205,20171204,210742500,4063.0,115048,3012558,4667116260.0,4064.0,215,4063.0,50
rb1805,20171205,20171204,210743000,4063.0,115108,3012598,4669554100.0,4064.0,226,4063.0,21
rb1805,20171205,20171204,210743500,4063.0,115228,3012658,4674429520.0,4063.0,20,4062.0,385
rb1805,20171205,20171204,210744000,4062.0,115546,3012544,4687347140.0,4063.0,37,4062.0,240
rb1805,20171205,20171204,210744500,4063.0,115918,3012588,4702457980.0,4063.0,107,4062.0,63
rb1805,20171205,20171204,210745000,4063.0,116070,3012724,4708632480.0,4063.0,109,4062.0,3
rb1805,20171205,20171204,210745500,4062.0,116182,3012740,4713181540.0,4062.0,1,4061.0,224
rb1805,20171205,20171204,210746000,4062.0,116226,3012724,4714968800.0,4062.0,4,4061.0,214
rb1805,20171205,20171204,210746500,4062.0,116278,3012740,4717081420.0,4063.0,129,4062.0,92
rb1805,20171205,20171204,210747000,4063.0,116288,3012740,4717487700.0,4063.0,115,4062.0,91
rb1805,20171205,20171204,210747500,4063.0,116334,3012776,4719356660.0,4063.0,92,4062.0,94
rb1805,20171205,20171204,210748000,4063.0,116406,3012798,4722281520.0,4063.0,85,4062.0,72
rb1805,20171205,20171204,210748500,4062.0,116414,3012792,4722606500.0,4063.0,86,4062.0,92
rb1805,20171205,20171204,210749000,4063.0,116428,3012796,4723175220.0,4063.0,92,4062.0,89
rb1805,20171205,20171204,210749500,4063.0,116442,3012800,4723743980.0,4063.0,88,4062.0,87
rb1805,20171205,20171204,210750000,4063.0,116710,3012932,4734632720.0,4064.0,316,4063.0,203
rb1805,20171205,20171204,210750500,4064.0,116720,3012934,4735039060.0,4064.0,300,4063.0,202
rb1805,20171205,20171204,210751000,4064.0,116738,3012936,4735770520.0,4064.0,302,4063.0,200
rb1805,20171205,20171204,210751500,4064.0,116764,3012944,4736826960.0,4064.0,222,4063.0,197
rb1805,20171205,20171204,210752000,4063.0,116770,3012948,4737070740.0,4064.0,242,4063.0,209
rb1805,20171205,20171204,210752500,4063.0,116924,3012970,4743327880.0,4064.0,265,4063.0,138
rb1805,20171205,20171204,210753000,4063.0,117422,3013320,4763563240.0,4063.0,67,4062.0,144
rb1805,20171205,20171204,210753500,4063.0,117424,3013322,4763644500.0,4063.0,75,4062.0,153
rb1805,20171205,20171204,210754000,4063.0,117478,3013368,4765838520.0,4063.0,79,4062.0,153
rb1805,20171205,20171204,210754500,4063.0,117602,3013478,4770876640.0,4063.0,67,4062.0,169
rb1805,20171205,20171204,210755000,4063.0,117768,3013390,4777620220.0,4063.0,36,4062.0,128
rb1805,20171205,20171204,210755500,4063.0,117782,3013396,4778188940.0,4063.0,52,4062.0,125
rb1805,20171205,20171204,210756000,4064.0,117898,3013460,4782901980.0,4064.0,249,4063.0,26
rb1805,20171205,20171204,210756500,4063.0,117916,3013462,4783633360.0,4064.0,245,4063.0,64
rb1805,20171205,20171204,210757000,4063.0,118136,3013444,4792571980.0,4063.0,128,4062.0,156
rb1805,20171205,20171204,210757500,4063.0,118176,3013432,4794197160.0,4063.0,115,4062.0,216
rb1805,20171205,20171204,210758000,4063.0,118208,3013430,4795497160.0,4063.0,107,4062.0,208
rb1805,20171205,20171204,210758500,4063.0,118252,3013422,4797284860.0,4063.0,116,4062.0,209
rb1805,20171205,20171204,210759000,4063.0,118292,3013414,4798910060.0,4063.0,100,4062.0,256
rb1805,20171205,20171204,210759500,4063.0,118324,3013398,4800210200.0,4063.0,103,4062.0,257
rb1805,20171205,20171204,210800000,4063.0,118356,3013398,4801510360.0,4063.0,140,4062.0,260
rb1805,20171205,20171204,210800500,4063.0,118480,3013412,4806548440.0,4063.0,89,4062.0,268
rb1805,20171205,20171204,210801000,4063.0,118496,3013426,4807198500.0,4063.0,135,4062.0,272
rb1805,20171205,20171204,210801500,4062.0,118524,3013438,4808336040.0,4063.0,261,4062.0,272
rb1805,20171205,20171204,210802000,4063.0,118714,3013526,4816055740.0,4063.0,176,4062.0,282
rb1805,20171205,20171204,210802500,4063.0,118722,3013524,4816380780.0,4063.0,178,4062.0,308
rb1805,20171205,20171204,210803000,4062.0,118740,3013530,4817111960.0,4063.0,189,4062.0,301
rb1805,20171205,20171204,210803500,4063.0,118756,3013530,4817762020.0,4063.0,184,4062.0,251
rb1805,20171205,20171204,210804000,4062.0,118760,3013530,4817924520.0,4063.0,184,4062.0,250
rb1805,20171205,20171204,210804500,4063.0,119092,3013622,4831410580.0,4063.0,234,4062.0,98
rb1805,20171205,20171204,210805000,4062.0,119318,3013612,4840590700.0,4062.0,51,4061.0,308
rb1805,20171205,20171204,210805500,4061.0,119324,3013612,4840834400.0,4062.0,104,4061.0,305
rb1805,20171205,20171204,210806000,4061.0,119530,3013774,4849200120.0,4062.0,113,4061.0,207
rb1805,20171205,20171204,210806500,4062.0,119546,3013774,4849850020.0,4062.0,109,4061.0,219
rb1805,20171205,20171204,210807000,4061.0,119606,3013834,4852286620.0,4062.0,124,4061.0,188
rb1805,20171205,20171204,210807500,4062.0,119928,3013730,4865366140.0,4063.0,296,4062.0,169
rb1805,20171205,20171204,210808000,4062.0,119996,3013724,4868128300.0,4063.0,300,4062.0,136
rb1805,20171205,20171204,210808500,4062.0,120022,3013720,4869184420.0,4063.0,299,4062.0,169
rb1805,20171205,20171204,210809000,4062.0,120066,3013706,4870971740.0,4063.0,300,4062.0,149
rb1805,20171205,20171204,210809500,4062.0,120142,3013766,4874059460.0,4063.0,266,4062.0,142
rb1805,20171205,20171204,210810000,4062.0,120212,3013802,4876903320.0,4063.0,250,4062.0,137
rb1805,20171205,20171204,210810500,4062.0,120232,3013806,4877715800.0,4063.0,269,4062.0,136
rb1805,20171205,20171204,210811000,4062.0,120258,3013784,4878771920.0,4063.0,277,4062.0,218
rb1805,20171205,20171204,210811500,4063.0,120282,3013782,4879746820.0,4063.0,276,4062.0,365
rb1805,20171205,20171204,210812000,4062.0,120312,3013780,4880965540.0,4063.0,281,4062.0,358
rb1805,20171205,20171204,210812500,4062.0,120426,3013778,4885596660.0,4063.0,266,4062.0,325
rb1805,20171205,20171204,210813000,4063.0,120990,3014064,4908511860.0,4064.0,271,4063.0,28
rb1805,20171205,20171204,210813500,4064.0,121512,3013792,4929723740.0,4063.0,3,4062.0,321
rb1805,20171205,20171204,210814000,4062.0,121538,3013776,4930780200.0,4063.0,8,4062.0,331
rb1805,20171205,20171204,210814500,4063.0,121704,3013720,4937525640.0,4063.0,12,4062.0,332
rb1805,20171205,20171204,210815000,4062.0,121708,3013718,4937688120.0,4063.0,13,4062.0,331
rb1805,20171205,20171204,210815500,4063.0,121780,3013728,4940613460.0,4063.0,54,4062.0,332
rb1805,20171205,20171204,210816000,4063.0,121794,3013718,4941182260.0,4063.0,78,4062.0,336
rb1805,20171205,20171204,210816500,4063.0,121864,3013718,4944026340.0,4063.0,50,4062.0,367
rb1805,20171205,20171204,210817000,4062.0,121870,3013720,4944270080.0,4063.0,47,4062.0,367
rb1805,20171205,20171204,210817500,4062.0,122010,3013706,4949958140.0,4063.0,61,4062.0,363
rb1805,20171205,20171204,210818000,4063.0,122194,3013702,4957434060.0,4064.0,148,4063.0,109
rb1805,20171205,20171204,210818500,4063.0,122222,3013686,4958571700.0,4064.0,180,4063.0,99
rb1805,20171205,20171204,210819000,4063.0,122452,3013808,4967918640.0,4064.0,78,4063.0,102
rb1805,20171205,20171204,210819500,4063.0,122480,3013810,4969056320.0,4064.0,80,4063.0,92
rb1805,20171205,20171204,210820000,4064.0,122534,3013806,4971250380.0,4064.0,78,4063.0,73
rb1805,20171205,20171204,210820500,4063.0,122702,3013696,4978076240.0,4063.0,58,4062.0,387
rb1805,20171205,20171204,210821000,4063.0,123088,3013764,4993759420.0,4064.0,86,4063.0,110
rb1805,20171205,20171204,210821500,4063.0,123108,3013776,4994572060.0,4064.0,101,4063.0,107
rb1805,20171205,20171204,210822000,4064.0,123116,3013782,4994897160.0,4064.0,113,4063.0,107
rb1805,20171205,20171204,210822500,4063.0,123122,3013784,4995140980.0,4064.0,116,4063.0,106
rb1805,20171205,20171204,210823000,4063.0,123342,3013778,5004079600.0,4063.0,244,4062.0,386
rb1805,20171205,20171204,210823500,4063.0,123350,3013776,5004404640.0,4063.0,240,4062.0,394
rb1805,20171205,20171204,210824000,4063.0,123378,3013772,5005542060.0,4063.0,244,4062.0,378
rb1805,20171205,20171204,210824500,4063.0,123396,3013772,5006273400.0,4063.0,249,4062.0,387
rb1805,20171205,20171204,210825000,4063.0,123402,3013772,5006517160.0,4063.0,252,4062.0,387
rb1805,20171205,20171204,210825500,4062.0,123432,3013762,5007735980.0,4063.0,255,4062.0,383
rb1805,20171205,20171204,210826000,4063.0,123462,3013756,5008954880.0,4063.0,241,4062.0,479
rb1805,20171205,20171204,210826500,4062.0,123534,3013780,5011879940.0,4063.0,223,4062.0,585
rb1805,20171205,20171204,210827000,4063.0,123984,3013830,5030163420.0,4064.0,171,4063.0,90
rb1805,20171205,20171204,210827500,4063.0,124092,3013924,5034551460.0,4064.0,173,4063.0,54
rb1805,20171205,20171204,210828000,4062.0,124300,3013822,5043001900.0,4064.0,175,4062.0,629
rb1805,20171205,20171204,210828500,4063.0,124312,3013824,5043489380.0,4064.0,177,4063.0,22
rb1805,20171205,20171204,210829000,4063.0,124320,3013828,5043814460.0,4064.0,176,4063.0,25
rb1805,20171205,20171204,210829500,4063.0,124404,3013830,5047227520.0,4063.0,27,4062.0,651
rb1805,20171205,20171204,210830000,4063.0,124460,3013798,5049502780.0,4063.0,7,4062.0,650
rb1805,20171205,20171204,210830500,4064.0,124486,3013788,5050559180.0,4064.0,178,4063.0,11
rb1805,20171205,20171204,210831000,4064.0,124498,3013788,5051046800.0,4064.0,188,4063.0,8
rb1805,20171205,20171204,210831500,4063.0,124518,3013786,5051859420.0,4063.0,4,4062.0,655
rb1805,20171205,20171204,210832000,4062.0,124570,3013750,5053971940.0,4064.0,190,4063.0,15
rb1805,20171205,20171204,210832500,4063.0,124574,3013752,5054134460.0,4064.0,191,4063.0,15
rb1805,20171205,20171204,210833000,4063.0,124600,3013772,5055190940.0,4064.0,187,4063.0,12
rb1805,20171205,20171204,210833500,4063.0,124710,3013858,5059660240.0,4063.0,7,4062.0,954
rb1805,20171205,20171204,210834000,4063.0,124784,3013792,5062666840.0,4063.0,56,4062.0,957
rb1805,20171205,20171204,210834500,4063.0,124804,3013780,5063479420.0,4063.0,58,4062.0,946
rb1805,20171205,20171204,210835000,4062.0,124818,3013772,5064048180.0,4063.0,185,4062.0,943
rb1805,20171205,20171204,210835500,4063.0,124834,3013772,5064698220.0,4063.0,274,4062.0,942
rb1805,20171205,20171204,210836000,4063.0,124934,3013726,5068761220.0,4063.0,262,4062.0,942
rb1805,20171205,20171204,210836500,4062.0,124938,3013726,5068923720.0,4063.0,265,4062.0,979
rb1805,20171205,20171204,210837000,4063.0,124980,3013762,5070630160.0,4063.0,248,4062.0,978
rb1805,20171205,20171204,210837500,4063.0,124990,3013766,5071036440.0,4063.0,291,4062.0,977
rb1805,20171205,20171204,210838000,4062.0,124994,3013762,5071198920.0,4063.0,294,4062.0,975
rb1805,20171205,20171204,210838500,4063.0,125246,3013548,5081435280.0,4063.0,290,4062.0,893
rb1805,20171205,20171204,210839000,4063.0,125268,3013566,5082329140.0,4063.0,306,4062.0,888
rb1805,20171205,20171204,210839500,4062.0,125380,3013566,5086879660.0,4063.0,267,4062.0,891
rb1805,20171205,20171204,210840000,4063.0,125480,3013574,5090942660.0,4063.0,217,4062.0,893
rb1805,20171205,20171204,210840500,4062.0,125580,3013560,5095005580.0,4063.0,171,4062.0,835
rb1805,20171205,20171204,210841000,4062.0,125610,3013560,5096224180.0,4063.0,184,4062.0,820
rb1805,20171205,20171204,210841500,4063.0,125720,3013518,5100693460.0,4063.0,142,4062.0,842
rb1805,20171205,20171204,210842000,4063.0,126018,3013396,5112801180.0,4064.0,277,4063.0,1
rb1805,20171205,20171204,210842500,4063.0,126276,3013442,5123285240.0,4064.0,187,4063.0,23
rb1805,20171205,20171204,210843000,4063.0,126364,3013410,5126860780.0,4063.0,28,4062.0,846
rb1805,20171205,20171204,210843500,4063.0,126440,3013432,5129948700.0,4064.0,184,4063.0,5
rb1805,20171205,20171204,210844000,4064.0,126502,3013430,5132468200.0,4064.0,164,4063.0,16
rb1805,20171205,20171204,210844500,4063.0,126584,3013454,5135800240.0,4064.0,146,4063.0,3
rb1805,20171205,20171204,210845000,4063.0,126602,3013460,5136531580.0,4064.0,160,4063.0,1
rb1805,20171205,20171204,210845500,4063.0,126724,3013468,5141488420.0,4063.0,11,4062.0,832
rb1805,20171205,20171204,210846000,4063.0,126748,3013466,5142463320.0,4063.0,30,4062.0,807
rb1805,20171205,20171204,210846500,4063.0,126758,3013460,5142869580.0,4063.0,46,4062.0,834
rb1805,20171205,20171204,210847000,4063.0,126774,3013456,5143519620.0,4063.0,48,4062.0,833
rb1805,20171205,20171204,210847500,4063.0,126816,3013450,5145226040.0,4063.0,33,4062.0,832
rb1805,20171205,20171204,210848000,4063.0,126848,3013468,5146526140.0,4063.0,58,4062.0,852
rb1805,20171205,20171204,210848500,4063.0,126960,3013550,5151075660.0,4063.0,76,4062.0,800
rb1805,20171205,20171204,210849000,4063.0,127052,3013596,5154813600.0,4063.0,32,4062.0,800
rb1805,20171205,20171204,210849500,4062.0,127076,3013600,5155788700.0,4063.0,23,4062.0,806
rb1805,20171205,20171204,210850000,4062.0,127086,3013596,5156194960.0,4063.0,26,4062.0,804
rb1805,20171205,20171204,210850500,4063.0,127112,3013592,5157251300.0,4063.0,20,4062.0,797
rb1805,20171205,20171204,210851000,4063.0,127188,3013596,5160339180.0,4064.0,349,4063.0,186
rb1805,20171205,20171204,210851500,4063.0,127338,3013448,5166433680.0,4064.0,339,4063.0,151
rb1805,20171205,20171204,210852000,4063.0,127460,3013428,5171390600.0,4064.0,343,4063.0,96
rb1805,20171205,20171204,210852500,4063.0,127490,3013426,5172609520.0,4064.0,351,4063.0,83
rb1805,20171205,20171204,210853000,4063.0,127498,3013418,5172934560.0,4064.0,349,4063.0,120
rb1805,20171205,20171204,210853500,4063.0,127578,3013370,5176185020.0,4064.0,367,4063.0,83
rb1805,20171205,20171204,210854000,4064.0,127684,3013310,5180491820.0,4064.0,369,4063.0,36
rb1805,20171205,20171204,210854500,4064.0,127714,3013322,5181710780.0,4064.0,374,4063.0,25
rb1805,20171205,20171204,210855000,4063.0,127768,3013340,5183904800.0,4064.0,375,4063.0,29
rb1805,20171205,20171204,210855500,4064.0,127788,3013348,5184717460.0,4064.0,394,4063.0,48
rb1805,20171205,20171204,210856000,4063.0,127854,3013368,5187399040.0,4064.0,394,4063.0,16
rb1805,20171205,20171204,210856500,4063.0,127870,3013378,5188049180.0,4064.0,384,4063.0,17
rb1805,20171205,20171204,210857000,4063.0,127918,3013390,5189999420.0,4064.0,387,4062.0,793
rb1805,20171205,20171204,210857500,4063.0,127918,3013390,5189999420.0,4064.0,392,4062.0,801
rb1805,20171205,20171204,210858000,4063.0,128128,3013396,5198531740.0,4064.0,393,4063.0,130
rb1805,20171205,20171204,210858500,4063.0,128150,3013408,5199425720.0,4064.0,392,4063.0,126
rb1805,20171205,20171204,210859000,4063.0,128178,3013412,5200563620.0,4064.0,382,4063.0,130
rb1805,20171205,20171204,210859500,4064.0,128262,3013476,5203976580.0,4064.0,383,4063.0,91
rb1805,20171205,20171204,210900000,4063.0,128296,3013488,5205358120.0,4064.0,378,4063.0,83
rb1805,20171205,20171204,210900500,4063.0,128336,3013510,5206983340.0,4064.0,386,4063.0,70
rb1805,20171205,20171204,210901000,4063.0,128436,3013580,5211046980.0,4064.0,357,4063.0,53
rb1805,20171205,20171204,210901500,4064.0,128496,3013632,5213485200.0,4064.0,336,4063.0,50
rb1805,20171205,20171204,210902000,4063.0,128522,3013638,5214541640.0,4064.0,385,4063.0,46
rb1805,20171205,20171204,210902500,4063.0,128578,3013672,5216816960.0,4064.0,383,4063.0,23
rb1805,20171205,20171204,210903000,4063.0,128632,3013698,5219010960.0,4063.0,10,4062.0,809
rb1805,20171205,20171204,210903500,4063.0,128652,3013708,5219823480.0,4063.0,46,4062.0,805
rb1805,20171205,20171204,210904000,4063.0,128688,3013702,5221286080.0,4063.0,49,4062.0,803
rb1805,20171205,20171204,210904500,4063.0,128740,3013702,5223398760.0,4063.0,47,4062.0,821
rb1805,20171205,20171204,210905000,4063.0,128756,3013700,5224048740.0,4063.0,74,4062.0,816
rb1805,20171205,20171204,210905500,4063.0,128768,3013704,5224536200.0,4063.0,74,4062.0,812
rb1805,20171205,20171204,210906000,4062.0,128780,3013704,5225023660.0,4063.0,79,4062.0,828
rb1805,20171205,20171204,210906500,4062.0,128804,3013708,5225998680.0,4063.0,78,4062.0,822
rb1805,20171205,20171204,210907000,4063.0,128818,3013708,5226567420.0,4063.0,80,4062.0,818
rb1805,20171205,20171204,210907500,4063.0,128844,3013708,5227623700.0,4063.0,104,4062.0,814
rb1805,20171205,20171204,210908000,4063.0,129002,3013816,5234042140.0,4063.0,98,4062.0,765
rb1805,20171205,20171204,210908500,4063.0,129038,3013816,5235504740.0,4063.0,99,4062.0,757
rb1805,20171205,20171204,210909000,4063.0,129114,3013880,5238591900.0,4063.0,118,4062.0,722
rb1805,20171205,20171204,210909500,4062.0,129172,3013924,5240947900.0,4063.0,133,4062.0,697
rb1805,20171205,20171204,210910000,4063.0,129204,3013942,5242247760.0,4063.0,142,4062.0,683
rb1805,20171205,20171204,210910500,4063.0,129234,3013946,5243466580.0,4063.0,147,4062.0,679
rb1805,20171205,20171204,210911000,4062.0,129510,3014164,5254678340.0,4063.0,136,4062.0,573
rb1805,20171205,20171204,210911500,4062.0,129676,3014170,5261421560.0,4063.0,121,4062.0,626
