instrument,tradingday,calendarday,time,lastp,volume,openinterest,turnover,ask1,asksz1,bid1,bidsz1
rb1805,20171115,20171114,183310500,3804.0,0,2152082,0.0,0.0,0,0.0,0
rb1805,20171115,20171114,205900500,3805.0,3838,2150868,146035900.0,3806.0,42,3805.0,20
rb1805,20171115,20171114,210000500,3805.0,5380,2150404,204717580.0,3806.0,16,3805.0,342
rb1805,20171115,20171114,210001000,3806.0,6340,2150206,241256560.0,3808.0,36,3806.0,81
rb1805,20171115,20171114,210001500,3807.0,6798,2150240,258694580.0,3809.0,89,3807.0,42
rb1805,20171115,20171114,210002000,3808.0,7020,2150210,267147840.0,3808.0,16,3807.0,71
rb1805,20171115,20171114,210002500,3808.0,7170,2150254,272859440.0,3809.0,196,3808.0,65
rb1805,20171115,20171114,210003000,3809.0,7560,2150296,287712640.0,3809.0,109,3807.0,109
rb1805,20171115,20171114,210003500,3809.0,7802,2150236,296929880.0,3809.0,40,3807.0,111
rb1805,20171115,20171114,210004000,3808.0,8384,2150388,319087400.0,3808.0,29,3807.0,5
rb1805,20171115,20171114,210004500,3808.0,8642,2150310,328910940.0,3808.0,52,3807.0,14
rb1805,20171115,20171114,210005000,3809.0,9230,2150356,351295700.0,3809.0,107,3806.0,669
rb1805,20171115,20171114,210005500,3809.0,10376,2150558,394934620.0,3809.0,12,3807.0,34
rb1805,20171115,20171114,210006000,3807.0,10790,2150566,410698520.0,3809.0,90,3807.0,68
rb1805,20171115,20171114,210006500,3807.0,11462,2150680,436283780.0,3807.0,29,3806.0,473
rb1805,20171115,20171114,210007000,3807.0,12348,2150786,470008480.0,3808.0,66,3807.0,45
rb1805,20171115,20171114,210007500,3809.0,12558,2150872,478005040.0,3809.0,57,3808.0,6
rb1805,20171115,20171114,210008000,3809.0,12622,2150864,480442260.0,3808.0,5,3807.0,45
rb1805,20171115,20171114,210008500,3807.0,12788,2150838,486762200.0,3807.0,53,3806.0,402
rb1805,20171115,20171114,210009000,3807.0,12884,2150810,490416780.0,3807.0,29,3806.0,396
rb1805,20171115,20171114,210009500,3807.0,13228,2150820,503511040.0,3807.0,32,3806.0,296
rb1805,20171115,20171114,210010000,3806.0,13622,2151040,518507440.0,3807.0,1,3806.0,149
rb1805,20171115,20171114,210010500,3806.0,13786,2151018,524750540.0,3808.0,97,3807.0,2
rb1805,20171115,20171114,210011000,3807.0,14510,2150996,552315340.0,3807.0,3,3806.0,129
rb1805,20171115,20171114,210011500,3807.0,14608,2150954,556045540.0,3807.0,4,3806.0,97
rb1805,20171115,20171114,210012000,3806.0,14770,2151032,562213320.0,3808.0,71,3806.0,101
rb1805,20171115,20171114,210012500,3807.0,14860,2151102,565640280.0,3808.0,44,3807.0,1
rb1805,20171115,20171114,210013000,3807.0,15056,2151134,573102660.0,3809.0,152,3807.0,61
rb1805,20171115,20171114,210013500,3807.0,15200,2151158,578585360.0,3808.0,1,3807.0,35
rb1805,20171115,20171114,210014000,3808.0,15506,2151364,590235920.0,3809.0,147,3808.0,8
rb1805,20171115,20171114,210014500,3809.0,15854,2151510,603490920.0,3810.0,392,3809.0,12
rb1805,20171115,20171114,210015000,3809.0,16518,2151334,628785180.0,3810.0,191,3809.0,60
rb1805,20171115,20171114,210015500,3810.0,17114,2151644,651493720.0,3811.0,190,3810.0,227
rb1805,20171115,20171114,210016000,3810.0,17598,2151602,669938200.0,3812.0,217,3811.0,3
rb1805,20171115,20171114,210016500,3811.0,17816,2151474,678246200.0,3811.0,63,3810.0,465
rb1805,20171115,20171114,210017000,3811.0,18170,2151334,691735440.0,3811.0,33,3810.0,409
rb1805,20171115,20171114,210017500,3810.0,18530,2151438,705454620.0,3811.0,41,3810.0,396
rb1805,20171115,20171114,210018000,3810.0,18650,2151432,710027640.0,3812.0,190,3810.0,394
rb1805,20171115,20171114,210018500,3812.0,18750,2151456,713838860.0,3812.0,197,3811.0,4
rb1805,20171115,20171114,210019000,3811.0,18890,2151390,719174900.0,3812.0,183,3811.0,31
rb1805,20171115,20171114,210019500,3811.0,18998,2151396,723290940.0,3811.0,6,3810.0,385
rb1805,20171115,20171114,210020000,3810.0,19110,2151390,727559260.0,3811.0,87,3810.0,380
rb1805,20171115,20171114,210020500,3811.0,19564,2151438,744861260.0,3812.0,251,3811.0,69
rb1805,20171115,20171114,210021000,3811.0,19780,2151386,753093240.0,3811.0,1,3810.0,381
rb1805,20171115,20171114,210021500,3810.0,19906,2151340,757894540.0,3811.0,121,3810.0,396
rb1805,20171115,20171114,210022000,3810.0,20108,2151312,765592600.0,3811.0,76,3810.0,378
rb1805,20171115,20171114,210022500,3811.0,20374,2151242,775728980.0,3811.0,4,3810.0,335
rb1805,20171115,20171114,210023000,3811.0,20818,2151142,792647440.0,3811.0,138,3810.0,222
rb1805,20171115,20171114,210023500,3811.0,20972,2151092,798515020.0,3811.0,286,3810.0,188
rb1805,20171115,20171114,210024000,3810.0,21338,2150858,812461580.0,3811.0,205,3810.0,19
rb1805,20171115,20171114,210024500,3810.0,21448,2150932,816652540.0,3810.0,282,3809.0,60
rb1805,20171115,20171114,210025000,3809.0,21980,2150794,836921520.0,3810.0,61,3809.0,59
rb1805,20171115,20171114,210025500,3809.0,22088,2150740,841036240.0,3810.0,8,3809.0,61
rb1805,20171115,20171114,210026000,3811.0,22222,2150736,846141200.0,3811.0,288,3810.0,6
rb1805,20171115,20171114,210026500,3809.0,22294,2150704,848883960.0,3810.0,399,3809.0,123
rb1805,20171115,20171114,210027000,3809.0,22558,2150650,858939720.0,3809.0,589,3808.0,91
rb1805,20171115,20171114,210027500,3808.0,23004,2150672,875923380.0,3808.0,173,3807.0,73
rb1805,20171115,20171114,210028000,3807.0,23330,2150564,888334180.0,3808.0,9,3807.0,160
rb1805,20171115,20171114,210028500,3808.0,23398,2150562,890923720.0,3809.0,343,3808.0,49
rb1805,20171115,20171114,210029000,3807.0,23630,2150610,899758780.0,3808.0,39,3807.0,160
rb1805,20171115,20171114,210029500,3809.0,23748,2150578,904251940.0,3809.0,332,3808.0,169
rb1805,20171115,20171114,210030000,3808.0,23800,2150574,906232160.0,3809.0,339,3808.0,150
rb1805,20171115,20171114,210030500,3808.0,23946,2150486,911792700.0,3809.0,296,3808.0,178
rb1805,20171115,20171114,210031000,3808.0,24744,2149838,942184860.0,3808.0,44,3807.0,171
rb1805,20171115,20171114,210031500,3809.0,24906,2149984,948354540.0,3809.0,45,3808.0,93
rb1805,20171115,20171114,210032000,3809.0,24952,2150000,950106420.0,3809.0,52,3808.0,140
rb1805,20171115,20171114,210032500,3808.0,25024,2149958,952848280.0,3809.0,53,3808.0,132
rb1805,20171115,20171114,210033000,3809.0,25298,2150046,963285020.0,3810.0,336,3809.0,8
rb1805,20171115,20171114,210033500,3809.0,25502,2150040,971053740.0,3809.0,1,3808.0,70
rb1805,20171115,20171114,210034000,3808.0,25750,2150016,980499080.0,3809.0,3,3808.0,6
rb1805,20171115,20171114,210034500,3808.0,25920,2149998,986972720.0,3808.0,15,3807.0,190
rb1805,20171115,20171114,210035000,3808.0,25968,2150028,988800700.0,3809.0,140,3808.0,235
rb1805,20171115,20171114,210035500,3809.0,26028,2150032,991085800.0,3809.0,130,3808.0,222
rb1805,20171115,20171114,210036000,3808.0,26038,2150032,991466620.0,3809.0,147,3808.0,232
rb1805,20171115,20171114,210036500,3808.0,26158,2150030,996037320.0,3809.0,106,3808.0,239
rb1805,20171115,20171114,210037000,3809.0,26202,2150002,997713120.0,3809.0,103,3808.0,264
rb1805,20171115,20171114,210037500,3808.0,26362,2150012,1003807080.0,3809.0,49,3808.0,250
rb1805,20171115,20171114,210038000,3808.0,26632,2149968,1014089260.0,3809.0,47,3808.0,149
rb1805,20171115,20171114,210038500,3809.0,26698,2150018,1016603120.0,3809.0,31,3808.0,142
rb1805,20171115,20171114,210039000,3808.0,26770,2150028,1019345220.0,3809.0,24,3808.0,128
rb1805,20171115,20171114,210039500,3808.0,26826,2150004,1021477880.0,3809.0,36,3808.0,111
rb1805,20171115,20171114,210040000,3809.0,26924,2150034,1025210660.0,3810.0,579,3809.0,19
rb1805,20171115,20171114,210040500,3808.0,27186,2150162,1035188420.0,3810.0,572,3808.0,38
rb1805,20171115,20171114,210041000,3808.0,27374,2150220,1042346720.0,3808.0,20,3807.0,262
rb1805,20171115,20171114,210041500,3809.0,27446,2150250,1045088680.0,3809.0,65,3808.0,88
rb1805,20171115,20171114,210042000,3809.0,27494,2150256,1046916800.0,3809.0,53,3808.0,80
rb1805,20171115,20171114,210042500,3808.0,27500,2150252,1047145280.0,3809.0,93,3808.0,82
rb1805,20171115,20171114,210043000,3808.0,27612,2150198,1051410640.0,3809.0,144,3808.0,49
rb1805,20171115,20171114,210043500,3808.0,27730,2150188,1055904140.0,3808.0,37,3807.0,275
rb1805,20171115,20171114,210044000,3809.0,28286,2150006,1077073080.0,3809.0,236,3807.0,99
rb1805,20171115,20171114,210044500,3807.0,28612,2149846,1089483880.0,3807.0,193,3806.0,1155
rb1805,20171115,20171114,210045000,3808.0,29148,2149746,1109885360.0,3808.0,58,3807.0,5
rb1805,20171115,20171114,210045500,3807.0,29172,2149736,1110799040.0,3807.0,157,3806.0,947
rb1805,20171115,20171114,210046000,3807.0,29482,2149678,1122600740.0,3807.0,53,3806.0,943
rb1805,20171115,20171114,210046500,3807.0,29722,2149754,1131737700.0,3808.0,108,3807.0,43
rb1805,20171115,20171114,210047000,3807.0,29764,2149782,1133336740.0,3808.0,125,3807.0,29
rb1805,20171115,20171114,210047500,3808.0,29924,2149724,1139429020.0,3808.0,71,3807.0,19
rb1805,20171115,20171114,210048000,3807.0,30002,2149676,1142398400.0,3807.0,23,3806.0,929
rb1805,20171115,20171114,210048500,3807.0,30050,2149670,1144225700.0,3807.0,5,3806.0,927
rb1805,20171115,20171114,210049000,3806.0,30184,2149672,1149326100.0,3808.0,93,3807.0,2
rb1805,20171115,20171114,210049500,3808.0,30392,2149726,1157244640.0,3807.0,2,3806.0,871
rb1805,20171115,20171114,210050000,3806.0,30428,2149730,1158615040.0,3807.0,3,3806.0,871
rb1805,20171115,20171114,210050500,3807.0,30444,2149732,1159224140.0,3807.0,50,3806.0,875
rb1805,20171115,20171114,210051000,3807.0,30642,2149906,1166760420.0,3807.0,47,3806.0,797
rb1805,20171115,20171114,210051500,3806.0,30776,2150018,1171861580.0,3807.0,14,3806.0,790
rb1805,20171115,20171114,210052000,3806.0,30912,2150098,1177039280.0,3807.0,2,3806.0,761
rb1805,20171115,20171114,210052500,3807.0,31030,2150104,1181530440.0,3808.0,139,3807.0,29
rb1805,20171115,20171114,210053000,3807.0,31172,2150064,1186936220.0,3808.0,135,3807.0,76
rb1805,20171115,20171114,210053500,3807.0,31228,2150062,1189068360.0,3808.0,139,3807.0,91
rb1805,20171115,20171114,210054000,3807.0,31306,2150072,1192038040.0,3808.0,131,3807.0,73
rb1805,20171115,20171114,210054500,3807.0,31340,2150076,1193332420.0,3808.0,169,3807.0,66
rb1805,20171115,20171114,210055000,3808.0,31498,2150158,1199347840.0,3808.0,166,3807.0,7
rb1805,20171115,20171114,210055500,3807.0,31802,2150172,1210921020.0,3807.0,54,3806.0,407
rb1805,20171115,20171114,210056000,3807.0,31814,2150182,1211377860.0,3807.0,117,3806.0,428
rb1805,20171115,20171114,210056500,3806.0,32218,2150248,1226754860.0,3807.0,209,3806.0,272
rb1805,20171115,20171114,210057000,3807.0,32378,2150250,1232844820.0,3807.0,293,3806.0,206
rb1805,20171115,20171114,210057500,3806.0,32814,2150318,1249439080.0,3806.0,216,3805.0,349
rb1805,20171115,20171114,210058000,3805.0,33284,2150348,1267327160.0,3806.0,17,3805.0,344
rb1805,20171115,20171114,210058500,3806.0,33418,2150398,1272426960.0,3806.0,3,3805.0,354
rb1805,20171115,20171114,210059000,3806.0,33650,2150520,1281259080.0,3807.0,117,3806.0,298
rb1805,20171115,20171114,210059500,3806.0,33730,2150468,1284303920.0,3807.0,110,3806.0,662
rb1805,20171115,20171114,210100000,3806.0,33814,2150524,1287501620.0,3807.0,78,3806.0,682
rb1805,20171115,20171114,210100500,3807.0,34026,2150592,1295571860.0,3807.0,16,3806.0,657
rb1805,20171115,20171114,210101000,3807.0,34098,2150572,1298312900.0,3808.0,236,3807.0,60
rb1805,20171115,20171114,210101500,3807.0,34152,2150558,1300368880.0,3808.0,235,3807.0,47
rb1805,20171115,20171114,210102000,3807.0,34232,2150574,1303414480.0,3808.0,237,3807.0,17
rb1805,20171115,20171114,210102500,3808.0,34316,2150618,1306612700.0,3808.0,221,3807.0,12
rb1805,20171115,20171114,210103000,3807.0,34420,2150690,1310572680.0,3808.0,197,3807.0,26
rb1805,20171115,20171114,210103500,3807.0,34464,2150730,1312247780.0,3808.0,196,3807.0,11
rb1805,20171115,20171114,210104000,3807.0,34472,2150732,1312552380.0,3808.0,195,3807.0,10
rb1805,20171115,20171114,210104500,3808.0,34690,2150612,1320850420.0,3808.0,263,3807.0,6
rb1805,20171115,20171114,210105000,3807.0,34722,2150606,1322068660.0,3807.0,101,3806.0,708
rb1805,20171115,20171114,210105500,3806.0,34954,2150572,1330900900.0,3807.0,13,3806.0,502
rb1805,20171115,20171114,210106000,3807.0,34998,2150554,1332575980.0,3808.0,278,3807.0,283
rb1805,20171115,20171114,210106500,3808.0,35592,2150124,1355189640.0,3808.0,299,3806.0,514
rb1805,20171115,20171114,210107000,3808.0,35620,2150134,1356255740.0,3808.0,308,3807.0,3
rb1805,20171115,20171114,210107500,3807.0,35668,2150116,1358083100.0,3807.0,112,3806.0,526
rb1805,20171115,20171114,210108000,3807.0,35708,2150102,1359605880.0,3807.0,227,3806.0,526
rb1805,20171115,20171114,210108500,3806.0,35856,2150048,1365238860.0,3807.0,265,3806.0,455
rb1805,20171115,20171114,210109000,3806.0,36826,2150226,1402157440.0,3806.0,118,3805.0,410
rb1805,20171115,20171114,210109500,3806.0,37220,2150318,1417149460.0,3806.0,209,3805.0,238
rb1805,20171115,20171114,210110000,3805.0,37304,2150376,1420345800.0,3806.0,327,3805.0,198
rb1805,20171115,20171114,210110500,3805.0,37846,2150342,1440973260.0,3806.0,48,3805.0,176
rb1805,20171115,20171114,210111000,3805.0,37924,2150312,1443941380.0,3806.0,95,3805.0,189
rb1805,20171115,20171114,210111500,3806.0,38150,2150308,1452542940.0,3807.0,126,3806.0,64
rb1805,20171115,20171114,210112000,3806.0,38416,2150400,1462665940.0,3806.0,40,3805.0,153
rb1805,20171115,20171114,210112500,3805.0,38472,2150436,1464797120.0,3806.0,21,3805.0,151
rb1805,20171115,20171114,210113000,3806.0,38516,2150466,1466471760.0,3806.0,82,3805.0,153
rb1805,20171115,20171114,210113500,3805.0,38600,2150518,1469668240.0,3806.0,78,3805.0,125
rb1805,20171115,20171114,210114000,3805.0,38620,2150532,1470429300.0,3806.0,77,3805.0,120
rb1805,20171115,20171114,210114500,3805.0,38770,2150562,1476137160.0,3806.0,81,3805.0,63
rb1805,20171115,20171114,210115000,3804.0,38916,2150590,1481692420.0,3805.0,11,3804.0,142
rb1805,20171115,20171114,210115500,3805.0,39016,2150642,1485497200.0,3805.0,112,3804.0,142
rb1805,20171115,20171114,210116000,3804.0,39180,2150668,1491737180.0,3805.0,48,3804.0,144
rb1805,20171115,20171114,210116500,3804.0,39440,2150778,1501627580.0,3805.0,74,3804.0,30
rb1805,20171115,20171114,210117000,3805.0,39554,2150818,1505964280.0,3805.0,69,3803.0,268
rb1805,20171115,20171114,210117500,3804.0,39682,2150856,1510832740.0,3804.0,6,3803.0,275
rb1805,20171115,20171114,210118000,3805.0,39966,2150808,1521638360.0,3806.0,179,3805.0,65
rb1805,20171115,20171114,210118500,3805.0,40114,2150804,1527269860.0,3806.0,174,3805.0,51
rb1805,20171115,20171114,210119000,3805.0,40216,2150788,1531151000.0,3806.0,164,3805.0,49
rb1805,20171115,20171114,210119500,3805.0,40264,2150786,1532977400.0,3806.0,166,3805.0,20
rb1805,20171115,20171114,210120000,3805.0,40730,2150470,1550711140.0,3805.0,25,3804.0,89
rb1805,20171115,20171114,210120500,3806.0,40866,2150424,1555886240.0,3806.0,43,3805.0,49
rb1805,20171115,20171114,210121000,3805.0,40956,2150412,1559310760.0,3806.0,73,3805.0,8
rb1805,20171115,20171114,210121500,3805.0,41114,2150292,1565322200.0,3806.0,141,3805.0,141
rb1805,20171115,20171114,210122000,3806.0,41318,2150238,1573086400.0,3807.0,213,3806.0,101
rb1805,20171115,20171114,210122500,3806.0,41346,2150230,1574152080.0,3807.0,215,3806.0,95
rb1805,20171115,20171114,210123000,3806.0,41414,2150190,1576740160.0,3807.0,221,3806.0,63
rb1805,20171115,20171114,210123500,3806.0,41458,2150168,1578414820.0,3807.0,220,3806.0,128
rb1805,20171115,20171114,210124000,3807.0,41486,2150158,1579480600.0,3807.0,211,3806.0,123
rb1805,20171115,20171114,210124500,3807.0,41920,2150000,1596002880.0,3808.0,555,3807.0,148
rb1805,20171115,20171114,210125000,3808.0,41942,2149998,1596840440.0,3808.0,554,3807.0,143
rb1805,20171115,20171114,210125500,3807.0,41960,2149998,1597525780.0,3808.0,561,3807.0,194
rb1805,20171115,20171114,210126000,3807.0,42080,2149956,1602095100.0,3808.0,523,3807.0,186
rb1805,20171115,20171114,210126500,3807.0,42146,2149926,1604607740.0,3808.0,545,3807.0,163
rb1805,20171115,20171114,210127000,3807.0,42152,2149926,1604836160.0,3808.0,582,3807.0,163
rb1805,20171115,20171114,210127500,3807.0,42168,2149918,1605445300.0,3808.0,583,3807.0,162
rb1805,20171115,20171114,210128000,3807.0,42258,2149870,1608871620.0,3808.0,559,3807.0,119
rb1805,20171115,20171114,210128500,3807.0,42330,2149834,1611612980.0,3808.0,589,3807.0,100
rb1805,20171115,20171114,210129000,3807.0,42370,2149808,1613135800.0,3808.0,611,3807.0,84
rb1805,20171115,20171114,210129500,3807.0,42500,2149816,1618084900.0,3808.0,615,3807.0,23
rb1805,20171115,20171114,210130000,3807.0,42624,2149820,1622805580.0,3807.0,76,3806.0,172
rb1805,20171115,20171114,210130500,3806.0,42660,2149836,1624176060.0,3807.0,99,3806.0,180
rb1805,20171115,20171114,210131000,3807.0,42700,2149830,1625698740.0,3807.0,107,3806.0,115
rb1805,20171115,20171114,210131500,3806.0,42708,2149834,1626003260.0,3807.0,115,3806.0,113
rb1805,20171115,20171114,210132000,3806.0,42756,2149854,1627830480.0,3807.0,102,3806.0,111
rb1805,20171115,20171114,210132500,3807.0,42774,2149866,1628515700.0,3807.0,105,3806.0,116
rb1805,20171115,20171114,210133000,3807.0,42802,2149846,1629581400.0,3807.0,121,3806.0,106
rb1805,20171115,20171114,210133500,3806.0,43052,2149918,1639096280.0,3806.0,133,3805.0,200
rb1805,20171115,20171114,210134000,3806.0,43058,2149920,1639324640.0,3806.0,172,3805.0,154
rb1805,20171115,20171114,210134500,3805.0,43076,2149934,1640009660.0,3806.0,167,3805.0,126
rb1805,20171115,20171114,210135000,3806.0,43752,2150040,1665732980.0,3805.0,1,3804.0,253
rb1805,20171115,20171114,210135500,3804.0,43810,2150034,1667939860.0,3805.0,8,3804.0,255
rb1805,20171115,20171114,210136000,3805.0,43924,2149932,1672277240.0,3806.0,83,3805.0,57
rb1805,20171115,20171114,210136500,3806.0,43954,2149914,1673418800.0,3806.0,86,3805.0,48
rb1805,20171115,20171114,210137000,3805.0,44164,2150044,1681411460.0,3807.0,784,3806.0,3
rb1805,20171115,20171114,210137500,3806.0,44202,2150032,1682857740.0,3807.0,776,3806.0,186
rb1805,20171115,20171114,210138000,3806.0,44294,2149978,1686359520.0,3807.0,769,3806.0,167
rb1805,20171115,20171114,210138500,3806.0,44314,2149970,1687120740.0,3807.0,759,3806.0,207
rb1805,20171115,20171114,210139000,3806.0,44358,2149940,1688795400.0,3807.0,758,3806.0,207
rb1805,20171115,20171114,210139500,3806.0,44366,2149938,1689099880.0,3807.0,761,3806.0,208
rb1805,20171115,20171114,210140000,3806.0,44406,2149936,1690622500.0,3807.0,725,3806.0,199
rb1805,20171115,20171114,210140500,3806.0,44474,2149936,1693210580.0,3807.0,724,3806.0,168
rb1805,20171115,20171114,210141000,3806.0,44510,2149936,1694580820.0,3807.0,739,3806.0,154
rb1805,20171115,20171114,210141500,3806.0,44514,2149936,1694733060.0,3807.0,741,3806.0,155
rb1805,20171115,20171114,210142000,3807.0,44602,2149972,1698082960.0,3807.0,742,3806.0,151
rb1805,20171115,20171114,210142500,3806.0,44646,2149972,1699757660.0,3807.0,746,3806.0,131
rb1805,20171115,20171114,210143000,3806.0,44666,2149966,1700518880.0,3807.0,752,3806.0,124
rb1805,20171115,20171114,210143500,3806.0,44720,2149994,1702574420.0,3807.0,737,3806.0,116
rb1805,20171115,20171114,210144000,3806.0,44738,2149998,1703259500.0,3807.0,737,3806.0,111
rb1805,20171115,20171114,210144500,3806.0,44778,2149990,1704781980.0,3807.0,733,3806.0,147
rb1805,20171115,20171114,210145000,3806.0,44788,2149996,1705162640.0,3807.0,731,3806.0,165
rb1805,20171115,20171114,210145500,3806.0,44824,2150024,1706533080.0,3807.0,719,3806.0,373
rb1805,20171115,20171114,210146000,3806.0,44844,2150026,1707294320.0,3807.0,715,3806.0,418
rb1805,20171115,20171114,210146500,3806.0,44942,2149958,1711025060.0,3807.0,685,3806.0,416
rb1805,20171115,20171114,210147000,3806.0,44986,2149930,1712700000.0,3807.0,670,3806.0,419
rb1805,20171115,20171114,210147500,3806.0,45244,2149972,1722519540.0,3807.0,670,3806.0,305
rb1805,20171115,20171114,210148000,3806.0,45282,2149994,1723965860.0,3807.0,680,3806.0,290
rb1805,20171115,20171114,210148500,3806.0,45466,2149922,1730969080.0,3807.0,672,3806.0,209
rb1805,20171115,20171114,210149000,3806.0,45480,2149914,1731501920.0,3807.0,681,3806.0,211
rb1805,20171115,20171114,210149500,3806.0,45886,2150194,1746958300.0,3807.0,482,3806.0,214
rb1805,20171115,20171114,210150000,3806.0,45946,2150194,1749241920.0,3807.0,480,3806.0,186
rb1805,20171115,20171114,210150500,3807.0,46000,2150144,1751297580.0,3807.0,461,3806.0,181
rb1805,20171115,20171114,210151000,3806.0,46070,2150140,1753961820.0,3807.0,459,3806.0,214
rb1805,20171115,20171114,210151500,3806.0,46146,2150130,1756855060.0,3807.0,426,3806.0,211
rb1805,20171115,20171114,210152000,3806.0,46184,2150124,1758301680.0,3807.0,419,3806.0,219
rb1805,20171115,20171114,210152500,3807.0,46254,2150080,1760966560.0,3807.0,395,3806.0,224
rb1805,20171115,20171114,210153000,3806.0,46326,2150058,1763707580.0,3807.0,361,3806.0,208
rb1805,20171115,20171114,210153500,3807.0,46346,2150054,1764468900.0,3807.0,357,3806.0,230
rb1805,20171115,20171114,210154000,3807.0,46440,2150012,1768047260.0,3807.0,321,3806.0,224
rb1805,20171115,20171114,210154500,3807.0,46446,2150008,1768275680.0,3807.0,318,3806.0,235
rb1805,20171115,20171114,210155000,3806.0,46476,2150006,1769417660.0,3807.0,312,3806.0,229
rb1805,20171115,20171114,210155500,3806.0,46534,2149990,1771625460.0,3807.0,296,3806.0,211
rb1805,20171115,20171114,210156000,3807.0,46548,2149986,1772158380.0,3807.0,293,3806.0,209
rb1805,20171115,20171114,210156500,3806.0,46566,2149970,1772843580.0,3807.0,314,3806.0,196
rb1805,20171115,20171114,210157000,3807.0,46752,2149906,1779922880.0,3807.0,310,3806.0,61
rb1805,20171115,20171114,210157500,3807.0,46966,2149810,1788069760.0,3807.0,208,3806.0,53
rb1805,20171115,20171114,210158000,3807.0,47132,2149920,1794388680.0,3807.0,161,3806.0,32
rb1805,20171115,20171114,210158500,3807.0,47234,2149936,1798271680.0,3807.0,121,3806.0,276
rb1805,20171115,20171114,210159000,3807.0,47542,2149892,1809997240.0,3808.0,788,3807.0,5
rb1805,20171115,20171114,210159500,3807.0,47558,2149898,1810606360.0,3808.0,793,3807.0,6
rb1805,20171115,20171114,210200000,3807.0,47736,2149802,1817384220.0,3808.0,727,3807.0,16
rb1805,20171115,20171114,210200500,3807.0,47882,2149832,1822942500.0,3808.0,736,3807.0,77
rb1805,20171115,20171114,210201000,3807.0,48032,2149934,1828653000.0,3808.0,742,3807.0,8
rb1805,20171115,20171114,210201500,3807.0,48050,2149932,1829338260.0,3807.0,21,3806.0,255
rb1805,20171115,20171114,210202000,3807.0,48058,2149932,1829642820.0,3807.0,90,3806.0,256
rb1805,20171115,20171114,210202500,3806.0,48066,2149930,1829947360.0,3807.0,128,3806.0,255
rb1805,20171115,20171114,210203000,3807.0,48068,2149928,1830023500.0,3807.0,148,3806.0,255
rb1805,20171115,20171114,210203500,3807.0,48082,2149928,1830556460.0,3807.0,163,3806.0,257
rb1805,20171115,20171114,210204000,3806.0,48130,2149918,1832383700.0,3807.0,170,3806.0,234
rb1805,20171115,20171114,210204500,3807.0,48148,2149922,1833068960.0,3807.0,168,3806.0,237
rb1805,20171115,20171114,210205000,3806.0,48160,2149922,1833525700.0,3807.0,170,3806.0,231
rb1805,20171115,20171114,210205500,3806.0,48166,2149924,1833754080.0,3807.0,261,3806.0,234
rb1805,20171115,20171114,210206000,3807.0,48234,2149970,1836342800.0,3807.0,236,3806.0,255
rb1805,20171115,20171114,210206500,3806.0,48238,2149972,1836495040.0,3807.0,268,3806.0,255
rb1805,20171115,20171114,210207000,3807.0,48310,2149966,1839235860.0,3807.0,255,3806.0,294
rb1805,20171115,20171114,210207500,3806.0,48396,2149932,1842509820.0,3807.0,221,3806.0,341
rb1805,20171115,20171114,210208000,3806.0,48446,2149952,1844413080.0,3807.0,213,3806.0,340
rb1805,20171115,20171114,210208500,3806.0,48478,2149958,1845631240.0,3807.0,207,3806.0,336
rb1805,20171115,20171114,210209000,3807.0,48486,2149958,1845935800.0,3807.0,205,3806.0,337
rb1805,20171115,20171114,210209500,3807.0,48496,2149956,1846316440.0,3807.0,242,3806.0,335
rb1805,20171115,20171114,210210000,3807.0,48498,2149954,1846392580.0,3807.0,242,3806.0,389
rb1805,20171115,20171114,210210500,3806.0,48508,2149954,1846773180.0,3807.0,245,3806.0,398
rb1805,20171115,20171114,210211000,3807.0,48528,2149966,1847534580.0,3807.0,241,3806.0,398
rb1805,20171115,20171114,210211500,3807.0,48556,2149968,1848600480.0,3807.0,230,3806.0,395
rb1805,20171115,20171114,210212000,3807.0,48564,2149964,1848904980.0,3807.0,231,3806.0,392
rb1805,20171115,20171114,210212500,3807.0,48612,2149966,1850732320.0,3807.0,218,3806.0,391
rb1805,20171115,20171114,210213000,3807.0,48620,2149960,1851036840.0,3807.0,221,3806.0,405
rb1805,20171115,20171114,210213500,3807.0,48692,2149954,1853777260.0,3807.0,217,3806.0,376
rb1805,20171115,20171114,210214000,3807.0,48718,2149934,1854766940.0,3807.0,219,3806.0,370
rb1805,20171115,20171114,210214500,3807.0,48766,2149934,1856594300.0,3807.0,196,3806.0,373
rb1805,20171115,20171114,210215000,3807.0,48774,2149932,1856898840.0,3807.0,197,3806.0,375
rb1805,20171115,20171114,210215500,3807.0,48792,2149932,1857584000.0,3807.0,218,3806.0,372
rb1805,20171115,20171114,210216000,3807.0,48836,2149954,1859259020.0,3807.0,205,3806.0,371
rb1805,20171115,20171114,210216500,3807.0,48876,2149956,1860781720.0,3807.0,193,3806.0,469
rb1805,20171115,20171114,210217000,3807.0,48900,2149970,1861695380.0,3807.0,182,3806.0,468
rb1805,20171115,20171114,210217500,3807.0,48938,2149946,1863141800.0,3807.0,181,3806.0,456
rb1805,20171115,20171114,210218000,3806.0,48946,2149942,1863446320.0,3807.0,179,3806.0,464
rb1805,20171115,20171114,210218500,3807.0,48988,2149932,1865044980.0,3807.0,171,3806.0,455
rb1805,20171115,20171114,210219000,3807.0,49052,2149936,1867481460.0,3807.0,149,3806.0,462
rb1805,20171115,20171114,210219500,3806.0,49068,2149928,1868090460.0,3807.0,177,3806.0,455
rb1805,20171115,20171114,210220000,3806.0,49070,2149926,1868166580.0,3807.0,186,3806.0,454
rb1805,20171115,20171114,210220500,3807.0,49176,2149852,1872201180.0,3807.0,176,3806.0,413
rb1805,20171115,20171114,210221000,3806.0,49194,2149846,1872886400.0,3807.0,179,3806.0,423
rb1805,20171115,20171114,210221500,3807.0,49198,2149844,1873038660.0,3807.0,187,3806.0,423
rb1805,20171115,20171114,210222000,3807.0,49204,2149842,1873267080.0,3807.0,191,3806.0,423
rb1805,20171115,20171114,210222500,3806.0,49228,2149838,1874180520.0,3807.0,209,3806.0,416
rb1805,20171115,20171114,210223000,3806.0,49304,2149794,1877073220.0,3807.0,214,3806.0,385
rb1805,20171115,20171114,210223500,3806.0,49320,2149800,1877682260.0,3807.0,210,3806.0,383
rb1805,20171115,20171114,210224000,3806.0,49330,2149800,1878062860.0,3807.0,222,3806.0,379
rb1805,20171115,20171114,210224500,3806.0,49460,2149920,1883010660.0,3807.0,225,3806.0,318
rb1805,20171115,20171114,210225000,3806.0,49584,2149824,1887730120.0,3807.0,226,3806.0,252
rb1805,20171115,20171114,210225500,3806.0,49606,2149820,1888567440.0,3807.0,290,3806.0,244
rb1805,20171115,20171114,210226000,3806.0,49616,2149818,1888948040.0,3807.0,320,3806.0,292
rb1805,20171115,20171114,210226500,3806.0,49710,2149776,1892525900.0,3807.0,383,3806.0,257
rb1805,20171115,20171114,210227000,3807.0,49716,2149776,1892754300.0,3807.0,382,3806.0,257
rb1805,20171115,20171114,210227500,3806.0,49734,2149768,1893439380.0,3807.0,381,3806.0,249
rb1805,20171115,20171114,210228000,3806.0,49792,2149758,1895647300.0,3807.0,360,3806.0,240
rb1805,20171115,20171114,210228500,3806.0,49802,2149764,1896027900.0,3807.0,369,3806.0,240
rb1805,20171115,20171114,210229000,3806.0,49826,2149782,1896941400.0,3807.0,366,3806.0,281
rb1805,20171115,20171114,210229500,3807.0,49926,2149706,1900748400.0,3807.0,317,3806.0,284
rb1805,20171115,20171114,210230000,3806.0,49952,2149718,1901737960.0,3807.0,318,3806.0,273
rb1805,20171115,20171114,210230500,3807.0,49984,2149728,1902955980.0,3807.0,363,3806.0,262
rb1805,20171115,20171114,210231000,3807.0,50036,2149762,1904935600.0,3807.0,340,3806.0,216
rb1805,20171115,20171114,210231500,3806.0,50048,2149760,1905392320.0,3807.0,352,3806.0,231
rb1805,20171115,20171114,210232000,3806.0,50080,2149762,1906610300.0,3807.0,358,3806.0,235
rb1805,20171115,20171114,210232500,3807.0,50090,2149764,1906990980.0,3807.0,355,3806.0,234
rb1805,20171115,20171114,210233000,3806.0,50120,2149762,1908132960.0,3807.0,346,3806.0,229
rb1805,20171115,20171114,210233500,3806.0,50122,2149760,1908209080.0,3807.0,353,3806.0,235
rb1805,20171115,20171114,210234000,3807.0,50156,2149774,1909503320.0,3807.0,343,3806.0,229
rb1805,20171115,20171114,210234500,3806.0,50172,2149768,1910112360.0,3807.0,370,3806.0,230
rb1805,20171115,20171114,210235000,3806.0,50188,2149760,1910721420.0,3807.0,366,3806.0,228
rb1805,20171115,20171114,210235500,3806.0,50422,2149580,1919627540.0,3807.0,362,3806.0,123
rb1805,20171115,20171114,210236000,3806.0,50636,2149622,1927772440.0,3807.0,377,3806.0,22
rb1805,20171115,20171114,210236500,3806.0,50798,2149546,1933937280.0,3806.0,18,3805.0,351
rb1805,20171115,20171114,210237000,3806.0,50848,2149586,1935840260.0,3806.0,27,3805.0,360
rb1805,20171115,20171114,210237500,3806.0,50900,2149638,1937819380.0,3806.0,3,3805.0,362
rb1805,20171115,20171114,210238000,3806.0,50944,2149650,1939494020.0,3806.0,13,3805.0,368
rb1805,20171115,20171114,210238500,3806.0,51000,2149694,1941625360.0,3806.0,37,3805.0,367
rb1805,20171115,20171114,210239000,3806.0,51020,2149696,1942386540.0,3806.0,29,3805.0,363
rb1805,20171115,20171114,210239500,3805.0,51036,2149696,1942995360.0,3806.0,52,3805.0,377
rb1805,20171115,20171114,210240000,3806.0,51174,2149670,1948247540.0,3807.0,368,3806.0,438
rb1805,20171115,20171114,210240500,3807.0,51218,2149696,1949922580.0,3807.0,343,3806.0,501
rb1805,20171115,20171114,210241000,3807.0,51528,2149480,1961723960.0,3807.0,140,3806.0,510
rb1805,20171115,20171114,210241500,3807.0,51910,2149736,1976266720.0,3808.0,571,3807.0,741
rb1805,20171115,20171114,210242000,3808.0,52234,2149712,1988604560.0,3808.0,408,3807.0,803
rb1805,20171115,20171114,210242500,3808.0,53164,2149918,2024018800.0,3809.0,429,3808.0,85
rb1805,20171115,20171114,210243000,3809.0,53238,2149920,2026837100.0,3809.0,355,3808.0,116
rb1805,20171115,20171114,210243500,3808.0,53378,2150042,2032169600.0,3809.0,288,3808.0,119
rb1805,20171115,20171114,210244000,3808.0,53392,2150044,2032702780.0,3809.0,279,3808.0,166
rb1805,20171115,20171114,210244500,3809.0,53428,2150060,2034073960.0,3809.0,265,3808.0,168
rb1805,20171115,20171114,210245000,3808.0,53548,2150112,2038644260.0,3809.0,233,3808.0,147
rb1805,20171115,20171114,210245500,3808.0,53558,2150102,2039025060.0,3809.0,235,3808.0,169
rb1805,20171115,20171114,210246000,3808.0,53580,2150108,2039862900.0,3809.0,266,3808.0,154
rb1805,20171115,20171114,210246500,3808.0,53926,2149904,2053042000.0,3809.0,114,3808.0,152
rb1805,20171115,20171114,210247000,3809.0,53930,2149904,2053194360.0,3809.0,146,3808.0,163
rb1805,20171115,20171114,210247500,3809.0,54146,2150024,2061421420.0,3809.0,58,3808.0,149
rb1805,20171115,20171114,210248000,3809.0,54286,2150028,2066753620.0,3809.0,43,3808.0,134
rb1805,20171115,20171114,210248500,3809.0,54388,2150100,2070638680.0,3809.0,8,3808.0,128
rb1805,20171115,20171114,210249000,3809.0,54486,2150146,2074371440.0,3810.0,1100,3809.0,40
rb1805,20171115,20171114,210249500,3809.0,54568,2150082,2077494860.0,3810.0,1141,3809.0,55
rb1805,20171115,20171114,210250000,3810.0,54574,2150080,2077723420.0,3810.0,1146,3809.0,64
rb1805,20171115,20171114,210250500,3809.0,54692,2150094,2082218880.0,3810.0,1106,3809.0,52
rb1805,20171115,20171114,210251000,3810.0,54746,2150090,2084276200.0,3810.0,1085,3809.0,77
rb1805,20171115,20171114,210251500,3809.0,55102,2150004,2097837400.0,3809.0,1,3808.0,149
rb1805,20171115,20171114,210252000,3808.0,55142,2150026,2099361240.0,3810.0,1007,3808.0,156
rb1805,20171115,20171114,210252500,3809.0,55178,2150048,2100732280.0,3809.0,6,3808.0,138
rb1805,20171115,20171114,210253000,3809.0,55438,2150056,2110638000.0,3810.0,891,3809.0,12
rb1805,20171115,20171114,210253500,3808.0,55536,2150136,2114370700.0,3809.0,24,3808.0,128
rb1805,20171115,20171114,210254000,3808.0,55584,2150156,2116198980.0,3809.0,5,3808.0,144
rb1805,20171115,20171114,210254500,3809.0,55610,2150148,2117189240.0,3809.0,3,3808.0,143
rb1805,20171115,20171114,210255000,3809.0,55630,2150158,2117951060.0,3810.0,908,3808.0,149
rb1805,20171115,20171114,210255500,3810.0,55692,2150206,2120313200.0,3810.0,891,3809.0,7
rb1805,20171115,20171114,210256000,3810.0,55702,2150214,2120694180.0,3810.0,898,3809.0,44
rb1805,20171115,20171114,210256500,3809.0,55712,2150216,2121075080.0,3810.0,895,3809.0,64
rb1805,20171115,20171114,210257000,3810.0,55834,2150228,2125722400.0,3810.0,881,3809.0,92
rb1805,20171115,20171114,210257500,3809.0,56046,2150378,2133799500.0,3810.0,782,3809.0,87
rb1805,20171115,20171114,210258000,3809.0,56138,2150422,2137304080.0,3810.0,771,3809.0,66
rb1805,20171115,20171114,210258500,3809.0,56178,2150416,2138827920.0,3810.0,817,3809.0,80
rb1805,20171115,20171114,210259000,3810.0,56278,2150444,2142637200.0,3810.0,807,3809.0,59
rb1805,20171115,20171114,210259500,3809.0,56334,2150424,2144770480.0,3810.0,795,3809.0,45
rb1805,20171115,20171114,210300000,3810.0,56366,2150442,2145989460.0,3810.0,792,3809.0,32
rb1805,20171115,20171114,210300500,3809.0,56422,2150456,2148122820.0,3810.0,790,3809.0,33
rb1805,20171115,20171114,210301000,3809.0,56548,2150484,2152922860.0,3810.0,755,3809.0,7
rb1805,20171115,20171114,210301500,3809.0,56590,2150468,2154522960.0,3810.0,742,3809.0,12
rb1805,20171115,20171114,210302000,3810.0,56660,2150452,2157189700.0,3810.0,730,3809.0,1
rb1805,20171115,20171114,210302500,3810.0,56690,2150446,2158332540.0,3810.0,726,3809.0,50
rb1805,20171115,20171114,210303000,3810.0,56746,2150460,2160465720.0,3809.0,4,3808.0,261
rb1805,20171115,20171114,210303500,3809.0,56900,2150464,2166331800.0,3809.0,17,3808.0,261
rb1805,20171115,20171114,210304000,3809.0,57120,2150394,2174712620.0,3809.0,37,3808.0,263
rb1805,20171115,20171114,210304500,3809.0,57156,2150394,2176083860.0,3809.0,147,3808.0,263
rb1805,20171115,20171114,210305000,3809.0,57266,2150324,2180273520.0,3809.0,144,3808.0,780
rb1805,20171115,20171114,210305500,3809.0,57682,2150256,2196118220.0,3809.0,14,3808.0,749
rb1805,20171115,20171114,210306000,3809.0,57820,2150336,2201374260.0,3810.0,752,3809.0,23
rb1805,20171115,20171114,210306500,3809.0,57922,2150398,2205259320.0,3809.0,179,3808.0,727
rb1805,20171115,20171114,210307000,3809.0,58104,2150422,2212191680.0,3809.0,126,3808.0,726
rb1805,20171115,20171114,210307500,3809.0,58110,2150426,2212420180.0,3809.0,178,3808.0,734
rb1805,20171115,20171114,210308000,3809.0,58214,2150438,2216380900.0,3809.0,96,3808.0,713
rb1805,20171115,20171114,210308500,3808.0,58232,2150446,2217066480.0,3809.0,92,3808.0,718
rb1805,20171115,20171114,210309000,3809.0,58270,2150446,2218513880.0,3809.0,64,3808.0,721
rb1805,20171115,20171114,210309500,3809.0,58304,2150464,2219808840.0,3809.0,57,3808.0,722
rb1805,20171115,20171114,210310000,3809.0,58310,2150470,2220037380.0,3809.0,96,3808.0,721
rb1805,20171115,20171114,210310500,3809.0,58536,2150522,2228644000.0,3809.0,72,3808.0,1035
rb1805,20171115,20171114,210311000,3809.0,58858,2150564,2240909200.0,3809.0,8,3808.0,1020
rb1805,20171115,20171114,210311500,3809.0,58932,2150624,2243727840.0,3810.0,740,3809.0,12
rb1805,20171115,20171114,210312000,3810.0,58962,2150636,2244870620.0,3810.0,741,3809.0,13
rb1805,20171115,20171114,210312500,3809.0,59178,2150444,2253100080.0,3810.0,643,3809.0,46
rb1805,20171115,20171114,210313000,3809.0,59300,2150448,2257748240.0,3810.0,584,3809.0,65
rb1805,20171115,20171114,210313500,3809.0,59342,2150426,2259348260.0,3810.0,568,3809.0,106
rb1805,20171115,20171114,210314000,3809.0,59380,2150416,2260795920.0,3810.0,563,3809.0,146
rb1805,20171115,20171114,210314500,3809.0,59482,2150414,2264681940.0,3810.0,541,3809.0,191
rb1805,20171115,20171114,210315000,3809.0,59512,2150438,2265824680.0,3810.0,551,3809.0,200
rb1805,20171115,20171114,210315500,3809.0,59546,2150458,2267119800.0,3810.0,555,3809.0,208
rb1805,20171115,20171114,210316000,3810.0,59652,2150500,2271158360.0,3810.0,505,3809.0,222
rb1805,20171115,20171114,210316500,3810.0,59796,2150538,2276643680.0,3810.0,519,3809.0,177
rb1805,20171115,20171114,210317000,3810.0,60594,2150920,2307047460.0,3810.0,123,3809.0,187
rb1805,20171115,20171114,210317500,3810.0,60854,2151096,2316953460.0,3811.0,221,3810.0,107
rb1805,20171115,20171114,210318000,3811.0,60914,2151066,2319239560.0,3811.0,222,3810.0,124
rb1805,20171115,20171114,210318500,3811.0,61088,2151134,2325870600.0,3811.0,143,3810.0,162
rb1805,20171115,20171114,210319000,3810.0,61100,2151134,2326327880.0,3811.0,137,3810.0,190
rb1805,20171115,20171114,210319500,3810.0,61144,2151126,2328004540.0,3811.0,124,3810.0,192
rb1805,20171115,20171114,210320000,3810.0,61212,2151126,2330595660.0,3811.0,129,3810.0,210
rb1805,20171115,20171114,210320500,3811.0,61228,2151130,2331205300.0,3811.0,132,3810.0,187
rb1805,20171115,20171114,210321000,3811.0,61278,2151144,2333110740.0,3811.0,114,3810.0,184
rb1805,20171115,20171114,210321500,3810.0,61352,2151136,2335930760.0,3811.0,85,3810.0,180
rb1805,20171115,20171114,210322000,3811.0,61368,2151144,2336540480.0,3811.0,87,3810.0,184
rb1805,20171115,20171114,210322500,3810.0,61520,2151120,2342332160.0,3811.0,87,3810.0,133
rb1805,20171115,20171114,210323000,3811.0,61686,2151186,2348658320.0,3811.0,29,3810.0,131
rb1805,20171115,20171114,210323500,3811.0,61928,2151090,2357880940.0,3812.0,937,3811.0,16
rb1805,20171115,20171114,210324000,3811.0,61998,2151098,2360548740.0,3812.0,926,3811.0,37
rb1805,20171115,20171114,210324500,3811.0,62044,2151092,2362301840.0,3812.0,930,3811.0,19
rb1805,20171115,20171114,210325000,3811.0,62062,2151094,2362987820.0,3812.0,931,3811.0,11
rb1805,20171115,20171114,210325500,3812.0,62072,2151098,2363368960.0,3812.0,930,3811.0,11
rb1805,20171115,20171114,210326000,3811.0,62260,2151124,2370535340.0,3812.0,852,3811.0,7
rb1805,20171115,20171114,210326500,3811.0,62378,2151122,2375032840.0,3812.0,827,3811.0,20
rb1805,20171115,20171114,210327000,3811.0,62448,2151138,2377700900.0,3812.0,809,3811.0,31
rb1805,20171115,20171114,210327500,3812.0,62506,2151148,2379911620.0,3812.0,808,3811.0,54
rb1805,20171115,20171114,210328000,3811.0,62626,2151158,2384484880.0,3811.0,6,3810.0,177
rb1805,20171115,20171114,210328500,3812.0,62698,2151176,2387229000.0,3812.0,803,3811.0,28
rb1805,20171115,20171114,210329000,3811.0,62764,2151226,2389744680.0,3812.0,783,3811.0,23
rb1805,20171115,20171114,210329500,3812.0,62780,2151232,2390354540.0,3812.0,792,3811.0,22
rb1805,20171115,20171114,210330000,3811.0,62798,2151248,2391040560.0,3812.0,777,3811.0,41
rb1805,20171115,20171114,210330500,3811.0,63006,2151212,2398969220.0,3812.0,689,3811.0,46
rb1805,20171115,20171114,210331000,3812.0,63036,2151240,2400112820.0,3812.0,677,3811.0,48
rb1805,20171115,20171114,210331500,3812.0,63072,2151254,2401484820.0,3812.0,678,3811.0,72
rb1805,20171115,20171114,210332000,3812.0,63128,2151282,2403619480.0,3812.0,658,3811.0,77
rb1805,20171115,20171114,210332500,3811.0,63194,2151328,2406135320.0,3812.0,631,3811.0,79
rb1805,20171115,20171114,210333000,3812.0,63270,2151296,2409032040.0,3812.0,613,3811.0,60
rb1805,20171115,20171114,210333500,3811.0,63310,2151294,2410556680.0,3812.0,617,3811.0,53
rb1805,20171115,20171114,210334000,3811.0,63352,2151296,2412157460.0,3812.0,604,3811.0,42
rb1805,20171115,20171114,210334500,3811.0,63752,2151278,2427405260.0,3812.0,426,3811.0,37
rb1805,20171115,20171114,210335000,3812.0,63892,2151290,2432741980.0,3812.0,376,3811.0,35
rb1805,20171115,20171114,210335500,3812.0,64008,2151304,2437163680.0,3812.0,357,3811.0,96
rb1805,20171115,20171114,210336000,3812.0,64086,2151314,2440137020.0,3812.0,326,3811.0,121
rb1805,20171115,20171114,210336500,3812.0,64364,2151072,2450734300.0,3812.0,197,3811.0,119
rb1805,20171115,20171114,210337000,3812.0,64682,2151088,2462856380.0,3812.0,64,3811.0,118
rb1805,20171115,20171114,210337500,3813.0,64918,2151106,2471851780.0,3813.0,463,3812.0,65
rb1805,20171115,20171114,210338000,3813.0,65330,2150996,2487559260.0,3813.0,341,3812.0,26
rb1805,20171115,20171114,210338500,3812.0,65470,2150996,2492896680.0,3813.0,318,3812.0,48
rb1805,20171115,20171114,210339000,3813.0,65550,2151000,2495946760.0,3813.0,330,3812.0,50
rb1805,20171115,20171114,210339500,3812.0,65806,2150834,2505707900.0,3813.0,256,3812.0,62
rb1805,20171115,20171114,210340000,3813.0,66054,2150900,2515164040.0,3813.0,139,3812.0,62
rb1805,20171115,20171114,210340500,3813.0,66122,2150866,2517756760.0,3813.0,119,3812.0,65
rb1805,20171115,20171114,210341000,3812.0,66314,2150798,2525075780.0,3812.0,3,3811.0,142
rb1805,20171115,20171114,210341500,3812.0,66328,2150798,2525609460.0,3812.0,18,3811.0,142
rb1805,20171115,20171114,210342000,3812.0,66392,2150776,2528049140.0,3812.0,47,3811.0,143
rb1805,20171115,20171114,210342500,3812.0,66482,2150718,2531479140.0,3812.0,188,3811.0,103
rb1805,20171115,20171114,210343000,3812.0,66710,2150734,2540169380.0,3812.0,145,3811.0,55
rb1805,20171115,20171114,210343500,3812.0,66770,2150730,2542456520.0,3812.0,173,3811.0,59
rb1805,20171115,20171114,210344000,3812.0,66820,2150744,2544362440.0,3812.0,167,3811.0,57
rb1805,20171115,20171114,210344500,3812.0,66864,2150768,2546039600.0,3812.0,194,3811.0,56
rb1805,20171115,20171114,210345000,3812.0,66892,2150776,2547106840.0,3812.0,197,3811.0,58
rb1805,20171115,20171114,210345500,3812.0,66932,2150768,2548631580.0,3812.0,184,3811.0,80
rb1805,20171115,20171114,210346000,3811.0,66986,2150800,2550689580.0,3812.0,215,3811.0,61
rb1805,20171115,20171114,210346500,3812.0,67128,2150896,2556101360.0,3811.0,5,3810.0,240
rb1805,20171115,20171114,210347000,3811.0,67146,2150910,2556787360.0,3812.0,231,3811.0,1
rb1805,20171115,20171114,210347500,3811.0,67180,2150908,2558083080.0,3811.0,44,3810.0,219
rb1805,20171115,20171114,210348000,3810.0,67218,2150910,2559531220.0,3811.0,49,3810.0,217
rb1805,20171115,20171114,210348500,3811.0,67280,2150922,2561893920.0,3811.0,58,3810.0,214
rb1805,20171115,20171114,210349000,3811.0,67370,2150966,2565323820.0,3811.0,22,3810.0,216
rb1805,20171115,20171114,210349500,3810.0,67392,2150972,2566162100.0,3811.0,34,3810.0,210
rb1805,20171115,20171114,210350000,3810.0,67418,2150976,2567152700.0,3811.0,72,3810.0,239
rb1805,20171115,20171114,210350500,3811.0,67430,2150978,2567610000.0,3811.0,76,3810.0,238
rb1805,20171115,20171114,210351000,3810.0,67466,2150976,2568981740.0,3811.0,76,3810.0,280
rb1805,20171115,20171114,210351500,3810.0,67588,2151012,2573631040.0,3811.0,143,3810.0,283
rb1805,20171115,20171114,210352000,3810.0,67700,2151084,2577899300.0,3811.0,115,3810.0,280
rb1805,20171115,20171114,210352500,3811.0,67712,2151092,2578356580.0,3811.0,124,3810.0,279
rb1805,20171115,20171114,210353000,3811.0,67902,2151262,2585597300.0,3811.0,66,3810.0,336
rb1805,20171115,20171114,210353500,3811.0,67996,2151266,2589179500.0,3811.0,48,3810.0,332
rb1805,20171115,20171114,210354000,3810.0,68064,2151304,2591770620.0,3811.0,33,3810.0,315
rb1805,20171115,20171114,210354500,3810.0,68100,2151320,2593142520.0,3811.0,19,3810.0,314
rb1805,20171115,20171114,210355000,3811.0,68150,2151322,2595048000.0,3812.0,288,3811.0,398
rb1805,20171115,20171114,210355500,3811.0,68220,2151386,2597715700.0,3812.0,291,3811.0,390
rb1805,20171115,20171114,210356000,3811.0,68234,2151394,2598249260.0,3812.0,245,3811.0,389
rb1805,20171115,20171114,210356500,3811.0,68238,2151396,2598401700.0,3812.0,245,3811.0,389
rb1805,20171115,20171114,210357000,3812.0,68242,2151398,2598554160.0,3812.0,254,3811.0,389
rb1805,20171115,20171114,210357500,3812.0,68284,2151404,2600154900.0,3812.0,240,3811.0,376
rb1805,20171115,20171114,210358000,3811.0,68340,2151426,2602289560.0,3812.0,212,3811.0,374
rb1805,20171115,20171114,210358500,3812.0,68464,2151490,2607016340.0,3812.0,171,3811.0,375
rb1805,20171115,20171114,210359000,3812.0,68608,2151576,2612504920.0,3812.0,136,3811.0,344
rb1805,20171115,20171114,210359500,3811.0,68756,2151638,2618145800.0,3812.0,108,3811.0,302
rb1805,20171115,20171114,210400000,3812.0,68842,2151624,2621423940.0,3812.0,94,3811.0,299
rb1805,20171115,20171114,210400500,3811.0,68966,2151708,2626150480.0,3812.0,49,3811.0,281
rb1805,20171115,20171114,210401000,3813.0,69126,2151656,2632249700.0,3813.0,327,3812.0,88
rb1805,20171115,20171114,210401500,3812.0,69174,2151634,2634079560.0,3813.0,357,3812.0,87
rb1805,20171115,20171114,210402000,3812.0,69382,2151646,2642008620.0,3813.0,333,3812.0,19
rb1805,20171115,20171114,210402500,3812.0,69468,2151634,2645287020.0,3813.0,330,3812.0,48
rb1805,20171115,20171114,210403000,3812.0,69508,2151654,2646811820.0,3813.0,308,3812.0,91
rb1805,20171115,20171114,210403500,3813.0,69638,2151754,2651768380.0,3813.0,270,3812.0,78
rb1805,20171115,20171114,210404000,3812.0,69666,2151776,2652835760.0,3813.0,274,3812.0,101
rb1805,20171115,20171114,210404500,3813.0,69710,2151812,2654513220.0,3813.0,394,3812.0,129
rb1805,20171115,20171114,210405000,3812.0,69984,2151930,2664958120.0,3812.0,198,3811.0,301
rb1805,20171115,20171114,210405500,3810.0,70594,2152236,2688205200.0,3811.0,127,3810.0,387
rb1805,20171115,20171114,210406000,3811.0,70938,2152366,2701312260.0,3811.0,110,3810.0,254
rb1805,20171115,20171114,210406500,3811.0,70976,2152380,2702760220.0,3811.0,113,3810.0,244
rb1805,20171115,20171114,210407000,3811.0,71008,2152368,2703979680.0,3811.0,144,3810.0,254
rb1805,20171115,20171114,210407500,3811.0,71030,2152358,2704818080.0,3811.0,154,3810.0,254
rb1805,20171115,20171114,210408000,3811.0,71052,2152356,2705656460.0,3811.0,146,3810.0,256
rb1805,20171115,20171114,210408500,3811.0,71098,2152346,2707409500.0,3811.0,154,3810.0,256
rb1805,20171115,20171114,210409000,3810.0,71136,2152366,2708857460.0,3811.0,127,3810.0,245
rb1805,20171115,20171114,210409500,3810.0,71158,2152366,2709695740.0,3811.0,123,3810.0,251
rb1805,20171115,20171114,210410000,3810.0,71172,2152360,2710229240.0,3811.0,119,3810.0,249
rb1805,20171115,20171114,210410500,3811.0,71216,2152360,2711906060.0,3811.0,88,3810.0,249
rb1805,20171115,20171114,210411000,3811.0,71434,2152322,2720214040.0,3812.0,299,3811.0,41
rb1805,20171115,20171114,210411500,3811.0,71452,2152316,2720900020.0,3812.0,292,3811.0,570
rb1805,20171115,20171114,210412000,3812.0,71570,2152358,2725398180.0,3812.0,193,3811.0,588
rb1805,20171115,20171114,210412500,3811.0,71850,2152196,2736069500.0,3812.0,150,3811.0,476
rb1805,20171115,20171114,210413000,3812.0,72076,2152286,2744684480.0,3812.0,59,3811.0,469
rb1805,20171115,20171114,210413500,3811.0,72086,2152286,2745065660.0,3812.0,57,3811.0,495
rb1805,20171115,20171114,210414000,3811.0,72146,2152228,2747352280.0,3812.0,60,3811.0,472
rb1805,20171115,20171114,210414500,3812.0,72156,2152232,2747733460.0,3812.0,56,3811.0,483
rb1805,20171115,20171114,210415000,3812.0,72310,2152304,2753603920.0,3813.0,524,3812.0,285
rb1805,20171115,20171114,210415500,3812.0,72350,2152338,2755128720.0,3813.0,528,3812.0,275
rb1805,20171115,20171114,210416000,3812.0,72442,2152362,2758635800.0,3813.0,635,3812.0,236
rb1805,20171115,20171114,210416500,3812.0,72680,2152440,2767708360.0,3813.0,659,3812.0,119
rb1805,20171115,20171114,210417000,3811.0,72928,2152418,2777162020.0,3812.0,234,3811.0,480
rb1805,20171115,20171114,210417500,3811.0,72946,2152408,2777848060.0,3812.0,250,3811.0,471
rb1805,20171115,20171114,210418000,3811.0,72960,2152402,2778381700.0,3812.0,257,3811.0,469
rb1805,20171115,20171114,210418500,3812.0,72966,2152396,2778610380.0,3812.0,268,3811.0,468
rb1805,20171115,20171114,210419000,3812.0,72972,2152396,2778839080.0,3812.0,299,3811.0,481
rb1805,20171115,20171114,210419500,3811.0,73022,2152396,2780744580.0,3812.0,321,3811.0,457
rb1805,20171115,20171114,210420000,3811.0,73052,2152396,2781888100.0,3812.0,353,3811.0,457
rb1805,20171115,20171114,210420500,3811.0,73078,2152386,2782879060.0,3812.0,355,3811.0,450
rb1805,20171115,20171114,210421000,3812.0,73086,2152380,2783183980.0,3812.0,355,3811.0,448
rb1805,20171115,20171114,210421500,3812.0,73868,2152766,2812994180.0,3813.0,664,3812.0,19
rb1805,20171115,20171114,210422000,3812.0,73924,2152806,2815128900.0,3812.0,34,3811.0,463
rb1805,20171115,20171114,210422500,3811.0,73946,2152806,2815967320.0,3812.0,89,3811.0,453
rb1805,20171115,20171114,210423000,3811.0,74020,2152874,2818788160.0,3812.0,107,3811.0,468
rb1805,20171115,20171114,210423500,3811.0,74046,2152862,2819779100.0,3812.0,110,3811.0,512
rb1805,20171115,20171114,210424000,3812.0,74064,2152862,2820465220.0,3812.0,142,3811.0,561
rb1805,20171115,20171114,210424500,3812.0,74182,2152880,2824963380.0,3812.0,137,3811.0,561
rb1805,20171115,20171114,210425000,3812.0,74224,2152866,2826564340.0,3812.0,134,3811.0,558
rb1805,20171115,20171114,210425500,3811.0,74290,2152868,2829080060.0,3812.0,117,3811.0,555
rb1805,20171115,20171114,210426000,3811.0,74296,2152866,2829308740.0,3812.0,116,3811.0,538
rb1805,20171115,20171114,210426500,3812.0,74338,2152868,2830909740.0,3812.0,119,3811.0,537
rb1805,20171115,20171114,210427000,3811.0,74390,2152858,2832891860.0,3812.0,106,3811.0,532
rb1805,20171115,20171114,210427500,3812.0,74476,2152884,2836169720.0,3812.0,96,3811.0,515
rb1805,20171115,20171114,210428000,3811.0,74528,2152874,2838151840.0,3812.0,84,3811.0,540
rb1805,20171115,20171114,210428500,3812.0,74542,2152876,2838685460.0,3812.0,82,3811.0,538
rb1805,20171115,20171114,210429000,3811.0,74770,2152710,2847376940.0,3813.0,678,3811.0,530
rb1805,20171115,20171114,210429500,3811.0,74794,2152696,2848291620.0,3812.0,20,3811.0,525
rb1805,20171115,20171114,210430000,3812.0,74876,2152674,2851417100.0,3812.0,54,3811.0,508
rb1805,20171115,20171114,210430500,3812.0,74992,2152684,2855837980.0,3812.0,70,3811.0,454
rb1805,20171115,20171114,210431000,3811.0,75006,2152684,2856371640.0,3812.0,102,3811.0,453
rb1805,20171115,20171114,210431500,3812.0,75158,2152594,2862165760.0,3812.0,112,3811.0,447
rb1805,20171115,20171114,210432000,3812.0,75176,2152590,2862851840.0,3812.0,148,3811.0,441
rb1805,20171115,20171114,210432500,3811.0,75180,2152588,2863004300.0,3812.0,226,3811.0,440
rb1805,20171115,20171114,210433000,3812.0,75230,2152556,2864910060.0,3812.0,224,3811.0,428
rb1805,20171115,20171114,210433500,3811.0,75234,2152556,2865062520.0,3812.0,264,3811.0,427
rb1805,20171115,20171114,210434000,3811.0,75770,2152404,2885493760.0,3812.0,172,3811.0,373
rb1805,20171115,20171114,210434500,3812.0,75984,2152244,2893651200.0,3813.0,743,3812.0,105
rb1805,20171115,20171114,210435000,3811.0,76246,2152112,2903638140.0,3812.0,105,3811.0,335
rb1805,20171115,20171114,210435500,3811.0,76722,2152368,2921778500.0,3812.0,111,3811.0,96
rb1805,20171115,20171114,210436000,3811.0,77038,2152570,2933821260.0,3811.0,179,3810.0,247
rb1805,20171115,20171114,210436500,3811.0,77182,2152686,2939309060.0,3811.0,128,3810.0,262
rb1805,20171115,20171114,210437000,3812.0,77590,2152464,2954859880.0,3812.0,64,3811.0,1
rb1805,20171115,20171114,210437500,3811.0,77682,2152422,2958366000.0,3811.0,126,3810.0,252
rb1805,20171115,20171114,210438000,3811.0,78160,2152252,2976584320.0,3812.0,91,3811.0,30
rb1805,20171115,20171114,210438500,3810.0,78752,2152660,2999140120.0,3810.0,65,3809.0,206
rb1805,20171115,20171114,210439000,3810.0,79330,2152518,3021168120.0,3812.0,71,3810.0,363
rb1805,20171115,20171114,210439500,3812.0,79404,2152496,3023989000.0,3813.0,755,3812.0,173
rb1805,20171115,20171114,210440000,3812.0,79546,2152418,3029402540.0,3813.0,819,3812.0,366
rb1805,20171115,20171114,210440500,3812.0,79724,2152402,3036187940.0,3813.0,820,3812.0,282
rb1805,20171115,20171114,210441000,3813.0,79940,2152340,3044422340.0,3813.0,798,3812.0,200
rb1805,20171115,20171114,210441500,3812.0,80002,2152324,3046785780.0,3813.0,803,3812.0,178
rb1805,20171115,20171114,210442000,3812.0,80394,2152332,3061728780.0,3812.0,16,3811.0,134
rb1805,20171115,20171114,210442500,3812.0,80530,2152302,3066913020.0,3813.0,807,3812.0,140
rb1805,20171115,20171114,210443000,3812.0,80794,2152130,3076976720.0,3813.0,809,3812.0,11
rb1805,20171115,20171114,210443500,3811.0,80886,2152118,3080483740.0,3812.0,112,3811.0,76
rb1805,20171115,20171114,210444000,3812.0,80914,2152108,3081551060.0,3812.0,112,3811.0,84
rb1805,20171115,20171114,210444500,3812.0,80942,2152114,3082618220.0,3812.0,144,3811.0,27
rb1805,20171115,20171114,210445000,3812.0,81300,2151930,3096265000.0,3813.0,827,3812.0,133
rb1805,20171115,20171114,210445500,3812.0,81384,2151922,3099467100.0,3813.0,828,3812.0,96
rb1805,20171115,20171114,210446000,3812.0,81590,2151924,3107319820.0,3812.0,137,3811.0,98
rb1805,20171115,20171114,210446500,3811.0,82206,2151962,3130799580.0,3811.0,191,3810.0,336
rb1805,20171115,20171114,210447000,3811.0,82614,2152166,3146344400.0,3811.0,38,3810.0,46
rb1805,20171115,20171114,210447500,3812.0,83038,2152098,3162505800.0,3812.0,220,3811.0,5
rb1805,20171115,20171114,210448000,3812.0,83462,2152106,3178668340.0,3812.0,34,3810.0,47
rb1805,20171115,20171114,210448500,3812.0,83576,2152144,3183013360.0,3812.0,279,3811.0,2
rb1805,20171115,20171114,210449000,3812.0,83584,2152144,3183318280.0,3812.0,345,3811.0,34
rb1805,20171115,20171114,210449500,3811.0,83588,2152144,3183470720.0,3812.0,420,3811.0,36
rb1805,20171115,20171114,210450000,3811.0,83648,2152102,3185757320.0,3812.0,407,3811.0,84
rb1805,20171115,20171114,210450500,3811.0,83676,2152096,3186824440.0,3812.0,407,3811.0,72
rb1805,20171115,20171114,210451000,3811.0,83698,2152104,3187662880.0,3812.0,426,3811.0,64
rb1805,20171115,20171114,210451500,3811.0,83932,2152110,3196582940.0,3812.0,333,3811.0,66
rb1805,20171115,20171114,210452000,3811.0,83934,2152108,3196659160.0,3812.0,329,3811.0,265
rb1805,20171115,20171114,210452500,3811.0,84162,2152110,3205350300.0,3812.0,233,3811.0,271
rb1805,20171115,20171114,210453000,3812.0,84348,2152254,3212440260.0,3812.0,159,3811.0,273
rb1805,20171115,20171114,210453500,3812.0,84400,2152286,3214422440.0,3812.0,288,3811.0,290
rb1805,20171115,20171114,210454000,3811.0,84444,2152310,3216099520.0,3812.0,288,3811.0,306
rb1805,20171115,20171114,210454500,3811.0,84478,2152340,3217395300.0,3812.0,311,3811.0,296
rb1805,20171115,20171114,210455000,3812.0,84584,2152430,3221434980.0,3812.0,311,3811.0,240
rb1805,20171115,20171114,210455500,3812.0,84638,2152396,3223493340.0,3812.0,324,3811.0,263
rb1805,20171115,20171114,210456000,3812.0,85406,2152108,3252769460.0,3813.0,854,3812.0,118
rb1805,20171115,20171114,210456500,3812.0,85492,2152138,3256048220.0,3813.0,841,3812.0,108
rb1805,20171115,20171114,210457000,3813.0,85556,2152158,3258488120.0,3813.0,825,3812.0,89
rb1805,20171115,20171114,210457500,3812.0,85600,2152162,3260165500.0,3813.0,822,3812.0,98
rb1805,20171115,20171114,210458000,3812.0,85688,2152158,3263520460.0,3813.0,797,3812.0,75
rb1805,20171115,20171114,210458500,3812.0,85870,2152134,3270458240.0,3812.0,217,3811.0,444
rb1805,20171115,20171114,210459000,3812.0,85882,2152146,3270915640.0,3812.0,620,3811.0,448
rb1805,20171115,20171114,210459500,3812.0,85888,2152152,3271144320.0,3812.0,632,3811.0,446
rb1805,20171115,20171114,210500000,3812.0,85904,2152168,3271754160.0,3812.0,663,3811.0,442
rb1805,20171115,20171114,210500500,3812.0,86032,2152184,3276632520.0,3812.0,650,3811.0,394
rb1805,20171115,20171114,210501000,3812.0,86076,2152224,3278309800.0,3812.0,644,3811.0,372
rb1805,20171115,20171114,210501500,3812.0,86092,2152234,3278919720.0,3812.0,645,3811.0,372
rb1805,20171115,20171114,210502000,3812.0,86124,2152264,3280139540.0,3812.0,630,3811.0,381
rb1805,20171115,20171114,210502500,3812.0,86416,2152318,3291269940.0,3812.0,527,3811.0,350
rb1805,20171115,20171114,210503000,3811.0,86456,2152318,3292794340.0,3812.0,535,3811.0,335
rb1805,20171115,20171114,210503500,3812.0,86470,2152326,3293327960.0,3812.0,531,3811.0,342
rb1805,20171115,20171114,210504000,3812.0,86568,2152396,3297063420.0,3812.0,515,3811.0,327
rb1805,20171115,20171114,210504500,3811.0,86590,2152398,3297902000.0,3812.0,510,3811.0,324
rb1805,20171115,20171114,210505000,3812.0,86630,2152398,3299426800.0,3812.0,493,3811.0,324
rb1805,20171115,20171114,210505500,3811.0,86646,2152412,3300036560.0,3812.0,504,3811.0,316
rb1805,20171115,20171114,210506000,3811.0,86668,2152414,3300874980.0,3812.0,560,3811.0,306
rb1805,20171115,20171114,210506500,3811.0,86776,2152400,3304991080.0,3812.0,562,3811.0,252
rb1805,20171115,20171114,210507000,3811.0,86936,2152444,3311088720.0,3812.0,560,3811.0,183
rb1805,20171115,20171114,210507500,3811.0,87302,2152678,3325036980.0,3811.0,394,3810.0,173
rb1805,20171115,20171114,210508000,3810.0,87610,2152838,3336771800.0,3810.0,104,3809.0,239
rb1805,20171115,20171114,210508500,3809.0,87626,2152854,3337381260.0,3810.0,113,3809.0,239
rb1805,20171115,20171114,210509000,3810.0,87672,2152884,3339133620.0,3810.0,216,3809.0,239
rb1805,20171115,20171114,210509500,3809.0,87772,2152922,3342942640.0,3810.0,238,3809.0,292
rb1805,20171115,20171114,210510000,3810.0,87830,2152968,3345152340.0,3810.0,220,3809.0,306
rb1805,20171115,20171114,210510500,3809.0,87876,2152974,3346904920.0,3810.0,216,3809.0,312
rb1805,20171115,20171114,210511000,3809.0,87954,2152988,3349876380.0,3810.0,206,3809.0,295
rb1805,20171115,20171114,210511500,3809.0,87980,2152992,3350866760.0,3810.0,215,3809.0,285
rb1805,20171115,20171114,210512000,3809.0,88018,2153014,3352314400.0,3810.0,202,3809.0,282
rb1805,20171115,20171114,210512500,3810.0,88064,2153016,3354066800.0,3810.0,191,3809.0,293
rb1805,20171115,20171114,210513000,3810.0,88136,2153076,3356809700.0,3810.0,199,3809.0,280
rb1805,20171115,20171114,210513500,3809.0,88164,2153084,3357876340.0,3810.0,196,3809.0,278
rb1805,20171115,20171114,210514000,3810.0,88302,2153138,3363133500.0,3810.0,162,3809.0,253
rb1805,20171115,20171114,210514500,3809.0,88486,2153270,3370143740.0,3810.0,86,3809.0,247
rb1805,20171115,20171114,210515000,3810.0,88692,2153252,3377992340.0,3811.0,283,3810.0,14
rb1805,20171115,20171114,210515500,3810.0,88726,2153262,3379287740.0,3811.0,285,3810.0,82
rb1805,20171115,20171114,210516000,3810.0,88766,2153250,3380811760.0,3811.0,143,3810.0,86
rb1805,20171115,20171114,210516500,3810.0,88780,2153244,3381345160.0,3811.0,143,3810.0,86
rb1805,20171115,20171114,210517000,3810.0,88818,2153258,3382793000.0,3811.0,145,3810.0,74
rb1805,20171115,20171114,210517500,3810.0,88908,2153332,3386222040.0,3811.0,151,3810.0,133
rb1805,20171115,20171114,210518000,3810.0,88946,2153352,3387669960.0,3811.0,147,3810.0,124
rb1805,20171115,20171114,210518500,3810.0,88982,2153356,3389041580.0,3811.0,161,3810.0,124
rb1805,20171115,20171114,210519000,3810.0,88984,2153354,3389117780.0,3811.0,158,3810.0,132
rb1805,20171115,20171114,210519500,3810.0,89016,2153352,3390336980.0,3811.0,159,3810.0,117
rb1805,20171115,20171114,210520000,3810.0,89022,2153354,3390565600.0,3811.0,159,3810.0,122
rb1805,20171115,20171114,210520500,3809.0,89260,2153162,3399633300.0,3810.0,8,3809.0,369
rb1805,20171115,20171114,210521000,3810.0,89300,2153176,3401157240.0,3811.0,169,3809.0,367
rb1805,20171115,20171114,210521500,3809.0,89302,2153176,3401233420.0,3810.0,11,3809.0,367
rb1805,20171115,20171114,210522000,3809.0,89330,2153172,3402300240.0,3810.0,1,3809.0,365
rb1805,20171115,20171114,210522500,3809.0,89436,2153154,3406337840.0,3810.0,11,3809.0,321
rb1805,20171115,20171114,210523000,3810.0,89482,2153174,3408090240.0,3810.0,26,3809.0,311
rb1805,20171115,20171114,210523500,3810.0,89490,2153176,3408394980.0,3810.0,28,3809.0,310
rb1805,20171115,20171114,210524000,3810.0,89502,2153176,3408852080.0,3810.0,137,3809.0,316
rb1805,20171115,20171114,210524500,3809.0,89550,2153222,3410680420.0,3810.0,139,3809.0,294
rb1805,20171115,20171114,210525000,3809.0,89590,2153232,3412204340.0,3810.0,136,3809.0,290
rb1805,20171115,20171114,210525500,3810.0,89624,2153248,3413499520.0,3810.0,153,3809.0,278
rb1805,20171115,20171114,210526000,3810.0,89670,2153234,3415252100.0,3810.0,135,3809.0,279
rb1805,20171115,20171114,210526500,3809.0,89680,2153242,3415633000.0,3810.0,136,3809.0,274
rb1805,20171115,20171114,210527000,3810.0,89696,2153248,3416242480.0,3810.0,135,3809.0,270
rb1805,20171115,20171114,210527500,3809.0,89728,2153254,3417461560.0,3810.0,125,3809.0,267
rb1805,20171115,20171114,210528000,3810.0,89734,2153256,3417690120.0,3810.0,131,3809.0,325
rb1805,20171115,20171114,210528500,3810.0,89982,2153116,3427138680.0,3810.0,19,3809.0,317
rb1805,20171115,20171114,210529000,3810.0,90030,2153100,3428967480.0,3811.0,227,3810.0,63
rb1805,20171115,20171114,210529500,3810.0,90072,2153122,3430567680.0,3811.0,233,3810.0,59
rb1805,20171115,20171114,210530000,3810.0,90094,2153140,3431405880.0,3811.0,248,3810.0,88
rb1805,20171115,20171114,210530500,3810.0,90132,2153176,3432853680.0,3811.0,248,3810.0,79
rb1805,20171115,20171114,210531000,3811.0,90148,2153192,3433463300.0,3811.0,247,3810.0,72
rb1805,20171115,20171114,210531500,3810.0,90176,2153182,3434530100.0,3811.0,260,3810.0,59
rb1805,20171115,20171114,210532000,3810.0,90180,2153180,3434682500.0,3811.0,260,3810.0,52
rb1805,20171115,20171114,210532500,3810.0,90194,2153176,3435215900.0,3811.0,264,3810.0,48
rb1805,20171115,20171114,210533000,3810.0,90244,2153186,3437120900.0,3811.0,295,3810.0,24
rb1805,20171115,20171114,210533500,3810.0,90346,2153178,3441007640.0,3810.0,6,3809.0,326
rb1805,20171115,20171114,210534000,3810.0,90382,2153178,3442379340.0,3811.0,269,3809.0,386
rb1805,20171115,20171114,210534500,3810.0,90398,2153192,3442988800.0,3810.0,3,3809.0,380
rb1805,20171115,20171114,210535000,3811.0,90428,2153192,3444131820.0,3810.0,1,3809.0,381
rb1805,20171115,20171114,210535500,3809.0,90482,2153220,3446188720.0,3810.0,62,3809.0,386
rb1805,20171115,20171114,210536000,3810.0,90490,2153220,3446493480.0,3810.0,62,3809.0,395
rb1805,20171115,20171114,210536500,3810.0,90514,2153216,3447407860.0,3810.0,71,3809.0,386
rb1805,20171115,20171114,210537000,3810.0,90722,2153110,3455332660.0,3810.0,5,3809.0,390
rb1805,20171115,20171114,210537500,3810.0,91016,2153230,3466532440.0,3811.0,364,3810.0,42
rb1805,20171115,20171114,210538000,3811.0,91180,2153390,3472781620.0,3811.0,305,3810.0,2
rb1805,20171115,20171114,210538500,3810.0,91346,2153520,3479106100.0,3810.0,71,3809.0,263
rb1805,20171115,20171114,210539000,3810.0,91392,2153558,3480858660.0,3810.0,51,3809.0,261
rb1805,20171115,20171114,210539500,3810.0,91618,2153686,3489469380.0,3811.0,292,3810.0,557
rb1805,20171115,20171114,210540000,3810.0,91808,2153746,3496709400.0,3811.0,242,3810.0,514
rb1805,20171115,20171114,210540500,3810.0,91826,2153734,3497395200.0,3811.0,247,3810.0,518
rb1805,20171115,20171114,210541000,3810.0,91880,2153756,3499453120.0,3811.0,227,3810.0,517
rb1805,20171115,20171114,210541500,3810.0,91978,2153812,3503187820.0,3811.0,184,3810.0,529
rb1805,20171115,20171114,210542000,3810.0,92006,2153790,3504254620.0,3811.0,226,3810.0,516
rb1805,20171115,20171114,210542500,3810.0,92128,2153688,3508902820.0,3811.0,226,3810.0,457
rb1805,20171115,20171114,210543000,3810.0,92136,2153688,3509207640.0,3811.0,233,3810.0,449
rb1805,20171115,20171114,210543500,3811.0,92362,2153470,3517818260.0,3811.0,234,3810.0,340
rb1805,20171115,20171114,210544000,3810.0,92492,2153472,3522771280.0,3811.0,233,3810.0,280
rb1805,20171115,20171114,210544500,3810.0,92494,2153472,3522847480.0,3811.0,256,3810.0,280
rb1805,20171115,20171114,210545000,3810.0,92522,2153484,3523914520.0,3811.0,265,3810.0,280
rb1805,20171115,20171114,210545500,3810.0,92574,2153460,3525895840.0,3811.0,261,3810.0,261
rb1805,20171115,20171114,210546000,3810.0,92610,2153472,3527267640.0,3811.0,261,3810.0,254
rb1805,20171115,20171114,210546500,3810.0,92626,2153460,3527877260.0,3811.0,266,3810.0,247
rb1805,20171115,20171114,210547000,3810.0,92636,2153456,3528258260.0,3811.0,268,3810.0,242
rb1805,20171115,20171114,210547500,3810.0,92640,2153456,3528410660.0,3811.0,268,3810.0,246
rb1805,20171115,20171114,210548000,3810.0,92642,2153456,3528486860.0,3811.0,276,3810.0,245
rb1805,20171115,20171114,210548500,3810.0,92728,2153456,3531763460.0,3811.0,287,3810.0,216
rb1805,20171115,20171114,210549000,3810.0,92734,2153456,3531992060.0,3811.0,306,3810.0,224
rb1805,20171115,20171114,210549500,3811.0,92758,2153456,3532906540.0,3811.0,302,3810.0,217
rb1805,20171115,20171114,210550000,3810.0,92782,2153454,3533821080.0,3811.0,297,3810.0,199
rb1805,20171115,20171114,210550500,3810.0,92786,2153454,3533973480.0,3811.0,299,3810.0,187
rb1805,20171115,20171114,210551000,3810.0,92794,2153454,3534278320.0,3811.0,320,3810.0,186
rb1805,20171115,20171114,210551500,3810.0,92846,2153450,3536259740.0,3811.0,339,3810.0,171
rb1805,20171115,20171114,210552000,3811.0,92854,2153448,3536564580.0,3811.0,339,3810.0,199
rb1805,20171115,20171114,210552500,3810.0,92908,2153404,3538621980.0,3811.0,345,3810.0,173
rb1805,20171115,20171114,210553000,3810.0,92914,2153408,3538850620.0,3811.0,344,3810.0,242
rb1805,20171115,20171114,210553500,3811.0,92980,2153370,3541365280.0,3811.0,342,3810.0,217
rb1805,20171115,20171114,210554000,3811.0,92986,2153366,3541593900.0,3811.0,397,3810.0,231
rb1805,20171115,20171114,210554500,3810.0,93084,2153362,3545328500.0,3811.0,358,3810.0,223
rb1805,20171115,20171114,210555000,3811.0,93116,2153354,3546547940.0,3811.0,347,3810.0,222
rb1805,20171115,20171114,210555500,3810.0,93140,2153332,3547462360.0,3811.0,363,3810.0,212
rb1805,20171115,20171114,210556000,3811.0,93166,2153332,3548453000.0,3811.0,367,3810.0,201
rb1805,20171115,20171114,210556500,3810.0,93172,2153330,3548681620.0,3811.0,366,3810.0,225
rb1805,20171115,20171114,210557000,3811.0,93184,2153332,3549138900.0,3811.0,364,3810.0,218
rb1805,20171115,20171114,210557500,3810.0,93238,2153382,3551196580.0,3811.0,350,3810.0,205
rb1805,20171115,20171114,210558000,3810.0,93460,2153560,3559654800.0,3811.0,349,3810.0,96
rb1805,20171115,20171114,210558500,3810.0,93472,2153562,3560112000.0,3811.0,363,3810.0,142
rb1805,20171115,20171114,210559000,3810.0,93776,2153630,3571694420.0,3811.0,365,3810.0,6
rb1805,20171115,20171114,210559500,3810.0,93866,2153684,3575123460.0,3810.0,24,3809.0,414
rb1805,20171115,20171114,210600000,3810.0,93942,2153700,3578019080.0,3810.0,40,3809.0,429
rb1805,20171115,20171114,210600500,3810.0,94038,2153704,3581676620.0,3810.0,117,3809.0,427
rb1805,20171115,20171114,210601000,3810.0,94050,2153708,3582133820.0,3810.0,117,3809.0,427
rb1805,20171115,20171114,210601500,3810.0,94102,2153760,3584115020.0,3810.0,114,3809.0,427
rb1805,20171115,20171114,210602000,3810.0,94288,2153854,3591201620.0,3810.0,45,3809.0,429
rb1805,20171115,20171114,210602500,3810.0,94428,2153890,3596535620.0,3811.0,360,3810.0,70
rb1805,20171115,20171114,210603000,3811.0,94442,2153892,3597069040.0,3811.0,369,3810.0,85
rb1805,20171115,20171114,210603500,3810.0,94474,2153872,3598288280.0,3811.0,377,3810.0,173
rb1805,20171115,20171114,210604000,3810.0,94508,2153842,3599583680.0,3811.0,380,3810.0,159
rb1805,20171115,20171114,210604500,3811.0,94526,2153840,3600269500.0,3811.0,360,3810.0,163
rb1805,20171115,20171114,210605000,3810.0,94602,2153772,3603165100.0,3811.0,366,3810.0,148
rb1805,20171115,20171114,210605500,3811.0,94616,2153776,3603698620.0,3811.0,362,3810.0,148
rb1805,20171115,20171114,210606000,3811.0,94662,2153780,3605451620.0,3811.0,343,3810.0,152
rb1805,20171115,20171114,210606500,3811.0,94884,2153664,3613911880.0,3811.0,246,3810.0,147
rb1805,20171115,20171114,210607000,3811.0,95200,2153936,3625954620.0,3811.0,95,3810.0,152
rb1805,20171115,20171114,210607500,3812.0,95402,2153904,3633652860.0,3812.0,654,3811.0,570
rb1805,20171115,20171114,210608000,3811.0,95540,2153868,3638913040.0,3812.0,601,3811.0,639
rb1805,20171115,20171114,210608500,3812.0,95622,2153808,3642038820.0,3812.0,557,3811.0,653
rb1805,20171115,20171114,210609000,3811.0,95818,2153798,3649510280.0,3812.0,462,3811.0,640
rb1805,20171115,20171114,210609500,3811.0,95932,2153700,3653854880.0,3812.0,457,3811.0,644
rb1805,20171115,20171114,210610000,3811.0,96076,2153668,3659344120.0,3812.0,387,3811.0,596
rb1805,20171115,20171114,210610500,3812.0,96398,2153752,3671618660.0,3812.0,226,3811.0,592
rb1805,20171115,20171114,210611000,3812.0,96712,2153900,3683588320.0,3812.0,70,3811.0,551
rb1805,20171115,20171114,210611500,3812.0,96918,2154062,3691441040.0,3813.0,774,3812.0,41
rb1805,20171115,20171114,210612000,3812.0,96956,2154058,3692889680.0,3813.0,780,3812.0,122
rb1805,20171115,20171114,210612500,3812.0,97060,2154062,3696854840.0,3813.0,750,3812.0,112
rb1805,20171115,20171114,210613000,3813.0,97080,2154066,3697617340.0,3813.0,744,3812.0,134
rb1805,20171115,20171114,210613500,3812.0,97114,2154068,3698913720.0,3813.0,735,3812.0,135
rb1805,20171115,20171114,210614000,3813.0,97138,2154082,3699828660.0,3813.0,730,3812.0,158
rb1805,20171115,20171114,210614500,3812.0,97194,2154116,3701963880.0,3813.0,705,3812.0,168
rb1805,20171115,20171114,210615000,3813.0,97270,2154106,3704861040.0,3813.0,717,3812.0,155
rb1805,20171115,20171114,210615500,3813.0,97338,2154092,3707453420.0,3813.0,704,3812.0,133
rb1805,20171115,20171114,210616000,3813.0,97438,2154082,3711265920.0,3813.0,679,3812.0,99
rb1805,20171115,20171114,210616500,3813.0,97466,2154102,3712333500.0,3813.0,681,3812.0,97
rb1805,20171115,20171114,210617000,3813.0,97578,2154110,3716604040.0,3813.0,626,3812.0,96
rb1805,20171115,20171114,210617500,3813.0,97608,2154110,3717747760.0,3813.0,620,3812.0,103
rb1805,20171115,20171114,210618000,3812.0,97770,2154098,3723924620.0,3813.0,549,3812.0,95
rb1805,20171115,20171114,210618500,3812.0,97800,2154092,3725068440.0,3813.0,540,3812.0,117
rb1805,20171115,20171114,210619000,3813.0,97916,2154026,3729491480.0,3813.0,477,3812.0,142
rb1805,20171115,20171114,210619500,3813.0,98862,2154298,3765562460.0,3814.0,679,3812.0,162
rb1805,20171115,20171114,210620000,3813.0,98972,2154252,3769757640.0,3814.0,635,3813.0,23
rb1805,20171115,20171114,210620500,3813.0,99082,2154252,3773952260.0,3814.0,614,3813.0,81
rb1805,20171115,20171114,210621000,3813.0,99130,2154244,3775782560.0,3814.0,611,3813.0,598
rb1805,20171115,20171114,210621500,3814.0,99178,2154244,3777613240.0,3814.0,591,3813.0,564
rb1805,20171115,20171114,210622000,3814.0,100054,2154546,3811023540.0,3814.0,170,3813.0,562
rb1805,20171115,20171114,210622500,3814.0,100414,2154626,3824753940.0,3815.0,1138,3814.0,313
rb1805,20171115,20171114,210623000,3815.0,100450,2154628,3826127100.0,3815.0,1132,3814.0,171
rb1805,20171115,20171114,210623500,3814.0,100908,2154514,3843599520.0,3815.0,927,3814.0,162
rb1805,20171115,20171114,210624000,3815.0,100934,2154510,3844591380.0,3815.0,882,3814.0,177
rb1805,20171115,20171114,210624500,3815.0,100970,2154504,3845964740.0,3815.0,873,3814.0,204
rb1805,20171115,20171114,210625000,3815.0,101132,2154560,3852144400.0,3815.0,829,3814.0,186
rb1805,20171115,20171114,210625500,3815.0,101566,2154558,3868701420.0,3815.0,621,3814.0,186
rb1805,20171115,20171114,210626000,3815.0,101740,2154544,3875338760.0,3815.0,568,3814.0,148
rb1805,20171115,20171114,210626500,3815.0,101898,2154544,3881366360.0,3815.0,542,3814.0,143
rb1805,20171115,20171114,210627000,3815.0,101970,2154520,3884113020.0,3815.0,561,3814.0,143
rb1805,20171115,20171114,210627500,3815.0,102468,2154176,3903111680.0,3815.0,406,3814.0,142
rb1805,20171115,20171114,210628000,3815.0,102630,2154160,3909291920.0,3815.0,386,3814.0,93
rb1805,20171115,20171114,210628500,3815.0,102730,2154210,3913106800.0,3815.0,350,3814.0,174
rb1805,20171115,20171114,210629000,3814.0,102822,2154236,3916616180.0,3815.0,731,3814.0,153
rb1805,20171115,20171114,210629500,3814.0,103150,2154372,3929126100.0,3814.0,23,3813.0,599
rb1805,20171115,20171114,210630000,3814.0,103200,2154348,3931033080.0,3814.0,37,3813.0,597
rb1805,20171115,20171114,210630500,3814.0,103334,2154310,3936143000.0,3814.0,77,3813.0,555
rb1805,20171115,20171114,210631000,3814.0,103466,2154274,3941176720.0,3814.0,120,3813.0,524
rb1805,20171115,20171114,210631500,3814.0,103482,2154286,3941786920.0,3814.0,170,3813.0,532
rb1805,20171115,20171114,210632000,3814.0,103636,2154358,3947660460.0,3814.0,118,3813.0,532
rb1805,20171115,20171114,210632500,3814.0,104050,2154284,3963448340.0,3814.0,88,3813.0,434
rb1805,20171115,20171114,210633000,3813.0,104078,2154290,3964516180.0,3814.0,102,3813.0,435
rb1805,20171115,20171114,210633500,3814.0,104210,2154294,3969550600.0,3814.0,45,3813.0,430
rb1805,20171115,20171114,210634000,3814.0,104252,2154278,3971152420.0,3814.0,28,3813.0,429
rb1805,20171115,20171114,210634500,3814.0,104326,2154250,3973974780.0,3815.0,814,3814.0,28
rb1805,20171115,20171114,210635000,3814.0,104380,2154264,3976034360.0,3815.0,827,3814.0,23
rb1805,20171115,20171114,210635500,3814.0,104442,2154252,3978399040.0,3814.0,1,3813.0,433
rb1805,20171115,20171114,210636000,3813.0,104456,2154254,3978932860.0,3814.0,33,3813.0,421
rb1805,20171115,20171114,210636500,3814.0,104624,2154246,3985340440.0,3814.0,2,3813.0,410
rb1805,20171115,20171114,210637000,3814.0,104682,2154272,3987552540.0,3814.0,5,3813.0,420
rb1805,20171115,20171114,210637500,3815.0,104804,2154310,3992206440.0,3814.0,6,3813.0,415
rb1805,20171115,20171114,210638000,3814.0,104874,2154262,3994876200.0,3815.0,774,3814.0,40
rb1805,20171115,20171114,210638500,3814.0,104908,2154254,3996172960.0,3815.0,786,3814.0,9
rb1805,20171115,20171114,210639000,3814.0,104954,2154232,3997927380.0,3814.0,20,3813.0,403
rb1805,20171115,20171114,210639500,3813.0,105022,2154278,4000520700.0,3814.0,77,3813.0,407
rb1805,20171115,20171114,210640000,3814.0,105180,2154194,4006546820.0,3814.0,1,3813.0,409
rb1805,20171115,20171114,210640500,3814.0,105240,2154174,4008835180.0,3815.0,854,3814.0,11
rb1805,20171115,20171114,210641000,3814.0,105552,2154244,4020735720.0,3815.0,819,3814.0,1
rb1805,20171115,20171114,210641500,3815.0,105852,2154282,4032175740.0,3815.0,916,3814.0,95
rb1805,20171115,20171114,210642000,3815.0,106068,2154352,4040414280.0,3815.0,911,3814.0,100
rb1805,20171115,20171114,210642500,3815.0,106138,2154352,4043084620.0,3815.0,855,3814.0,169
rb1805,20171115,20171114,210643000,3814.0,106226,2154394,4046441160.0,3815.0,839,3814.0,194
rb1805,20171115,20171114,210643500,3814.0,106274,2154418,4048272260.0,3815.0,826,3814.0,203
rb1805,20171115,20171114,210644000,3815.0,106390,2154440,4052697540.0,3815.0,775,3814.0,199
rb1805,20171115,20171114,210644500,3814.0,106488,2154438,4056435780.0,3815.0,752,3814.0,178
rb1805,20171115,20171114,210645000,3814.0,106512,2154426,4057351320.0,3815.0,747,3814.0,426
rb1805,20171115,20171114,210645500,3815.0,106716,2154276,4065133280.0,3815.0,684,3814.0,401
rb1805,20171115,20171114,210646000,3815.0,106934,2154140,4073449660.0,3815.0,599,3814.0,391
rb1805,20171115,20171114,210646500,3814.0,107152,2154140,4081766240.0,3815.0,491,3814.0,388
rb1805,20171115,20171114,210647000,3815.0,107272,2154082,4086344200.0,3815.0,434,3814.0,403
rb1805,20171115,20171114,210647500,3815.0,107512,2153928,4095499980.0,3815.0,332,3814.0,594
rb1805,20171115,20171114,210648000,3815.0,108192,2153990,4121441980.0,3816.0,541,3815.0,91
rb1805,20171115,20171114,210648500,3816.0,108306,2154052,4125791140.0,3816.0,523,3815.0,67
rb1805,20171115,20171114,210649000,3815.0,108828,2154232,4145707300.0,3816.0,434,3815.0,150
rb1805,20171115,20171114,210649500,3815.0,109266,2154574,4162417080.0,3815.0,80,3814.0,575
rb1805,20171115,20171114,210650000,3816.0,109540,2154616,4172869220.0,3816.0,466,3815.0,63
rb1805,20171115,20171114,210650500,3815.0,109652,2154638,4177142540.0,3816.0,443,3815.0,45
rb1805,20171115,20171114,210651000,3815.0,109742,2154642,4180576440.0,3816.0,365,3815.0,42
rb1805,20171115,20171114,210651500,3816.0,109862,2154668,4185154980.0,3816.0,343,3815.0,23
rb1805,20171115,20171114,210652000,3815.0,109894,2154682,4186376000.0,3816.0,333,3815.0,48
rb1805,20171115,20171114,210652500,3816.0,109960,2154696,4188894240.0,3816.0,318,3815.0,40
rb1805,20171115,20171114,210653000,3815.0,110018,2154710,4191107280.0,3816.0,306,3815.0,37
rb1805,20171115,20171114,210653500,3815.0,110074,2154730,4193244080.0,3816.0,312,3815.0,35
rb1805,20171115,20171114,210654000,3816.0,110112,2154714,4194694140.0,3816.0,366,3815.0,40
rb1805,20171115,20171114,210654500,3815.0,110176,2154720,4197136000.0,3816.0,376,3815.0,33
rb1805,20171115,20171114,210655000,3816.0,110300,2154746,4201866760.0,3816.0,608,3815.0,14
rb1805,20171115,20171114,210655500,3815.0,110480,2154754,4208734100.0,3815.0,17,3814.0,531
rb1805,20171115,20171114,210656000,3815.0,110516,2154764,4210107480.0,3815.0,219,3814.0,538
rb1805,20171115,20171114,210656500,3815.0,110576,2154746,4212396460.0,3815.0,274,3814.0,539
rb1805,20171115,20171114,210657000,3814.0,111330,2154854,4241155240.0,3815.0,259,3814.0,226
rb1805,20171115,20171114,210657500,3814.0,111902,2155136,4262970920.0,3814.0,328,3813.0,297
rb1805,20171115,20171114,210658000,3813.0,112558,2155592,4287984680.0,3813.0,4,3812.0,279
rb1805,20171115,20171114,210658500,3812.0,112696,2155572,4293245780.0,3813.0,90,3812.0,220
rb1805,20171115,20171114,210659000,3813.0,113338,2155450,4317720600.0,3813.0,58,3812.0,3
rb1805,20171115,20171114,210659500,3812.0,113414,2155460,4320617620.0,3812.0,378,3811.0,217
rb1805,20171115,20171114,210700000,3812.0,113844,2155046,4337009220.0,3812.0,166,3811.0,212
rb1805,20171115,20171114,210700500,3814.0,114292,2154790,4354088260.0,3814.0,145,3813.0,9
rb1805,20171115,20171114,210701000,3813.0,114724,2154596,4370562880.0,3813.0,2,3812.0,39
rb1805,20171115,20171114,210701500,3813.0,114762,2154562,4372011820.0,3814.0,32,3813.0,36
rb1805,20171115,20171114,210702000,3813.0,114770,2154554,4372316860.0,3814.0,58,3813.0,42
rb1805,20171115,20171114,210702500,3814.0,114774,2154554,4372469420.0,3814.0,70,3813.0,55
rb1805,20171115,20171114,210703000,3814.0,115004,2154660,4381240600.0,3815.0,186,3813.0,12
rb1805,20171115,20171114,210703500,3813.0,115018,2154662,4381774480.0,3814.0,29,3813.0,53
rb1805,20171115,20171114,210704000,3814.0,115136,2154708,4386275000.0,3815.0,205,3814.0,31
rb1805,20171115,20171114,210704500,3815.0,115234,2154650,4390012820.0,3815.0,234,3814.0,23
rb1805,20171115,20171114,210705000,3814.0,115244,2154648,4390394220.0,3815.0,235,3814.0,20
rb1805,20171115,20171114,210705500,3815.0,115292,2154664,4392224960.0,3815.0,241,3814.0,2
rb1805,20171115,20171114,210706000,3815.0,115458,2154622,4398557420.0,3815.0,202,3814.0,185
rb1805,20171115,20171114,210706500,3815.0,115490,2154614,4399778100.0,3815.0,209,3814.0,180
rb1805,20171115,20171114,210707000,3815.0,115504,2154616,4400312120.0,3815.0,213,3814.0,200
rb1805,20171115,20171114,210707500,3814.0,115508,2154616,4400464680.0,3815.0,220,3814.0,197
rb1805,20171115,20171114,210708000,3814.0,115548,2154604,4401990340.0,3815.0,227,3814.0,180
rb1805,20171115,20171114,210708500,3815.0,115572,2154612,4402905780.0,3815.0,231,3814.0,174
rb1805,20171115,20171114,210709000,3814.0,115636,2154592,4405346920.0,3815.0,224,3814.0,150
rb1805,20171115,20171114,210709500,3814.0,115674,2154562,4406796260.0,3815.0,233,3814.0,132
rb1805,20171115,20171114,210710000,3815.0,115974,2154340,4418240080.0,3815.0,157,3814.0,75
rb1805,20171115,20171114,210710500,3814.0,115994,2154352,4419003040.0,3815.0,154,3814.0,79
rb1805,20171115,20171114,210711000,3815.0,116010,2154362,4419613380.0,3815.0,151,3814.0,286
rb1805,20171115,20171114,210711500,3815.0,116204,2154278,4427014320.0,3815.0,71,3814.0,308
rb1805,20171115,20171114,210712000,3815.0,116380,2154168,4433728720.0,3816.0,721,3815.0,187
rb1805,20171115,20171114,210712500,3815.0,116402,2154154,4434568040.0,3816.0,720,3815.0,198
rb1805,20171115,20171114,210713000,3816.0,116628,2153972,4443191940.0,3816.0,625,3815.0,189
rb1805,20171115,20171114,210713500,3816.0,116880,2153852,4452807780.0,3816.0,527,3815.0,171
rb1805,20171115,20171114,210714000,3815.0,117022,2153836,4458225140.0,3816.0,520,3815.0,108
rb1805,20171115,20171114,210714500,3816.0,117066,2153844,4459903820.0,3816.0,566,3815.0,94
rb1805,20171115,20171114,210715000,3815.0,117310,2153810,4469212420.0,3815.0,155,3814.0,325
rb1805,20171115,20171114,210715500,3815.0,117390,2153846,4472264200.0,3815.0,156,3814.0,309
rb1805,20171115,20171114,210716000,3815.0,117424,2153872,4473561300.0,3815.0,156,3814.0,307
rb1805,20171115,20171114,210716500,3815.0,117446,2153894,4474400600.0,3815.0,171,3814.0,357
rb1805,20171115,20171114,210717000,3815.0,117476,2153920,4475545100.0,3815.0,157,3814.0,357
rb1805,20171115,20171114,210717500,3814.0,117488,2153924,4476002840.0,3815.0,160,3814.0,354
rb1805,20171115,20171114,210718000,3815.0,117520,2153952,4477223620.0,3815.0,151,3814.0,360
rb1805,20171115,20171114,210718500,3815.0,117662,2154024,4482640740.0,3815.0,105,3814.0,353
rb1805,20171115,20171114,210719000,3814.0,117682,2154028,4483403700.0,3815.0,99,3814.0,352
rb1805,20171115,20171114,210719500,3814.0,117736,2154034,4485463580.0,3815.0,92,3814.0,342
rb1805,20171115,20171114,210720000,3815.0,117740,2154036,4485616180.0,3815.0,90,3814.0,346
rb1805,20171115,20171114,210720500,3814.0,117820,2154032,4488668020.0,3815.0,62,3814.0,339
rb1805,20171115,20171114,210721000,3814.0,117876,2154026,4490804360.0,3815.0,71,3814.0,342
rb1805,20171115,20171114,210721500,3815.0,117940,2154056,4493245760.0,3815.0,51,3814.0,339
rb1805,20171115,20171114,210722000,3814.0,118170,2154056,4502018060.0,3815.0,52,3814.0,229
rb1805,20171115,20171114,210722500,3814.0,118210,2154052,4503543880.0,3815.0,63,3814.0,221
rb1805,20171115,20171114,210723000,3814.0,118264,2154092,4505603920.0,3815.0,50,3814.0,219
rb1805,20171115,20171114,210723500,3814.0,118270,2154092,4505832760.0,3815.0,61,3814.0,223
rb1805,20171115,20171114,210724000,3814.0,118294,2154088,4506748160.0,3815.0,77,3814.0,213
rb1805,20171115,20171114,210724500,3815.0,118342,2154118,4508579340.0,3815.0,54,3814.0,214
rb1805,20171115,20171114,210725000,3815.0,118454,2154090,4512852100.0,3816.0,643,3815.0,365
rb1805,20171115,20171114,210725500,3815.0,118516,2154050,4515217740.0,3816.0,616,3815.0,357
rb1805,20171115,20171114,210726000,3816.0,118542,2154046,4516209680.0,3816.0,613,3815.0,367
rb1805,20171115,20171114,210726500,3815.0,118566,2154046,4517125280.0,3816.0,615,3815.0,381
rb1805,20171115,20171114,210727000,3815.0,118858,2154020,4528265080.0,3816.0,620,3815.0,236
rb1805,20171115,20171114,210727500,3815.0,119234,2153974,4542609760.0,3816.0,608,3815.0,63
rb1805,20171115,20171114,210728000,3815.0,119364,2153968,4547569240.0,3815.0,186,3814.0,240
rb1805,20171115,20171114,210728500,3815.0,119638,2154006,4558020900.0,3815.0,76,3814.0,178
rb1805,20171115,20171114,210729000,3815.0,119738,2153934,4561834920.0,3815.0,122,3814.0,130
rb1805,20171115,20171114,210729500,3815.0,119794,2153988,4563971320.0,3815.0,126,3814.0,331
rb1805,20171115,20171114,210730000,3815.0,119876,2154058,4567099600.0,3815.0,99,3814.0,335
rb1805,20171115,20171114,210730500,3814.0,119930,2154068,4569159600.0,3815.0,78,3814.0,332
rb1805,20171115,20171114,210731000,3815.0,119964,2154048,4570456700.0,3815.0,71,3814.0,339
rb1805,20171115,20171114,210731500,3815.0,120234,2154166,4580758340.0,3815.0,51,3814.0,343
rb1805,20171115,20171114,210732000,3815.0,120342,2154130,4584878540.0,3816.0,603,3815.0,15
rb1805,20171115,20171114,210732500,3815.0,120346,2154134,4585031140.0,3816.0,613,3815.0,15
rb1805,20171115,20171114,210733000,3815.0,120490,2154132,4590525840.0,3816.0,563,3815.0,15
rb1805,20171115,20171114,210733500,3815.0,120744,2154136,4600218360.0,3816.0,448,3815.0,33
rb1805,20171115,20171114,210734000,3815.0,120830,2154152,4603500080.0,3816.0,471,3815.0,46
rb1805,20171115,20171114,210734500,3815.0,120872,2154162,4605102540.0,3816.0,465,3815.0,72
rb1805,20171115,20171114,210735000,3815.0,120906,2154172,4606399640.0,3816.0,466,3815.0,88
rb1805,20171115,20171114,210735500,3815.0,120944,2154196,4607849340.0,3816.0,468,3815.0,100
rb1805,20171115,20171114,210736000,3816.0,121410,2154014,4625625580.0,3815.0,2,3814.0,287
rb1805,20171115,20171114,210736500,3814.0,121632,2153974,4634093880.0,3815.0,19,3814.0,228
rb1805,20171115,20171114,210737000,3814.0,121656,2153954,4635009260.0,3815.0,77,3814.0,218
rb1805,20171115,20171114,210737500,3815.0,121692,2153922,4636382340.0,3815.0,135,3814.0,199
rb1805,20171115,20171114,210738000,3816.0,122368,2153976,4662169340.0,3816.0,365,3815.0,39
rb1805,20171115,20171114,210738500,3815.0,122556,2154104,4669341200.0,3815.0,38,3814.0,13
rb1805,20171115,20171114,210739000,3814.0,122594,2154094,4670790540.0,3815.0,92,3814.0,96
rb1805,20171115,20171114,210739500,3814.0,122716,2154134,4675443840.0,3815.0,229,3814.0,47
rb1805,20171115,20171114,210740000,3814.0,123214,2154228,4694437560.0,3815.0,246,3814.0,38
rb1805,20171115,20171114,210740500,3814.0,123378,2154290,4700692520.0,3814.0,62,3813.0,130
rb1805,20171115,20171114,210741000,3814.0,123414,2154326,4702065560.0,3814.0,70,3813.0,114
rb1805,20171115,20171114,210741500,3814.0,123694,2154262,4712745480.0,3815.0,237,3814.0,47
rb1805,20171115,20171114,210742000,3814.0,123726,2154242,4713966060.0,3815.0,250,3814.0,84
rb1805,20171115,20171114,210742500,3814.0,123758,2154232,4715186580.0,3815.0,279,3814.0,73
rb1805,20171115,20171114,210743000,3814.0,123770,2154220,4715644260.0,3815.0,274,3814.0,90
rb1805,20171115,20171114,210743500,3814.0,123782,2154214,4716102000.0,3815.0,271,3814.0,88
rb1805,20171115,20171114,210744000,3815.0,123784,2154214,4716178300.0,3815.0,273,3814.0,91
rb1805,20171115,20171114,210744500,3814.0,123812,2154212,4717246220.0,3815.0,282,3814.0,79
rb1805,20171115,20171114,210745000,3815.0,123880,2154236,4719840100.0,3815.0,271,3814.0,65
rb1805,20171115,20171114,210745500,3814.0,123936,2154234,4721976440.0,3815.0,248,3814.0,63
rb1805,20171115,20171114,210746000,3814.0,123950,2154230,4722510400.0,3815.0,248,3814.0,59
rb1805,20171115,20171114,210746500,3815.0,124008,2154282,4724722960.0,3815.0,239,3814.0,64
rb1805,20171115,20171114,210747000,3815.0,124032,2154292,4725638400.0,3815.0,135,3814.0,57
rb1805,20171115,20171114,210747500,3814.0,124036,2154294,4725790960.0,3815.0,137,3814.0,68
rb1805,20171115,20171114,210748000,3815.0,124056,2154312,4726553860.0,3815.0,166,3814.0,67
rb1805,20171115,20171114,210748500,3814.0,124190,2154252,4731665800.0,3815.0,112,3814.0,60
rb1805,20171115,20171114,210749000,3815.0,124202,2154250,4732123520.0,3815.0,114,3814.0,64
rb1805,20171115,20171114,210749500,3814.0,124234,2154268,4733344180.0,3815.0,126,3814.0,75
rb1805,20171115,20171114,210750000,3815.0,124242,2154268,4733649340.0,3815.0,126,3814.0,79
rb1805,20171115,20171114,210750500,3815.0,124248,2154270,4733878200.0,3815.0,131,3814.0,80
rb1805,20171115,20171114,210751000,3815.0,124286,2154286,4735327900.0,3815.0,123,3814.0,85
rb1805,20171115,20171114,210751500,3815.0,124558,2154488,4745704680.0,3816.0,386,3815.0,71
rb1805,20171115,20171114,210752000,3815.0,124590,2154490,4746925480.0,3816.0,390,3815.0,69
rb1805,20171115,20171114,210752500,3815.0,124604,2154494,4747459580.0,3816.0,392,3815.0,69
rb1805,20171115,20171114,210753000,3815.0,124636,2154494,4748680380.0,3816.0,392,3815.0,60
rb1805,20171115,20171114,210753500,3815.0,124748,2154456,4752953180.0,3816.0,392,3815.0,9
rb1805,20171115,20171114,210754000,3815.0,124790,2154450,4754555640.0,3815.0,14,3814.0,90
rb1805,20171115,20171114,210754500,3815.0,124880,2154430,4757989140.0,3815.0,8,3814.0,112
rb1805,20171115,20171114,210755000,3815.0,124918,2154430,4759438840.0,3815.0,9,3814.0,117
rb1805,20171115,20171114,210755500,3816.0,124986,2154448,4762033420.0,3815.0,1,3814.0,116
rb1805,20171115,20171114,210756000,3815.0,125030,2154438,4763712220.0,3816.0,397,3815.0,79
rb1805,20171115,20171114,210756500,3815.0,125046,2154432,4764322640.0,3816.0,428,3815.0,58
rb1805,20171115,20171114,210757000,3815.0,125160,2154336,4768672140.0,3816.0,420,3815.0,25
rb1805,20171115,20171114,210757500,3815.0,125186,2154332,4769664120.0,3816.0,426,3815.0,39
rb1805,20171115,20171114,210758000,3815.0,125218,2154316,4770884920.0,3816.0,442,3815.0,28
rb1805,20171115,20171114,210758500,3815.0,125246,2154308,4771953120.0,3816.0,456,3815.0,34
rb1805,20171115,20171114,210759000,3815.0,125292,2154320,4773708060.0,3816.0,454,3815.0,21
rb1805,20171115,20171114,210759500,3814.0,125342,2154362,4775615540.0,3815.0,181,3814.0,154
rb1805,20171115,20171114,210800000,3815.0,125372,2154392,4776760040.0,3815.0,217,3814.0,149
rb1805,20171115,20171114,210800500,3815.0,125678,2154684,4788433900.0,3815.0,142,3814.0,147
rb1805,20171115,20171114,210801000,3815.0,125790,2154642,4792706700.0,3815.0,106,3814.0,157
rb1805,20171115,20171114,210801500,3814.0,125794,2154644,4792859260.0,3815.0,157,3814.0,146
rb1805,20171115,20171114,210802000,3815.0,125880,2154710,4796140160.0,3815.0,129,3814.0,153
rb1805,20171115,20171114,210802500,3815.0,125946,2154708,4798658040.0,3815.0,106,3814.0,152
rb1805,20171115,20171114,210803000,3814.0,125950,2154710,4798810600.0,3815.0,137,3814.0,150
rb1805,20171115,20171114,210803500,3814.0,125992,2154720,4800412840.0,3815.0,280,3814.0,172
rb1805,20171115,20171114,210804000,3814.0,126006,2154728,4800946840.0,3815.0,299,3814.0,167
rb1805,20171115,20171114,210804500,3815.0,126398,2154734,4815900080.0,3815.0,200,3814.0,90
rb1805,20171115,20171114,210805000,3814.0,126558,2154802,4822002880.0,3815.0,200,3814.0,45
rb1805,20171115,20171114,210805500,3814.0,126862,2154962,4833598040.0,3814.0,93,3813.0,304
rb1805,20171115,20171114,210806000,3813.0,127360,2155266,4852587280.0,3814.0,1,3813.0,83
rb1805,20171115,20171114,210806500,3815.0,127420,2155254,4854875600.0,3815.0,209,3814.0,28
rb1805,20171115,20171114,210807000,3814.0,127484,2155260,4857316560.0,3814.0,31,3813.0,78
rb1805,20171115,20171114,210807500,3814.0,127522,2155264,4858765880.0,3814.0,24,3813.0,78
rb1805,20171115,20171114,210808000,3815.0,128152,2155164,4882799760.0,3815.0,22,3814.0,1
rb1805,20171115,20171114,210808500,3815.0,128346,2155036,4890200680.0,3816.0,461,3815.0,111
rb1805,20171115,20171114,210809000,3815.0,128544,2154952,4897754400.0,3816.0,493,3815.0,255
rb1805,20171115,20171114,210809500,3815.0,128642,2154910,4901493100.0,3816.0,510,3815.0,226
rb1805,20171115,20171114,210810000,3815.0,128674,2154904,4902713980.0,3816.0,506,3815.0,419
rb1805,20171115,20171114,210810500,3816.0,129030,2155114,4916298580.0,3816.0,350,3815.0,402
rb1805,20171115,20171114,210811000,3816.0,129352,2154960,4928584220.0,3816.0,282,3815.0,481
rb1805,20171115,20171114,210811500,3816.0,129472,2154896,4933163260.0,3816.0,233,3815.0,473
rb1805,20171115,20171114,210812000,3815.0,129534,2154846,4935528740.0,3816.0,225,3815.0,453
rb1805,20171115,20171114,210812500,3815.0,129630,2154820,4939191700.0,3816.0,210,3815.0,435
rb1805,20171115,20171114,210813000,3816.0,129856,2154732,4947815120.0,3816.0,142,3815.0,398
rb1805,20171115,20171114,210813500,3815.0,129882,2154714,4948807140.0,3816.0,141,3815.0,391
rb1805,20171115,20171114,210814000,3816.0,129892,2154714,4949188700.0,3816.0,331,3815.0,389
rb1805,20171115,20171114,210814500,3816.0,130044,2154718,4954988380.0,3816.0,297,3815.0,352
rb1805,20171115,20171114,210815000,3815.0,130096,2154710,4956972200.0,3816.0,303,3815.0,327
rb1805,20171115,20171114,210815500,3816.0,130318,2154668,4965443720.0,3816.0,199,3815.0,327
rb1805,20171115,20171114,210816000,3816.0,130530,2154860,4973533520.0,3816.0,173,3815.0,331
rb1805,20171115,20171114,210816500,3816.0,130550,2154856,4974296540.0,3816.0,235,3815.0,334
rb1805,20171115,20171114,210817000,3815.0,130576,2154852,4975288500.0,3816.0,237,3815.0,323
rb1805,20171115,20171114,210817500,3815.0,130604,2154864,4976356900.0,3816.0,229,3815.0,318
rb1805,20171115,20171114,210818000,3816.0,130668,2154848,4978799000.0,3816.0,242,3815.0,313
rb1805,20171115,20171114,210818500,3816.0,130716,2154848,4980630540.0,3816.0,253,3815.0,307
rb1805,20171115,20171114,210819000,3815.0,130772,2154846,4982767180.0,3816.0,245,3815.0,293
rb1805,20171115,20171114,210819500,3816.0,130894,2154810,4987422620.0,3816.0,209,3815.0,289
rb1805,20171115,20171114,210820000,3815.0,130952,2154822,4989635660.0,3816.0,217,3815.0,279
rb1805,20171115,20171114,210820500,3816.0,131000,2154850,4991467300.0,3816.0,227,3815.0,296
rb1805,20171115,20171114,210821000,3815.0,131052,2154842,4993451180.0,3816.0,257,3815.0,275
rb1805,20171115,20171114,210821500,3816.0,131064,2154846,4993909040.0,3816.0,291,3815.0,277
rb1805,20171115,20171114,210822000,3815.0,131408,2154530,5007032860.0,3816.0,313,3815.0,115
rb1805,20171115,20171114,210822500,3816.0,131794,2154354,5021758840.0,3816.0,311,3815.0,135
rb1805,20171115,20171114,210823000,3816.0,131858,2154350,5024201020.0,3816.0,289,3815.0,132
rb1805,20171115,20171114,210823500,3815.0,131882,2154338,5025116740.0,3816.0,288,3815.0,128
rb1805,20171115,20171114,210824000,3815.0,131942,2154332,5027405840.0,3816.0,283,3815.0,105
rb1805,20171115,20171114,210824500,3815.0,132162,2154146,5035798920.0,3816.0,283,3815.0,1
rb1805,20171115,20171114,210825000,3815.0,132166,2154150,5035951520.0,3815.0,85,3814.0,128
rb1805,20171115,20171114,210825500,3815.0,132168,2154152,5036027820.0,3815.0,127,3814.0,128
rb1805,20171115,20171114,210826000,3815.0,132210,2154164,5037629940.0,3815.0,117,3814.0,119
rb1805,20171115,20171114,210826500,3815.0,132272,2154222,5039995220.0,3815.0,91,3814.0,119
rb1805,20171115,20171114,210827000,3815.0,132272,2154222,5039995220.0,3815.0,93,3814.0,121
rb1805,20171115,20171114,210827500,3815.0,132462,2154202,5047243720.0,3816.0,359,3815.0,326
rb1805,20171115,20171114,210828000,3815.0,132498,2154188,5048617200.0,3816.0,352,3815.0,772
rb1805,20171115,20171114,210828500,3815.0,132678,2154056,5055485760.0,3816.0,277,3815.0,762
rb1805,20171115,20171114,210829000,3815.0,133218,2154492,5076092060.0,3816.0,16,3815.0,762
rb1805,20171115,20171114,210829500,3816.0,133500,2154576,5086853180.0,3817.0,1116,3816.0,20
rb1805,20171115,20171114,210830000,3816.0,133530,2154562,5087998000.0,3817.0,1151,3816.0,23
rb1805,20171115,20171114,210830500,3816.0,133594,2154534,5090440360.0,3817.0,1153,3816.0,18
rb1805,20171115,20171114,210831000,3816.0,133690,2154544,5094103740.0,3817.0,1166,3816.0,35
rb1805,20171115,20171114,210831500,3816.0,133696,2154544,5094332700.0,3817.0,1162,3816.0,43
rb1805,20171115,20171114,210832000,3816.0,133714,2154536,5095019600.0,3817.0,1161,3816.0,50
rb1805,20171115,20171114,210832500,3816.0,133860,2154552,5100591360.0,3816.0,219,3815.0,834
rb1805,20171115,20171114,210833000,3816.0,133884,2154558,5101507080.0,3816.0,234,3815.0,829
rb1805,20171115,20171114,210833500,3815.0,133974,2154628,5104941380.0,3816.0,212,3815.0,824
rb1805,20171115,20171114,210834000,3816.0,134480,2154658,5124245320.0,3816.0,222,3815.0,584
rb1805,20171115,20171114,210834500,3815.0,134560,2154586,5127297320.0,3816.0,286,3815.0,546
rb1805,20171115,20171114,210835000,3816.0,134572,2154588,5127755200.0,3816.0,290,3815.0,544
rb1805,20171115,20171114,210835500,3816.0,134700,2154690,5132639460.0,3816.0,275,3815.0,534
rb1805,20171115,20171114,210836000,3816.0,134714,2154690,5133173680.0,3816.0,275,3815.0,535
rb1805,20171115,20171114,210836500,3815.0,134852,2154752,5138439700.0,3816.0,245,3815.0,534
rb1805,20171115,20171114,210837000,3815.0,134920,2154752,5141034500.0,3816.0,236,3815.0,530
rb1805,20171115,20171114,210837500,3816.0,134940,2154744,5141797560.0,3816.0,267,3815.0,525
rb1805,20171115,20171114,210838000,3816.0,135004,2154762,5144239400.0,3816.0,258,3815.0,518
rb1805,20171115,20171114,210838500,3815.0,135036,2154756,5145460380.0,3816.0,270,3815.0,514
rb1805,20171115,20171114,210839000,3815.0,135046,2154750,5145841900.0,3816.0,271,3815.0,526
rb1805,20171115,20171114,210839500,3816.0,135260,2154794,5154008080.0,3816.0,175,3815.0,537
rb1805,20171115,20171114,210840000,3815.0,135478,2154894,5162326800.0,3816.0,82,3815.0,536
rb1805,20171115,20171114,210840500,3815.0,135486,2154892,5162632000.0,3816.0,121,3815.0,533
rb1805,20171115,20171114,210841000,3816.0,135500,2154904,5163166240.0,3816.0,119,3815.0,590
rb1805,20171115,20171114,210841500,3815.0,135542,2154910,5164768800.0,3816.0,274,3815.0,584
rb1805,20171115,20171114,210842000,3815.0,135664,2154890,5169423120.0,3816.0,275,3815.0,523
rb1805,20171115,20171114,210842500,3816.0,135692,2154886,5170491540.0,3816.0,303,3815.0,520
rb1805,20171115,20171114,210843000,3815.0,135702,2154882,5170873100.0,3816.0,306,3815.0,519
rb1805,20171115,20171114,210843500,3816.0,135722,2154886,5171636140.0,3816.0,309,3815.0,515
rb1805,20171115,20171114,210844000,3816.0,135814,2154810,5175146040.0,3816.0,302,3815.0,477
rb1805,20171115,20171114,210844500,3816.0,135828,2154808,5175680220.0,3816.0,316,3815.0,474
rb1805,20171115,20171114,210845000,3815.0,135852,2154800,5176596000.0,3816.0,322,3815.0,470
rb1805,20171115,20171114,210845500,3815.0,135914,2154738,5178961300.0,3816.0,340,3815.0,440
rb1805,20171115,20171114,210846000,3816.0,136074,2154738,5185065400.0,3816.0,373,3815.0,366
rb1805,20171115,20171114,210846500,3815.0,136306,2154522,5193916240.0,3816.0,487,3815.0,252
rb1805,20171115,20171114,210847000,3815.0,136828,2154918,5213830540.0,3815.0,174,3814.0,277
rb1805,20171115,20171114,210847500,3814.0,137244,2154594,5229700840.0,3815.0,108,3814.0,272
rb1805,20171115,20171114,210848000,3815.0,137552,2154548,5241451220.0,3816.0,384,3815.0,260
rb1805,20171115,20171114,210848500,3816.0,137582,2154536,5242595820.0,3816.0,380,3815.0,454
rb1805,20171115,20171114,210849000,3815.0,137606,2154534,5243511420.0,3816.0,313,3815.0,443
rb1805,20171115,20171114,210849500,3815.0,137658,2154488,5245495260.0,3816.0,323,3815.0,824
rb1805,20171115,20171114,210850000,3816.0,138318,2154992,5270680740.0,3817.0,1276,3816.0,217
rb1805,20171115,20171114,210850500,3816.0,138432,2155082,5275031020.0,3817.0,1277,3816.0,165
rb1805,20171115,20171114,210851000,3816.0,138466,2155090,5276328460.0,3817.0,1279,3816.0,164
rb1805,20171115,20171114,210851500,3816.0,138482,2155092,5276939020.0,3817.0,1527,3816.0,210
rb1805,20171115,20171114,210852000,3816.0,138520,2155126,5278389100.0,3817.0,1249,3816.0,192
rb1805,20171115,20171114,210852500,3816.0,138582,2155132,5280755440.0,3817.0,1114,3816.0,204
rb1805,20171115,20171114,210853000,3816.0,138594,2155140,5281213360.0,3817.0,1052,3816.0,205
rb1805,20171115,20171114,210853500,3816.0,138678,2155152,5284419200.0,3817.0,993,3816.0,184
rb1805,20171115,20171114,210854000,3817.0,138832,2155172,5290296760.0,3817.0,947,3816.0,157
rb1805,20171115,20171114,210854500,3816.0,139118,2155152,5301212620.0,3817.0,787,3816.0,174
rb1805,20171115,20171114,210855000,3816.0,139324,2155122,5309075260.0,3817.0,725,3816.0,172
rb1805,20171115,20171114,210855500,3816.0,139332,2155122,5309380580.0,3817.0,723,3816.0,183
rb1805,20171115,20171114,210856000,3816.0,139458,2155102,5314188820.0,3817.0,724,3816.0,126
rb1805,20171115,20171114,210856500,3816.0,139478,2155098,5314952140.0,3817.0,718,3816.0,122
rb1805,20171115,20171114,210857000,3817.0,139516,2155088,5316402260.0,3817.0,721,3816.0,106
rb1805,20171115,20171114,210857500,3816.0,139588,2155104,5319149800.0,3817.0,722,3816.0,70
rb1805,20171115,20171114,210858000,3816.0,139754,2155120,5325484360.0,3816.0,61,3815.0,846
rb1805,20171115,20171114,210858500,3816.0,139794,2155148,5327010680.0,3816.0,101,3815.0,862
rb1805,20171115,20171114,210859000,3816.0,140106,2155038,5338916600.0,3817.0,655,3816.0,153
rb1805,20171115,20171114,210859500,3817.0,140118,2155038,5339374540.0,3817.0,658,3816.0,158
rb1805,20171115,20171114,210900000,3816.0,140130,2155032,5339832480.0,3817.0,663,3816.0,205
rb1805,20171115,20171114,210900500,3816.0,140174,2154998,5341511560.0,3817.0,666,3816.0,208
rb1805,20171115,20171114,210901000,3816.0,140382,2155062,5349450900.0,3817.0,565,3816.0,217
rb1805,20171115,20171114,210901500,3817.0,140482,2155010,5353267820.0,3817.0,516,3816.0,213
rb1805,20171115,20171114,210902000,3817.0,140540,2154984,5355481580.0,3817.0,495,3816.0,250
rb1805,20171115,20171114,210902500,3816.0,140770,2154966,5364260420.0,3817.0,402,3816.0,240
rb1805,20171115,20171114,210903000,3816.0,140876,2154890,5368306340.0,3817.0,174,3816.0,239
rb1805,20171115,20171114,210903500,3817.0,140910,2154872,5369604060.0,3817.0,180,3816.0,273
rb1805,20171115,20171114,210904000,3816.0,140972,2154852,5371970180.0,3817.0,274,3816.0,263
rb1805,20171115,20171114,210904500,3817.0,141060,2154794,5375328480.0,3817.0,368,3816.0,235
rb1805,20171115,20171114,210905000,3816.0,141118,2154786,5377542240.0,3817.0,503,3816.0,234
rb1805,20171115,20171114,210905500,3817.0,141134,2154794,5378152920.0,3817.0,509,3816.0,235
rb1805,20171115,20171114,210906000,3816.0,141482,2155072,5391432640.0,3817.0,513,3816.0,67
rb1805,20171115,20171114,210906500,3816.0,141666,2155054,5398454180.0,3816.0,78,3815.0,876
rb1805,20171115,20171114,210907000,3816.0,141758,2155044,5401964500.0,3816.0,122,3815.0,867
rb1805,20171115,20171114,210907500,3816.0,141788,2155040,5403109280.0,3816.0,212,3815.0,881
rb1805,20171115,20171114,210908000,3816.0,141804,2155042,5403719760.0,3816.0,293,3815.0,878
rb1805,20171115,20171114,210908500,3816.0,141814,2155044,5404101280.0,3816.0,365,3815.0,875
rb1805,20171115,20171114,210909000,3815.0,141834,2155052,5404864360.0,3816.0,367,3815.0,870
rb1805,20171115,20171114,210909500,3815.0,141878,2155032,5406543000.0,3816.0,339,3815.0,853
rb1805,20171115,20171114,210910000,3816.0,141948,2155090,5409214120.0,3816.0,307,3815.0,889
