instrument,tradingday,calendarday,time,lastp,volume,openinterest,turnover,ask1,asksz1,bid1,bidsz1
rb1805,20170525,20170524,183525500,2876.0,0,36920,0.0,0.0,0,0.0,0
rb1805,20170525,20170524,205900500,2876.0,6,36916,172560.0,2880.0,1,2873.0,1
rb1805,20170525,20170524,210000500,2877.0,18,36924,518100.0,2880.0,1,2877.0,4
rb1805,20170525,20170524,210001000,2877.0,18,36924,518100.0,2878.0,2,2877.0,4
rb1805,20170525,20170524,210001500,2877.0,18,36924,518100.0,2878.0,2,2877.0,4
rb1805,20170525,20170524,210002000,2877.0,18,36924,518100.0,2878.0,2,2877.0,4
rb1805,20170525,20170524,210002500,2878.0,22,36924,633220.0,2880.0,2,2877.0,4
rb1805,20170525,20170524,210003000,2878.0,22,36924,633220.0,2880.0,2,2877.0,6
rb1805,20170525,20170524,210003500,2880.0,26,36926,748420.0,2882.0,1,2880.0,4
rb1805,20170525,20170524,210004000,2880.0,26,36926,748420.0,2882.0,1,2878.0,2
rb1805,20170525,20170524,210004500,2880.0,26,36926,748420.0,2882.0,3,2879.0,1
rb1805,20170525,20170524,210005000,2882.0,36,36928,1036620.0,2885.0,8,2883.0,1
rb1805,20170525,20170524,210005500,2883.0,42,36930,1209600.0,2883.0,9,2878.0,2
rb1805,20170525,20170524,210006000,2883.0,42,36930,1209600.0,2884.0,2,2882.0,1
rb1805,20170525,20170524,210006500,2883.0,42,36930,1209600.0,2885.0,8,2882.0,3
rb1805,20170525,20170524,210007000,2883.0,42,36930,1209600.0,2885.0,8,2882.0,3
rb1805,20170525,20170524,210007500,2883.0,42,36930,1209600.0,2885.0,8,2882.0,2
rb1805,20170525,20170524,210008000,2883.0,42,36930,1209600.0,2885.0,8,2882.0,2
rb1805,20170525,20170524,210008500,2883.0,42,36930,1209600.0,2885.0,8,2882.0,2
rb1805,20170525,20170524,210009000,2885.0,44,36928,1267300.0,2885.0,7,2882.0,4
rb1805,20170525,20170524,210009500,2885.0,44,36928,1267300.0,2885.0,7,2882.0,4
rb1805,20170525,20170524,210010000,2882.0,48,36928,1382580.0,2885.0,7,2882.0,2
rb1805,20170525,20170524,210010500,2882.0,48,36928,1382580.0,2882.0,1,2881.0,2
rb1805,20170525,20170524,210011000,2882.0,50,36926,1440220.0,2885.0,7,2881.0,2
rb1805,20170525,20170524,210011500,2882.0,50,36926,1440220.0,2884.0,2,2877.0,4
rb1805,20170525,20170524,210012000,2882.0,50,36926,1440220.0,2884.0,2,2878.0,4
rb1805,20170525,20170524,210012500,2882.0,50,36926,1440220.0,2884.0,2,2879.0,2
rb1805,20170525,20170524,210013000,2882.0,50,36926,1440220.0,2884.0,2,2880.0,4
rb1805,20170525,20170524,210013500,2884.0,54,36924,1555580.0,2885.0,7,2881.0,2
rb1805,20170525,20170524,210014000,2884.0,54,36924,1555580.0,2883.0,3,2881.0,2
rb1805,20170525,20170524,210014500,2881.0,56,36924,1613200.0,2883.0,3,2881.0,4
rb1805,20170525,20170524,210015000,2881.0,56,36924,1613200.0,2885.0,17,2881.0,2
rb1805,20170525,20170524,210015500,2881.0,56,36924,1613200.0,2883.0,1,2881.0,2
rb1805,20170525,20170524,210016000,2881.0,60,36920,1728440.0,2883.0,6,2880.0,2
rb1805,20170525,20170524,210016500,2881.0,60,36920,1728440.0,2883.0,9,2879.0,2
rb1805,20170525,20170524,210017000,2881.0,60,36920,1728440.0,2882.0,1,2879.0,2
rb1805,20170525,20170524,210017500,2881.0,60,36920,1728440.0,2882.0,3,2879.0,2
rb1805,20170525,20170524,210018000,2881.0,60,36920,1728440.0,2882.0,3,2879.0,2
rb1805,20170525,20170524,210018500,2881.0,60,36920,1728440.0,2882.0,3,2879.0,2
rb1805,20170525,20170524,210019000,2881.0,60,36920,1728440.0,2882.0,3,2879.0,2
rb1805,20170525,20170524,210019500,2881.0,60,36920,1728440.0,2882.0,3,2879.0,2
rb1805,20170525,20170524,210020000,2879.0,64,36918,1843660.0,2882.0,2,2879.0,1
rb1805,20170525,20170524,210020500,2879.0,64,36918,1843660.0,2881.0,1,2879.0,1
rb1805,20170525,20170524,210021000,2879.0,64,36918,1843660.0,2881.0,3,2879.0,1
rb1805,20170525,20170524,210021500,2879.0,64,36918,1843660.0,2881.0,1,2879.0,1
rb1805,20170525,20170524,210022000,2879.0,64,36918,1843660.0,2881.0,13,2879.0,1
rb1805,20170525,20170524,210023000,2879.0,64,36918,1843660.0,2881.0,14,2879.0,1
rb1805,20170525,20170524,210023500,2879.0,64,36918,1843660.0,2881.0,14,2879.0,1
rb1805,20170525,20170524,210024000,2879.0,64,36918,1843660.0,2881.0,13,2879.0,1
rb1805,20170525,20170524,210024500,2881.0,86,36896,2477480.0,2880.0,1,2879.0,1
rb1805,20170525,20170524,210025000,2881.0,88,36894,2535100.0,2881.0,3,2879.0,1
rb1805,20170525,20170524,210025500,2881.0,88,36894,2535100.0,2881.0,3,2879.0,3
rb1805,20170525,20170524,210026000,2881.0,90,36894,2592720.0,2881.0,2,2879.0,4
rb1805,20170525,20170524,210026500,2881.0,94,36894,2707960.0,2882.0,2,2879.0,3
rb1805,20170525,20170524,210027000,2881.0,94,36894,2707960.0,2882.0,2,2879.0,3
rb1805,20170525,20170524,210027500,2881.0,94,36894,2707960.0,2882.0,2,2879.0,3
rb1805,20170525,20170524,210028000,2881.0,94,36894,2707960.0,2882.0,2,2879.0,3
rb1805,20170525,20170524,210028500,2881.0,94,36894,2707960.0,2882.0,2,2879.0,3
rb1805,20170525,20170524,210029000,2882.0,98,36894,2823240.0,2885.0,18,2879.0,4
rb1805,20170525,20170524,210029500,2882.0,98,36894,2823240.0,2883.0,6,2881.0,1
rb1805,20170525,20170524,210030000,2881.0,100,36896,2880860.0,2881.0,2,2879.0,3
rb1805,20170525,20170524,210030500,2881.0,100,36896,2880860.0,2881.0,1,2879.0,1
rb1805,20170525,20170524,210031000,2881.0,100,36896,2880860.0,2882.0,11,2879.0,1
rb1805,20170525,20170524,210031500,2881.0,100,36896,2880860.0,2882.0,11,2880.0,5
rb1805,20170525,20170524,210032000,2881.0,100,36896,2880860.0,2881.0,1,2880.0,5
rb1805,20170525,20170524,210033000,2881.0,100,36896,2880860.0,2881.0,1,2880.0,6
rb1805,20170525,20170524,210033500,2881.0,100,36896,2880860.0,2881.0,1,2880.0,6
rb1805,20170525,20170524,210034500,2881.0,100,36896,2880860.0,2881.0,1,2880.0,6
rb1805,20170525,20170524,210035000,2881.0,100,36896,2880860.0,2881.0,1,2880.0,6
rb1805,20170525,20170524,210035500,2881.0,100,36896,2880860.0,2881.0,1,2880.0,6
rb1805,20170525,20170524,210036000,2881.0,102,36896,2938480.0,2882.0,10,2880.0,6
rb1805,20170525,20170524,210036500,2881.0,102,36896,2938480.0,2882.0,10,2880.0,5
rb1805,20170525,20170524,210037000,2880.0,112,36906,3226480.0,2880.0,5,2879.0,1
rb1805,20170525,20170524,210038000,2879.0,114,36908,3284060.0,2879.0,2,2877.0,4
rb1805,20170525,20170524,210038500,2879.0,118,36908,3399220.0,2883.0,7,2877.0,6
rb1805,20170525,20170524,210039000,2879.0,118,36908,3399220.0,2880.0,3,2878.0,1
rb1805,20170525,20170524,210039500,2879.0,118,36908,3399220.0,2879.0,10,2878.0,1
rb1805,20170525,20170524,210040000,2879.0,118,36908,3399220.0,2879.0,10,2877.0,4
rb1805,20170525,20170524,210040500,2879.0,118,36908,3399220.0,2879.0,10,2877.0,4
rb1805,20170525,20170524,210041000,2879.0,118,36908,3399220.0,2879.0,10,2877.0,4
rb1805,20170525,20170524,210041500,2879.0,118,36908,3399220.0,2880.0,6,2877.0,4
rb1805,20170525,20170524,210042000,2879.0,118,36908,3399220.0,2878.0,10,2877.0,4
rb1805,20170525,20170524,210042500,2879.0,118,36908,3399220.0,2878.0,10,2877.0,4
rb1805,20170525,20170524,210043000,2879.0,118,36908,3399220.0,2880.0,6,2877.0,4
rb1805,20170525,20170524,210043500,2879.0,118,36908,3399220.0,2878.0,10,2877.0,4
rb1805,20170525,20170524,210044000,2879.0,118,36908,3399220.0,2878.0,10,2877.0,4
rb1805,20170525,20170524,210046000,2879.0,118,36908,3399220.0,2878.0,10,2877.0,4
rb1805,20170525,20170524,210046500,2879.0,118,36908,3399220.0,2878.0,10,2877.0,4
rb1805,20170525,20170524,210047000,2879.0,118,36908,3399220.0,2880.0,5,2877.0,4
rb1805,20170525,20170524,210047500,2879.0,118,36908,3399220.0,2879.0,1,2877.0,4
rb1805,20170525,20170524,210048000,2879.0,118,36908,3399220.0,2878.0,10,2877.0,4
rb1805,20170525,20170524,210049000,2879.0,118,36908,3399220.0,2878.0,10,2877.0,4
rb1805,20170525,20170524,210049500,2877.0,126,36908,3629380.0,2877.0,2,2876.0,1
rb1805,20170525,20170524,210050000,2877.0,126,36908,3629380.0,2883.0,1,2876.0,1
rb1805,20170525,20170524,210050500,2877.0,128,36910,3686920.0,2877.0,9,2876.0,3
rb1805,20170525,20170524,210051000,2877.0,128,36910,3686920.0,2877.0,9,2876.0,1
rb1805,20170525,20170524,210051500,2876.0,130,36912,3744440.0,2876.0,1,2875.0,5
rb1805,20170525,20170524,210052000,2876.0,134,36912,3859480.0,2876.0,1,2875.0,5
rb1805,20170525,20170524,210052500,2876.0,136,36912,3917000.0,2877.0,3,2876.0,3
rb1805,20170525,20170524,210053000,2876.0,136,36912,3917000.0,2877.0,13,2875.0,5
rb1805,20170525,20170524,210053500,2876.0,136,36912,3917000.0,2877.0,13,2875.0,5
rb1805,20170525,20170524,210054000,2876.0,136,36912,3917000.0,2877.0,13,2875.0,5
rb1805,20170525,20170524,210054500,2876.0,136,36912,3917000.0,2877.0,13,2875.0,5
rb1805,20170525,20170524,210055000,2876.0,136,36912,3917000.0,2877.0,3,2875.0,5
rb1805,20170525,20170524,210056000,2875.0,146,36912,4204500.0,2877.0,2,2874.0,2
rb1805,20170525,20170524,210056500,2875.0,146,36912,4204500.0,2881.0,6,2874.0,5
rb1805,20170525,20170524,210057000,2875.0,146,36912,4204500.0,2880.0,4,2875.0,2
rb1805,20170525,20170524,210057500,2875.0,146,36912,4204500.0,2879.0,1,2875.0,2
rb1805,20170525,20170524,210058000,2875.0,148,36910,4262000.0,2879.0,1,2875.0,1
rb1805,20170525,20170524,210059000,2875.0,148,36910,4262000.0,2879.0,1,2877.0,1
rb1805,20170525,20170524,210059500,2877.0,150,36912,4319540.0,2877.0,9,2875.0,1
rb1805,20170525,20170524,210100000,2877.0,150,36912,4319540.0,2875.0,1,2874.0,4
rb1805,20170525,20170524,210100500,2875.0,152,36912,4377040.0,2877.0,10,2875.0,2
rb1805,20170525,20170524,210101000,2875.0,152,36912,4377040.0,2877.0,10,2875.0,2
rb1805,20170525,20170524,210101500,2875.0,152,36912,4377040.0,2878.0,5,2875.0,2
rb1805,20170525,20170524,210102000,2875.0,152,36912,4377040.0,2878.0,5,2875.0,7
rb1805,20170525,20170524,210102500,2875.0,152,36912,4377040.0,2878.0,5,2875.0,7
rb1805,20170525,20170524,210103000,2875.0,152,36912,4377040.0,2879.0,1,2875.0,7
rb1805,20170525,20170524,210103500,2875.0,152,36912,4377040.0,2879.0,6,2875.0,7
rb1805,20170525,20170524,210105500,2875.0,152,36912,4377040.0,2879.0,6,2876.0,2
rb1805,20170525,20170524,210106000,2875.0,152,36912,4377040.0,2879.0,6,2876.0,7
rb1805,20170525,20170524,210107000,2875.0,152,36912,4377040.0,2877.0,3,2876.0,7
rb1805,20170525,20170524,210107500,2875.0,152,36912,4377040.0,2879.0,6,2876.0,7
rb1805,20170525,20170524,210108000,2875.0,152,36912,4377040.0,2879.0,2,2876.0,7
rb1805,20170525,20170524,210108500,2875.0,152,36912,4377040.0,2879.0,1,2877.0,2
rb1805,20170525,20170524,210109000,2875.0,152,36912,4377040.0,2878.0,1,2877.0,7
rb1805,20170525,20170524,210109500,2878.0,154,36912,4434600.0,2880.0,13,2878.0,3
rb1805,20170525,20170524,210110000,2878.0,154,36912,4434600.0,2880.0,13,2877.0,7
rb1805,20170525,20170524,210110500,2878.0,154,36912,4434600.0,2880.0,18,2878.0,2
rb1805,20170525,20170524,210111000,2878.0,154,36912,4434600.0,2880.0,18,2878.0,2
rb1805,20170525,20170524,210111500,2878.0,154,36912,4434600.0,2880.0,13,2878.0,7
rb1805,20170525,20170524,210112000,2878.0,154,36912,4434600.0,2880.0,13,2878.0,7
rb1805,20170525,20170524,210112500,2878.0,154,36912,4434600.0,2880.0,10,2878.0,7
rb1805,20170525,20170524,210113000,2878.0,246,36830,7082360.0,2878.0,54,2877.0,7
rb1805,20170525,20170524,210113500,2878.0,282,36816,8118440.0,2878.0,36,2877.0,7
rb1805,20170525,20170524,210114000,2878.0,282,36816,8118440.0,2878.0,36,2877.0,7
rb1805,20170525,20170524,210114500,2878.0,314,36816,9039400.0,2878.0,20,2877.0,7
rb1805,20170525,20170524,210115000,2878.0,314,36816,9039400.0,2878.0,20,2877.0,5
rb1805,20170525,20170524,210116500,2878.0,324,36816,9327200.0,2878.0,15,2877.0,5
rb1805,20170525,20170524,210120000,2878.0,354,36786,10190600.0,2880.0,10,2878.0,6
rb1805,20170525,20170524,210120500,2878.0,354,36786,10190600.0,2880.0,13,2878.0,4
rb1805,20170525,20170524,210121000,2878.0,354,36786,10190600.0,2880.0,10,2878.0,4
rb1805,20170525,20170524,210122000,2878.0,354,36786,10190600.0,2880.0,10,2878.0,5
rb1805,20170525,20170524,210122500,2878.0,354,36786,10190600.0,2880.0,10,2878.0,4
rb1805,20170525,20170524,210123000,2878.0,354,36786,10190600.0,2880.0,10,2879.0,1
rb1805,20170525,20170524,210123500,2878.0,354,36786,10190600.0,2880.0,10,2878.0,4
rb1805,20170525,20170524,210124000,2878.0,354,36786,10190600.0,2880.0,10,2878.0,4
rb1805,20170525,20170524,210124500,2878.0,354,36786,10190600.0,2880.0,10,2878.0,4
rb1805,20170525,20170524,210125000,2878.0,354,36786,10190600.0,2880.0,10,2878.0,3
rb1805,20170525,20170524,210126000,2878.0,354,36786,10190600.0,2879.0,10,2878.0,3
rb1805,20170525,20170524,210127500,2877.0,364,36782,10478360.0,2879.0,10,2877.0,3
rb1805,20170525,20170524,210128500,2877.0,364,36782,10478360.0,2878.0,5,2877.0,3
rb1805,20170525,20170524,210130000,2877.0,364,36782,10478360.0,2878.0,5,2877.0,3
rb1805,20170525,20170524,210130500,2877.0,364,36782,10478360.0,2878.0,5,2876.0,6
rb1805,20170525,20170524,210131000,2877.0,364,36782,10478360.0,2878.0,10,2876.0,1
rb1805,20170525,20170524,210131500,2877.0,364,36782,10478360.0,2878.0,10,2874.0,2
rb1805,20170525,20170524,210132000,2877.0,364,36782,10478360.0,2878.0,10,2875.0,2
rb1805,20170525,20170524,210132500,2877.0,364,36782,10478360.0,2878.0,10,2875.0,2
rb1805,20170525,20170524,210133000,2877.0,364,36782,10478360.0,2878.0,10,2874.0,4
rb1805,20170525,20170524,210133500,2877.0,364,36782,10478360.0,2878.0,10,2874.0,4
rb1805,20170525,20170524,210134500,2878.0,366,36784,10535920.0,2878.0,9,2874.0,4
rb1805,20170525,20170524,210135500,2878.0,366,36784,10535920.0,2878.0,9,2875.0,2
rb1805,20170525,20170524,210136000,2878.0,366,36784,10535920.0,2878.0,9,2875.0,3
rb1805,20170525,20170524,210136500,2878.0,366,36784,10535920.0,2878.0,9,2875.0,4
rb1805,20170525,20170524,210137500,2878.0,366,36784,10535920.0,2878.0,9,2875.0,4
rb1805,20170525,20170524,210138000,2878.0,366,36784,10535920.0,2878.0,9,2875.0,3
rb1805,20170525,20170524,210139000,2878.0,366,36784,10535920.0,2878.0,9,2875.0,3
rb1805,20170525,20170524,210140000,2878.0,366,36784,10535920.0,2878.0,9,2875.0,2
rb1805,20170525,20170524,210140500,2878.0,366,36784,10535920.0,2878.0,9,2874.0,4
rb1805,20170525,20170524,210141000,2878.0,366,36784,10535920.0,2878.0,9,2875.0,1
rb1805,20170525,20170524,210142000,2878.0,366,36784,10535920.0,2877.0,2,2875.0,2
rb1805,20170525,20170524,210142500,2878.0,366,36784,10535920.0,2878.0,9,2874.0,8
rb1805,20170525,20170524,210143000,2878.0,366,36784,10535920.0,2878.0,9,2876.0,2
rb1805,20170525,20170524,210143500,2878.0,366,36784,10535920.0,2878.0,9,2874.0,9
rb1805,20170525,20170524,210144000,2878.0,366,36784,10535920.0,2878.0,9,2874.0,4
rb1805,20170525,20170524,210144500,2878.0,366,36784,10535920.0,2878.0,9,2875.0,2
rb1805,20170525,20170524,210145000,2878.0,366,36784,10535920.0,2878.0,9,2875.0,2
rb1805,20170525,20170524,210145500,2878.0,366,36784,10535920.0,2878.0,9,2875.0,2
rb1805,20170525,20170524,210146000,2878.0,366,36784,10535920.0,2878.0,9,2875.0,2
rb1805,20170525,20170524,210147000,2878.0,366,36784,10535920.0,2878.0,9,2875.0,2
rb1805,20170525,20170524,210148000,2878.0,366,36784,10535920.0,2878.0,9,2876.0,1
rb1805,20170525,20170524,210148500,2878.0,366,36784,10535920.0,2878.0,9,2876.0,1
rb1805,20170525,20170524,210149000,2878.0,366,36784,10535920.0,2878.0,4,2876.0,1
rb1805,20170525,20170524,210149500,2878.0,366,36784,10535920.0,2878.0,4,2877.0,2
rb1805,20170525,20170524,210150000,2878.0,366,36784,10535920.0,2878.0,4,2877.0,2
rb1805,20170525,20170524,210150500,2878.0,366,36784,10535920.0,2878.0,4,2877.0,2
rb1805,20170525,20170524,210151000,2878.0,366,36784,10535920.0,2878.0,4,2877.0,2
rb1805,20170525,20170524,210151500,2878.0,370,36788,10651040.0,2878.0,2,2877.0,2
rb1805,20170525,20170524,210152000,2878.0,370,36788,10651040.0,2878.0,2,2877.0,4
rb1805,20170525,20170524,210152500,2878.0,370,36788,10651040.0,2878.0,2,2877.0,4
rb1805,20170525,20170524,210153000,2878.0,370,36788,10651040.0,2878.0,3,2877.0,4
rb1805,20170525,20170524,210153500,2878.0,370,36788,10651040.0,2878.0,3,2877.0,2
rb1805,20170525,20170524,210155500,2878.0,370,36788,10651040.0,2878.0,3,2877.0,2
rb1805,20170525,20170524,210156000,2878.0,372,36790,10708600.0,2878.0,2,2877.0,2
rb1805,20170525,20170524,210156500,2878.0,372,36790,10708600.0,2878.0,2,2877.0,2
rb1805,20170525,20170524,210157500,2878.0,372,36790,10708600.0,2878.0,2,2877.0,2
rb1805,20170525,20170524,210158000,2878.0,372,36790,10708600.0,2878.0,2,2877.0,4
rb1805,20170525,20170524,210159000,2878.0,372,36790,10708600.0,2878.0,2,2877.0,2
rb1805,20170525,20170524,210201500,2878.0,372,36790,10708600.0,2878.0,2,2877.0,2
rb1805,20170525,20170524,210202000,2878.0,372,36790,10708600.0,2878.0,2,2877.0,2
rb1805,20170525,20170524,210202500,2878.0,372,36790,10708600.0,2878.0,2,2876.0,2
rb1805,20170525,20170524,210203000,2878.0,372,36790,10708600.0,2878.0,2,2875.0,5
rb1805,20170525,20170524,210203500,2878.0,372,36790,10708600.0,2878.0,7,2875.0,5
rb1805,20170525,20170524,210204000,2878.0,372,36790,10708600.0,2878.0,7,2875.0,6
rb1805,20170525,20170524,210205500,2875.0,374,36790,10766100.0,2878.0,7,2875.0,5
rb1805,20170525,20170524,210206500,2875.0,374,36790,10766100.0,2878.0,7,2875.0,5
rb1805,20170525,20170524,210208000,2875.0,374,36790,10766100.0,2878.0,7,2875.0,5
rb1805,20170525,20170524,210208500,2875.0,374,36790,10766100.0,2878.0,7,2875.0,3
rb1805,20170525,20170524,210209500,2878.0,378,36792,10881220.0,2878.0,5,2875.0,3
rb1805,20170525,20170524,210211000,2878.0,378,36792,10881220.0,2878.0,5,2875.0,4
rb1805,20170525,20170524,210213000,2878.0,378,36792,10881220.0,2878.0,5,2875.0,4
rb1805,20170525,20170524,210213500,2878.0,378,36792,10881220.0,2879.0,10,2875.0,4
rb1805,20170525,20170524,210214000,2878.0,378,36792,10881220.0,2879.0,15,2875.0,7
rb1805,20170525,20170524,210214500,2878.0,378,36792,10881220.0,2878.0,1,2875.0,7
rb1805,20170525,20170524,210216000,2878.0,378,36792,10881220.0,2878.0,1,2875.0,7
rb1805,20170525,20170524,210216500,2875.0,380,36792,10938720.0,2878.0,3,2875.0,6
rb1805,20170525,20170524,210217500,2875.0,380,36792,10938720.0,2878.0,3,2875.0,6
rb1805,20170525,20170524,210218000,2875.0,380,36792,10938720.0,2878.0,1,2876.0,2
rb1805,20170525,20170524,210218500,2875.0,380,36792,10938720.0,2878.0,1,2877.0,9
rb1805,20170525,20170524,210219000,2875.0,380,36792,10938720.0,2878.0,1,2877.0,9
rb1805,20170525,20170524,210220500,2875.0,380,36792,10938720.0,2878.0,1,2877.0,9
rb1805,20170525,20170524,210222000,2875.0,380,36792,10938720.0,2878.0,2,2877.0,9
rb1805,20170525,20170524,210222500,2875.0,380,36792,10938720.0,2878.0,2,2877.0,2
rb1805,20170525,20170524,210223000,2875.0,380,36792,10938720.0,2878.0,2,2877.0,7
rb1805,20170525,20170524,210223500,2875.0,380,36792,10938720.0,2878.0,2,2877.0,9
rb1805,20170525,20170524,210224000,2878.0,382,36792,10996280.0,2878.0,1,2877.0,9
rb1805,20170525,20170524,210224500,2878.0,382,36792,10996280.0,2878.0,1,2877.0,9
rb1805,20170525,20170524,210226500,2878.0,382,36792,10996280.0,2878.0,1,2877.0,9
rb1805,20170525,20170524,210227000,2878.0,384,36794,11053840.0,2879.0,15,2878.0,1
rb1805,20170525,20170524,210228000,2877.0,404,36774,11629260.0,2879.0,10,2877.0,4
rb1805,20170525,20170524,210229000,2877.0,404,36774,11629260.0,2879.0,10,2876.0,2
rb1805,20170525,20170524,210229500,2877.0,404,36774,11629260.0,2879.0,15,2876.0,2
rb1805,20170525,20170524,210231000,2877.0,404,36774,11629260.0,2879.0,15,2876.0,2
rb1805,20170525,20170524,210231500,2877.0,404,36774,11629260.0,2879.0,15,2877.0,2
rb1805,20170525,20170524,210232000,2877.0,404,36774,11629260.0,2879.0,15,2877.0,4
rb1805,20170525,20170524,210232500,2877.0,404,36774,11629260.0,2879.0,15,2877.0,2
rb1805,20170525,20170524,210233000,2876.0,410,36774,11801820.0,2876.0,7,2875.0,10
rb1805,20170525,20170524,210233500,2880.0,464,36738,13356160.0,2880.0,6,2879.0,2
rb1805,20170525,20170524,210234000,2880.0,470,36734,13528920.0,2880.0,5,2876.0,8
rb1805,20170525,20170524,210234500,2880.0,470,36734,13528920.0,2880.0,12,2877.0,4
rb1805,20170525,20170524,210235000,2880.0,470,36734,13528920.0,2880.0,12,2877.0,11
rb1805,20170525,20170524,210236000,2880.0,482,36736,13874520.0,2880.0,6,2878.0,1
rb1805,20170525,20170524,210237000,2880.0,482,36736,13874520.0,2880.0,6,2877.0,11
rb1805,20170525,20170524,210237500,2880.0,482,36736,13874520.0,2880.0,1,2878.0,1
rb1805,20170525,20170524,210238000,2877.0,502,36734,14450040.0,2881.0,1,2877.0,8
rb1805,20170525,20170524,210238500,2877.0,502,36734,14450040.0,2881.0,3,2877.0,8
rb1805,20170525,20170524,210239000,2877.0,502,36734,14450040.0,2881.0,3,2877.0,10
rb1805,20170525,20170524,210239500,2877.0,502,36734,14450040.0,2881.0,3,2878.0,5
rb1805,20170525,20170524,210240500,2877.0,502,36734,14450040.0,2881.0,8,2878.0,5
rb1805,20170525,20170524,210241500,2877.0,502,36734,14450040.0,2881.0,8,2878.0,5
rb1805,20170525,20170524,210242000,2881.0,504,36732,14507660.0,2881.0,7,2880.0,2
rb1805,20170525,20170524,210242500,2880.0,506,36732,14565260.0,2880.0,3,2878.0,5
rb1805,20170525,20170524,210243000,2880.0,506,36732,14565260.0,2881.0,2,2878.0,5
rb1805,20170525,20170524,210243500,2880.0,506,36732,14565260.0,2880.0,5,2878.0,5
rb1805,20170525,20170524,210244000,2880.0,506,36732,14565260.0,2880.0,5,2878.0,5
rb1805,20170525,20170524,210244500,2880.0,506,36732,14565260.0,2880.0,5,2877.0,21
rb1805,20170525,20170524,210245000,2880.0,506,36732,14565260.0,2880.0,7,2877.0,21
rb1805,20170525,20170524,210245500,2880.0,506,36732,14565260.0,2880.0,7,2877.0,17
rb1805,20170525,20170524,210246000,2880.0,506,36732,14565260.0,2880.0,7,2877.0,17
rb1805,20170525,20170524,210247000,2880.0,506,36732,14565260.0,2880.0,7,2877.0,17
rb1805,20170525,20170524,210247500,2880.0,506,36732,14565260.0,2880.0,7,2877.0,17
rb1805,20170525,20170524,210249000,2880.0,506,36732,14565260.0,2880.0,7,2877.0,17
rb1805,20170525,20170524,210249500,2880.0,506,36732,14565260.0,2880.0,7,2878.0,5
rb1805,20170525,20170524,210250000,2880.0,506,36732,14565260.0,2880.0,2,2877.0,21
rb1805,20170525,20170524,210251500,2880.0,506,36732,14565260.0,2880.0,2,2878.0,1
rb1805,20170525,20170524,210252000,2880.0,506,36732,14565260.0,2881.0,5,2878.0,1
rb1805,20170525,20170524,210252500,2880.0,506,36732,14565260.0,2881.0,7,2880.0,1
rb1805,20170525,20170524,210253000,2880.0,506,36732,14565260.0,2881.0,2,2878.0,2
rb1805,20170525,20170524,210253500,2880.0,506,36732,14565260.0,2881.0,5,2880.0,1
rb1805,20170525,20170524,210254000,2880.0,508,36732,14622860.0,2881.0,5,2878.0,2
rb1805,20170525,20170524,210254500,2880.0,508,36732,14622860.0,2881.0,7,2878.0,2
rb1805,20170525,20170524,210255500,2881.0,534,36718,15371920.0,2882.0,1,2880.0,4
rb1805,20170525,20170524,210256000,2880.0,544,36718,15659920.0,2882.0,1,2881.0,1
rb1805,20170525,20170524,210256500,2881.0,546,36718,15717540.0,2881.0,12,2880.0,4
rb1805,20170525,20170524,210257000,2881.0,570,36702,16408940.0,2882.0,1,2880.0,4
rb1805,20170525,20170524,210257500,2882.0,572,36700,16466580.0,2883.0,3,2880.0,4
rb1805,20170525,20170524,210258000,2882.0,572,36700,16466580.0,2881.0,2,2880.0,4
rb1805,20170525,20170524,210258500,2881.0,576,36700,16581820.0,2883.0,4,2880.0,4
rb1805,20170525,20170524,210259000,2881.0,576,36700,16581820.0,2883.0,4,2880.0,4
rb1805,20170525,20170524,210259500,2881.0,576,36700,16581820.0,2883.0,4,2880.0,9
rb1805,20170525,20170524,210300000,2881.0,576,36700,16581820.0,2883.0,4,2880.0,9
rb1805,20170525,20170524,210301000,2881.0,576,36700,16581820.0,2883.0,5,2880.0,9
rb1805,20170525,20170524,210301500,2881.0,576,36700,16581820.0,2883.0,5,2881.0,1
rb1805,20170525,20170524,210303000,2881.0,576,36700,16581820.0,2883.0,5,2881.0,6
rb1805,20170525,20170524,210304000,2881.0,576,36700,16581820.0,2883.0,5,2881.0,6
rb1805,20170525,20170524,210304500,2881.0,576,36700,16581820.0,2883.0,5,2881.0,11
rb1805,20170525,20170524,210305000,2881.0,576,36700,16581820.0,2883.0,5,2881.0,11
rb1805,20170525,20170524,210305500,2881.0,576,36700,16581820.0,2882.0,1,2881.0,11
rb1805,20170525,20170524,210306500,2881.0,576,36700,16581820.0,2882.0,1,2881.0,11
rb1805,20170525,20170524,210307000,2881.0,576,36700,16581820.0,2882.0,1,2881.0,11
rb1805,20170525,20170524,210308000,2882.0,578,36700,16639460.0,2883.0,3,2881.0,11
rb1805,20170525,20170524,210308500,2882.0,578,36700,16639460.0,2883.0,2,2881.0,11
rb1805,20170525,20170524,210309000,2882.0,578,36700,16639460.0,2883.0,2,2881.0,11
rb1805,20170525,20170524,210309500,2882.0,578,36700,16639460.0,2883.0,2,2881.0,11
rb1805,20170525,20170524,210310000,2882.0,578,36700,16639460.0,2883.0,2,2881.0,11
rb1805,20170525,20170524,210312000,2883.0,580,36698,16697120.0,2883.0,1,2881.0,11
rb1805,20170525,20170524,210313000,2883.0,582,36696,16754780.0,2884.0,2,2881.0,11
rb1805,20170525,20170524,210313500,2883.0,582,36696,16754780.0,2884.0,4,2881.0,17
rb1805,20170525,20170524,210314000,2883.0,582,36696,16754780.0,2884.0,5,2881.0,11
rb1805,20170525,20170524,210314500,2883.0,582,36696,16754780.0,2884.0,4,2882.0,1
rb1805,20170525,20170524,210315000,2882.0,586,36696,16870060.0,2884.0,5,2881.0,6
rb1805,20170525,20170524,210315500,2882.0,586,36696,16870060.0,2884.0,5,2881.0,6
rb1805,20170525,20170524,210316000,2882.0,586,36696,16870060.0,2884.0,5,2881.0,1
rb1805,20170525,20170524,210317500,2882.0,586,36696,16870060.0,2883.0,1,2881.0,1
rb1805,20170525,20170524,210318000,2882.0,586,36696,16870060.0,2883.0,3,2881.0,1
rb1805,20170525,20170524,210318500,2882.0,586,36696,16870060.0,2883.0,3,2881.0,6
rb1805,20170525,20170524,210320000,2883.0,588,36696,16927720.0,2883.0,2,2881.0,6
rb1805,20170525,20170524,210320500,2883.0,588,36696,16927720.0,2884.0,6,2882.0,10
rb1805,20170525,20170524,210321000,2883.0,588,36696,16927720.0,2884.0,6,2883.0,5
rb1805,20170525,20170524,210321500,2883.0,598,36686,17216020.0,2883.0,6,2882.0,10
rb1805,20170525,20170524,210322000,2883.0,598,36686,17216020.0,2883.0,5,2882.0,10
rb1805,20170525,20170524,210323500,2883.0,600,36684,17273680.0,2883.0,4,2882.0,10
rb1805,20170525,20170524,210324000,2882.0,610,36674,17561880.0,2884.0,4,2882.0,5
rb1805,20170525,20170524,210324500,2882.0,612,36674,17619520.0,2884.0,4,2882.0,4
rb1805,20170525,20170524,210328000,2882.0,620,36674,17850080.0,2882.0,10,2881.0,6
rb1805,20170525,20170524,210328500,2882.0,620,36674,17850080.0,2882.0,10,2881.0,6
rb1805,20170525,20170524,210329000,2882.0,620,36674,17850080.0,2882.0,10,2881.0,6
rb1805,20170525,20170524,210329500,2882.0,622,36674,17907720.0,2882.0,9,2881.0,1
rb1805,20170525,20170524,210330500,2882.0,622,36674,17907720.0,2882.0,9,2881.0,1
rb1805,20170525,20170524,210331500,2882.0,626,36678,18023000.0,2882.0,7,2881.0,2
rb1805,20170525,20170524,210333000,2882.0,626,36678,18023000.0,2882.0,7,2881.0,2
rb1805,20170525,20170524,210333500,2882.0,626,36678,18023000.0,2882.0,7,2881.0,2
rb1805,20170525,20170524,210334500,2881.0,628,36678,18080620.0,2882.0,7,2881.0,1
rb1805,20170525,20170524,210335000,2881.0,628,36678,18080620.0,2882.0,7,2881.0,2
rb1805,20170525,20170524,210336000,2881.0,628,36678,18080620.0,2882.0,7,2881.0,2
rb1805,20170525,20170524,210338000,2881.0,628,36678,18080620.0,2882.0,8,2881.0,2
rb1805,20170525,20170524,210338500,2882.0,630,36680,18138260.0,2882.0,6,2881.0,2
rb1805,20170525,20170524,210339000,2881.0,634,36682,18253500.0,2881.0,2,2880.0,7
rb1805,20170525,20170524,210339500,2881.0,634,36682,18253500.0,2882.0,6,2880.0,2
rb1805,20170525,20170524,210340500,2881.0,634,36682,18253500.0,2882.0,6,2880.0,2
rb1805,20170525,20170524,210341500,2881.0,634,36682,18253500.0,2882.0,6,2880.0,2
rb1805,20170525,20170524,210342000,2880.0,638,36686,18368700.0,2880.0,1,2879.0,3
rb1805,20170525,20170524,210342500,2880.0,640,36686,18426300.0,2882.0,6,2879.0,3
rb1805,20170525,20170524,210343000,2880.0,640,36686,18426300.0,2881.0,2,2879.0,3
rb1805,20170525,20170524,210343500,2880.0,640,36686,18426300.0,2881.0,2,2879.0,3
rb1805,20170525,20170524,210345500,2879.0,642,36686,18483880.0,2881.0,2,2879.0,2
rb1805,20170525,20170524,210347500,2879.0,646,36690,18599040.0,2881.0,2,2878.0,1
rb1805,20170525,20170524,210348000,2879.0,646,36690,18599040.0,2881.0,2,2878.0,1
rb1805,20170525,20170524,210348500,2879.0,646,36690,18599040.0,2881.0,2,2878.0,6
rb1805,20170525,20170524,210349000,2879.0,648,36690,18656620.0,2881.0,2,2878.0,6
rb1805,20170525,20170524,210351000,2879.0,648,36690,18656620.0,2880.0,5,2878.0,6
rb1805,20170525,20170524,210351500,2879.0,648,36690,18656620.0,2880.0,5,2878.0,6
rb1805,20170525,20170524,210353000,2879.0,648,36690,18656620.0,2880.0,5,2878.0,6
rb1805,20170525,20170524,210353500,2879.0,648,36690,18656620.0,2880.0,5,2878.0,1
rb1805,20170525,20170524,210354500,2879.0,648,36690,18656620.0,2880.0,3,2878.0,1
rb1805,20170525,20170524,210356500,2879.0,648,36690,18656620.0,2881.0,3,2878.0,1
rb1805,20170525,20170524,210357000,2879.0,648,36690,18656620.0,2880.0,5,2878.0,1
rb1805,20170525,20170524,210358000,2879.0,648,36690,18656620.0,2880.0,5,2878.0,6
rb1805,20170525,20170524,210400000,2879.0,648,36690,18656620.0,2880.0,5,2878.0,6
rb1805,20170525,20170524,210400500,2879.0,648,36690,18656620.0,2880.0,5,2878.0,6
rb1805,20170525,20170524,210401500,2879.0,648,36690,18656620.0,2881.0,2,2878.0,6
rb1805,20170525,20170524,210402000,2879.0,648,36690,18656620.0,2882.0,6,2878.0,6
rb1805,20170525,20170524,210402500,2879.0,648,36690,18656620.0,2882.0,7,2878.0,6
rb1805,20170525,20170524,210403000,2879.0,648,36690,18656620.0,2882.0,6,2878.0,6
rb1805,20170525,20170524,210403500,2879.0,648,36690,18656620.0,2881.0,3,2878.0,6
rb1805,20170525,20170524,210404000,2879.0,648,36690,18656620.0,2881.0,3,2878.0,6
rb1805,20170525,20170524,210405000,2879.0,648,36690,18656620.0,2881.0,3,2878.0,6
rb1805,20170525,20170524,210407500,2879.0,648,36690,18656620.0,2881.0,3,2879.0,1
rb1805,20170525,20170524,210408000,2879.0,648,36690,18656620.0,2881.0,3,2879.0,6
rb1805,20170525,20170524,210408500,2879.0,648,36690,18656620.0,2881.0,3,2879.0,5
rb1805,20170525,20170524,210410000,2881.0,654,36690,18829480.0,2882.0,6,2879.0,12
rb1805,20170525,20170524,210411500,2881.0,654,36690,18829480.0,2882.0,6,2879.0,5
rb1805,20170525,20170524,210412000,2881.0,654,36690,18829480.0,2882.0,7,2879.0,5
rb1805,20170525,20170524,210412500,2881.0,654,36690,18829480.0,2882.0,6,2879.0,5
rb1805,20170525,20170524,210413500,2881.0,654,36690,18829480.0,2882.0,6,2879.0,5
rb1805,20170525,20170524,210414000,2881.0,654,36690,18829480.0,2882.0,6,2879.0,5
rb1805,20170525,20170524,210414500,2881.0,654,36690,18829480.0,2882.0,6,2879.0,5
rb1805,20170525,20170524,210415000,2881.0,654,36690,18829480.0,2882.0,6,2879.0,5
rb1805,20170525,20170524,210416500,2881.0,654,36690,18829480.0,2882.0,6,2879.0,5
rb1805,20170525,20170524,210417000,2881.0,654,36690,18829480.0,2882.0,6,2879.0,12
rb1805,20170525,20170524,210417500,2881.0,654,36690,18829480.0,2882.0,6,2879.0,5
rb1805,20170525,20170524,210418000,2881.0,654,36690,18829480.0,2882.0,6,2879.0,5
rb1805,20170525,20170524,210418500,2881.0,654,36690,18829480.0,2882.0,6,2879.0,5
rb1805,20170525,20170524,210420000,2881.0,654,36690,18829480.0,2882.0,6,2879.0,5
rb1805,20170525,20170524,210421000,2881.0,654,36690,18829480.0,2882.0,6,2879.0,12
rb1805,20170525,20170524,210422000,2881.0,654,36690,18829480.0,2882.0,6,2879.0,24
rb1805,20170525,20170524,210423000,2882.0,656,36690,18887120.0,2882.0,5,2879.0,24
rb1805,20170525,20170524,210423500,2882.0,666,36690,19175320.0,2883.0,5,2880.0,2
rb1805,20170525,20170524,210424000,2882.0,666,36690,19175320.0,2883.0,5,2880.0,10
rb1805,20170525,20170524,210425500,2882.0,666,36690,19175320.0,2883.0,5,2880.0,5
rb1805,20170525,20170524,210428000,2882.0,666,36690,19175320.0,2883.0,5,2880.0,14
rb1805,20170525,20170524,210430500,2882.0,666,36690,19175320.0,2883.0,5,2880.0,13
rb1805,20170525,20170524,210431000,2882.0,666,36690,19175320.0,2883.0,5,2880.0,5
rb1805,20170525,20170524,210431500,2882.0,666,36690,19175320.0,2883.0,5,2880.0,12
rb1805,20170525,20170524,210432000,2882.0,666,36690,19175320.0,2883.0,5,2880.0,12
rb1805,20170525,20170524,210432500,2882.0,666,36690,19175320.0,2883.0,5,2880.0,14
rb1805,20170525,20170524,210433000,2882.0,666,36690,19175320.0,2883.0,5,2880.0,15
rb1805,20170525,20170524,210434500,2882.0,666,36690,19175320.0,2883.0,6,2880.0,17
rb1805,20170525,20170524,210435000,2882.0,666,36690,19175320.0,2883.0,6,2880.0,17
rb1805,20170525,20170524,210435500,2882.0,666,36690,19175320.0,2883.0,6,2880.0,19
rb1805,20170525,20170524,210437000,2882.0,666,36690,19175320.0,2883.0,6,2880.0,19
rb1805,20170525,20170524,210438500,2882.0,666,36690,19175320.0,2883.0,6,2881.0,1
rb1805,20170525,20170524,210439500,2882.0,666,36690,19175320.0,2883.0,6,2881.0,1
rb1805,20170525,20170524,210440500,2882.0,666,36690,19175320.0,2883.0,6,2881.0,1
rb1805,20170525,20170524,210441000,2882.0,666,36690,19175320.0,2883.0,6,2881.0,1
rb1805,20170525,20170524,210442000,2882.0,666,36690,19175320.0,2883.0,6,2881.0,1
rb1805,20170525,20170524,210442500,2882.0,666,36690,19175320.0,2883.0,6,2881.0,1
rb1805,20170525,20170524,210445000,2882.0,666,36690,19175320.0,2883.0,6,2881.0,1
rb1805,20170525,20170524,210449500,2882.0,666,36690,19175320.0,2883.0,6,2881.0,1
rb1805,20170525,20170524,210450000,2882.0,666,36690,19175320.0,2883.0,6,2881.0,1
rb1805,20170525,20170524,210450500,2882.0,666,36690,19175320.0,2883.0,6,2881.0,6
rb1805,20170525,20170524,210451500,2882.0,666,36690,19175320.0,2883.0,5,2881.0,6
rb1805,20170525,20170524,210452000,2882.0,666,36690,19175320.0,2883.0,5,2881.0,6
rb1805,20170525,20170524,210452500,2882.0,666,36690,19175320.0,2883.0,5,2881.0,6
rb1805,20170525,20170524,210453000,2882.0,666,36690,19175320.0,2883.0,5,2881.0,6
rb1805,20170525,20170524,210453500,2881.0,668,36690,19232940.0,2883.0,5,2881.0,5
rb1805,20170525,20170524,210456000,2881.0,668,36690,19232940.0,2883.0,5,2881.0,5
rb1805,20170525,20170524,210458000,2882.0,676,36684,19463560.0,2883.0,2,2882.0,1
rb1805,20170525,20170524,210458500,2882.0,676,36684,19463560.0,2883.0,2,2882.0,1
rb1805,20170525,20170524,210459000,2883.0,680,36684,19578880.0,2884.0,3,2882.0,6
rb1805,20170525,20170524,210500500,2883.0,680,36684,19578880.0,2884.0,3,2882.0,6
rb1805,20170525,20170524,210501000,2883.0,680,36684,19578880.0,2884.0,3,2882.0,6
rb1805,20170525,20170524,210501500,2883.0,680,36684,19578880.0,2884.0,3,2882.0,6
rb1805,20170525,20170524,210502000,2883.0,680,36684,19578880.0,2884.0,3,2882.0,6
rb1805,20170525,20170524,210502500,2883.0,680,36684,19578880.0,2884.0,3,2883.0,2
rb1805,20170525,20170524,210503000,2884.0,686,36678,19751920.0,2885.0,13,2883.0,7
rb1805,20170525,20170524,210505500,2885.0,690,36678,19867320.0,2885.0,11,2883.0,5
rb1805,20170525,20170524,210506000,2885.0,690,36678,19867320.0,2885.0,11,2883.0,5
rb1805,20170525,20170524,210506500,2885.0,690,36678,19867320.0,2885.0,11,2883.0,5
rb1805,20170525,20170524,210510000,2885.0,690,36678,19867320.0,2885.0,11,2884.0,2
rb1805,20170525,20170524,210510500,2885.0,690,36678,19867320.0,2885.0,11,2883.0,5
rb1805,20170525,20170524,210511500,2885.0,690,36678,19867320.0,2885.0,11,2884.0,2
rb1805,20170525,20170524,210512500,2885.0,692,36678,19925020.0,2885.0,10,2884.0,2
rb1805,20170525,20170524,210513500,2885.0,692,36678,19925020.0,2885.0,10,2884.0,2
rb1805,20170525,20170524,210514000,2885.0,692,36678,19925020.0,2885.0,10,2884.0,2
rb1805,20170525,20170524,210514500,2885.0,692,36678,19925020.0,2885.0,10,2884.0,2
rb1805,20170525,20170524,210515500,2885.0,692,36678,19925020.0,2885.0,5,2884.0,2
rb1805,20170525,20170524,210516000,2885.0,692,36678,19925020.0,2885.0,5,2884.0,7
rb1805,20170525,20170524,210516500,2885.0,698,36680,20098120.0,2885.0,4,2884.0,2
rb1805,20170525,20170524,210517500,2885.0,698,36680,20098120.0,2885.0,4,2884.0,2
rb1805,20170525,20170524,210518000,2885.0,700,36680,20155820.0,2885.0,3,2883.0,6
rb1805,20170525,20170524,210518500,2885.0,700,36680,20155820.0,2885.0,3,2883.0,1
rb1805,20170525,20170524,210520000,2885.0,700,36680,20155820.0,2885.0,3,2883.0,1
rb1805,20170525,20170524,210520500,2885.0,700,36680,20155820.0,2885.0,3,2883.0,1
rb1805,20170525,20170524,210521500,2885.0,700,36680,20155820.0,2885.0,3,2883.0,1
rb1805,20170525,20170524,210522000,2885.0,700,36680,20155820.0,2885.0,4,2883.0,1
rb1805,20170525,20170524,210523000,2885.0,700,36680,20155820.0,2885.0,3,2884.0,2
rb1805,20170525,20170524,210523500,2885.0,700,36680,20155820.0,2885.0,3,2884.0,2
rb1805,20170525,20170524,210524000,2885.0,700,36680,20155820.0,2885.0,2,2884.0,2
rb1805,20170525,20170524,210525500,2885.0,700,36680,20155820.0,2885.0,2,2884.0,2
rb1805,20170525,20170524,210526000,2885.0,700,36680,20155820.0,2885.0,2,2884.0,7
rb1805,20170525,20170524,210527000,2885.0,704,36684,20271220.0,2886.0,2,2884.0,7
rb1805,20170525,20170524,210527500,2885.0,704,36684,20271220.0,2886.0,2,2885.0,2
rb1805,20170525,20170524,210528000,2886.0,706,36686,20328940.0,2886.0,1,2885.0,3
rb1805,20170525,20170524,210528500,2886.0,706,36686,20328940.0,2886.0,1,2885.0,3
rb1805,20170525,20170524,210529000,2886.0,706,36686,20328940.0,2886.0,1,2885.0,8
rb1805,20170525,20170524,210529500,2886.0,708,36688,20386660.0,2887.0,2,2886.0,14
rb1805,20170525,20170524,210530000,2886.0,708,36688,20386660.0,2887.0,2,2885.0,8
rb1805,20170525,20170524,210531000,2886.0,708,36688,20386660.0,2886.0,3,2885.0,8
rb1805,20170525,20170524,210531500,2886.0,708,36688,20386660.0,2887.0,2,2886.0,14
rb1805,20170525,20170524,210533000,2886.0,708,36688,20386660.0,2887.0,4,2886.0,9
rb1805,20170525,20170524,210533500,2886.0,708,36688,20386660.0,2887.0,3,2886.0,14
rb1805,20170525,20170524,210534000,2886.0,708,36688,20386660.0,2887.0,3,2886.0,14
rb1805,20170525,20170524,210534500,2886.0,708,36688,20386660.0,2887.0,3,2886.0,14
rb1805,20170525,20170524,210535000,2887.0,714,36686,20559880.0,2888.0,5,2887.0,9
rb1805,20170525,20170524,210535500,2887.0,714,36686,20559880.0,2888.0,5,2887.0,4
rb1805,20170525,20170524,210536000,2887.0,714,36686,20559880.0,2888.0,5,2887.0,9
rb1805,20170525,20170524,210536500,2887.0,714,36686,20559880.0,2888.0,5,2887.0,6
rb1805,20170525,20170524,210537000,2887.0,726,36676,20906420.0,2889.0,3,2887.0,14
rb1805,20170525,20170524,210537500,2887.0,726,36676,20906420.0,2889.0,3,2887.0,5
rb1805,20170525,20170524,210539000,2889.0,732,36678,21079760.0,2890.0,12,2889.0,6
rb1805,20170525,20170524,210539500,2887.0,754,36690,21715140.0,2887.0,5,2886.0,7
rb1805,20170525,20170524,210540000,2887.0,764,36682,22003840.0,2890.0,12,2886.0,5
rb1805,20170525,20170524,210540500,2887.0,764,36682,22003840.0,2889.0,3,2886.0,5
rb1805,20170525,20170524,210541000,2887.0,764,36682,22003840.0,2889.0,8,2886.0,5
rb1805,20170525,20170524,210541500,2887.0,764,36682,22003840.0,2889.0,6,2886.0,5
rb1805,20170525,20170524,210542500,2887.0,764,36682,22003840.0,2889.0,4,2886.0,5
rb1805,20170525,20170524,210543000,2887.0,764,36682,22003840.0,2889.0,1,2886.0,15
rb1805,20170525,20170524,210543500,2887.0,764,36682,22003840.0,2889.0,1,2886.0,16
rb1805,20170525,20170524,210544000,2887.0,764,36682,22003840.0,2889.0,1,2886.0,16
rb1805,20170525,20170524,210544500,2887.0,764,36682,22003840.0,2889.0,1,2886.0,5
rb1805,20170525,20170524,210545000,2887.0,764,36682,22003840.0,2889.0,1,2886.0,8
rb1805,20170525,20170524,210545500,2887.0,764,36682,22003840.0,2888.0,1,2886.0,8
rb1805,20170525,20170524,210546000,2888.0,766,36680,22061600.0,2889.0,6,2886.0,8
rb1805,20170525,20170524,210546500,2888.0,766,36680,22061600.0,2889.0,6,2886.0,8
rb1805,20170525,20170524,210547500,2889.0,768,36682,22119380.0,2889.0,6,2886.0,8
rb1805,20170525,20170524,210548000,2889.0,768,36682,22119380.0,2889.0,6,2886.0,5
rb1805,20170525,20170524,210549000,2889.0,768,36682,22119380.0,2889.0,6,2887.0,1
rb1805,20170525,20170524,210549500,2889.0,772,36686,22234940.0,2889.0,4,2887.0,1
rb1805,20170525,20170524,210550000,2889.0,772,36686,22234940.0,2889.0,4,2887.0,1
rb1805,20170525,20170524,210550500,2889.0,772,36686,22234940.0,2889.0,4,2887.0,1
rb1805,20170525,20170524,210551000,2889.0,772,36686,22234940.0,2889.0,4,2887.0,1
rb1805,20170525,20170524,210552500,2889.0,772,36686,22234940.0,2889.0,1,2887.0,3
rb1805,20170525,20170524,210553000,2889.0,772,36686,22234940.0,2889.0,4,2887.0,3
rb1805,20170525,20170524,210553500,2889.0,772,36686,22234940.0,2889.0,4,2887.0,3
rb1805,20170525,20170524,210554000,2889.0,772,36686,22234940.0,2889.0,4,2887.0,3
rb1805,20170525,20170524,210555500,2889.0,772,36686,22234940.0,2889.0,4,2887.0,3
rb1805,20170525,20170524,210556000,2889.0,772,36686,22234940.0,2889.0,9,2887.0,3
rb1805,20170525,20170524,210557000,2887.0,778,36680,22408160.0,2887.0,7,2886.0,5
rb1805,20170525,20170524,210557500,2887.0,802,36676,23101040.0,2887.0,5,2885.0,10
rb1805,20170525,20170524,210558000,2887.0,812,36676,23389740.0,2889.0,9,2885.0,7
rb1805,20170525,20170524,210558500,2887.0,812,36676,23389740.0,2889.0,9,2885.0,6
rb1805,20170525,20170524,210559000,2887.0,812,36676,23389740.0,2889.0,9,2885.0,5
rb1805,20170525,20170524,210559500,2889.0,814,36678,23447520.0,2889.0,12,2885.0,5
rb1805,20170525,20170524,210600000,2889.0,814,36678,23447520.0,2887.0,14,2885.0,10
rb1805,20170525,20170524,210600500,2889.0,814,36678,23447520.0,2887.0,14,2885.0,10
rb1805,20170525,20170524,210601000,2889.0,814,36678,23447520.0,2887.0,14,2885.0,10
rb1805,20170525,20170524,210603000,2887.0,842,36678,24255880.0,2889.0,8,2885.0,12
rb1805,20170525,20170524,210603500,2887.0,842,36678,24255880.0,2889.0,8,2885.0,12
rb1805,20170525,20170524,210604500,2887.0,842,36678,24255880.0,2889.0,8,2885.0,12
rb1805,20170525,20170524,210605000,2887.0,842,36678,24255880.0,2889.0,9,2885.0,18
rb1805,20170525,20170524,210606000,2887.0,842,36678,24255880.0,2889.0,9,2885.0,24
rb1805,20170525,20170524,210606500,2887.0,842,36678,24255880.0,2889.0,9,2885.0,24
rb1805,20170525,20170524,210607000,2887.0,842,36678,24255880.0,2888.0,1,2885.0,24
rb1805,20170525,20170524,210607500,2887.0,842,36678,24255880.0,2888.0,1,2885.0,24
rb1805,20170525,20170524,210608000,2887.0,842,36678,24255880.0,2888.0,1,2885.0,25
rb1805,20170525,20170524,210609000,2887.0,842,36678,24255880.0,2888.0,1,2886.0,1
rb1805,20170525,20170524,210609500,2887.0,842,36678,24255880.0,2888.0,1,2886.0,1
rb1805,20170525,20170524,210611000,2887.0,842,36678,24255880.0,2888.0,1,2886.0,3
rb1805,20170525,20170524,210611500,2887.0,842,36678,24255880.0,2888.0,1,2886.0,3
rb1805,20170525,20170524,210612000,2887.0,842,36678,24255880.0,2888.0,1,2886.0,3
rb1805,20170525,20170524,210612500,2887.0,842,36678,24255880.0,2888.0,1,2886.0,2
rb1805,20170525,20170524,210613500,2887.0,842,36678,24255880.0,2888.0,1,2886.0,2
rb1805,20170525,20170524,210615000,2886.0,846,36674,24371320.0,2888.0,1,2885.0,11
rb1805,20170525,20170524,210616000,2886.0,846,36674,24371320.0,2888.0,1,2885.0,11
rb1805,20170525,20170524,210618000,2886.0,846,36674,24371320.0,2888.0,1,2885.0,11
rb1805,20170525,20170524,210619000,2886.0,846,36674,24371320.0,2888.0,1,2886.0,2
rb1805,20170525,20170524,210619500,2886.0,848,36674,24429040.0,2888.0,1,2886.0,6
rb1805,20170525,20170524,210621000,2886.0,848,36674,24429040.0,2888.0,1,2886.0,6
rb1805,20170525,20170524,210621500,2886.0,848,36674,24429040.0,2888.0,1,2886.0,7
rb1805,20170525,20170524,210623000,2886.0,848,36674,24429040.0,2888.0,1,2886.0,7
rb1805,20170525,20170524,210627000,2888.0,850,36672,24486800.0,2889.0,9,2886.0,9
rb1805,20170525,20170524,210627500,2888.0,850,36672,24486800.0,2889.0,4,2886.0,9
rb1805,20170525,20170524,210628000,2888.0,850,36672,24486800.0,2889.0,4,2886.0,10
rb1805,20170525,20170524,210628500,2888.0,850,36672,24486800.0,2889.0,4,2886.0,10
rb1805,20170525,20170524,210629000,2888.0,850,36672,24486800.0,2889.0,4,2887.0,1
rb1805,20170525,20170524,210629500,2888.0,850,36672,24486800.0,2889.0,4,2887.0,6
rb1805,20170525,20170524,210630500,2888.0,850,36672,24486800.0,2889.0,4,2887.0,6
rb1805,20170525,20170524,210631000,2888.0,850,36672,24486800.0,2889.0,4,2887.0,7
rb1805,20170525,20170524,210633500,2888.0,850,36672,24486800.0,2889.0,4,2887.0,7
rb1805,20170525,20170524,210634000,2888.0,850,36672,24486800.0,2889.0,4,2887.0,7
rb1805,20170525,20170524,210634500,2888.0,850,36672,24486800.0,2889.0,4,2887.0,7
rb1805,20170525,20170524,210635000,2888.0,850,36672,24486800.0,2889.0,4,2888.0,1
rb1805,20170525,20170524,210636000,2888.0,850,36672,24486800.0,2889.0,4,2888.0,1
rb1805,20170525,20170524,210638000,2888.0,850,36672,24486800.0,2889.0,4,2888.0,1
rb1805,20170525,20170524,210639000,2888.0,850,36672,24486800.0,2889.0,4,2888.0,1
rb1805,20170525,20170524,210640500,2888.0,852,36672,24544560.0,2888.0,4,2887.0,6
rb1805,20170525,20170524,210642000,2888.0,852,36672,24544560.0,2888.0,5,2887.0,6
rb1805,20170525,20170524,210642500,2888.0,866,36684,24948760.0,2888.0,4,2886.0,6
rb1805,20170525,20170524,210643500,2886.0,878,36684,25295080.0,2888.0,4,2885.0,16
rb1805,20170525,20170524,210644000,2886.0,878,36684,25295080.0,2888.0,9,2885.0,16
rb1805,20170525,20170524,210644500,2885.0,888,36692,25583580.0,2888.0,9,2885.0,12
rb1805,20170525,20170524,210645000,2885.0,888,36692,25583580.0,2888.0,10,2885.0,12
rb1805,20170525,20170524,210645500,2888.0,898,36684,25872380.0,2888.0,5,2886.0,2
rb1805,20170525,20170524,210646000,2888.0,898,36684,25872380.0,2888.0,5,2886.0,2
rb1805,20170525,20170524,210646500,2888.0,898,36684,25872380.0,2888.0,5,2886.0,3
rb1805,20170525,20170524,210648000,2888.0,898,36684,25872380.0,2888.0,5,2886.0,3
rb1805,20170525,20170524,210648500,2888.0,898,36684,25872380.0,2888.0,5,2886.0,2
rb1805,20170525,20170524,210650000,2888.0,898,36684,25872380.0,2888.0,5,2886.0,2
rb1805,20170525,20170524,210652500,2888.0,898,36684,25872380.0,2888.0,5,2886.0,3
rb1805,20170525,20170524,210653500,2888.0,898,36684,25872380.0,2887.0,1,2886.0,3
rb1805,20170525,20170524,210654000,2886.0,900,36686,25930100.0,2887.0,1,2886.0,3
rb1805,20170525,20170524,210655500,2886.0,900,36686,25930100.0,2887.0,1,2886.0,3
rb1805,20170525,20170524,210657500,2886.0,900,36686,25930100.0,2887.0,1,2886.0,3
rb1805,20170525,20170524,210659000,2887.0,902,36688,25987840.0,2888.0,6,2887.0,4
rb1805,20170525,20170524,210659500,2887.0,902,36688,25987840.0,2888.0,2,2887.0,4
rb1805,20170525,20170524,210701000,2887.0,902,36688,25987840.0,2888.0,2,2887.0,4
rb1805,20170525,20170524,210701500,2887.0,902,36688,25987840.0,2888.0,2,2887.0,4
rb1805,20170525,20170524,210702000,2888.0,904,36688,26045600.0,2888.0,1,2887.0,4
rb1805,20170525,20170524,210702500,2888.0,904,36688,26045600.0,2888.0,1,2887.0,4
rb1805,20170525,20170524,210703500,2887.0,912,36688,26276560.0,2889.0,12,2886.0,3
rb1805,20170525,20170524,210704000,2887.0,912,36688,26276560.0,2889.0,17,2886.0,3
rb1805,20170525,20170524,210705000,2887.0,912,36688,26276560.0,2889.0,9,2886.0,3
rb1805,20170525,20170524,210705500,2887.0,912,36688,26276560.0,2889.0,19,2886.0,13
rb1805,20170525,20170524,210706000,2887.0,912,36688,26276560.0,2889.0,19,2886.0,11
rb1805,20170525,20170524,210707000,2887.0,912,36688,26276560.0,2889.0,19,2886.0,11
rb1805,20170525,20170524,210707500,2887.0,912,36688,26276560.0,2889.0,19,2886.0,11
rb1805,20170525,20170524,210708000,2887.0,912,36688,26276560.0,2888.0,1,2886.0,11
rb1805,20170525,20170524,210708500,2888.0,914,36690,26334320.0,2888.0,5,2886.0,11
rb1805,20170525,20170524,210709000,2889.0,918,36694,26449880.0,2889.0,16,2886.0,12
rb1805,20170525,20170524,210709500,2888.0,920,36696,26507640.0,2888.0,19,2886.0,13
rb1805,20170525,20170524,210710000,2888.0,920,36696,26507640.0,2888.0,19,2886.0,13
rb1805,20170525,20170524,210711000,2888.0,920,36696,26507640.0,2888.0,1,2887.0,1
rb1805,20170525,20170524,210712000,2888.0,920,36696,26507640.0,2888.0,1,2887.0,1
rb1805,20170525,20170524,210712500,2888.0,920,36696,26507640.0,2888.0,3,2887.0,1
rb1805,20170525,20170524,210713500,2888.0,920,36696,26507640.0,2888.0,3,2887.0,1
rb1805,20170525,20170524,210714500,2887.0,924,36694,26623140.0,2887.0,1,2886.0,13
rb1805,20170525,20170524,210715000,2887.0,924,36694,26623140.0,2887.0,1,2886.0,12
rb1805,20170525,20170524,210716000,2886.0,948,36718,27315780.0,2886.0,2,2885.0,10
rb1805,20170525,20170524,210716500,2886.0,952,36718,27431220.0,2887.0,1,2886.0,2
rb1805,20170525,20170524,210717000,2886.0,952,36718,27431220.0,2887.0,1,2886.0,2
rb1805,20170525,20170524,210718000,2886.0,952,36718,27431220.0,2887.0,1,2886.0,2
rb1805,20170525,20170524,210719500,2886.0,952,36718,27431220.0,2887.0,1,2886.0,2
rb1805,20170525,20170524,210720000,2886.0,952,36718,27431220.0,2887.0,1,2886.0,2
rb1805,20170525,20170524,210720500,2887.0,954,36718,27488960.0,2888.0,2,2886.0,2
rb1805,20170525,20170524,210721000,2887.0,954,36718,27488960.0,2888.0,9,2885.0,10
rb1805,20170525,20170524,210722500,2887.0,954,36718,27488960.0,2888.0,10,2885.0,10
rb1805,20170525,20170524,210723000,2887.0,954,36718,27488960.0,2888.0,10,2885.0,10
rb1805,20170525,20170524,210723500,2887.0,954,36718,27488960.0,2888.0,11,2885.0,10
rb1805,20170525,20170524,210724500,2887.0,954,36718,27488960.0,2888.0,12,2885.0,5
rb1805,20170525,20170524,210727000,2887.0,954,36718,27488960.0,2888.0,12,2885.0,5
rb1805,20170525,20170524,210728000,2885.0,964,36726,27777460.0,2885.0,4,2884.0,1
rb1805,20170525,20170524,210728500,2885.0,964,36726,27777460.0,2887.0,1,2884.0,1
rb1805,20170525,20170524,210729000,2885.0,964,36726,27777460.0,2887.0,1,2884.0,4
rb1805,20170525,20170524,210729500,2885.0,964,36726,27777460.0,2887.0,6,2884.0,4
rb1805,20170525,20170524,210730000,2885.0,964,36726,27777460.0,2887.0,6,2884.0,4
rb1805,20170525,20170524,210730500,2885.0,964,36726,27777460.0,2887.0,6,2884.0,4
rb1805,20170525,20170524,210731000,2885.0,964,36726,27777460.0,2886.0,4,2884.0,4
rb1805,20170525,20170524,210731500,2885.0,964,36726,27777460.0,2887.0,6,2884.0,4
rb1805,20170525,20170524,210732000,2887.0,966,36728,27835200.0,2887.0,5,2884.0,4
rb1805,20170525,20170524,210734000,2887.0,966,36728,27835200.0,2887.0,5,2885.0,1
rb1805,20170525,20170524,210734500,2885.0,968,36726,27892900.0,2885.0,1,2884.0,4
rb1805,20170525,20170524,210735000,2885.0,968,36726,27892900.0,2885.0,1,2884.0,3
rb1805,20170525,20170524,210735500,2885.0,970,36726,27950600.0,2886.0,4,2884.0,1
rb1805,20170525,20170524,210736000,2885.0,970,36726,27950600.0,2886.0,4,2884.0,3
rb1805,20170525,20170524,210736500,2885.0,970,36726,27950600.0,2887.0,5,2884.0,3
rb1805,20170525,20170524,210737000,2885.0,970,36726,27950600.0,2887.0,5,2884.0,4
rb1805,20170525,20170524,210737500,2885.0,970,36726,27950600.0,2886.0,4,2884.0,4
rb1805,20170525,20170524,210738000,2885.0,970,36726,27950600.0,2887.0,5,2884.0,4
rb1805,20170525,20170524,210739000,2885.0,970,36726,27950600.0,2887.0,5,2884.0,5
rb1805,20170525,20170524,210739500,2885.0,970,36726,27950600.0,2887.0,5,2884.0,5
rb1805,20170525,20170524,210741000,2885.0,970,36726,27950600.0,2886.0,7,2884.0,5
rb1805,20170525,20170524,210741500,2885.0,970,36726,27950600.0,2887.0,5,2884.0,5
rb1805,20170525,20170524,210742500,2885.0,970,36726,27950600.0,2886.0,4,2884.0,5
rb1805,20170525,20170524,210743000,2885.0,970,36726,27950600.0,2886.0,4,2884.0,5
rb1805,20170525,20170524,210743500,2885.0,970,36726,27950600.0,2886.0,4,2884.0,5
rb1805,20170525,20170524,210744000,2885.0,970,36726,27950600.0,2887.0,5,2884.0,4
rb1805,20170525,20170524,210745000,2887.0,988,36736,28470260.0,2888.0,23,2887.0,1
rb1805,20170525,20170524,210745500,2887.0,990,36738,28528000.0,2886.0,3,2884.0,4
rb1805,20170525,20170524,210746000,2884.0,992,36740,28585680.0,2886.0,8,2884.0,3
rb1805,20170525,20170524,210746500,2884.0,992,36740,28585680.0,2887.0,2,2884.0,3
rb1805,20170525,20170524,210747000,2884.0,992,36740,28585680.0,2887.0,14,2884.0,3
rb1805,20170525,20170524,210747500,2884.0,994,36742,28643360.0,2886.0,4,2884.0,2
rb1805,20170525,20170524,210748000,2884.0,994,36742,28643360.0,2887.0,4,2884.0,3
rb1805,20170525,20170524,210748500,2884.0,994,36742,28643360.0,2887.0,14,2884.0,3
rb1805,20170525,20170524,210749500,2884.0,994,36742,28643360.0,2886.0,14,2884.0,3
rb1805,20170525,20170524,210750000,2884.0,994,36742,28643360.0,2886.0,14,2884.0,3
rb1805,20170525,20170524,210751000,2884.0,994,36742,28643360.0,2886.0,7,2884.0,3
rb1805,20170525,20170524,210751500,2884.0,1000,36738,28816400.0,2884.0,2,2883.0,1
rb1805,20170525,20170524,210752500,2884.0,1000,36738,28816400.0,2884.0,2,2883.0,1
rb1805,20170525,20170524,210753000,2884.0,1000,36738,28816400.0,2884.0,4,2883.0,1
rb1805,20170525,20170524,210753500,2884.0,1004,36734,28931760.0,2886.0,1,2884.0,8
rb1805,20170525,20170524,210754000,2884.0,1004,36734,28931760.0,2885.0,1,2884.0,5
rb1805,20170525,20170524,210754500,2885.0,1006,36732,28989460.0,2886.0,8,2884.0,5
rb1805,20170525,20170524,210755000,2885.0,1006,36732,28989460.0,2886.0,8,2884.0,5
rb1805,20170525,20170524,210757500,2885.0,1006,36732,28989460.0,2886.0,8,2884.0,5
rb1805,20170525,20170524,210759000,2885.0,1006,36732,28989460.0,2886.0,8,2884.0,5
rb1805,20170525,20170524,210801500,2885.0,1006,36732,28989460.0,2886.0,8,2884.0,5
rb1805,20170525,20170524,210802000,2885.0,1006,36732,28989460.0,2886.0,8,2883.0,1
rb1805,20170525,20170524,210802500,2885.0,1006,36732,28989460.0,2886.0,9,2883.0,6
rb1805,20170525,20170524,210804000,2885.0,1006,36732,28989460.0,2886.0,9,2883.0,6
rb1805,20170525,20170524,210804500,2885.0,1006,36732,28989460.0,2886.0,9,2883.0,6
rb1805,20170525,20170524,210810000,2885.0,1006,36732,28989460.0,2886.0,9,2883.0,6
rb1805,20170525,20170524,210813500,2885.0,1006,36732,28989460.0,2886.0,9,2883.0,6
rb1805,20170525,20170524,210816500,2885.0,1006,36732,28989460.0,2886.0,9,2883.0,6
rb1805,20170525,20170524,210818000,2885.0,1006,36732,28989460.0,2886.0,9,2883.0,7
rb1805,20170525,20170524,210821000,2885.0,1006,36732,28989460.0,2886.0,9,2883.0,10
rb1805,20170525,20170524,210822500,2885.0,1006,36732,28989460.0,2886.0,8,2883.0,10
rb1805,20170525,20170524,210823000,2885.0,1006,36732,28989460.0,2886.0,2,2884.0,1
rb1805,20170525,20170524,210824000,2885.0,1006,36732,28989460.0,2886.0,2,2884.0,2
rb1805,20170525,20170524,210824500,2885.0,1006,36732,28989460.0,2886.0,3,2884.0,2
rb1805,20170525,20170524,210826500,2885.0,1006,36732,28989460.0,2885.0,1,2884.0,2
rb1805,20170525,20170524,210827500,2885.0,1006,36732,28989460.0,2885.0,1,2884.0,2
rb1805,20170525,20170524,210828500,2885.0,1006,36732,28989460.0,2885.0,1,2884.0,2
rb1805,20170525,20170524,210829000,2885.0,1006,36732,28989460.0,2885.0,1,2884.0,2
rb1805,20170525,20170524,210829500,2885.0,1006,36732,28989460.0,2885.0,1,2884.0,2
rb1805,20170525,20170524,210830000,2885.0,1006,36732,28989460.0,2885.0,1,2884.0,2
rb1805,20170525,20170524,210830500,2885.0,1008,36730,29047160.0,2886.0,1,2884.0,2
rb1805,20170525,20170524,210831000,2885.0,1008,36730,29047160.0,2886.0,1,2885.0,5
rb1805,20170525,20170524,210831500,2885.0,1008,36730,29047160.0,2886.0,1,2884.0,7
rb1805,20170525,20170524,210833500,2885.0,1008,36730,29047160.0,2886.0,1,2884.0,7
rb1805,20170525,20170524,210834000,2886.0,1010,36728,29104880.0,2887.0,2,2885.0,1
rb1805,20170525,20170524,210834500,2886.0,1010,36728,29104880.0,2887.0,2,2884.0,7
rb1805,20170525,20170524,210835500,2886.0,1010,36728,29104880.0,2887.0,4,2884.0,7
rb1805,20170525,20170524,210836000,2886.0,1010,36728,29104880.0,2887.0,4,2884.0,7
rb1805,20170525,20170524,210837000,2886.0,1010,36728,29104880.0,2887.0,4,2884.0,7
rb1805,20170525,20170524,210837500,2886.0,1010,36728,29104880.0,2887.0,4,2884.0,7
rb1805,20170525,20170524,210838500,2886.0,1010,36728,29104880.0,2887.0,4,2884.0,7
rb1805,20170525,20170524,210840000,2886.0,1010,36728,29104880.0,2887.0,4,2884.0,7
rb1805,20170525,20170524,210843500,2884.0,1024,36740,29508640.0,2884.0,7,2883.0,10
rb1805,20170525,20170524,210844000,2884.0,1038,36748,29912400.0,2886.0,2,2884.0,1
rb1805,20170525,20170524,210844500,2884.0,1038,36748,29912400.0,2886.0,7,2883.0,5
rb1805,20170525,20170524,210845000,2884.0,1038,36748,29912400.0,2886.0,5,2884.0,5
rb1805,20170525,20170524,210846000,2886.0,1040,36750,29970120.0,2886.0,4,2884.0,5
rb1805,20170525,20170524,210847000,2886.0,1040,36750,29970120.0,2886.0,4,2884.0,5
rb1805,20170525,20170524,210849500,2886.0,1040,36750,29970120.0,2885.0,1,2884.0,5
rb1805,20170525,20170524,210850500,2884.0,1042,36752,30027800.0,2885.0,1,2884.0,4
rb1805,20170525,20170524,210851000,2885.0,1044,36750,30085500.0,2886.0,4,2884.0,4
rb1805,20170525,20170524,210852500,2885.0,1044,36750,30085500.0,2886.0,4,2884.0,4
rb1805,20170525,20170524,210854500,2885.0,1044,36750,30085500.0,2886.0,4,2884.0,4
rb1805,20170525,20170524,210855000,2886.0,1046,36752,30143220.0,2886.0,3,2884.0,4
rb1805,20170525,20170524,210855500,2886.0,1046,36752,30143220.0,2886.0,3,2884.0,9
rb1805,20170525,20170524,210856000,2886.0,1046,36752,30143220.0,2886.0,5,2884.0,9
rb1805,20170525,20170524,210858500,2886.0,1046,36752,30143220.0,2886.0,5,2884.0,4
rb1805,20170525,20170524,210859500,2886.0,1046,36752,30143220.0,2884.0,4,2883.0,11
rb1805,20170525,20170524,210900000,2886.0,1046,36752,30143220.0,2886.0,7,2883.0,6
rb1805,20170525,20170524,210900500,2886.0,1046,36752,30143220.0,2886.0,13,2883.0,11
rb1805,20170525,20170524,210901500,2886.0,1046,36752,30143220.0,2886.0,14,2883.0,11
rb1805,20170525,20170524,210902000,2886.0,1046,36752,30143220.0,2885.0,2,2883.0,11
rb1805,20170525,20170524,210903000,2886.0,1046,36752,30143220.0,2885.0,2,2883.0,11
rb1805,20170525,20170524,210904000,2886.0,1046,36752,30143220.0,2885.0,2,2883.0,11
rb1805,20170525,20170524,210904500,2886.0,1046,36752,30143220.0,2885.0,3,2883.0,11
rb1805,20170525,20170524,210905000,2886.0,1046,36752,30143220.0,2885.0,3,2883.0,11
rb1805,20170525,20170524,210906000,2885.0,1048,36754,30200920.0,2885.0,3,2883.0,11
rb1805,20170525,20170524,210906500,2885.0,1048,36754,30200920.0,2885.0,6,2883.0,11
rb1805,20170525,20170524,210907500,2883.0,1056,36750,30431560.0,2885.0,6,2883.0,2
rb1805,20170525,20170524,210908000,2883.0,1056,36750,30431560.0,2885.0,6,2883.0,2
rb1805,20170525,20170524,210908500,2883.0,1056,36750,30431560.0,2885.0,6,2883.0,2
rb1805,20170525,20170524,210911500,2883.0,1056,36750,30431560.0,2884.0,2,2883.0,2
rb1805,20170525,20170524,210912000,2883.0,1056,36750,30431560.0,2884.0,2,2883.0,2
rb1805,20170525,20170524,210912500,2883.0,1056,36750,30431560.0,2884.0,2,2883.0,3
rb1805,20170525,20170524,210913000,2883.0,1056,36750,30431560.0,2885.0,6,2883.0,3
rb1805,20170525,20170524,210913500,2883.0,1056,36750,30431560.0,2885.0,5,2883.0,3
rb1805,20170525,20170524,210914000,2883.0,1056,36750,30431560.0,2885.0,5,2884.0,1
rb1805,20170525,20170524,210914500,2884.0,1058,36750,30489240.0,2884.0,4,2883.0,3
rb1805,20170525,20170524,210915500,2884.0,1060,36750,30546920.0,2884.0,3,2883.0,3
rb1805,20170525,20170524,210916500,2884.0,1060,36750,30546920.0,2884.0,3,2883.0,2
rb1805,20170525,20170524,210917000,2884.0,1060,36750,30546920.0,2884.0,5,2883.0,2
rb1805,20170525,20170524,210918000,2883.0,1062,36750,30604580.0,2884.0,5,2883.0,1
rb1805,20170525,20170524,210918500,2883.0,1064,36750,30662240.0,2884.0,5,2882.0,1
rb1805,20170525,20170524,210919000,2883.0,1064,36750,30662240.0,2884.0,5,2883.0,1
rb1805,20170525,20170524,210923500,2883.0,1064,36750,30662240.0,2884.0,5,2883.0,1
rb1805,20170525,20170524,210924000,2883.0,1064,36750,30662240.0,2884.0,5,2883.0,1
rb1805,20170525,20170524,210926000,2883.0,1064,36750,30662240.0,2884.0,5,2883.0,2
rb1805,20170525,20170524,210929000,2883.0,1064,36750,30662240.0,2884.0,5,2883.0,2
rb1805,20170525,20170524,210929500,2883.0,1064,36750,30662240.0,2884.0,5,2883.0,3
rb1805,20170525,20170524,210930000,2883.0,1064,36750,30662240.0,2884.0,5,2883.0,3
rb1805,20170525,20170524,210930500,2883.0,1070,36750,30835220.0,2884.0,5,2882.0,1
rb1805,20170525,20170524,210931000,2883.0,1070,36750,30835220.0,2884.0,5,2882.0,1
rb1805,20170525,20170524,210933500,2883.0,1070,36750,30835220.0,2884.0,5,2882.0,1
rb1805,20170525,20170524,210934000,2883.0,1070,36750,30835220.0,2884.0,5,2882.0,1
rb1805,20170525,20170524,210935000,2883.0,1070,36750,30835220.0,2883.0,2,2882.0,1
rb1805,20170525,20170524,210935500,2882.0,1072,36752,30892860.0,2883.0,8,2881.0,1
rb1805,20170525,20170524,210936000,2882.0,1072,36752,30892860.0,2882.0,10,2881.0,1
rb1805,20170525,20170524,210936500,2880.0,1078,36752,31065680.0,2881.0,8,2880.0,3
rb1805,20170525,20170524,210937000,2880.0,1082,36756,31180880.0,2881.0,8,2880.0,1
rb1805,20170525,20170524,210937500,2880.0,1084,36756,31238480.0,2880.0,8,2878.0,5
rb1805,20170525,20170524,210938000,2880.0,1086,36756,31296080.0,2880.0,7,2879.0,1
rb1805,20170525,20170524,210938500,2880.0,1086,36756,31296080.0,2881.0,3,2878.0,10
rb1805,20170525,20170524,210939500,2880.0,1086,36756,31296080.0,2882.0,3,2878.0,10
rb1805,20170525,20170524,210940000,2880.0,1086,36756,31296080.0,2882.0,3,2878.0,11
rb1805,20170525,20170524,210940500,2880.0,1086,36756,31296080.0,2882.0,3,2878.0,12
rb1805,20170525,20170524,210941500,2880.0,1086,36756,31296080.0,2882.0,3,2878.0,11
rb1805,20170525,20170524,210942000,2880.0,1086,36756,31296080.0,2882.0,3,2879.0,1
rb1805,20170525,20170524,210942500,2880.0,1086,36756,31296080.0,2882.0,3,2879.0,8
rb1805,20170525,20170524,210943000,2880.0,1086,36756,31296080.0,2882.0,3,2879.0,3
rb1805,20170525,20170524,210943500,2880.0,1086,36756,31296080.0,2882.0,3,2879.0,3
rb1805,20170525,20170524,210944000,2880.0,1086,36756,31296080.0,2882.0,3,2879.0,3
rb1805,20170525,20170524,210944500,2880.0,1086,36756,31296080.0,2882.0,3,2879.0,1
rb1805,20170525,20170524,210945500,2880.0,1086,36756,31296080.0,2882.0,3,2879.0,1
rb1805,20170525,20170524,210946000,2880.0,1086,36756,31296080.0,2882.0,3,2879.0,3
rb1805,20170525,20170524,210946500,2880.0,1086,36756,31296080.0,2880.0,3,2879.0,3
rb1805,20170525,20170524,210947000,2880.0,1086,36756,31296080.0,2882.0,3,2879.0,3
rb1805,20170525,20170524,210947500,2880.0,1086,36756,31296080.0,2880.0,3,2879.0,3
rb1805,20170525,20170524,210948000,2880.0,1086,36756,31296080.0,2880.0,3,2879.0,3
rb1805,20170525,20170524,210949000,2880.0,1088,36756,31353680.0,2880.0,2,2879.0,3
rb1805,20170525,20170524,210949500,2879.0,1094,36756,31526420.0,2879.0,7,2878.0,16
rb1805,20170525,20170524,210950000,2879.0,1094,36756,31526420.0,2879.0,4,2878.0,11
rb1805,20170525,20170524,210950500,2879.0,1094,36756,31526420.0,2879.0,4,2878.0,12
rb1805,20170525,20170524,210951000,2878.0,1108,36762,31929340.0,2879.0,3,2878.0,4
rb1805,20170525,20170524,210951500,2878.0,1108,36762,31929340.0,2879.0,3,2878.0,4
rb1805,20170525,20170524,210952500,2878.0,1108,36762,31929340.0,2879.0,3,2878.0,5
rb1805,20170525,20170524,210953000,2878.0,1108,36762,31929340.0,2880.0,3,2878.0,5
rb1805,20170525,20170524,210953500,2878.0,1108,36762,31929340.0,2880.0,6,2878.0,5
rb1805,20170525,20170524,210954500,2878.0,1108,36762,31929340.0,2880.0,3,2878.0,10
rb1805,20170525,20170524,210955000,2878.0,1108,36762,31929340.0,2879.0,5,2878.0,10
rb1805,20170525,20170524,210955500,2879.0,1118,36770,32217240.0,2881.0,2,2879.0,4
rb1805,20170525,20170524,210956000,2879.0,1118,36770,32217240.0,2880.0,2,2878.0,7
rb1805,20170525,20170524,210956500,2879.0,1118,36770,32217240.0,2880.0,1,2878.0,7
rb1805,20170525,20170524,210957000,2879.0,1118,36770,32217240.0,2880.0,4,2878.0,7
rb1805,20170525,20170524,210957500,2879.0,1118,36770,32217240.0,2880.0,7,2878.0,7
rb1805,20170525,20170524,210958000,2879.0,1118,36770,32217240.0,2880.0,6,2878.0,7
rb1805,20170525,20170524,210958500,2879.0,1118,36770,32217240.0,2880.0,7,2878.0,7
rb1805,20170525,20170524,210959500,2879.0,1118,36770,32217240.0,2880.0,7,2878.0,7
rb1805,20170525,20170524,211000500,2879.0,1118,36770,32217240.0,2880.0,7,2878.0,7
rb1805,20170525,20170524,211001000,2879.0,1118,36770,32217240.0,2880.0,12,2878.0,7
rb1805,20170525,20170524,211001500,2879.0,1118,36770,32217240.0,2880.0,12,2878.0,7
rb1805,20170525,20170524,211003000,2879.0,1118,36770,32217240.0,2880.0,12,2879.0,1
rb1805,20170525,20170524,211003500,2879.0,1120,36770,32274820.0,2879.0,7,2878.0,7
rb1805,20170525,20170524,211004000,2878.0,1130,36780,32562620.0,2879.0,10,2878.0,2
rb1805,20170525,20170524,211005000,2878.0,1130,36780,32562620.0,2879.0,13,2878.0,2
rb1805,20170525,20170524,211005500,2878.0,1134,36782,32677740.0,2878.0,15,2877.0,9
rb1805,20170525,20170524,211006000,2878.0,1136,36782,32735300.0,2878.0,12,2877.0,9
rb1805,20170525,20170524,211006500,2877.0,1154,36784,33253160.0,2877.0,1,2876.0,2
rb1805,20170525,20170524,211007000,2877.0,1154,36784,33253160.0,2877.0,3,2876.0,2
rb1805,20170525,20170524,211007500,2876.0,1156,36786,33310680.0,2877.0,8,2876.0,1
rb1805,20170525,20170524,211008000,2876.0,1158,36786,33368200.0,2877.0,13,2875.0,13
rb1805,20170525,20170524,211008500,2876.0,1158,36786,33368200.0,2877.0,14,2875.0,13
rb1805,20170525,20170524,211009000,2876.0,1158,36786,33368200.0,2876.0,1,2875.0,13
rb1805,20170525,20170524,211009500,2876.0,1160,36788,33425720.0,2877.0,14,2876.0,4
rb1805,20170525,20170524,211010000,2877.0,1164,36784,33540800.0,2877.0,12,2875.0,13
rb1805,20170525,20170524,211010500,2877.0,1164,36784,33540800.0,2877.0,12,2875.0,13
rb1805,20170525,20170524,211011000,2877.0,1164,36784,33540800.0,2877.0,17,2875.0,13
rb1805,20170525,20170524,211011500,2877.0,1164,36784,33540800.0,2877.0,17,2875.0,13
rb1805,20170525,20170524,211012000,2877.0,1164,36784,33540800.0,2876.0,2,2875.0,13
rb1805,20170525,20170524,211012500,2876.0,1168,36784,33655820.0,2876.0,1,2875.0,12
rb1805,20170525,20170524,211013000,2876.0,1168,36784,33655820.0,2876.0,2,2875.0,12
rb1805,20170525,20170524,211013500,2875.0,1170,36786,33713320.0,2876.0,3,2875.0,11
rb1805,20170525,20170524,211014000,2875.0,1170,36786,33713320.0,2876.0,3,2875.0,11
rb1805,20170525,20170524,211015000,2875.0,1174,36790,33828320.0,2876.0,3,2875.0,9
rb1805,20170525,20170524,211015500,2875.0,1174,36790,33828320.0,2876.0,1,2875.0,9
rb1805,20170525,20170524,211016000,2875.0,1174,36790,33828320.0,2876.0,1,2875.0,9
rb1805,20170525,20170524,211016500,2875.0,1174,36790,33828320.0,2877.0,19,2875.0,9
rb1805,20170525,20170524,211017500,2875.0,1174,36790,33828320.0,2877.0,19,2875.0,9
rb1805,20170525,20170524,211018000,2875.0,1174,36790,33828320.0,2876.0,2,2875.0,9
rb1805,20170525,20170524,211019000,2875.0,1178,36790,33943320.0,2876.0,2,2875.0,7
rb1805,20170525,20170524,211020000,2875.0,1178,36790,33943320.0,2876.0,3,2875.0,7
rb1805,20170525,20170524,211020500,2875.0,1194,36786,34403320.0,2875.0,2,2873.0,2
rb1805,20170525,20170524,211021000,2875.0,1194,36786,34403320.0,2875.0,3,2873.0,2
rb1805,20170525,20170524,211021500,2875.0,1194,36786,34403320.0,2875.0,3,2873.0,2
rb1805,20170525,20170524,211022000,2875.0,1194,36786,34403320.0,2874.0,8,2873.0,2
rb1805,20170525,20170524,211022500,2874.0,1200,36782,34575760.0,2874.0,6,2873.0,2
rb1805,20170525,20170524,211023000,2874.0,1200,36782,34575760.0,2874.0,1,2873.0,2
rb1805,20170525,20170524,211023500,2873.0,1210,36782,34863120.0,2874.0,5,2871.0,1
rb1805,20170525,20170524,211024000,2874.0,1212,36782,34920600.0,2875.0,3,2871.0,8
rb1805,20170525,20170524,211024500,2871.0,1214,36782,34978020.0,2875.0,3,2871.0,7
rb1805,20170525,20170524,211025000,2871.0,1214,36782,34978020.0,2874.0,5,2871.0,7
rb1805,20170525,20170524,211025500,2871.0,1214,36782,34978020.0,2874.0,5,2871.0,7
rb1805,20170525,20170524,211026500,2871.0,1214,36782,34978020.0,2875.0,3,2871.0,7
rb1805,20170525,20170524,211027000,2871.0,1218,36784,35092860.0,2875.0,3,2871.0,6
rb1805,20170525,20170524,211027500,2871.0,1218,36784,35092860.0,2875.0,3,2872.0,1
rb1805,20170525,20170524,211029000,2871.0,1218,36784,35092860.0,2875.0,3,2872.0,8
rb1805,20170525,20170524,211030500,2871.0,1218,36784,35092860.0,2875.0,3,2873.0,1
rb1805,20170525,20170524,211031500,2871.0,1218,36784,35092860.0,2875.0,3,2873.0,1
rb1805,20170525,20170524,211032500,2871.0,1218,36784,35092860.0,2875.0,3,2873.0,1
rb1805,20170525,20170524,211033000,2871.0,1218,36784,35092860.0,2874.0,5,2873.0,1
rb1805,20170525,20170524,211033500,2871.0,1218,36784,35092860.0,2874.0,5,2873.0,1
rb1805,20170525,20170524,211034000,2871.0,1218,36784,35092860.0,2874.0,5,2873.0,1
rb1805,20170525,20170524,211034500,2873.0,1220,36786,35150320.0,2873.0,3,2872.0,6
rb1805,20170525,20170524,211035000,2873.0,1220,36786,35150320.0,2873.0,2,2872.0,1
rb1805,20170525,20170524,211035500,2872.0,1222,36786,35207760.0,2873.0,2,2871.0,5
rb1805,20170525,20170524,211036000,2873.0,1224,36786,35265220.0,2873.0,3,2870.0,5
rb1805,20170525,20170524,211036500,2873.0,1224,36786,35265220.0,2872.0,2,2870.0,5
rb1805,20170525,20170524,211037000,2873.0,1224,36786,35265220.0,2871.0,5,2870.0,5
rb1805,20170525,20170524,211037500,2873.0,1224,36786,35265220.0,2871.0,5,2870.0,5
rb1805,20170525,20170524,211038500,2870.0,1226,36786,35322620.0,2871.0,6,2870.0,4
rb1805,20170525,20170524,211039000,2870.0,1234,36786,35552220.0,2871.0,6,2869.0,6
rb1805,20170525,20170524,211039500,2870.0,1234,36786,35552220.0,2870.0,3,2869.0,6
rb1805,20170525,20170524,211040000,2870.0,1240,36786,35724420.0,2871.0,5,2870.0,4
rb1805,20170525,20170524,211040500,2870.0,1240,36786,35724420.0,2871.0,5,2869.0,6
rb1805,20170525,20170524,211041000,2869.0,1246,36790,35896560.0,2871.0,3,2869.0,3
rb1805,20170525,20170524,211041500,2869.0,1246,36790,35896560.0,2872.0,2,2869.0,3
rb1805,20170525,20170524,211042000,2869.0,1246,36790,35896560.0,2871.0,5,2869.0,1
rb1805,20170525,20170524,211042500,2869.0,1246,36790,35896560.0,2871.0,6,2869.0,1
rb1805,20170525,20170524,211043000,2869.0,1246,36790,35896560.0,2871.0,6,2870.0,1
rb1805,20170525,20170524,211043500,2870.0,1248,36792,35953960.0,2870.0,2,2869.0,1
rb1805,20170525,20170524,211044000,2870.0,1248,36792,35953960.0,2870.0,2,2869.0,1
rb1805,20170525,20170524,211044500,2870.0,1248,36792,35953960.0,2870.0,3,2869.0,1
rb1805,20170525,20170524,211045000,2870.0,1248,36792,35953960.0,2870.0,3,2869.0,1
rb1805,20170525,20170524,211045500,2870.0,1248,36792,35953960.0,2870.0,3,2869.0,1
rb1805,20170525,20170524,211046000,2870.0,1248,36792,35953960.0,2870.0,2,2869.0,1
rb1805,20170525,20170524,211046500,2870.0,1248,36792,35953960.0,2870.0,3,2869.0,1
rb1805,20170525,20170524,211047000,2870.0,1250,36792,36011360.0,2870.0,1,2869.0,1
rb1805,20170525,20170524,211047500,2870.0,1250,36792,36011360.0,2870.0,2,2869.0,1
rb1805,20170525,20170524,211048000,2870.0,1252,36794,36068760.0,2871.0,8,2869.0,6
rb1805,20170525,20170524,211048500,2870.0,1252,36794,36068760.0,2871.0,8,2869.0,6
rb1805,20170525,20170524,211050500,2870.0,1252,36794,36068760.0,2871.0,9,2869.0,6
rb1805,20170525,20170524,211051500,2870.0,1252,36794,36068760.0,2870.0,1,2869.0,1
rb1805,20170525,20170524,211052500,2870.0,1252,36794,36068760.0,2871.0,9,2869.0,1
rb1805,20170525,20170524,211053500,2870.0,1254,36794,36126160.0,2871.0,9,2870.0,18
rb1805,20170525,20170524,211054000,2870.0,1254,36794,36126160.0,2871.0,9,2870.0,18
rb1805,20170525,20170524,211054500,2870.0,1254,36794,36126160.0,2871.0,9,2870.0,18
rb1805,20170525,20170524,211055000,2871.0,1256,36794,36183580.0,2871.0,8,2870.0,18
rb1805,20170525,20170524,211056000,2871.0,1256,36794,36183580.0,2871.0,8,2870.0,18
rb1805,20170525,20170524,211057000,2871.0,1258,36794,36241000.0,2871.0,8,2870.0,18
rb1805,20170525,20170524,211058000,2871.0,1258,36794,36241000.0,2871.0,8,2870.0,23
rb1805,20170525,20170524,211058500,2871.0,1258,36794,36241000.0,2871.0,8,2870.0,18
rb1805,20170525,20170524,211059000,2870.0,1260,36792,36298400.0,2871.0,7,2870.0,17
rb1805,20170525,20170524,211059500,2871.0,1266,36790,36470620.0,2871.0,17,2870.0,15
rb1805,20170525,20170524,211100000,2870.0,1270,36786,36585420.0,2871.0,17,2870.0,13
rb1805,20170525,20170524,211101000,2870.0,1296,36786,37331620.0,2870.0,3,2869.0,3
rb1805,20170525,20170524,211101500,2870.0,1298,36786,37389020.0,2870.0,3,2869.0,3
rb1805,20170525,20170524,211102000,2869.0,1304,36790,37561160.0,2869.0,8,2868.0,2
rb1805,20170525,20170524,211102500,2868.0,1308,36788,37675880.0,2868.0,5,2867.0,1
rb1805,20170525,20170524,211103000,2868.0,1308,36788,37675880.0,2868.0,5,2867.0,1
rb1805,20170525,20170524,211103500,2868.0,1308,36788,37675880.0,2868.0,2,2867.0,1
rb1805,20170525,20170524,211104000,2867.0,1310,36786,37733220.0,2868.0,5,2866.0,2
rb1805,20170525,20170524,211104500,2867.0,1310,36786,37733220.0,2867.0,12,2866.0,2
rb1805,20170525,20170524,211105000,2865.0,1322,36780,38077060.0,2865.0,2,2864.0,1
rb1805,20170525,20170524,211105500,2865.0,1326,36780,38191660.0,2867.0,13,2865.0,2
rb1805,20170525,20170524,211106000,2867.0,1330,36782,38306340.0,2867.0,1,2865.0,5
rb1805,20170525,20170524,211107000,2867.0,1330,36782,38306340.0,2867.0,1,2865.0,5
rb1805,20170525,20170524,211108000,2867.0,1330,36782,38306340.0,2867.0,1,2865.0,7
rb1805,20170525,20170524,211108500,2868.0,1334,36780,38421040.0,2868.0,1,2867.0,2
rb1805,20170525,20170524,211109000,2868.0,1334,36780,38421040.0,2868.0,1,2865.0,7
rb1805,20170525,20170524,211109500,2868.0,1334,36780,38421040.0,2868.0,1,2865.0,8
rb1805,20170525,20170524,211110000,2868.0,1334,36780,38421040.0,2868.0,2,2865.0,8
rb1805,20170525,20170524,211110500,2868.0,1334,36780,38421040.0,2868.0,2,2866.0,1
rb1805,20170525,20170524,211111000,2865.0,1340,36776,38592960.0,2867.0,1,2865.0,3
rb1805,20170525,20170524,211111500,2865.0,1340,36776,38592960.0,2868.0,1,2865.0,3
rb1805,20170525,20170524,211112000,2865.0,1340,36776,38592960.0,2868.0,1,2865.0,5
rb1805,20170525,20170524,211112500,2865.0,1340,36776,38592960.0,2868.0,1,2865.0,2
rb1805,20170525,20170524,211113500,2865.0,1340,36776,38592960.0,2868.0,1,2864.0,3
rb1805,20170525,20170524,211114000,2865.0,1340,36776,38592960.0,2868.0,1,2865.0,1
rb1805,20170525,20170524,211114500,2865.0,1342,36778,38650260.0,2868.0,1,2865.0,5
rb1805,20170525,20170524,211115000,2865.0,1342,36778,38650260.0,2868.0,2,2866.0,1
rb1805,20170525,20170524,211115500,2865.0,1342,36778,38650260.0,2867.0,10,2866.0,1
rb1805,20170525,20170524,211116000,2865.0,1342,36778,38650260.0,2867.0,10,2866.0,1
rb1805,20170525,20170524,211117000,2867.0,1344,36780,38707600.0,2867.0,9,2866.0,1
rb1805,20170525,20170524,211117500,2867.0,1344,36780,38707600.0,2867.0,13,2866.0,1
rb1805,20170525,20170524,211118000,2867.0,1344,36780,38707600.0,2867.0,13,2866.0,1
rb1805,20170525,20170524,211119000,2867.0,1344,36780,38707600.0,2868.0,2,2866.0,1
rb1805,20170525,20170524,211119500,2867.0,1344,36780,38707600.0,2868.0,2,2867.0,5
rb1805,20170525,20170524,211120000,2867.0,1344,36780,38707600.0,2868.0,13,2867.0,5
rb1805,20170525,20170524,211121000,2867.0,1344,36780,38707600.0,2868.0,12,2867.0,5
rb1805,20170525,20170524,211121500,2867.0,1344,36780,38707600.0,2868.0,11,2867.0,5
rb1805,20170525,20170524,211122000,2867.0,1344,36780,38707600.0,2868.0,1,2867.0,10
rb1805,20170525,20170524,211122500,2868.0,1346,36778,38764960.0,2870.0,2,2868.0,2
rb1805,20170525,20170524,211123000,2868.0,1346,36778,38764960.0,2870.0,2,2868.0,5
rb1805,20170525,20170524,211123500,2868.0,1346,36778,38764960.0,2869.0,10,2868.0,5
rb1805,20170525,20170524,211124000,2868.0,1346,36778,38764960.0,2870.0,6,2868.0,5
rb1805,20170525,20170524,211125000,2868.0,1346,36778,38764960.0,2870.0,2,2868.0,5
rb1805,20170525,20170524,211125500,2868.0,1346,36778,38764960.0,2870.0,2,2868.0,5
rb1805,20170525,20170524,211126500,2868.0,1346,36778,38764960.0,2870.0,1,2868.0,5
rb1805,20170525,20170524,211127000,2868.0,1346,36778,38764960.0,2870.0,1,2868.0,5
rb1805,20170525,20170524,211127500,2868.0,1356,36768,39051760.0,2870.0,1,2868.0,1
rb1805,20170525,20170524,211128000,2870.0,1358,36770,39109160.0,2871.0,2,2868.0,1
rb1805,20170525,20170524,211128500,2870.0,1358,36770,39109160.0,2871.0,2,2868.0,3
rb1805,20170525,20170524,211129000,2870.0,1358,36770,39109160.0,2871.0,7,2868.0,2
rb1805,20170525,20170524,211129500,2870.0,1358,36770,39109160.0,2871.0,7,2868.0,1
rb1805,20170525,20170524,211131500,2871.0,1360,36770,39166580.0,2871.0,6,2868.0,1
rb1805,20170525,20170524,211132000,2871.0,1360,36770,39166580.0,2871.0,6,2867.0,11
rb1805,20170525,20170524,211132500,2871.0,1360,36770,39166580.0,2871.0,6,2867.0,12
rb1805,20170525,20170524,211133000,2871.0,1360,36770,39166580.0,2871.0,6,2867.0,12
rb1805,20170525,20170524,211133500,2871.0,1360,36770,39166580.0,2871.0,6,2867.0,12
rb1805,20170525,20170524,211134000,2871.0,1360,36770,39166580.0,2871.0,6,2868.0,1
rb1805,20170525,20170524,211134500,2871.0,1360,36770,39166580.0,2871.0,6,2868.0,2
rb1805,20170525,20170524,211135000,2871.0,1360,36770,39166580.0,2871.0,6,2868.0,2
rb1805,20170525,20170524,211135500,2871.0,1360,36770,39166580.0,2871.0,6,2868.0,2
rb1805,20170525,20170524,211137000,2871.0,1360,36770,39166580.0,2871.0,6,2868.0,1
rb1805,20170525,20170524,211137500,2871.0,1360,36770,39166580.0,2871.0,6,2868.0,1
rb1805,20170525,20170524,211138000,2871.0,1360,36770,39166580.0,2871.0,6,2868.0,3
rb1805,20170525,20170524,211139500,2871.0,1360,36770,39166580.0,2871.0,6,2868.0,3
rb1805,20170525,20170524,211140500,2871.0,1360,36770,39166580.0,2870.0,1,2868.0,3
rb1805,20170525,20170524,211141000,2871.0,1360,36770,39166580.0,2870.0,1,2868.0,3
rb1805,20170525,20170524,211141500,2871.0,1360,36770,39166580.0,2870.0,1,2868.0,13
rb1805,20170525,20170524,211142000,2870.0,1362,36770,39223980.0,2871.0,6,2870.0,4
rb1805,20170525,20170524,211142500,2870.0,1362,36770,39223980.0,2871.0,1,2870.0,4
rb1805,20170525,20170524,211143000,2870.0,1362,36770,39223980.0,2871.0,1,2870.0,5
rb1805,20170525,20170524,211144000,2871.0,1364,36770,39281400.0,2872.0,1,2871.0,3
rb1805,20170525,20170524,211144500,2871.0,1364,36770,39281400.0,2872.0,1,2871.0,3
rb1805,20170525,20170524,211145000,2871.0,1364,36770,39281400.0,2872.0,1,2870.0,1
rb1805,20170525,20170524,211145500,2871.0,1364,36770,39281400.0,2872.0,6,2870.0,1
rb1805,20170525,20170524,211147500,2871.0,1364,36770,39281400.0,2871.0,11,2870.0,1
rb1805,20170525,20170524,211148000,2871.0,1370,36770,39453660.0,2871.0,8,2870.0,1
rb1805,20170525,20170524,211150000,2871.0,1372,36772,39511080.0,2871.0,7,2870.0,1
rb1805,20170525,20170524,211150500,2871.0,1372,36772,39511080.0,2871.0,7,2870.0,1
rb1805,20170525,20170524,211152500,2871.0,1372,36772,39511080.0,2871.0,7,2870.0,1
rb1805,20170525,20170524,211154500,2871.0,1372,36772,39511080.0,2871.0,7,2870.0,1
rb1805,20170525,20170524,211156000,2871.0,1374,36774,39568500.0,2871.0,11,2870.0,1
rb1805,20170525,20170524,211156500,2871.0,1374,36774,39568500.0,2871.0,11,2870.0,1
rb1805,20170525,20170524,211157000,2870.0,1376,36774,39625900.0,2870.0,2,2868.0,13
rb1805,20170525,20170524,211157500,2870.0,1376,36774,39625900.0,2870.0,1,2868.0,13
rb1805,20170525,20170524,211158000,2870.0,1376,36774,39625900.0,2870.0,5,2868.0,10
rb1805,20170525,20170524,211158500,2870.0,1376,36774,39625900.0,2870.0,5,2868.0,10
rb1805,20170525,20170524,211200500,2870.0,1376,36774,39625900.0,2870.0,5,2868.0,10
rb1805,20170525,20170524,211201000,2870.0,1376,36774,39625900.0,2870.0,5,2869.0,1
rb1805,20170525,20170524,211203000,2870.0,1376,36774,39625900.0,2870.0,5,2869.0,1
rb1805,20170525,20170524,211203500,2870.0,1376,36774,39625900.0,2870.0,5,2869.0,1
rb1805,20170525,20170524,211204000,2870.0,1376,36774,39625900.0,2870.0,5,2869.0,1
rb1805,20170525,20170524,211205500,2870.0,1378,36776,39683300.0,2870.0,4,2869.0,1
rb1805,20170525,20170524,211206000,2870.0,1378,36776,39683300.0,2871.0,12,2869.0,1
rb1805,20170525,20170524,211206500,2870.0,1378,36776,39683300.0,2870.0,10,2869.0,1
rb1805,20170525,20170524,211208500,2870.0,1378,36776,39683300.0,2870.0,10,2869.0,1
rb1805,20170525,20170524,211209500,2870.0,1378,36776,39683300.0,2870.0,10,2869.0,1
rb1805,20170525,20170524,211210500,2870.0,1378,36776,39683300.0,2870.0,15,2869.0,1
rb1805,20170525,20170524,211212000,2869.0,1380,36778,39740680.0,2870.0,15,2868.0,10
rb1805,20170525,20170524,211212500,2869.0,1380,36778,39740680.0,2870.0,15,2868.0,10
rb1805,20170525,20170524,211214000,2869.0,1380,36778,39740680.0,2870.0,5,2868.0,10
rb1805,20170525,20170524,211214500,2869.0,1380,36778,39740680.0,2870.0,5,2868.0,10
rb1805,20170525,20170524,211215500,2869.0,1380,36778,39740680.0,2871.0,12,2868.0,12
rb1805,20170525,20170524,211217500,2869.0,1380,36778,39740680.0,2870.0,11,2868.0,12
rb1805,20170525,20170524,211221000,2869.0,1380,36778,39740680.0,2870.0,16,2868.0,12
rb1805,20170525,20170524,211221500,2869.0,1380,36778,39740680.0,2869.0,10,2868.0,10
rb1805,20170525,20170524,211222000,2869.0,1380,36778,39740680.0,2870.0,16,2868.0,10
rb1805,20170525,20170524,211223000,2869.0,1380,36778,39740680.0,2870.0,16,2868.0,12
rb1805,20170525,20170524,211224500,2869.0,1380,36778,39740680.0,2870.0,16,2868.0,12
rb1805,20170525,20170524,211225000,2869.0,1380,36778,39740680.0,2870.0,16,2868.0,12
rb1805,20170525,20170524,211226000,2869.0,1380,36778,39740680.0,2870.0,16,2868.0,12
rb1805,20170525,20170524,211228500,2869.0,1380,36778,39740680.0,2870.0,16,2868.0,12
rb1805,20170525,20170524,211230500,2869.0,1380,36778,39740680.0,2869.0,10,2868.0,10
rb1805,20170525,20170524,211232000,2869.0,1380,36778,39740680.0,2869.0,10,2868.0,10
rb1805,20170525,20170524,211232500,2869.0,1380,36778,39740680.0,2869.0,10,2868.0,10
rb1805,20170525,20170524,211234000,2869.0,1380,36778,39740680.0,2869.0,15,2868.0,10
rb1805,20170525,20170524,211234500,2869.0,1380,36778,39740680.0,2869.0,15,2868.0,10
rb1805,20170525,20170524,211235000,2869.0,1380,36778,39740680.0,2869.0,15,2868.0,10
rb1805,20170525,20170524,211236000,2868.0,1384,36782,39855400.0,2870.0,21,2868.0,8
rb1805,20170525,20170524,211236500,2868.0,1384,36782,39855400.0,2869.0,10,2868.0,8
rb1805,20170525,20170524,211238000,2868.0,1400,36798,40314280.0,2868.0,12,2867.0,12
rb1805,20170525,20170524,211238500,2868.0,1408,36804,40543720.0,2868.0,8,2867.0,12
rb1805,20170525,20170524,211239000,2868.0,1420,36806,40887880.0,2868.0,3,2867.0,12
rb1805,20170525,20170524,211239500,2868.0,1426,36806,41059960.0,2870.0,21,2867.0,12
rb1805,20170525,20170524,211240000,2868.0,1426,36806,41059960.0,2870.0,16,2867.0,19
rb1805,20170525,20170524,211240500,2868.0,1426,36806,41059960.0,2870.0,16,2867.0,20
rb1805,20170525,20170524,211241000,2868.0,1426,36806,41059960.0,2870.0,16,2868.0,2
rb1805,20170525,20170524,211241500,2868.0,1426,36806,41059960.0,2870.0,16,2868.0,11
rb1805,20170525,20170524,211242000,2870.0,1432,36806,41232160.0,2870.0,13,2868.0,12
rb1805,20170525,20170524,211242500,2870.0,1432,36806,41232160.0,2870.0,18,2868.0,13
rb1805,20170525,20170524,211243500,2870.0,1432,36806,41232160.0,2870.0,18,2868.0,2
rb1805,20170525,20170524,211244000,2870.0,1432,36806,41232160.0,2870.0,18,2868.0,2
rb1805,20170525,20170524,211244500,2870.0,1432,36806,41232160.0,2870.0,13,2868.0,11
rb1805,20170525,20170524,211245500,2870.0,1432,36806,41232160.0,2870.0,13,2868.0,11
rb1805,20170525,20170524,211246500,2870.0,1432,36806,41232160.0,2870.0,18,2868.0,9
rb1805,20170525,20170524,211247000,2870.0,1432,36806,41232160.0,2870.0,18,2868.0,9
rb1805,20170525,20170524,211247500,2870.0,1432,36806,41232160.0,2870.0,18,2868.0,3
rb1805,20170525,20170524,211249500,2870.0,1432,36806,41232160.0,2870.0,18,2868.0,12
rb1805,20170525,20170524,211250000,2870.0,1432,36806,41232160.0,2870.0,18,2869.0,1
rb1805,20170525,20170524,211250500,2870.0,1432,36806,41232160.0,2870.0,28,2869.0,1
rb1805,20170525,20170524,211251000,2869.0,1434,36806,41289540.0,2870.0,30,2868.0,4
rb1805,20170525,20170524,211255000,2868.0,1442,36814,41518980.0,2868.0,6,2867.0,12
rb1805,20170525,20170524,211255500,2868.0,1442,36814,41518980.0,2868.0,6,2867.0,14
rb1805,20170525,20170524,211256000,2868.0,1442,36814,41518980.0,2868.0,3,2867.0,14
rb1805,20170525,20170524,211256500,2869.0,1444,36814,41576360.0,2870.0,20,2867.0,14
rb1805,20170525,20170524,211257000,2869.0,1444,36814,41576360.0,2870.0,20,2867.0,16
rb1805,20170525,20170524,211257500,2869.0,1444,36814,41576360.0,2868.0,10,2867.0,14
rb1805,20170525,20170524,211258000,2869.0,1444,36814,41576360.0,2868.0,15,2867.0,14
rb1805,20170525,20170524,211258500,2867.0,1450,36814,41748380.0,2868.0,15,2867.0,4
rb1805,20170525,20170524,211259000,2866.0,1498,36822,43124140.0,2867.0,17,2866.0,69
rb1805,20170525,20170524,211259500,2866.0,1518,36822,43697340.0,2868.0,7,2866.0,59
rb1805,20170525,20170524,211300000,2866.0,1556,36822,44786420.0,2868.0,7,2866.0,40
rb1805,20170525,20170524,211300500,2866.0,1582,36822,45531580.0,2868.0,7,2866.0,27
rb1805,20170525,20170524,211301000,2866.0,1602,36822,46104780.0,2868.0,7,2866.0,17
rb1805,20170525,20170524,211301500,2866.0,1622,36822,46677980.0,2868.0,6,2866.0,7
rb1805,20170525,20170524,211302000,2865.0,1650,36830,47480320.0,2866.0,3,2865.0,3
rb1805,20170525,20170524,211302500,2865.0,1650,36830,47480320.0,2866.0,3,2865.0,3
rb1805,20170525,20170524,211303000,2865.0,1650,36830,47480320.0,2867.0,2,2865.0,10
rb1805,20170525,20170524,211303500,2865.0,1650,36830,47480320.0,2866.0,1,2865.0,10
rb1805,20170525,20170524,211304000,2865.0,1650,36830,47480320.0,2866.0,6,2865.0,10
rb1805,20170525,20170524,211304500,2865.0,1650,36830,47480320.0,2866.0,8,2865.0,10
rb1805,20170525,20170524,211305000,2866.0,1660,36838,47766920.0,2866.0,3,2865.0,10
rb1805,20170525,20170524,211306000,2866.0,1660,36838,47766920.0,2866.0,3,2865.0,3
rb1805,20170525,20170524,211308000,2865.0,1668,36846,47996120.0,2865.0,2,2864.0,1
rb1805,20170525,20170524,211308500,2865.0,1668,36846,47996120.0,2865.0,6,2864.0,1
rb1805,20170525,20170524,211309000,2864.0,1670,36848,48053400.0,2864.0,2,2861.0,2
rb1805,20170525,20170524,211309500,2864.0,1670,36848,48053400.0,2864.0,6,2861.0,2
rb1805,20170525,20170524,211310000,2864.0,1670,36848,48053400.0,2864.0,5,2861.0,2
rb1805,20170525,20170524,211310500,2864.0,1672,36848,48110680.0,2864.0,2,2861.0,2
rb1805,20170525,20170524,211312000,2864.0,1672,36848,48110680.0,2864.0,2,2861.0,7
rb1805,20170525,20170524,211312500,2864.0,1672,36848,48110680.0,2864.0,2,2861.0,9
rb1805,20170525,20170524,211313000,2864.0,1672,36848,48110680.0,2865.0,1,2862.0,5
rb1805,20170525,20170524,211313500,2864.0,1672,36848,48110680.0,2865.0,1,2862.0,10
rb1805,20170525,20170524,211314000,2862.0,1674,36848,48167920.0,2865.0,1,2862.0,9
rb1805,20170525,20170524,211314500,2862.0,1674,36848,48167920.0,2865.0,1,2862.0,9
rb1805,20170525,20170524,211315000,2862.0,1674,36848,48167920.0,2865.0,1,2862.0,9
rb1805,20170525,20170524,211316000,2862.0,1674,36848,48167920.0,2864.0,11,2862.0,9
rb1805,20170525,20170524,211316500,2862.0,1676,36846,48225160.0,2864.0,11,2862.0,8
rb1805,20170525,20170524,211317000,2862.0,1676,36846,48225160.0,2864.0,11,2862.0,8
rb1805,20170525,20170524,211318000,2862.0,1676,36846,48225160.0,2864.0,11,2862.0,10
rb1805,20170525,20170524,211320000,2864.0,1696,36846,48797960.0,2864.0,1,2862.0,10
rb1805,20170525,20170524,211320500,2864.0,1698,36846,48855240.0,2866.0,3,2864.0,1
rb1805,20170525,20170524,211321000,2864.0,1698,36846,48855240.0,2866.0,3,2864.0,8
rb1805,20170525,20170524,211321500,2864.0,1698,36846,48855240.0,2866.0,3,2862.0,11
rb1805,20170525,20170524,211322500,2864.0,1698,36846,48855240.0,2866.0,3,2862.0,11
rb1805,20170525,20170524,211323000,2864.0,1698,36846,48855240.0,2866.0,2,2862.0,11
rb1805,20170525,20170524,211323500,2864.0,1698,36846,48855240.0,2866.0,2,2862.0,11
rb1805,20170525,20170524,211324000,2864.0,1698,36846,48855240.0,2866.0,2,2864.0,20
rb1805,20170525,20170524,211325000,2864.0,1698,36846,48855240.0,2866.0,2,2864.0,20
rb1805,20170525,20170524,211326000,2866.0,1700,36848,48912560.0,2866.0,1,2864.0,20
rb1805,20170525,20170524,211326500,2866.0,1700,36848,48912560.0,2866.0,1,2864.0,20
rb1805,20170525,20170524,211327000,2864.0,1720,36848,49485360.0,2866.0,1,2864.0,15
rb1805,20170525,20170524,211327500,2866.0,1722,36850,49542680.0,2868.0,1,2864.0,15
rb1805,20170525,20170524,211328500,2866.0,1722,36850,49542680.0,2868.0,1,2864.0,15
rb1805,20170525,20170524,211329000,2866.0,1722,36850,49542680.0,2868.0,1,2865.0,1
rb1805,20170525,20170524,211329500,2864.0,1742,36850,50115600.0,2868.0,6,2864.0,11
rb1805,20170525,20170524,211330000,2864.0,1742,36850,50115600.0,2866.0,20,2864.0,11
rb1805,20170525,20170524,211330500,2866.0,1744,36850,50172920.0,2866.0,19,2864.0,12
rb1805,20170525,20170524,211331000,2866.0,1744,36850,50172920.0,2866.0,24,2864.0,12
rb1805,20170525,20170524,211332000,2866.0,1744,36850,50172920.0,2866.0,24,2864.0,7
rb1805,20170525,20170524,211332500,2866.0,1744,36850,50172920.0,2866.0,24,2864.0,92
rb1805,20170525,20170524,211333000,2864.0,1764,36844,50745720.0,2865.0,2,2864.0,82
rb1805,20170525,20170524,211334000,2864.0,1764,36844,50745720.0,2865.0,2,2864.0,82
rb1805,20170525,20170524,211334500,2866.0,1784,36864,51318880.0,2866.0,16,2864.0,82
rb1805,20170525,20170524,211335500,2866.0,1784,36864,51318880.0,2865.0,11,2864.0,83
rb1805,20170525,20170524,211336500,2865.0,1786,36866,51376180.0,2865.0,10,2864.0,83
rb1805,20170525,20170524,211337000,2864.0,1806,36846,51948980.0,2865.0,10,2864.0,73
rb1805,20170525,20170524,211338000,2864.0,1806,36846,51948980.0,2865.0,10,2864.0,73
rb1805,20170525,20170524,211338500,2864.0,1806,36846,51948980.0,2865.0,10,2864.0,73
rb1805,20170525,20170524,211339000,2865.0,1810,36850,52063580.0,2865.0,8,2864.0,73
rb1805,20170525,20170524,211339500,2865.0,1812,36852,52120880.0,2865.0,7,2864.0,73
rb1805,20170525,20170524,211340000,2864.0,1840,36840,52922880.0,2865.0,3,2864.0,68
rb1805,20170525,20170524,211341500,2866.0,1864,36852,53610660.0,2866.0,7,2865.0,16
rb1805,20170525,20170524,211342000,2866.0,1878,36856,54011900.0,2868.0,5,2866.0,10
rb1805,20170525,20170524,211342500,2866.0,1878,36856,54011900.0,2868.0,7,2866.0,5
rb1805,20170525,20170524,211343000,2866.0,1878,36856,54011900.0,2868.0,7,2865.0,6
rb1805,20170525,20170524,211343500,2866.0,1878,36856,54011900.0,2867.0,2,2865.0,10
rb1805,20170525,20170524,211344000,2866.0,1878,36856,54011900.0,2867.0,4,2865.0,10
rb1805,20170525,20170524,211344500,2866.0,1878,36856,54011900.0,2867.0,4,2865.0,12
rb1805,20170525,20170524,211345000,2866.0,1878,36856,54011900.0,2868.0,7,2865.0,12
rb1805,20170525,20170524,211347500,2866.0,1878,36856,54011900.0,2869.0,1,2865.0,12
rb1805,20170525,20170524,211348000,2866.0,1878,36856,54011900.0,2869.0,1,2865.0,13
rb1805,20170525,20170524,211348500,2866.0,1878,36856,54011900.0,2869.0,3,2865.0,14
rb1805,20170525,20170524,211349000,2866.0,1878,36856,54011900.0,2869.0,3,2868.0,8
rb1805,20170525,20170524,211349500,2866.0,1878,36856,54011900.0,2869.0,1,2868.0,12
rb1805,20170525,20170524,211350000,2866.0,1878,36856,54011900.0,2869.0,1,2868.0,12
rb1805,20170525,20170524,211350500,2869.0,1880,36854,54069280.0,2870.0,14,2869.0,7
rb1805,20170525,20170524,211351000,2869.0,1894,36852,54470940.0,2869.0,1,2867.0,2
rb1805,20170525,20170524,211351500,2869.0,1894,36852,54470940.0,2869.0,1,2867.0,8
rb1805,20170525,20170524,211352000,2869.0,1894,36852,54470940.0,2870.0,14,2868.0,2
rb1805,20170525,20170524,211352500,2869.0,1894,36852,54470940.0,2870.0,14,2868.0,11
rb1805,20170525,20170524,211353000,2869.0,1894,36852,54470940.0,2870.0,14,2868.0,11
rb1805,20170525,20170524,211353500,2869.0,1894,36852,54470940.0,2870.0,14,2868.0,11
rb1805,20170525,20170524,211354000,2869.0,1894,36852,54470940.0,2870.0,14,2868.0,9
rb1805,20170525,20170524,211355000,2869.0,1894,36852,54470940.0,2870.0,14,2869.0,2
rb1805,20170525,20170524,211355500,2869.0,1894,36852,54470940.0,2870.0,14,2867.0,7
rb1805,20170525,20170524,211356000,2869.0,1894,36852,54470940.0,2870.0,14,2867.0,11
rb1805,20170525,20170524,211356500,2867.0,1896,36852,54528280.0,2870.0,14,2867.0,10
rb1805,20170525,20170524,211357500,2867.0,1896,36852,54528280.0,2870.0,20,2867.0,10
rb1805,20170525,20170524,211358000,2867.0,1896,36852,54528280.0,2870.0,20,2867.0,10
rb1805,20170525,20170524,211358500,2867.0,1896,36852,54528280.0,2870.0,20,2867.0,10
rb1805,20170525,20170524,211359000,2867.0,1896,36852,54528280.0,2870.0,20,2867.0,11
rb1805,20170525,20170524,211400000,2867.0,1896,36852,54528280.0,2870.0,20,2867.0,11
rb1805,20170525,20170524,211401000,2867.0,1896,36852,54528280.0,2870.0,20,2867.0,11
rb1805,20170525,20170524,211401500,2867.0,1896,36852,54528280.0,2870.0,20,2868.0,1
rb1805,20170525,20170524,211402000,2867.0,1896,36852,54528280.0,2870.0,20,2868.0,5
rb1805,20170525,20170524,211402500,2867.0,1896,36852,54528280.0,2870.0,20,2868.0,1
rb1805,20170525,20170524,211403000,2870.0,1898,36854,54585680.0,2870.0,19,2868.0,1
rb1805,20170525,20170524,211403500,2870.0,1898,36854,54585680.0,2870.0,19,2868.0,5
rb1805,20170525,20170524,211404000,2870.0,1898,36854,54585680.0,2870.0,19,2868.0,1
rb1805,20170525,20170524,211404500,2870.0,1898,36854,54585680.0,2870.0,19,2868.0,1
rb1805,20170525,20170524,211405000,2868.0,1908,36856,54872480.0,2870.0,19,2867.0,7
rb1805,20170525,20170524,211406000,2868.0,1908,36856,54872480.0,2870.0,19,2867.0,2
rb1805,20170525,20170524,211406500,2868.0,1908,36856,54872480.0,2870.0,19,2867.0,7
rb1805,20170525,20170524,211407000,2868.0,1908,36856,54872480.0,2870.0,19,2867.0,7
rb1805,20170525,20170524,211409000,2868.0,1908,36856,54872480.0,2870.0,13,2867.0,7
rb1805,20170525,20170524,211410500,2870.0,1934,36870,55618680.0,2871.0,8,2870.0,7
rb1805,20170525,20170524,211411000,2870.0,1948,36870,56020480.0,2870.0,6,2867.0,7
rb1805,20170525,20170524,211411500,2870.0,1948,36870,56020480.0,2870.0,2,2867.0,7
rb1805,20170525,20170524,211412500,2870.0,1948,36870,56020480.0,2871.0,8,2867.0,7
rb1805,20170525,20170524,211415000,2870.0,1948,36870,56020480.0,2871.0,8,2869.0,2
rb1805,20170525,20170524,211415500,2870.0,1948,36870,56020480.0,2871.0,8,2869.0,2
rb1805,20170525,20170524,211416500,2870.0,1948,36870,56020480.0,2871.0,8,2867.0,7
rb1805,20170525,20170524,211417000,2870.0,1948,36870,56020480.0,2870.0,2,2867.0,7
rb1805,20170525,20170524,211417500,2870.0,1948,36870,56020480.0,2870.0,4,2867.0,7
rb1805,20170525,20170524,211418500,2870.0,1948,36870,56020480.0,2870.0,4,2867.0,7
rb1805,20170525,20170524,211419500,2870.0,1948,36870,56020480.0,2870.0,4,2867.0,7
rb1805,20170525,20170524,211422500,2870.0,1948,36870,56020480.0,2870.0,4,2867.0,7
rb1805,20170525,20170524,211423000,2870.0,1956,36870,56250080.0,2871.0,8,2870.0,1
rb1805,20170525,20170524,211423500,2870.0,1958,36872,56307480.0,2871.0,8,2867.0,8
rb1805,20170525,20170524,211424000,2870.0,1958,36872,56307480.0,2871.0,8,2869.0,2
rb1805,20170525,20170524,211425500,2870.0,1958,36872,56307480.0,2871.0,8,2867.0,8
rb1805,20170525,20170524,211427000,2870.0,1958,36872,56307480.0,2871.0,8,2868.0,1
rb1805,20170525,20170524,211427500,2870.0,1958,36872,56307480.0,2871.0,8,2868.0,8
rb1805,20170525,20170524,211428000,2870.0,1958,36872,56307480.0,2871.0,8,2868.0,8
rb1805,20170525,20170524,211429500,2870.0,1958,36872,56307480.0,2871.0,8,2868.0,8
rb1805,20170525,20170524,211432000,2870.0,1958,36872,56307480.0,2871.0,8,2868.0,6
rb1805,20170525,20170524,211432500,2870.0,1958,36872,56307480.0,2871.0,8,2868.0,6
rb1805,20170525,20170524,211435000,2870.0,1958,36872,56307480.0,2871.0,8,2868.0,8
rb1805,20170525,20170524,211435500,2870.0,1958,36872,56307480.0,2870.0,3,2868.0,8
rb1805,20170525,20170524,211437500,2870.0,1962,36876,56422280.0,2870.0,1,2868.0,8
rb1805,20170525,20170524,211438500,2870.0,1962,36876,56422280.0,2870.0,1,2868.0,6
rb1805,20170525,20170524,211440000,2870.0,1962,36876,56422280.0,2870.0,1,2869.0,1
rb1805,20170525,20170524,211440500,2869.0,1964,36878,56479660.0,2870.0,1,2868.0,6
rb1805,20170525,20170524,211441000,2869.0,1964,36878,56479660.0,2870.0,1,2869.0,2
rb1805,20170525,20170524,211444000,2869.0,1964,36878,56479660.0,2870.0,1,2869.0,2
rb1805,20170525,20170524,211444500,2869.0,1966,36878,56537040.0,2870.0,1,2869.0,1
rb1805,20170525,20170524,211445000,2869.0,1968,36878,56594420.0,2869.0,2,2868.0,6
rb1805,20170525,20170524,211445500,2869.0,1968,36878,56594420.0,2870.0,3,2868.0,1
rb1805,20170525,20170524,211447000,2869.0,1968,36878,56594420.0,2869.0,1,2868.0,1
rb1805,20170525,20170524,211447500,2869.0,1968,36878,56594420.0,2869.0,1,2868.0,1
rb1805,20170525,20170524,211448000,2869.0,1968,36878,56594420.0,2869.0,1,2868.0,1
rb1805,20170525,20170524,211449000,2869.0,1968,36878,56594420.0,2869.0,1,2868.0,1
rb1805,20170525,20170524,211449500,2869.0,1972,36882,56709180.0,2869.0,1,2868.0,1
rb1805,20170525,20170524,211451000,2868.0,1974,36884,56766540.0,2869.0,1,2867.0,6
rb1805,20170525,20170524,211451500,2868.0,1974,36884,56766540.0,2870.0,3,2867.0,6
rb1805,20170525,20170524,211452000,2868.0,1974,36884,56766540.0,2870.0,3,2867.0,6
rb1805,20170525,20170524,211453000,2868.0,1974,36884,56766540.0,2870.0,4,2867.0,6
rb1805,20170525,20170524,211453500,2868.0,1974,36884,56766540.0,2870.0,4,2867.0,6
rb1805,20170525,20170524,211454000,2868.0,1974,36884,56766540.0,2870.0,4,2867.0,6
rb1805,20170525,20170524,211454500,2868.0,1974,36884,56766540.0,2870.0,4,2867.0,6
rb1805,20170525,20170524,211456500,2868.0,1974,36884,56766540.0,2870.0,4,2867.0,6
rb1805,20170525,20170524,211457000,2868.0,1974,36884,56766540.0,2869.0,2,2867.0,1
rb1805,20170525,20170524,211458000,2867.0,1976,36886,56823880.0,2869.0,2,2866.0,5
rb1805,20170525,20170524,211458500,2867.0,1976,36886,56823880.0,2869.0,2,2866.0,10
rb1805,20170525,20170524,211459000,2867.0,1976,36886,56823880.0,2869.0,2,2866.0,10
rb1805,20170525,20170524,211459500,2867.0,1976,36886,56823880.0,2868.0,1,2866.0,10
rb1805,20170525,20170524,211500000,2867.0,1976,36886,56823880.0,2868.0,1,2866.0,8
rb1805,20170525,20170524,211501000,2867.0,1976,36886,56823880.0,2868.0,3,2866.0,3
rb1805,20170525,20170524,211502000,2866.0,1982,36892,56995840.0,2868.0,3,2865.0,12
rb1805,20170525,20170524,211502500,2866.0,1982,36892,56995840.0,2868.0,1,2865.0,12
rb1805,20170525,20170524,211503000,2866.0,1982,36892,56995840.0,2868.0,1,2865.0,12
rb1805,20170525,20170524,211504000,2866.0,1982,36892,56995840.0,2868.0,1,2865.0,12
rb1805,20170525,20170524,211504500,2866.0,1982,36892,56995840.0,2868.0,1,2865.0,11
rb1805,20170525,20170524,211505000,2866.0,1982,36892,56995840.0,2868.0,1,2866.0,1
rb1805,20170525,20170524,211505500,2866.0,1982,36892,56995840.0,2868.0,1,2866.0,1
rb1805,20170525,20170524,211506000,2866.0,1982,36892,56995840.0,2868.0,1,2865.0,11
rb1805,20170525,20170524,211506500,2866.0,1982,36892,56995840.0,2868.0,11,2865.0,10
rb1805,20170525,20170524,211507500,2866.0,1982,36892,56995840.0,2868.0,11,2865.0,10
rb1805,20170525,20170524,211509500,2866.0,1982,36892,56995840.0,2868.0,11,2865.0,10
rb1805,20170525,20170524,211510500,2866.0,1982,36892,56995840.0,2868.0,11,2865.0,10
rb1805,20170525,20170524,211513500,2866.0,1982,36892,56995840.0,2868.0,11,2865.0,10
rb1805,20170525,20170524,211514500,2866.0,1982,36892,56995840.0,2868.0,11,2865.0,10
rb1805,20170525,20170524,211515000,2866.0,1982,36892,56995840.0,2868.0,10,2865.0,10
rb1805,20170525,20170524,211516000,2866.0,1982,36892,56995840.0,2868.0,10,2865.0,10
rb1805,20170525,20170524,211518000,2866.0,1982,36892,56995840.0,2868.0,10,2866.0,2
rb1805,20170525,20170524,211519500,2866.0,1982,36892,56995840.0,2868.0,10,2866.0,2
rb1805,20170525,20170524,211521500,2866.0,1982,36892,56995840.0,2868.0,10,2866.0,2
rb1805,20170525,20170524,211522000,2866.0,1982,36892,56995840.0,2868.0,10,2866.0,2
rb1805,20170525,20170524,211522500,2866.0,1986,36888,57110480.0,2867.0,2,2865.0,10
rb1805,20170525,20170524,211523000,2866.0,1986,36888,57110480.0,2867.0,2,2865.0,5
rb1805,20170525,20170524,211525500,2866.0,1986,36888,57110480.0,2867.0,2,2865.0,5
rb1805,20170525,20170524,211526000,2866.0,1986,36888,57110480.0,2866.0,2,2865.0,5
rb1805,20170525,20170524,211526500,2866.0,1986,36888,57110480.0,2866.0,2,2865.0,5
rb1805,20170525,20170524,211527000,2866.0,1988,36890,57167800.0,2866.0,1,2865.0,5
rb1805,20170525,20170524,211527500,2866.0,1988,36890,57167800.0,2866.0,1,2865.0,5
rb1805,20170525,20170524,211528500,2865.0,1998,36898,57454300.0,2865.0,9,2864.0,65
rb1805,20170525,20170524,211529000,2865.0,1998,36898,57454300.0,2865.0,6,2864.0,65
rb1805,20170525,20170524,211529500,2865.0,2010,36910,57798100.0,2866.0,1,2864.0,65
rb1805,20170525,20170524,211531500,2865.0,2010,36910,57798100.0,2866.0,2,2864.0,65
rb1805,20170525,20170524,211532000,2865.0,2010,36910,57798100.0,2866.0,1,2864.0,65
rb1805,20170525,20170524,211532500,2864.0,2012,36910,57855380.0,2866.0,1,2864.0,64
rb1805,20170525,20170524,211533000,2864.0,2018,36910,58027220.0,2866.0,2,2864.0,60
rb1805,20170525,20170524,211534000,2866.0,2022,36912,58141820.0,2866.0,1,2864.0,59
rb1805,20170525,20170524,211534500,2864.0,2032,36902,58428220.0,2868.0,11,2864.0,54
rb1805,20170525,20170524,211535000,2864.0,2032,36902,58428220.0,2867.0,4,2864.0,54
rb1805,20170525,20170524,211535500,2864.0,2032,36902,58428220.0,2866.0,5,2864.0,54
rb1805,20170525,20170524,211536000,2864.0,2042,36892,58714620.0,2866.0,5,2864.0,49
rb1805,20170525,20170524,211537500,2864.0,2042,36892,58714620.0,2866.0,11,2864.0,49
rb1805,20170525,20170524,211540000,2864.0,2042,36892,58714620.0,2866.0,11,2864.0,49
rb1805,20170525,20170524,211542500,2864.0,2072,36882,59573820.0,2865.0,2,2864.0,34
rb1805,20170525,20170524,211543000,2864.0,2072,36882,59573820.0,2865.0,2,2864.0,34
rb1805,20170525,20170524,211544000,2864.0,2092,36882,60146620.0,2865.0,12,2864.0,24
rb1805,20170525,20170524,211544500,2864.0,2092,36882,60146620.0,2865.0,11,2864.0,24
rb1805,20170525,20170524,211546000,2864.0,2092,36882,60146620.0,2865.0,11,2864.0,29
rb1805,20170525,20170524,211546500,2865.0,2102,36882,60433120.0,2865.0,6,2864.0,29
rb1805,20170525,20170524,211547000,2865.0,2114,36892,60776920.0,2866.0,11,2864.0,29
rb1805,20170525,20170524,211547500,2865.0,2114,36892,60776920.0,2866.0,11,2864.0,29
rb1805,20170525,20170524,211549000,2866.0,2134,36892,61350120.0,2866.0,1,2864.0,29
rb1805,20170525,20170524,211550500,2866.0,2134,36892,61350120.0,2866.0,2,2864.0,29
rb1805,20170525,20170524,211551000,2866.0,2134,36892,61350120.0,2866.0,7,2864.0,29
rb1805,20170525,20170524,211552000,2866.0,2134,36892,61350120.0,2866.0,7,2865.0,3
rb1805,20170525,20170524,211553000,2866.0,2134,36892,61350120.0,2866.0,8,2865.0,3
